4068 6286
553 314 621 374 ιθ
1562 294 1630 378 ἐ.
1661 317 2035 375 Anscmtcs
2067 318 2420 376 CANTUAR.
2461 322 2780 382 ARCHIEP.
3742 320 3809 394 ac

546 436 638 507 qui
679 434 735 491 in
780 418 919 490 libro
968 434 1046 490 De
1093 422 1444 504 eecl.seript.
1476 432 1689 487 censuit
1719 432 1779 486 S.
1808 431 2121 518 Auselmum
2155 432 2444 518 Alliensis.
2480 435 2585 491 Iste
2622 438 2916 494 Rucelinus
2947 438 3045 494 fuit
3078 441 3354 498 Abailardi
3394 425 3718 518 prteceptor,
3750 460 3809 506 ut

545 518 744 582 librum
774 525 850 579 De
878 523 1155 591 Triuitate,
1179 533 1235 579 et
1261 525 1478 594 quidem
1525 528 1592 580 ab
1637 539 1702 579 eo
1731 537 1895 593 opere
1925 516 2122 578 distin-

545 627 718 684 ctum,
753 626 943 674 contra
971 616 1184 672 Iudaeos
1207 616 1526 687 scripsisse;
1564 616 1654 687 qui
1683 633 1838 672 error
1861 632 1927 670 ex
1957 616 2122 671 variis

543 708 711 782 huius
743 708 983 779 opusculi
1021 708 1469 779 inscriptionibus
1517 721 1671 765 ortus
1722 720 1825 764 est.
1880 708 2029 763 Nam-
2067 709 2121 762 in

540 814 645 854 ms.
683 798 788 854 556
834 796 1183 854 Bibliotheca:
1211 797 1395 869 Begiae
1425 798 1515 853 hic
1558 798 1696 853 liber
1722 798 1801 853 sic
1833 798 2121 867 inscriptus

539 887 739 961 legitur
764 907 777 943 :
802 888 1080 942 Auselmns
1106 887 1169 961 de
1200 886 1475 941 Trinitate.
1502 886 1611 942 Nec
1639 887 1928 952 immerito,
1951 888 2122 959 quati-

538 958 830 1049 do'quidem
861 958 1157 1033 Trinitatis,
1182 976 1313 1033 fides
1341 977 1399 1055 in
1426 978 1763 1055 eo'maxime
1791 958 2115 1047 explicatur.

538 1071 694 1129 Unde
723 1081 778 1128 et
816 1088 915 1127 nos
946 1072 1217 1143 integrum
1267 1071 1482 1127 titulum
1515 1071 1879 1137 restituimus,
1911 1072 1990 1126 De
2013 1072 2118 1140 ﬁde

535 1162 838 1231 Trinitatis,
862 1174 1001 1241 etc.;
1030 1164 1293 1239 nec‘euim
1316 1178 1438 1217 eum
1466 1162 2116 1241 dusitnus-omitteudum,
2204 1168 2207 1169 ⁷

533 1257 626 1329 qui
656 1257 828 1328 magis
856 1238 1035 1328 Operis
1066 1238 1444 1330 argumentum
1475 1238 1701 1313 iudicat.

607 1349 842 1406 Sanctus
869 1351 1156 1406 Anselmus
1181 1351 1232 1405 in
1262 1367 1312 1406 c.
1337 1351 1371 1405 4
1394 1350 1553 1421 hujus
1573 1351 1754 1423 cperis
1775 1352 2118 1417 commendat

533 1439 872 1513 Monologiou
903 1449 957 1497 et
981 1441 1318 1513 Proslogion,
1349 1444 1546 1514 quibus
1577 1443 1804 1514 proinde
1843 1446 2116 1512 posterius

532 1544 653 1598 est;
679 1544 735 1591 at
766 1537 819 1591 in
850 1553 969 1607 cap.
1002 1538 1068 1593 17
1098 1538 1219 1594 libri
1251 1538 1329 1593 De
1348 1539 1678 1608 processione
1705 1536 1931 1606 Spiritus
1947 1541 2115 1595 sancti

527 1626 781 1683 meminit
812 1628 967 1697 istius
987 1624 1246 1711 epistolae,
1272 1645 1390 1701 qua:
1415 1617 1699 1700 propterea
1732 1629 1882 1696 illum
1914 1630 2112 1712 librum

528 1720 828 1791 praecessit.
1340 1736 1345 1747 ·

2206 517 2475 582 ὀιιεθι-νιιί
2515 529 2766 585 liorStius
2789 532 2854 586 ad
2883 530 2940 587 S.
2974 531 3236 590 Bernardi
3261 535 3540 604 epistolas,
3572 517 3703 595 tom.
3739 542 3807 609 V,

2204 635 2277 701 'p.
2331 619 2423 686 57,
2471 621 2577 677 col.
2633 622 2683 677 1.
2716 622 2862 679 [ilius
2910 625 3144 696 denique
3191 642 3443 685 errores-
3472 642 3733 688 notantur
3775 653 3806 691 a

2225 709 2282 765 S.
2314 710 2569 767 Ausehno
2598 710 2633 766 l.
2673 728 2733 779 ιι,
2778 730 2865 784 ep.
2907 714 2998 782 55,
3042 718 3104 770 41
3159 727 3214 773 et
3259 718 3361 784 51;
3403 721 3473 777 ab
3509 723 3806 781 Abailardo

2222 817 2313 871 ep.
2340 803 2402 857 21
2437 819 2452 870 ;
2485 803 2554 858 ab
2582 803 2742 859 lvoue
2765 804 2929 860 Cum.
2958 821 3046 876 ep.
3079 808 3142 875 7;
3178 818 3235 863 et
3265 809 3334 863 ab
3360 811 3647 868 Annalium
3674 815 3807 871 scri-

2200 889 2466 962 thoribus
2505 883 2571 946 ad
2604 908 2692 947 an.
2732 894 2872 949 1092
2900 903 2954 950 et
2989 897 3146 952 1091.
3182 898 3255 952 Ea
3287 909 3467 954 autem
3503 912 3661 958 aetate
3686 904 3807 974 plu-

2222 982 2345 1036 rimi
2373 982 2480 1063 ista
2511 982 2824 1040 difIiCultate
2868 986 3211 1056 tenebantur,
3259 1001 3317 1046 ut
3358 992 3472 1062 ipse
3513 994 3805 1052 Anseimus

2223 1072 2399 1144 tradit.
2427 1072 2557 1145 (col.
2585 1073 2734 1143 263).
2784 1108 2787 1111 ν
3766 1100 3769 1105 ·

2322 1162 2568 1219 Cnnsuna
2602 1180 2742 1221 unm
2770 1166 2846 1221 De
2876 1171 3211 1238 ’processione
3240 1170 3468 1242 Spiritus
3504 1178 3692 1232 sancti.
3761 1158 3766 1163 ’

2204 1282 2209 1285 Α
2287 1251 2621 1325 Legiturhic
2650 1256 2789 1313 liber
2821 1259 2872 1313 in
2898 1261 3150 1316 omnibus
3193 1271 3304 1318 tum
3337 1281 3464 1321 mss.
3494 1275 3603 1322 tum
3639 1284 3806 1326 escu-

2218 1342 2293 1398 sis
2341 1343 2577 1416 Operum
2635 1348 2813 1408 sancti
2873 1348 3113 1405 Anselmi
3166 1352 3548 1411 voluminibus.
3603 1358 3804 1414 Cauta-

2203 1436 2383 1507 -briga:
2422 1438 2473 1492 in
2514 1455 2618 1494 ms.
2650 1440 2755 1495 255
2795 1440 3007 1512 collegii
3050 1441 3238 1498 Sancti
3287 1445 3562 1502 Benedicti
3611 1448 3803 1504 tribui-

2218 1535 2305 1583 tur
2324 1529 2658 1611 Augustino;
2708 1546 2806 1601 per
2833 1545 3075 1611 errorem
3123 1534 3263 1589 haud
3293 1535 3456 1591 dubie
3486 1537 3682 1605 prioris
3710 1539 3801 1594 lit-

2210 1608 2347 1677 terte
2378 1621 2441 1686 Α,
2462 1637 2582 1692 qua:
2619 1608 2979 1693 Aughstinum
3010 1608 3108 1705 pro
3151 1624 3407 1683 Anselmo
3453 1629 3800 1705 significavit.

2207 1723 2213 1727 '
2291 1712 2606 1768 Anselmum
2662 1723 2841 1769 autem
2889 1714 2992 1771 hoc
3038 1700 3174 1787 opus
3224 1700 3487 1776 edidisse“
3512 1722 3637 1778 licet
3691 1739 3800 1780 non

599 1808 897 1864 Eadmcrus
921 1808 957 1863 1.
979 1826 1018 1866 ιι
1044 1810 1121 1865 De
1148 1810 1255 1866 vita
1282 1810 1340 1866 S.
1364 1810 1605 1867 Anseimi
1633 1810 1759 1882 (col.
1789 1811 1903 1883 81),
1928 1780 2033 1868 etl.
2068 1829 2107 1868 ιι
2147 1781 2186 1840 Β
2214 1821 2475 1878 expresse
2524 1808 2702 1863 tradat
2739 1807 3044 1864 Eadmerus
3075 1780 3148 1864 in
3199 1810 3357 1868 libris
3402 1813 3477 1869 De
3531 1815 3650 1886 ejus
3680 1815 3801 1871 Vita

527 1896 736 1956 llistor.
762 1915 976 1966 novor.,
1021 1898 1213 1956 scribit
1259 1902 1363 1956 hoc
1393 1917 1528 1973 opus
1559 1903 1627 1958 ab
1654 1904 1912 1959 Anselmo
1951 1904 2109 1961 initio

528 1990 613 2047 sui
641 1991 1137 2067 archiepiscopatus
1166 1991 1335 2048 fuisse
1363 1988 1721 2064 compositum
1748 1995 1888 2068 stylo
1911 1998 2111 2067 cpisto—

527 2080 630 2139 lari
661 2093 715 2138 et
740 2083 962 2140 Urbano
984 2084 1204 2163 "papa;
1230 2082 1558 2141 destinatum
1579 2095 1681 2153 get
1704 2102 1772 2142 ex
1800 2103 1865 2143 eo
1892 2087 1950 2145 S.
1975 2077 2112 2161 pou-

527 2171 731 2228 tificem
765 2173 820 2227 in
860 2162 1084 2229 Barensi
1126 2162 1358 2230 concilio
1396 2191 1638 2232 errorem
1668 2178 1982 2235 Graecorum
2016 2180 2110 2235 fir-

520 2260 674 2318 mius
725 2263 1056 2321 eonfutasse.
1108 2264 1471 2323 Nihilominus
1518 2277 1698 2324 tamen
1749 2281 1957 2327 certum
2001 2276 2107 2341 est,

527 2350 588 2406 1°
621 2352 942 2409 Anselmum
993 2355 1171 2411 adhuc
1210 2357 1461 2412 abbatem
1509 2359 1757 2430 primam
1790 2361 1917 2418 huic
1956 2365 2109 2434 operi

524 2458 751 2498 manum
779 2447 1105 2524 admovisse,
1140 2446 1391 2503 videlicet
1421 2464 1564 2504 anno
1607 2451 1787 2506 1092:
1823 2452 1936 2524 ipse
1961 2456 2105 2511 enim

523 2532 579 2588 in
607 2533 833 2605 epistola
848 2536 1498 2611 adBaldrieum,qu:e_est
1516 2540 1576 2596 51
1596 2541 1720 2598 libri
1749 2560 1810 2613 ιι,
1839 2545 2109 2616 significat

523 2643 584 2684 se
639 2627 782 2685 hunc
834 2629 1028 2701 librum
1082 2633 1368 2689 inchoasse
1421 2646 1712 2706 antequam
1756 2638 1811 2692 in
1858 2638 2107 2708 Angliam

522 2719 925 2776 transfretaret.
959 2715 1713 2780 Cantuariam'antem'venit
1748 2718 1924 2799 pridie
1956 2727 2108 2783 Nati-

521 2813 708 2869 vitatis
735 2814 794 2867 Β.
822 2813 908 2881 V.,
938 2823 992 2870 et
1012 2831 1155 2871 anno
1175 2817 1444 2886 sequenti,
1474 2817 1567 2888 qui
1591 2817 1660 2873 ab
1681 2818 2107 2876 Eadmer01095

522 2911 777 2967 notatur,
825 2905 877 2959 in
920 2905 1388 2977 archiepiscopum
1430 2907 1636 2963 electus
1694 2917 1779 2963 est
1815 2923 1830 2962 :
1854 2907 2011 2987 juxta
2058 2910 2105 2964 i-

522 2995 1064 3066 psiusmetEadmeri
1111 2997 1424 3065 historiam,
1473 2998 1511 3053 l.
1558 3014 1598 3055 ιι
1648 2998 1724 3055 De
1780 2999 1898 3056 Vita
1929 3001 2139 3057 sancti.

522 3085 769 3142 Anselmi
799 3086 924 3156 (loc.
951 3087 1093 3160 cit.).
1126 3086 1331 3157 Pridie,
1357 3088 1565 3180 inquit,
1592 3088 1900 3157 Nativitatis
1918 3088 1984 3145 Β.
2010 3090 2105 3145 Dei
2133 3122 2175 3180 α

525 3177 810 3235 Genitricis
852 3189 899 3234 et
937 3190 1197 3251 perpetua:
1245 3181 1461 3253 virginis
1510 3179 1722 3249 Marite,
1757 3179 2106 3238 Cantuariam

523 3269 731 3327 venit...
763 3269 992 3340 Rapitur
1009 3282 1056 3326 et
1078 3272 1327 3327 violenter
1352 3273 1405 3327 in
1428 3271 1650 3327 vicinam
1682 3272 1954 3328 ecclesiam
1987 3291 2107 3329 cum

524 3360 733 3433 hymnis
777 3370 1039 3430 portatur.
1102 3363 1233 3417 Acta
1297 3372 1418 3417 sunt
1470 3363 1582 3418 hwc
1637 3379 1727 3420 an.
1791 3364 1860 3420 ι).
1918 3364 2108 3421 Incor-

526 3459 638 3507 nat.
665 3450 819 3515 1095,
844 3452 1013 3521 pridie
1036 3451 1182 3529 Non.
1225 3452 1430 3511 Martii.
1684 3521 1691 3529 ,
2076 3446 2077 3449 ‘

597 3541 654 3597 ιιι
682 3543 902 3613 insuper
926 3558 991 3597 ex
1024 3528 1379 3615 eoprobatur
1407 3528 1573 3619 quod,
1611 3528 1689 3603 ut
1710 3547 2000 3605 Anselmus
2024 3547 2108 3603 in-

526 3634 671 3691 dicat
699 3636 752 3691 iu
773 3652 822 3691 c.
853 3637 876 3691 1
906 3636 1130 3707 lmjusce
1151 3623 1360 3708 'operis,
1393 3639 1693 3712 incoeptum
1724 3640 1796 3696 sit
1823 3649 1948 3697 ante
1978 3656 2109 3697 con-

525 3727 714 3784 cilium
760 3727 1175 3798 Suessioncnse,
1213 3730 1359 3801 quod
1399 3731 1678 3803 Raynaldo
1724 3731 1978 3788 Remensi
2017 3747 2108 3787 ar-

524 3818 872 3891 chiepiscopo
936 3820 1165 3890 praeside
1224 3820 1705 3878 celebratum‘est
1767 3835 1910 3878 anno
1970 3820 2107 3878 1092

528 3912 786 3976 abeunte,
813 3910 893 3965 vel
926 3912 1145 3966 ineunte
1174 3927 1316 3967 anno
1346 3911 1504 3969 1093.

597 4001 818 4058 Certum
846 4003 1040 4070 estita,
1070 4019 1286 4059 manum
1311 4004 1556 4060 ultimam
1588 4005 1714 4061 huic
1739 4005 1887 4075 operi
1911 4005 1968 4062 S.
1993 4006 2111 4062 An-

525 4095 755 4152 selmum
778 4096 991 4153 dedisse
1016 4113 1158 4151 anno
1184 4097 1338 4161 1091,
1361 4097 1613 4153 videlicet
1638 4107 1759 4167 post
1784 4097 1841 4152 S.
1863 4097 2105 4154 Anselmi

525 4186 997 4258 inaugurationem
1039 4204 1182 4243 anno
1225 4189 1385 4250 1095,
1428 4189 1608 4260 pridie
1653 4189 1790 4245 Non.
1826 4174 2101 4257 Decemb.,

523 4289 823 4349 peractam,
886 4293 1011 4333 cum
1076 4294 1200 4348 rege
1251 4280 1304 4333 in
1359 4277 1740 4334 Normanniatn
1794 4289 2105 4337 transvecto

524 4368 814 4425 Auselmus
843 4371 1039 4427 studiis
1066 4370 1379 4426 caelestibus
1405 4380 1642 4433 vacaret,
1675 4379 1733 4425 ut
1764 4372 1931 4427 tradit
1962 4371 2105 4428 Ead-

2213 1898 2330 1970 (lib.
2370 1914 2441 1965 ιι,
2480 1898 2585 1954 col.
2622 1899 2776 1969 102),
2809 1908 2864 1954 et
2907 1899 2981 1954 ibi
3019 1900 3355 1958 soinmmodo
3384 1902 3529 1960 dicat
3582 1905 3801 1963 Graecos

2211 1992 2278 2046 ab
2302 1991 2556 2047 Anselmo
2584 1991 2850 2047 catholica
2878 1991 3241 2062 disputatione
3270 1993 3435 2051 fuisse
3470 1995 3797 2063 confutatos,

2208 2083 2555 2139 manifestum
2588 2091 2763 2159 tamen
2791 2083 2847 2159 fit
2876 2099 2943 2138 ex
2965 2084 3156 2163 eodem
3178 2085 3230 2139 in
3263 2084 3358 2140 lib.
3395 2102 3432 2140 ιι
3462 2086 3667 2142 Hister.
3696 2102 3797 2142 uo-

2210 2189 2352 2240 vor.,
2382 2174 2473 2229 ubi
2517 2174 2595 2228 ait
2635 2173 2779 2244 quod
2807 2174 2921 2243 ipse
2949 2175 3238 2230 Anselmus
3267 2184 3388 2246 post
3409 2175 3647 2232 Bareuse
3668 2192 3800 2232 cono

2209 2264 2416 2330 cilium,
2447 2263 2591 2335 quod
2615 2266 2759 2319 anno
2795 2263 2932 2320 1098
2968 2272 3215 2320 coactum
3246 2274 3351 2334 est,
3403 2267 3527 2321 inde
3573 2249 3799 2338 diligen-

2211 2353 2319 2409 tius
2344 2363 2506 2424 atque
2532 2342 2782 2410 subtilius
2815 2342 3075 2420 tractans,
3099 2345 3374 2427 egregium
3396 2364 3532 2427 Opus
3552 2346 3798 2428 scripsit,

2210 2452 2266 2498 et
2289 2458 2385 2514 per
2412 2443 2579 2499 multa
2612 2433 2730 2500 loca
2758 2434 2829 2499 ab
2859 2434 3051 2500 amicis
3077 2445 3200 2501 suis
3220 2450 3455 2516 rogatus
3487 2448 3704 2503 direxit.
3738 2449 3797 2506 id

2209 2537 2373 2593 etiam
2397 2547 2544 2608 patet
2568 2520 2633 2593 ex
2657 2522 2896 2594 Anselmi
2925 2538 3064 2595 libro
3101 2554 3195 2595 seu
3226 2539 3456 2611 epistola
3482 2540 3556 2595 De
3585 2558 3798 2612 azyma,

2210 2630 2265 2684 in
2304 2630 2459 2699 cujus
2488 2645 2612 2700 cap.
2659 2631 2683 2685 1
2738 2631 2894 2685 docet
2940 2646 2997 2686 se
3044 2633 3112 2687 ad
3142 2631 3533 2689 Walerannum
3584 2634 3797 2690 misisse

2209 2720 2529 2792 opusculum
2566 2721 2721 2800 quod~
2747 2717 3196 2803 deproce'ssione~
3212 2718 3451 2795 spiritus
3480 2720 3652 2780 sancti
3679 2725 3796 2780 edi-

2209 2813 2366 2868 derat
2414 2814 2493 2869 De
2540 2815 2730 2889 eadem
2763 2814 2864 2870 ista
2895 2815 3269 2886 disputatione
3322 2817 3580 2872 scribitur
3606 2817 3657 2871 in
3707 2832 3792 2887 ep.

2208 2903 2280 2960 55
2308 2913 2363 2981 et
2385 2905 2495 2962 -160
2524 2906 2648 2960 libri
2682 2921 2740 2961 ιιι
2772 2912 2829 2961 et
2859 2907 2911 2960 in
2935 2907 3098 2977 epist.
3129 2906 3330 2962 11libri
3353 2923 3425 2962 tv.
3461 2907 3558 2962 Hic
3583 2907 3718 2962 liber
3743 2908 3795 2962 in

2208 2996 2534 3053 editionibus
2558 2996 2805 3054 Gothicis
2831 3005 2886 3053 et
2935 2999 2988 3053 iu
3017 2994 3436 3054 Coloniensibus
3476 2998 3798 3054 inscribitur

2209 3085 2471 3159 Epistota,
2523 3098 2654 3154 etc.,
2702 3088 2845 3158 quod
2882 3074 3078 3166 et“eo'
3123 3088 3324 3144 factum
3371 3089 3603 3156 conjieio
3649 3089 3797 3159 quod

2208 3179 2505 3237 Hildeberti
2549 3182 2804 3237 instantia
2824 3178 3202 3251 conscriptum
3234 3180 3523 3235 Auselmus
3552 3178 3620 3234 ad
3668 3194 3797 3234 eum

2210 3254 2593 3338 transmiserit,
2616 3266 2769 3326 ut'ex
2791 3271 2974 3326 citatis
2997 3269 3241 3340 epistolis
3270 3269 3461 3338 liquet.
3500 3270 3527 3345 ς
3752 3278 3757 3299 τ

2279 3357 2392 3413 Hoc
2412 3373 2545 3433 opus
2574 3359 2777 3413 editum
2813 3359 2944 3414 esse
2974 3369 3101 3415 ante
3145 3358 3473 3428 completum
3500 3372 3590 3412 au.
3631 3355 3794 3423 1101,

2208 3464 2315 3525 quo
2345 3451 2582 3506 schisma
2626 3436 2959 3508 exstinctum
2997 3459 3111 3519 est,
3146 3451 3418 3520 colligitur
3458 3466 3523 3505 ex
3572 3450 3795 3520 praefata

2206 3541 2433 3611 epistola
2459 3557 2564 3612 qua
2595 3540 2926 3597 Wuleranno
2950 3543 3002 3596 in
3052 3542 3345 3597 schismate
3383 3531 3550 3596 stanti
3582 3542 3795 3596 misisse

2208 3630 2449 3690 se'istud
2500 3635 2819 3706 opusculum
2851 3634 3140 3690 Anseltuus
3192 3634 3401 3688 scribit.
3447 3631 3795 3688 Przeadducta

2208 3741 2422 3797 quoque
2448 3727 2701 3783 Eadmeri
2729 3728 2890 3782 verba
2908 3726 2970 3797 (Ι.
2994 3742 3032 3780 ιι
3061 3725 3201 3779 Hist.
3231 3725 3372 3796 nov.)
3396 3727 3608 3781 'cert'am
3634 3724 3795 3779 fidem

2208 3816 2413 3873 faciunt
2441 3818 2571 3873 illud
2600 3832 2706 3872 non
2750 3832 2869 3873 esse
2897 3802 3396 3886 compositum‘uisi
3444 3825 3564 3885 post
3603 3817 3793 3871 conci-

2208 3912 2338 3968 lium
2365 3910 2624 3975 Barense,
2654 3896 2798 3980 quod
2829 3924 2933 3963 non
2966 3923 3108 3962 anno
3150 3906 3312 3973 1097,
3343 3914 3403 3961 ut
3438 3906 3798 3962 conciliorum

2206 4005 2527 4061 collectorcs
2573 4002 2709 4059 falso
2762 3986 3118 4073 computant,
3172 4003 3265 4056 sed
3324 4016 3466 4056 anno
3508 3999 3642 4055 1098
3698 4016 3797 4056 ce-

2206 4093 2473 4150 lebratum
2521 4101 2623 4151 est.
2664 4084 2961 4150 ‘Anselmus
3009 4093 3168 4167 enim
3226 4108 3369 4146 anno
3420 4091 3598 4157 1097,
3656 4091 3794 4145 feria

2206 4186 2271 4256 vf,
2306 4180 2428 4257 qua?
2485 4186 2586 4241 fuit
2633 4186 2756 4241 ldus
2794 4186 3087 4250 Octobris,
3132 4200 3161 4239 a
3206 4186 3356 4239 curia
3407 4183 3686 4246 discessit,
3735 4190 3795 4236 et

2205 4283 2420 4346 postera
2459 4275 2545 4329 die
2572 4290 2639 4330 ex
2665 4274 2857 4344 Anglia
2898 4274 3124 4328 Romam
3169 4273 3513 4345 profecturus
3563 4273 3630 4326 ad
3666 4285 3795 4342 por-

2208 4373 2322 4420 tum
2351 4364 2532 4420 Dofris
2561 4364 2725 4418 venit.
2755 4362 2999 4432 Lugduni
3032 4373 3284 4441 moratus
3301 4372 3386 4441 est
3418 4368 3596 4439 usque
3621 4364 3688 4417 ad
3716 4360 3790 4416 fe-

524 4474 712 4513 merus
771 4459 831 4534 i._
861 4459 1015 4519 1LDC
1056 4457 1175 4512 Vita
1212 4456 1382 4514 sancti
1421 4459 1692 4528 Ausehui;
1737 4460 1850 4536 [nec
1893 4454 2099 4528 autem,
2131 4463 2177 4522 D
2207 4456 2341 4510 riam
2374 4452 2584 4509 tertiam
2616 4464 2741 4509 ante
2770 4455 3104 4509 Dominicam
3125 4454 3444 4509 Palinurum
3473 4455 3633 4525 (anni
3662 4468 3790 4524 pro—

526 4550 718 4606 eodem
751 4560 889 4605 teste
918 4550 1041 4620 (ioc.
1072 4548 1214 4619 cit.),
1240 4564 1381 4604 anno
1412 4549 1545 4605 109:1
1575 4540 1938 4623 contigerunt.

599 4640 755 4696 Hunc
797 4650 979 4696 autem
1027 4640 1224 4696 librum
1269 4634 1509 4695 sanctus
1537 4640 1826 4696 Ausehnus
1885 4640 2106 4712 scripsit

523 4742 715 4805 contra
739 4732 1027 4802 quemdam
1054 4730 1329 4797 clericum,
1361 4732 1453 4803 qui
1479 4736 1754 4790 asserebat
1777 4735 1830 4788 in
1858 4734 1966 4789 Deo
1995 4742 2103 4790 tres

520 4839 787 4896 personas
835 4839 956 4879 esse
999 4833 1112 4880 tres
1161 4840 1268 4891 res,
1311 4825 1452 4880 sicut
1500 4836 1610 4882 tres
1656 4828 1960 4896 angeli‘aut
1993 4837 2105 4883 tres

521 4915 747 4980 animae;
773 4929 932 4982 quem
958 4928 1079 4968 cum
1105 4913 1396 4984 resipuisse
1422 4914 1704 4981 audiisset,
1733 4927 1788 4969 et
1812 4916 1923 4985 ipse
1946 4931 2103 4983 suum

521 5020 661 5077 opus
691 5006 997 5073 dimiserat,
1043 5007 1188 5077 quod
1234 5022 1341 5062 non
1390 5008 1618 5079 perfecit
1658 5007 1763 5062 nisi
1813 5018 2103 5077 postquam

522 5111 647 5151 eum
680 5095 806 5152 ficte
846 5112 1002 5152 suum
1047 5112 1284 5171 errorem
1326 5096 1604 5166 abiurasse
1652 5097 1923 5153 didicerit.
1978 5086 2104 5154 llarc

520 5187 638 5256 ipse
669 5184 725 5240 in
747 5201 798 5241 c.
833 5185 857 5241 1
903 5185 1209 5261 hujuslibri
1240 5187 1599 5258 proloquitur.

594 5278 766 5334 Porro
807 5279 1037 5336 clericus
1066 5280 1179 5346 hic,
1207 5289 1396 5336 contra
1426 5279 1579 5350 cujus
1607 5278 1975 5351 blasphemias
2007 5295 2102 5336 ea-

526 5371 729 5427 lamum
779 5371 836 5427 S.
884 5372 1174 5429 Anselmus
1203 5373 1464 5438 exacuit,
1495 5372 1814 5427 Roscelinus
1849 5372 1964 5428 sive
1992 5371 2104 5429 Bu-

524 5460 733 5517 zelinus
766 5470 991 5518 vocatur
1021 5463 1087 5534 Ain
1137 5477 1239 5517 ms.
1276 5463 1325 5537 ,5
1375 5461 1716 5519 bibliotheca:
1757 5462 2016 5529 Thuante,
2045 5476 2105 5519 ut

522 5560 719 5610 uolant
747 5555 910 5612 varia:
936 5555 1230 5621 lectiones;
1260 5562 1317 5610 et
1356 5555 1408 5609 in
1434 5571 1537 5610 ms.
1566 5555 1880 5612 monasterii
1907 5556 2104 5629 Longi-

522 5644 734 5715 Pontis,
766 5648 820 5704 in
859 5664 967 5719 quo
991 5655 1174 5703 exstat
1206 5647 1297 5702 hic
1334 5647 1475 5711 liber
1503 5663 1568 5705 eo
1592 5648 1748 5705 titulo
1776 5667 1790 5704 :
1822 5648 1895 5705 De
1925 5651 2101 5706 incar-

523 5737 739 5796 natione
780 5738 930 5795 Verbi
967 5750 1148 5795 contra
1185 5738 1531 5812 blasphemias
1564 5739 1806 5796 Rurelini
1844 5739 2099 5814 Compen-

2190 4546 2332 4602 inde
2357 4546 2515 4617 1098)
2540 4588 2554 4611 ,
2596 4562 2704 4618 quo
2732 4546 2819 4602 die
2840 4544 3113 4618 Lugduno
3154 4546 3418 4612 recessit,
3461 4554 3517 4600 et
3540 4553 3661 4616 post
3691 4543 3793 4598 aii-

2184 4644 2339 4709 ‘quot
2363 4640 2477 4694 dies
2510 4639 2738 4694 Romam
2771 4640 3038 4710 pervenit,
3079 4648 3133 4693 et
3160 4653 3273 4709 pra:
3308 4637 3475 4692 nimia
3519 4644 3708 4692 aestate
3736 4634 3793 4690 in

2184 4730 2386 4786 'vifiam
2436 4730 2745 4805 Schla‘viam
2795 4732 3046 4797 divertit;
3082 4731 3224 4787 unde
3272 4730 3470 4784 Barum
3517 4744 3639 4784 cum
3692 4727 3796 4783 Ur~

2206 4826 2346 4881 bano
2375 4825 2415 4880 ll
2445 4816 2630 4896 petiit,
2659 4836 2715 4879 et
2742 4826 2974 4881 concilio
3024 4824 3216 4880 adfuit.
3260 4824 3388 4879 llaec
3434 4824 3551 4879 fuse
3604 4830 3798 4877 narrat

2206 4918 2504 4974 Eadmerus
2535 4918 2569 4971 Ι.
2602 4934 2641 4971 ιι
2681 4917 2823 4971 llist.
2865 4933 3078 4983 novor.,
3119 4934 3187 4973 ex
3230 4916 3428 4987 quibus
3460 4915 3522 4970 fit
3567 4914 3795 4971 evidens

2205 5010 2442 5065 Bareuse
2472 5009 2761 5064 concilium
2798 5024 2943 5064 anno
2970 5008 3106 5064 1098
3145 5019 3396 5064 eoactum
3450 5021 3593 5071 esse,
3624 5014 3680 5061 et
3728 5004 3796 5059 li-

2203 5090 2362 5156 brum
2390 5088 2469 5154 De
2490 5102 2818 5170 processione
2843 5100 3073 5170 Spiritus
3103 5103 3271 5158 sancti
3296 5117 3401 5155 non
3429 5100 3635 5155 editum
3673 5113 3795 5154 esse

2205 5191 2306 5245 nisi
2333 5200 2454 5260 post
2479 5189 2636 5259 hujus
2659 5205 2801 5244 anno
2818 5190 2949 5245 1098
2973 5192 3282 5246 decursum.
3299 5189 3428 5243 Mihi
3449 5203 3578 5258 ergo
3597 5185 3797 5256 proba-

2207 5292 2315 5348 tur,
2340 5284 2394 5338 1°
2421 5284 2490 5338 ad
2524 5284 2576 5339 id
2605 5283 2789 5354 operis
2816 5284 3112 5339 excitatum
3144 5284 3455 5359 Anselmum
3488 5281 3557 5335 ab
3608 5279 3795 5335 [lilde-

2203 5375 2361 5433 berto
2382 5375 2772 5432 Ceuomaneusi
2796 5376 3050 5446 episcopo
3068 5391 3209 5431 anno
3242 5374 3398 5439 1100,
3412 5382 3533 5444 post
3550 5384 3791 5427 mensem

2184 5472 2529 5541 Augustum,
2561 5483 2669 5539 quo
2702 5484 2795 5524 rex
2829 5457 3134 5525 Willelmus
3160 5484 3386 5541 regnum
3409 5484 3533 5524 eum
3558 5467 3668 5521 vita
3694 5465 3789 5520 de-

2184 5562 2403 5632 posuit,
2433 5560 2535 5615 hoc
2561 5569 2643 5616 est
2665 5558 2849 5615 statim
2894 5559 3057 5628 atque
3082 5550 3115 5613 'a
3158 5574 3380 5615 carcere
3409 5573 3516 5629 quo
3546 5554 3791 5611 inclusus

2207 5651 2381 5705 fuerat
2406 5650 2753 5706 Hildebertus
2780 5647 3046 5704 liberatus
3074 5657 3181 5710 est.
3205 5656 3261 5704 et
3286 5663 3395 5720 quo
3419 5645 3710 5702 Anselmus
3733 5643 3793 5696 in‘

2204 5743 2451 5811 Angliam
2500 5757 2750 5799 reversus
2799 5748 2908 5804 cst;
2947 5740 3015 5795 ibi
3048 5741 3191 5797 enim
3225 5748 3353 5797 tunc
3392 5738 3559 5798 fuisse
3598 5732 3798 5791 Ausci-
