4068 6286
211 312 233 328 ι
275 363 337 423 ιι
1332 353 1655 413 CENSUBA
1686 353 1871 412 OPER

1973 356 1978 409 ;
2013 354 2071 411 s.
2113 343 2436 412 ANSELui.
3461 364 3532 419 ῃ

280 492 419 535 nium
449 489 554 531 non
603 471 835 529 obscure
865 468 1042 526 innuit
1067 468 1289 540 praefata
1320 468 1615 525 Hildeberti
1645 468 1712 522 ad
1743 468 1851 523 An-
1876 473 1924 533 Α
1956 476 2043 523 tur
2073 468 2124 523 in
2156 470 2496 539 praefatione,
2524 481 2581 528 et
2605 468 2904 530 Eadtnerus
2947 473 3112 530 refert
3148 473 3184 529 1.
3229 491 3265 529 ιι
3293 474 3371 531 De
3416 477 3534 547 ejus

275 562 496 623 selmum
518 556 747 634 epiStola
784 575 904 630 qua:
933 566 1018 615 est
1041 557 1142 614 160
1181 558 1217 613 1.
1252 570 1337 625 ιιι,
1361 557 1445 613 his
1468 555 1643 612 verbis
1674 574 1689 610 :
1718 553 1854 611 Feli-

218 646 223 651 ’
249 668 377 711 'cem
401 671 501 721 me,
526 653 571 708 si
603 650 907 707 meruissem
930 652 1007 706 vel
1030 666 1259 721 prtcsens
1288 648 1497 703 instrui.
1537 644 1653 701 Hoc
1680 656 1853 701 autem

222 733 399 801 ‘imihi
444 746 591 800 locus
635 743 852 809 invidet,
905 759 999 798 nec
1056 741 1211 797 aliter
1250 738 1585 796 salutationis
1633 738 1853 793 indulsit

239 810 558 911 iobseguia,
612 836 713 890 nisi
749 836 898 907 prius
938 831 1077 889 orbis
1127 833 1403 888 dimidium
1454 830 1852 887 consultarem:

272 918 466 998 Oportet
488 927 625 981 enim
652 926 815 980 maris
841 934 889 979 et
911 924 1048 980 aeris
1068 925 1341 996 explorare
1364 920 1852 1003 clementiam,etc.;

273 1022 327 1076 in
368 1036 477 1093 qua
506 1021 673 1077 etiam
710 1034 771 1075 se
802 1017 1042 1074 nondum
1076 1017 1132 1072 in
1164 1015 1418 1086 Angliam
1466 1014 1855 1076 transfretasse

274 1113 495 1168 indicat.
534 1110 687 1191 Unde
712 1118 769 1191 et
806 1109 1001 1180 colligo
1026 1124 1148 1163 eam
1180 1094 1439 1179 scriptam
1486 1116 1613 1165 ante
1655 1124 1856 1167 annum

273 1204 430 1269 1101,
450 1218 559 1275 quo
581 1188 824 1279 ineunte,
848 1201 1099 1258 videlicet
1121 1199 1283 1272 paulo
1310 1209 1438 1256 ante
1466 1216 1695 1259 vernum
1718 1211 1859 1261 tem-

269 1311 394 1366 pus,
447 1296 503 1351 in
554 1293 806 1365 Angliam
853 1292 1198 1349 llildebertus
1252 1294 1525 1363 transivit,
1567 1306 1859 1369 antequam

272 1388 445 1457 Elias,
478 1386 619 1444 urbe"
635 1397 813 1459 capta,
843 1386 1507 1444 Cenomanensecastrum
1536 1392 1857 1461 obsedisset,

270 1487 330 1533 ut
355 1479 430 1535 de
461 1478 774 1534 Hildeberto
808 1478 1062 1534 observat
1083 1478 1147 1533 D.
1183 1478 1250 1534 de
1278 1478 1603 1539 Bondonnet~
1628 1484 1680 1538 in
1722 1484 1860 1541 libro

270 1571 347 1627 De
378 1569 522 1627 Vitis
544 1570 767 1627 Cenem.
791 1570 1283 1641 pontiﬁcum—2°
1312 1572 1443 1629 Mihi
1475 1576 1737 1645 probatur
1757 1577 1861 1633 hoc

269 1678 407 1734 opus
435 1664 505 1720 ab
543 1663 801 1726 Anselmo
822 1663 1179 1735 compositum
1207 1665 1277 1721 ab
1304 1681 1450 1721 anno
1479 1667 1609 1723 1101
1640 1668 1863 1725 ineunte

266 1757 338 1812 ad
392 1770 597 1811 annum
633 1754 793 1823 “05,
823 1770 933 1831 quo
983 1755 1182 1811 iterum
1217 1770 1286 1811 ex
1330 1756 1519 1827 Anglia
1569 1758 1861 1815 Anselmus

1959 560 2088 615 vita.
2122 561 2248 615 Inde
2294 564 2555 635 consequi
2588 581 2814 623 necesse
2851 576 2933 629 est
2962 568 3066 623 hoc
3108 582 3244 637 opus
3272 568 3537 637 prodiisse
3636 580 3644 593 ’

1955 658 2083 706 ante
2107 650 2304 708 librum
2352 653 2431 709 De
2455 660 2787 726 processione
2833 657 3063 733 Spiritus
3097 660 3301 726 sancti,
3330 658 3443 728 qui,
3480 669 3541 714 ut

1953 740 2324 811 probavimus.
2361 760 2468 802 non
2504 749 2609 806 nisi
2639 759 2762 820 post
2806 748 3044 805 Barcnse
3069 747 3363 809 concilium
3401 749 3539 808 scri-

1955 841 2080 903 ptus
2108 841 2211 891 cst.
2264 835 2423 897 Anno
2453 841 2637 910 itaque
2674 842 2834 906 1094,
2876 850 3166 911 postquam
3219 840 3418 896 librum
3463 839 3541 894 De

1956 924 2320 985 incarnatione
2356 929 2517 995 Verbi
2536 932 2780 1000 perfecit,
2805 933 2968 989 hosce
2996 932 3165 990 libros
3184 930 3241 986 S.
3256 929 3541 987 Anselmvs

1953 1032 2245 1091 aggressus
2295 1028 2402 1087 est,
2448 1020 2575 1075 dum
2634 1035 2733 1091 per
2788 1021 2935 1090 regis
2989 1020 3294 1077 absentiam
3348 1021 3545 1076 studiis

1959 1110 2163 1168 sanctis
2215 1107 2386 1166 totum
2434 1126 2494 1166 se
2538 1114 2711 1180 daret,
2757 1102 3142 1182 juxta—Eadm.
3174 1112 3209 1166 1.
3241 1128 3275 1168 ιι
3314 1098 3388 1167 De
3426 1111 3543 1182 ejus

1960 1202 2082 1259 Vita
2113 1202 2240 1273 (col.
2265 1202 2379 1274 81).
2410 1202 2558 1274 ipsos
2595 1212 2776 1260 autem
2792 1203 3167 1273 complevit-in
3192 1204 3320 1259 villa
3353 1204 3549 1260 Schla-

1958 1296 2129 1363 viam,
2154 1312 2263 1366 quo
2308 1296 2612 1353 diverterat
2653 1310 2800 1351 anno
2824 1293 2987 1359 1098,
3019 1303 3077 1350 et
3119 1295 3213 1351 ubi
3259 1309 3546 1351 remanere

1961 1390 2130 1445 nimio
2174 1388 2845 1458 calorecompulsusest,
2892 1388 3065 1444 donec
3107 1386 3337 1444 instaret
3372 1395 3547 1442 status

1961 1485 2079 1541 dies
2104 1483 2346 1551 concilii,
2385 1483 2640 1543 videlicet
2662 1482 2786 1537 Kal.
2818 1481 3011 1540 Octob.
3040 1482 3201 1538 istius
3226 1480 3354 1537 anni
3387 1481 3547 1546 1098,

1960 1586 2017 1634 et
2063 1592 2170 1633 non
2219 1577 2346 1632 anni
2376 1576 2534 1641 1097,
2567 1586 2627 1632 ιιι
2654 1591 2721 1631 ex
2760 1576 3030 1633 Eadmero
3059 1574 3551 1631 demonstravimus

1963 1669 2018 1725 in
2048 1669 2171 1729 libri
2202 1669 2279 1723 De
2305 1669 2633 1740 processione
2663 1666 2893 1738 Spiritus
2922 1667 3092 1723 sancti
3118 1680 3371 1721 censura.

2031 1760 2143 1817 llos
2194 1760 2366 1821 libros
2419 1760 2722 1819 Eadmerus
2753 1760 2887 1830 ipse
2940 1757 3197 1815 Becccnsi
3254 1756 3550 1822 Ecclesiae,

266 1849 538 1917 exivit,et
562 1863 627 1905 eo
652 1849 768 1920 ipso
795 1856 1036 1923 tempore
1056 1846 1371 1921 Anselmnm
1398 1848 1529 1905 illud
1550 1849 1865 1907 Hildeberto
1894 1841 1936 1900 Β
1962 1855 2119 1925 cuius
2161 1866 2279 1912 erat
2316 1854 2486 1919 mins,
2546 1854 2924 1922 transcripsit,
2977 1862 3039 1907 ut
3074 1859 3305 1908 testatur
3334 1851 3394 1905 s.
3440 1850 3553 1905 An-

270 1952 339 1995 ac
369 1938 701 2001 Waleranno
735 1942 972 1998 misisse.
1043 1968 1049 1978 ~

566 2035 815 2090 (23115an
854 2047 998 2089 ιιιιιιι
1033 2032 1111 2089 De
1150 2032 1586 2103 voluntateADei.

343 2128 405 2186 In
433 2128 585 2185 nullo
616 2142 683 2184 ex
717 2128 802 2199 his
834 2127 893 2197 in
922 2142 1046 2198 quae
1093 2128 1261 2184 incidi
1293 2143 1428 2183 mss.
1459 2127 1726 2198 reperitur
1763 2124 1866 2182 iste

269 2217 514 2277 libellus.
562 2218 696 2276 Cum
727 2227 907 2275 tamen
956 2220 1012 2275 in
1058 2221 1311 2277 omnibus
1340 2220 1501 2276 editis
1528 2220 1740 2291 legatur
1766 2220 1867 2285 sub

266 2313 521 2371 Anselmi
550 2312 808 2367 Cantuar.
858 2314 1103 2383 archiep.
1138 2314 1377 2378 nomine,
1408 2323 1463 2369 et
1511 2314 1566 2368 in
1604 2327 1670 2369 eo
1701 2311 1867 2368 verba
1942 2374 1947 2381 ,

270 2420 344 2460 ac
368 2402 656 2460 sententiae
690 2401 754 2460 S.
798 2386 1048 2459 Anselmi
1086 2403 1582 2473 deprehendantur,
1623 2404 1772 2477 illum
1801 2402 1870 2458 ad

270 2492 642 2564 appendicem
690 2506 799 2548 non
864 2492 1121 2548 duximus
1181 2492 1561 2563 ablegandum.
1610 2492 1871 2561 Equidem

271 2584 395 2639 scio
423 2581 741 2638 Anselmum
772 2582 1192 2639 Laudunensem
1239 2583 1308 2639 de
1350 2583 1629 2638 voluntate
1667 2581 1761 2637 Dei
1808 2596 1874 2637 eo

273 2672 480 2731 siccqu
521 2672 849 2742 disputasse,
888 2681 945 2728 et
995 2673 1113 2744 ejus
1160 2676 1266 2751 hac
1295 2674 1362 2729 de
1391 2689 1450 2730 re
1487 2673 1816 2733 sententiam
1842 2688 1875 2728 a

274 2762 526 2835 Ruperto
570 2762 837 2841 Tuitieitsi
882 2765 1088 2838 acriter
1138 2765 1504 2837 impugnatam
1549 2780 1658 2820 non
1692 2765 1875 2823 verbis

275 2858 465 2923 modo,
497 2857 591 2913 sed
623 2866 679 2912 et
701 2857 922 2928 scriptis
945 2896 961 2922 ,
1015 2867 1075 2913 ut
1124 2857 1176 2912 in
1210 2858 1437 2929 Ruperti
1470 2857 1733 2929 Apologia
1768 2857 1876 2913 late

278 2946 516 3004 disserui
545 2947 624 3019 (in
655 2947 775 3018 prol
811 2963 866 3018 g.
903 2956 960 3002 et
986 2947 1039 3005 in
1077 2959 1233 3019 parte
1254 2963 1295 3015 ι,
1325 2964 1378 3018 p.
1412 2948 1502 3010 10,
1538 2948 1595 3003 11
1617 2987 1633 3014 ,
1666 2947 1752 3013 12,
1786 2948 1873 3014 15,

279 3038 488 3107 16,17,
520 3038 593 3096 45
620 3050 676 3095 et
700 3039 811 3112 8|).
850 3040 1050 3097 Verum
1097 3040 1289 3111 quidni
1327 3049 1383 3098 et
1422 3040 1711 3096 Anselmus
1735 3040 1880 3095 Can-

279 3131 581 3189 tuariensis
628 3131 697 3187 de
730 3131 924 3188 eadem
967 3132 1270 3203 quaestione
1309 3132 1473 3189 simul
1523 3148 1589 3190 ac
1633 3134 1701 3190 de
1747 3147 1879 3189 con—

281 3222 467 3277 cordia
496 3222 874 3294 praescientiae,
900 3231 1033 3289 etc.,
1058 3223 1346 3293 scripserit
1371 3224 1516 3280 circa
1542 3226 1668 3279 vita:
1689 3225 1873 3292 tinem,

282 3302 767 3373 eﬂ‘ervescentibns
807 3300 938 3371 tunc
969 3315 1343 3372 animiseirca
1380 3317 1530 3373 hanc
1567 3318 1635 3373 de
1664 3317 1755 3373 Dei
1785 3332 1878 3379 vo-

285 3404 498 3461 luntate
523 3406 901 3475 qumstionem,
920 3408 1109 3477 paucis
1133 3408 1387 3467 videlicet
1410 3409 1568 3464 annis
1589 3418 1878 3479 antequam

287 3494 568 3565 Rupertus
605 3512 728 3551 cum
771 3497 1030 3552 Anselmo
1055 3497 1399 3554 Laudunensi
1432 3501 1875 3571 congrederetur.

286 3585 417 3641 Nam
458 3586 724 3669 adversus
764 3601 887 3643 eum
922 3589 1142 3659 scripsit
1178 3590 1321 3644 circa
1366 3604 1565 3644 annum
1601 3590 1771 3655 1116,
1821 3601 1880 3647 ιιι

285 3679 337 3733 in
372 3678 500 3748 ejus
519 3678 779 3750 Apologia
810 3679 1203 3747 animadverti;
1229 3680 1517 3737 Anselmus
1536 3697 1666 3737 vero
1696 3682 1878 3739 deces-

289 3781 444 3827 serat
476 3784 624 3825 anno
665 3769 828 3825 1109.
1204 3798 1207 3801 η
1282 3788 1319 3837 ρ
1398 3756 1420 3811 ’,
1473 3788 1478 3810 ε
1568 3754 1569 3761 ‘
1618 3790 1639 3795 .-

434 3924 439 3931 ,
556 3904 567 3915 .
614 3861 861 3918 CENSURA
911 3880 1054 3923 ιιιιιιι
1099 3864 1173 3920 De
1213 3882 1339 3920 casu
1380 3866 1596 3921 diaboli.

358 3954 527 4009 Istius
556 3952 756 4023 dialogi
790 3953 849 4019 S.
888 3955 1180 4033 Anselmus
1212 3956 1326 4026 ipse
1354 3958 1601 4017 meminit
1630 3958 1683 4015 in
1724 3971 1782 4015 c.
1814 3958 1879 4015 17

272 4047 411 4113 111)τί
451 4062 467 4100 ι
504 4045 614 4100 Cur
649 4046 791 4102 Deus
820 4048 974 4103 homo
988 4064 1007 4112 ;
1039 4058 1095 4103 et
1132 4048 1185 4102 in
1208 4063 1256 4109 e.
1291 4048 1325 4101 5
1360 4048 1482 4102 libri
1532 4047 1881 4115 Dejeonceptu

297 4136 572 4209 virginali,
612 4139 757 4195 circa
788 4140 949 4201 linem
970 4181 985 4206 ,
1015 4146 1071 4193 et
1097 4138 1150 4192 in
1183 4153 1231 4192 c.
1266 4139 1297 4191 7
1324 4137 1444 4191 libri
1483 4137 1559 4190 De
1603 4138 1883 4190 concordia

298 4232 665 4299 prudentiae,
695 4241 803 4288 etc.
856 4233 1252 4301 Argumentum
1300 4229 1422 4286 libri
1474 4228 1784 4285 declaratur
1828 4229 1883 4283 in

299 4321 522 4392 prologo
552 4322 618 4376 ad
642 4322 913 4393 dialogum
940 4323 1019 4377 De
1047 4324 1282 4377 veritate.

366 4414 527 4469 Hunc
562 4424 624 4469 ut
667 4426 725 4471 et
761 4416 900 4473 alios
949 4424 1061 4471 tres
1105 4414 1164 4471 8.
1193 4414 1481 4475 Anselmus
1509 4414 1883 4485 seripsitdum

1942 1948 2169 2005 .sehnus
2198 1947 2250 2001 in
2281 1946 2506 2017 epistola
2534 1960 2655 2017 quae
2673 1954 2756 2001 est
2780 1945 2851 1999 25
2877 1944 3000 1999 libri
3033 1946 3092 1998 ιι.
3121 1943 3274 2012 ipsos
3317 1942 3501 1998 etiam
3522 1956 3553 1995 a

1965 2039 2248 2094 monachis
2269 2038 2578 2097 Cantuariae
2601 2035 2889 2092 transcribi
2912 2034 2980 2089 ad
3008 2032 3329 2089 Paschalem
3357 2031 3401 2085 11
3427 2032 3553 2095 mit-

1969 2131 2161 2185 tendos
2189 2130 2398 2200 rogavit
2431 2128 2490 2184 S.
2530 2128 2842 2193 Ansclmus,
2879 2124 3073 2195 siejus
3101 2124 3345 2195 epistola:
3378 2125 3557 2181 credi-

1968 2236 2111 2286 mus,
2139 2235 2259 2290 quze
2285 2229 2369 2275 est
2394 2220 2463 2274 55
2485 2218 2607 2279 libri
2641 2234 2716 2272 tv.
3016 2226 3017 2229 ‘
3149 2224 3157 2230 ·
3290 2230 3293 2233 -
3418 2220 3447 2235 π

2038 2308 2449 2365 Advertendum
2488 2307 2665 2387 etiam
2706 2312 2791 2362 est
2826 2306 2968 2375 quod
3001 2304 3054 2360 in
3087 2304 3194 2361 line
3229 2318 3350 2373 cap.
3387 2301 3450 2375 17
3493 2302 3559 2356 li-

1970 2404 2056 2461 bri
2089 2420 2125 2459 ιι
2161 2402 2644 2469 dicatAnselmus
2684 2399 3024 2459 voluntatem
3077 2398 3371 2455 scitabere
3425 2396 3561 2452 scri-

1971 2496 2133 2551 bendi
2163 2494 2231 2550 de
2283 2493 2541 2562 originali
2592 2500 2846 2562 peccato;
2900 2491 3044 2547 unde
3097 2488 3450 2560 consequitur
3498 2488 3564 2542 li-

1974 2587 2132 2641 brum
2174 2585 2250 2638 De
2284 2578 2557 2651 conceptu'
2584 2582 2769 2651 virgin.
2803 2590 2867 2636 et
2901 2582 3036 2652 orig.
3089 2597 3230 2650 perc.
3280 2595 3402 2637 esse
3457 2578 3562 2635 isto

1950 2678 2365 2750 posteriorem;
2395 2676 2538 2745 quod
2569 2678 2733 2731 etiam
2777 2675 3026 2744 arguitur
3051 2690 3122 2730 ex
3154 2674 3376 2744 prologo
3414 2683 3469 2731 et
3494 2688 3562 2729 ex

1977 2786 2028 2825 c.
2056 2769 2126 2825 22
2155 2769 2310 2824 istius
2336 2767 2498 2833 libri,
2557 2767 2648 2823 ubi
2687 2766 2933 2845 meminit
2964 2765 3227 2821 librorum
3270 2764 3379 2845 Cur
3418 2764 3563 2820 Deus

1952 2926 1955 2929 _
1977 2861 2156 2915 homo.
2208 2882 2211 2885 ·

2001 2972 2246 3031 Censoris
2295 2989 2437 3029 unm
2479 2973 2555 3029 De
2608 2981 2859 3095 conceptlu
2903 2970 3151 3044 virginali
3193 2978 3242 3025 et
3282 2969 3533 3040 originali

2658 3059 2815 3095 necta
2843 3058 2894 3095 ο.
3058 3080 3061 3083 ς

2657 3058 2894 3113 peccato.

2052 3136 2180 3192 Post
2222 3135 2457 3192 Barense
2500 3137 2789 3192 concilium
2848 3134 3259 3204 Romanamque
3300 3131 3565 3204 synodum

1979 3226 2038 3282 S.
2072 3227 2359 3283 Ansclmus
2381 3268 2398 3294 ,
2429 3227 2555 3284 dum
2585 3227 2832 3298 Lugduni
2864 3233 3191 3289 moraretur,
3221 3223 3452 3294 expletis
3498 3223 3564 3277 Ii-

1977 3316 2093 3372 bris
2121 3315 2231 3370 Cur
2259 3317 2399 3372 Deus
2429 3318 2608 3383 homo,
2636 3320 2742 3374 hoc
2767 3331 2903 3386 opus
2932 3316 3150 3385 scripsit
3179 3322 3304 3368 ante
3341 3313 3570 3368 medita-

1954 3407 2183 3463 tionem
2210 3406 2286 3461 De
2313 3407 2664 3478 redemptione
2678 3407 2912 3461 humana
2931 3445 2946 3470 ,
2988 3413 3047 3457 ut
3081 3403 3239 3457 ﬁdem
3273 3401 3401 3458 facit
3431 3404 3570 3458 Ead-

1980 3514 2162 3552 merus
2191 3498 2286 3565 lib.
2314 3514 2351 3552 ιι
2376 3498 2451 3553 De
2485 3498 2602 3567 ejus
2641 3498 2750 3553 vita
2788 3495 3086 3565 (001.107).
3119 3494 3315 3563 Liquet
3344 3509 3475 3564 ergo
3500 3494 3567 3549 li-

1979 3588 2138 3642 brum
2166 3588 2311 3643 hunc
2332 3603 2454 3643 esse
2483 3588 2846 3658 compositum
2895 3603 3039 3643 anno
3067 3587 3235 3653 1099,
3263 3601 3372 3657 quo
3412 3600 3565 3641 conc.

1982 3679 2141 3736 Rom.
2185 3679 2517 3735 celebratum
2548 3688 2635 3734 est
2660 3681 2763 3736 sub
2794 3680 3017 3737 Urbano
3041 3679 3103 3743 11,
3140 3679 3193 3734 in
3231 3678 3370 3735 festo
3394 3676 3571 3748 Appa-

1981 3771 2207 3843 ritiunis,
2244 3772 2473 3841 scilicet
2502 3772 2559 3827 S.
2597 3771 2900 3837 Michaelis,
2951 3770 3094 3842 quod
3141 3779 3257 3826 erat
3307 3769 3573 3826 terminus

1982 3863 2319 3920 induciarum
2352 3880 2489 3935 quas
2528 3865 2583 3920 in
2636 3864 2775 3920 festo
2826 3863 3140 3932 Nativitatis
3184 3861 3398 3917 Domini
3450 3869 3575 3930 post

1983 3954 2273 4008 concilium
2321 3953 2559 4010 Barense
2619 3970 2715 4009 rex
2768 3954 2976 4024 Anglia:
3022 3952 3372 4017 obtinuerat,
3418 3948 3572 4017 juxta

1964 4045 2235 4103 .Eadmer.
2265 4045 2304 4113 1.
2350 4061 2390 4100 ιι
2438 4045 2579 4113 Hist.
2612 4060 2803 4099 novor.
2859 4044 2992 4099 lluic
3026 4044 3171 4099 enim
3222 4040 3428 4112 synodo
3465 4041 3574 4095 Ro-

1985 4149 2160 4212 manae
2205 4132 2265 4187 S.
2305 4133 2599 4188 Anselmus
2642 4132 2912 4196 interfuit,
2945 4147 3044 4188 nec
3076 4131 3185 4187 nisi
3234 4146 3298 4185 ea
3350 4137 3572 4199 peracta

1986 4224 2305 4296 Lugdunum
2337 4224 2588 4294 repetiit,
2624 4232 2682 4278 ut
2717 4239 2784 4279 ex
2832 4223 3024 4279 Eadm.
3061 4222 3260 4279 ibidem
3315 4223 3529 4276 constat
3553 4261 3569 4283 ,

1985 4331 2089 4373 nec
2133 4316 2398 4386 Lugduno
2429 4316 2682 4371 discessit
2708 4315 2815 4370 nisi
2846 4316 2969 4386 poSt
2994 4316 3158 4386 .regis
3204 4314 3410 4368 obitum
3430 4354 3444 4373 ,
3477 4312 3571 4381 qui

1986 4426 2075 4466 an.
2124 4409 2286 4476 1100,
2326 4405 2818 4480 ηιθιιεθἈιιειιειο,
2862 4408 3117 4477 contigit,
3173 4421 3282 4463 uno
3326 4403 3575 4459 videlicet

274 4506 481 4577 adhuc
532 4507 682 4576 prior
711 4517 858 4564 esset
906 4508 1088 4572 Becci,
1120 4517 1181 4562 ut
1231 4507 1398 4562 tradit
1448 4508 1640 4564 Eadm.
1672 4506 1708 4560 l.
1758 4522 1775 4561 ι
1807 4507 1884 4561 De
1911 4518 1961 4576 ι)
1987 4517 2130 4558 anno
2159 4511 2282 4572 post
2328 4509 2557 4556 mortem
2590 4499 2794 4557 Urbani
2836 4499 2909 4564 11,
2944 4498 3036 4570 qui
3068 4497 3302 4553 humana
3349 4504 3573 4551 exuerat

300 4596 415 4668 ejus
450 4598 594 4664 Vita,
632 4601 736 4654 hoc
764 4608 851 4655 est
898 4599 967 4654 ab
1005 4614 1152 4653 anno
1190 4598 1361 4663 1063,
1407 4614 1517 4669 ιιιιο
1565 4599 1887 4666 praepositus

304 4699 404 4756 est,
445 4691 515 4744 ad
548 4705 749 4746 annum
775 4691 933 4757 1077,
960 4706 1069 4761 quo
1098 4692 1152 4745 in
1181 4690 1433 4746 abbatem
1454 4698 1560 4745 'est
1591 4690 1815 4746 electus.

374 4780 931 4841 Observandumhic
966 4796 1152 4837 .uuum
1199 4789 1283 4836 est
1325 4780 1469 4851 quod
1514 4788 1778 4837 tractatus
1815 4780 1889 4835 De
1966 4794 1973 4827 :

308 4874 468 4941 malo,
509 4878 578 4930 de
612 4890 722 4945 quo
770 4874 890 4944 ipse
940 4874 1164 4945 scripsit
1193 4873 1258 4928 ad
1303 4872 1638 4935 Mauritium,
1672 4888 1777 4926 non
1806 4879 1891 4927 est

308 4968 407 5023 nisi
431 4976 753 5036 excerptum
774 4982 839 5023 ex
869 4981 922 5023 c.
961 4966 1023 5020 11
1050 4964 1247 5036 dialogi
1280 4964 1456 5028 istius,
1481 4972 1691 5018 remota
1717 4963 1889 5016 forma

310 5056 767 5122 lnterlocutionis,
792 5067 852 5112 ut
873 5056 1035 5113 facile
1061 5055 1311 5111 advertet
1331 5054 1579 5125 quisquis
1604 5052 1888 5123 epistolam

312 5148 377 5202 ad
408 5147 742 5211 Mauritium,
782 5163 903 5216 quae
940 5155 1026 5202 est
1052 5147 1086 5202 8
1123 5144 1246 5200 libri
1303 5160 1377 5209 ιι,
1428 5143 1722 5203 contulerit
1766 5157 1890 5196 eum

311 5238 538 5306 praefato
559 5240 739 5308 capite
760 5239 820 5294 11
850 5237 945 5309 [ιιι.
965 5238 1032 5291 10
1047 5235 1087 5309 ].
1113 5237 1457 5306 Quapropter
1478 5234 1738 5302 scriptum
1763 5231 1892 5288 illud

314 5331 605 5399 separatim
647 5345 754 5386 non
802 5330 1105 5393 edidimus,
1151 5342 1276 5403 cum
1311 5339 1365 5383 et
1399 5326 1453 5381 in
1483 5341 1548 5382 eo
1593 5325 1794 5395 capite,
1837 5332 1892 5381 et

317 5419 369 5474 in
400 5422 504 5478 ista
533 5421 763 5493 epistola
792 5437 899 5477 uno
936 5430 1192 5477 contextu
1221 5420 1494 5490 integrum
1533 5418 1819 5473 habeatur.
1856 5446 1860 5453 -

478 5570 485 5575 .
555 5512 802 5571 CENSURA
848 5529 1116 5570 ιιιιιιοιιωι
1150 5512 1260 5567 Cur
1288 5511 1432 5566 Deus
1475 5510 1655 5565 homo.

386 5610 502 5665 iloc
530 5625 666 5680 opus
695 5610 749 5665 in
775 5608 965 5680 Anglia
996 5608 1062 5663 ad
1088 5604 1317 5663 Bosonis
1347 5601 1661 5659 instantiam
1694 5601 1751 5656 8.
1783 5600 1897 5654 An-
1972 5638 1975 5639 ν

316 5699 521 5757 selinus
538 5699 831 5763 inchoavit.
846 5708 901 5753 et
923 5698 973 5752 in
996 5696 1248 5765 Capuana
1280 5693 1578 5764 provincia,
1606 5700 1893 5761 antequam

322 5801 607 5859 cogeretur
640 5792 870 5847 Bareuse
897 5788 1208 5852 concilium,
1234 5785 1479 5859 perfecit,
1507 5792 1561 5845 ut
1598 5783 1709 5857 ipse
1734 5793 1895 5842 testa-

243 5871 288 5931 Γ

1988 4610 2175 4650 mense
2204 4592 2426 4650 Octobri
2469 4591 2629 4664 [corn
2674 4590 2848 4663 Julio]
2900 4590 3026 4645 anni
3069 4588 3465 4660 pnecedentis.
3515 4594 3574 4639 ut

1990 4686 2289 4741 Eadmerus
2314 4684 2371 4739 in
2402 4682 2511 4738 line
2538 4682 2631 4737 lib.
2659 4699 2723 4746 ιι,
2746 4671 2889 4737 Hist.
2924 4696 3115 4737 novor.
3159 4682 3449 4737 observat.

2062 4777 2163 4833 Hie
2192 4776 2341 4831 liber.
2364 4774 2660 4845 aliquando
2685 4775 2954 4828 duntaxat
2984 4772 3308 4830 inscribitur
3347 4770 3426 4825 De
3450 4786 3573 4825 con-

1991 4876 2141 4937 ceptu
2182 4864 2445 4935 virginali.
2483 4862 2575 4919 Sic
2599 4862 2942 4934 Cantabrigm
2969 4862 3021 4916 in
3051 4878 3156 4917 ms.
3190 4862 3283 4916 161
3321 4859 3572 4915 bibliotlt.

1989 4959 2239 5029 publica,
2268 4966 2326 5013 et
2372 4957 2426 5011 in
2453 4971 2557 5011 ms.
2598 4954 2703 5010 217
2747 4954 2960 5026 collegii
2994 4953 3135 5020 Caii,
3166 4960 3223 5007 et
3251 4954 3303 5006 in
3334 4964 3438 5005 ms.
3466 4949 3575 5003 205

1971 5049 2128 5105 .aulat.
2148 5046 2615 5110 Pemhrochianze,
2639 5055 2694 5101 et
2722 5046 2774 5101 in
2817 5045 2959 5100 aliis.
2986 5043 3291 5113 Aliquando
3321 5039 3576 5107 simplici-

1972 5139 2098 5203 ‘tcr,
2132 5139 2210 5193 De
2237 5136 2485 5207 originali
2521 5147 2733 5206 peccato
2750 5177 2765 5200 .
2791 5136 2869 5191 sic
2891 5135 3233 5204 Cantabriga:
3256 5134 3307 5186 iu
3347 5148 3449 5188 ms.
3470 5131 3576 5185 955

1994 5231 2202 5302 collegii
2235 5229 2293 5285 S.
2323 5229 2625 5292 Benedicti,
2655 5238 2711 5283 et
2744 5228 2867 5282 aliis
2916 5241 3036 5295 qua:
3080 5225 3267 5279 videre
3295 5232 3377 5278 est
3407 5224 3458 5276 in
3484 5237 3576 5276 va-

1996 5324 2091 5380 riis
2133 5321 2475 5377 lectionibus.
2510 5319 2650 5374 Hinc
2684 5318 2824 5372 forte
2866 5329 3025 5370 error
3067 5313 3353 5369 Trithetuii
3382 5311 3575 5367 distin-

1995 5414 2208 5486 guentis
2233 5413 2432 5468 librum
2456 5411 2535 5467 De
2563 5407 2804 5481 virginali
2826 5417 3106 5478 conceptu,
3135 5421 3167 5462 a
3188 5406 3329 5463 libro
3354 5404 3431 5460 De
3451 5415 3573 5476 pecf-

1995 5514 2114 5559 cato
2150 5500 2418 5575 originali.

2069 5607 2124 5651 tn
2165 5594 2482 5665 pratiatione
2519 5599 2575 5647 et
2602 5591 2657 5647 in
2694 5604 2743 5646 c.
2790 5589 2861 5645 22
2899 5591 3055 5647 istius
3091 5587 3334 5661 opusculi
3375 5584 3432 5642 S.
3462 5585 3574 5641 An-

1999 5690 2202 5744 selmus
2228 5685 2473 5742 meminit
2494 5683 2758 5740 librorum
2790 5682 2899 5738 Cur
2926 5681 3067 5736 Dens
3102 5682 3289 5742 homo,
3322 5679 3412 5749 qui
3442 5691 3571 5745 pro:

2002 5779 2126 5838 inde
2147 5792 2212 5834 eo
2235 5786 2356 5837 sunt
2381 5775 2744 5851 antiquiores;
2767 5773 2897 5830 illud
2924 5785 3051 5829 vero
3078 5770 3353 5844 prteccssit
3380 5769 3573 5827 libatttn
