4068 6286
543 339 619 398 15
1555 338 1612 395 S.
1653 339 2025 396 ANSELMUS
2060 338 2412 396 CANTHAR.
2453 341 2772 402 ARClllEP.
3723 345 3797 401 24

542 452 624 508 De
657 449 938 508 concordia
987 451 1281 522 prtescient.
1310 491 1326 518 ,
1371 449 1425 505 in
1453 449 1608 522 cujus
1635 468 1685 509 c.
1717 453 1750 506 7
1789 453 2118 510 mentionem
2146 457 2192 513 A
2220 457 2335 527 ipse
2373 458 2510 514 liber
2551 461 2603 515 in
2633 476 2682 516 c.
2715 461 2743 520 1
2779 459 3020 517 declarat
3071 476 3131 518 se
3160 460 3246 516 'ab
3291 475 3356 518 eo
3404 462 3664 535 scriptum
3707 469 3798 540 qui

541 546 709 601 habet
733 545 976 616 opusculi
1005 545 1180 602 istius.

617 635 859 708 Denique
887 637 941 692 in
969 636 1195 707 epistola
1230 639 1296 692 ad
1330 635 1744 704 Theodoricum,
1785 653 1906 710 qua:
1936 647 2020 695 est
2048 640 2121 694 42

541 728 638 783 lib.
671 744 747 792 tv,
773 727 840 781 de
867 744 933 784 eo
969 743 1132 799 opere
1169 728 1392 794 scribit,
1421 737 1477 784 et
1507 727 1637 783 illud
1665 744 1788 783 cum
1829 729 1983 786 libris
2012 729 2121 784 Cur

540 817 684 871 Dens
698 818 851 871 homo
876 818 1163 873 transcribi
1180 820 1494 883 mandat,ut
1515 833 1608 874 eos
1629 832 1818 874 omnes
1840 819 1907 874 ad
1922 817 2114 875 Pasch.

538 908 581 963 li
612 909 886 978 dirigeret.
923 907 1053 964 Vide
1079 911 1218 979 epist
1241 910 1312 966 55
1339 909 1463 965 libri
1495 926 1569 965 tv.

537 1019 787 1077 Ceusuna
837 1020 1285 1146 Deccanartoxrsb
1321 1023 1601 1093 cujusdam
1643 1024 1699 1079 in
1745 1025 2117 1094 pra’cedentem

1237 1111 1251 1146 1
1291 1109 1430 1146 rum.

1237 1109 1430 1148 ιυνιυη.

607 1181 722 1238 Etsi
753 1183 1048 1239 declaratio
1085 1185 1200 1239 haec
1238 1186 1290 1239 in
1323 1199 1452 1240 mss.
1496 1186 1671 1241 sancti
1699 1186 1941 1241 Anselmi
1969 1186 2119 1242 volu-

533 1272 772 1328 minibus
803 1289 908 1328 non
935 1284 1209 1338 occurrat,
1237 1275 1290 1329 in
1321 1275 1572 1330 omnibus
1599 1283 1778 1330 tamen
1813 1275 1955 1330 illius
1985 1291 2116 1346 Ope-

535 1378 656 1417 rum
688 1364 1013 1420 editionibus
1053 1366 1344 1436 reperitur.
1387 1366 1536 1422 illius
1565 1367 1905 1422 occasionem
1936 1375 1993 1422 et
2022 1382 2114 1422 ar-

533 1461 850 1522 gumentum
879 1470 945 1509 ex
976 1455 1203 1526 ipsamet
1223 1456 1433 1512 discere
1465 1456 1609 1512 licet.
1637 1458 1834 1512 Verum
1866 1458 1932 1513 de
1972 1459 2116 1514 illius

534 1553 758 1600 auctore
780 1555 836 1600 et
859 1555 1019 1602 aetate
1039 1563 1146 1602 non
1181 1548 1328 1603 aliud
1361 1550 1565 1605 scimus
1597 1550 1699 1604 nisi
1731 1551 1875 1620 quod
1914 1560 2115 1607 coaeta-

532 1650 671 1694 neus
696 1637 861 1694 fuerit
889 1637 948 1694 S.
982 1638 1260 1696 Bernardo
1307 1640 1738 1709 Claraavallensi,
1767 1657 1925 1712 quem
1955 1651 2116 1698 vocat

531 1727 619 1783 sui
660 1730 919 1800 temporis
970 1731 1205 1801 Spiritus
1239 1733 1414 1788 sancti
1461 1748 1745 1804 organum.
1791 1733 1945 1790 Unde
1966 1733 2112 1804 Icon-

530 1827 842 1877 sectaneum
861 1822 1161 1880 esthancce
1176 1823 1592 1881 declarationem
1617 1841 1736 1882 esse
1757 1825 2113 1897 posteriorem
2144 1799 2191 1858 Β

531 1909 808 1977 Anselmo,
841 1911 1268 1981 quiidecesserat
1289 1929 1434 1970 anno
1461 1915 1617 1971 1109.
1641 1916 1952 1972 Bernardus
1984 1931 2114 1973 vero

529 2001 712 2073 iunior
748 2005 1074 2061 monachum
1104 2007 1280 2062 induit
1318 2023 1460 2063 anno
1491 2009 1649 2065 1115.

871 2096 1118 2153 Οεκευιυι
1153 2115 1366 2156 DIALOGI
1406 2101 1484 2155 De
1534 2103 1774 2156 veritate.

600 2187 835 2244 Sanctus
876 2189 1165 2248 Ansclmus
1215 2193 1392 2250 adhuc
1443 2193 1593 2264 prior
1642 2195 1786 2250 hunc
1832 2195 2107 2268 dialogum

529 2280 770 2350 scripsit,
806 2279 1070 2337 Eadmero
1113 2292 1246 2339 teste
1277 2284 1315 2340 1.
1345 2302 1364 2341 ι
1396 2286 1471 2341 De
1521 2286 1639 2355 ejus
1675 2286 1796 2342 Vita
1837 2288 1962 2358 (col.
1999 2289 2112 2360 62),

528 2373 719 2428 eodem
751 2373 1008 2429 videlicet
1037 2383 1281 2448 tempore
1309 2394 1417 2450 quo
1443 2379 1684 2451 dialogos
1717 2379 1794 2435 De
1831 2397 1958 2436 casn
1995 2382 2113 2435 dia-

529 2465 668 2532 boli,
719 2465 798 2521 De
831 2467 1070 2524 libertate
1116 2479 1171 2526 et
1220 2471 1292 2526 De
1341 2477 1706 2543 grammatico.
1755 2472 1888 2530 Vide
1940 2475 2113 2531 sancti

527 2559 767 2618 Anseltni
813 2561 1094 2634 prologum
1128 2566 1194 2619 ad
1244 2565 1387 2620 hunc
1419 2566 1712 2636 dialogum,
1743 2566 1898 2635 cujus
1929 2566 2111 2622 adhuc

527 2654 644 2726 ipse
696 2654 944 2710 meminit
995 2657 1051 2712 in
1101 2673 1150 2713 c.
1191 2657 1225 2712 5
1254 2658 1379 2714 libri
1434 2657 1507 2713 De
1542 2669 1794 2730 conceptu
1843 2660 2110 2730 virginali.

526 2743 725 2803 Eadem
757 2749 986 2818 proinde
1019 2749 1091 2804 sit
1127 2749 1461 2820 dialogorum
1493 2748 1566 2804 De
1589 2750 1751 2804 libero
1793 2749 2013 2804 arbitrio
2059 2758 2115 2805 et

527 2839 605 2896 De
629 2844 973 2912 grammatico
1007 2858 1272 2907 censura;
1319 2844 1362 2897 si
1407 2841 1678 2897 addideris
1709 2842 1854 2911 quod
1883 2842 1937 2897 in
1969 2858 2018 2897 c.
2052 2842 2108 2908 4,

526 2947 716 3008 qutest.
733 2937 768 2992 3
796 2937 871 2992 De
893 2938 1170 2992 concordia
1199 2937 1406 3007 gratim,
1428 2945 1557 3005 etc.,
1575 2935 1775 2994 mentio
1798 2936 1894 2992 ﬁat
1917 2934 2115 3008 dialogi

525 3027 606 3083 De
643 3028 807 3084 libero
851 3028 1090 3082 arbitrio.

796 3121 1043 3177 CENSURA
1094 3135 1412 3177 rnac'rnus
1450 3119 1524 3174 De
1568 3119 1853 3175 voluntate.

599 3212 834 3269 Sanctus
853 3212 1140 3268 Anselmus
1167 3213 1203 3267 Ι.
1232 3213 1311 3267 De
1333 3213 1612 3267 concordia
1645 3212 1830 3283 gratia:
1856 3229 1975 3266 cum
2014 3211 2107 3266 lib.

528 3303 667 3370 nrb.,
710 3320 764 3359 c.
789 3303 877 3368 11,
910 3311 1183 3374 utcunque
1221 3303 1496 3372 promisit,
1528 3302 1628 3358 etsi
1665 3301 1894 3356 inﬁrmae
1923 3302 2106 3356 admo-

528 3394 656 3450 dum
691 3393 1032 3459 valetudinis,
1067 3409 1125 3449 se
1174 3395 1462 3464 aliquando
1512 3393 1783 3448 dicturttm
1817 3392 1882 3448 de
1923 3392 2109 3447 multi-

527 3483 651 3552 plici
709 3483 974 3538 divisione
1026 3483 1318 3538 voluntatis
1363 3500 1484 3553 quae
1509 3493 1595 3538 est
1627 3498 1776 3538 usus.
1824 3483 1880 3537 Id
1929 3492 2108 3537 autem

528 3588 652 3624 cum
693 3572 841 3626 nullo
875 3573 924 3626 in
958 3572 1078 3627 loco
1123 3574 1386 3645 attigerit,
1421 3589 1527 3628 non
1555 3573 1652 3627 abs
1693 3589 1751 3628 re
1779 3571 2013 3640 cenjicio
2043 3571 2110 3626 ab

527 3678 594 3718 eo
627 3664 784 3734 paulo
829 3675 1117 3734 antequam
1172 3666 1460 3720 decederet
1509 3663 1749 3718 libellum
1794 3664 1938 3718 hunc
1988 3679 2110 3720 esse

527 3757 884 3825 compositum
908 3796 922 3819 ,
954 3771 1112 3825 quem
1155 3772 1217 3811 ex
1261 3771 1364 3811 ms.
1395 3755 1597 3811 Victor.
1630 3754 1728 3810 Cd.
1756 3754 1823 3808 12
1849 3754 2022 3820 edidi;
2054 3763 2111 3810 et

528 3850 744 3918 quidem
782 3865 846 3904 eo
877 3849 1168 3916 lubentius,
1199 3851 1339 3920 quod
1384 3864 1490 3905 non
1529 3847 1690 3904 modo
1716 3847 1957 3904 Anselmi
2007 3863 2108 3904 no-

527 3955 675 4004 men,
709 3941 801 3996 sed
827 3949 884 3996 et
917 3941 1219 3996 sententias
1254 3941 1438 3996 habet.

525 4031 769 4088 CENSURA
808 4047 948 4088 metu
990 4033 1068 4087 De
1101 4033 1379 4088 concordia
1422 4031 1798 4102 prtescientiw,
1832 4029 2107 4102 prccdcsti-

736 4104 964 4158 nationis
1002 4115 1049 4158 et
1088 4104 1272 4174 gratia:
1309 4101 1429 4158 cunt
1457 4102 1618 4156 libero
1654 4101 1894 4156 arbitrio.

595 4194 906 4265 Anglicante
953 4193 1211 4250 Ecclesiae
1259 4208 1394 4264 pace
1438 4193 1679 4258 reddita,
1711 4191 1772 4246 S.
1821 4190 2109 4247 Anselmus

526 4284 673 4340 circa
713 4285 833 4338 vita:
885 4283 1073 4348 tinem,
1126 4284 1230 4338 hoc
1279 4293 1363 4338 est
1415 4299 1558 4338 anno
1612 4282 1780 4347 1109,
1821 4283 1924 4338 hoc.
1973 4297 2110 4351 opus

525 4373 767 4442 scripsit,
791 4371 945 4442 juxta
970 4373 1220 4428 Eadmer.
1257 4372 1292 4426 Ι.
1324 4389 1361 4428 ιι
1394 4373 1470 4428 De
1495 4372 1613 4441 ejus
1641 4371 1758 4426 Vita
1791 4372 1918 4440 (col.
1958 4373 2108 4441 114).

2223 560 2514 607 tractatum
2549 551 2628 608 De
2669 556 2998 624 processione
3034 553 3266 625 Spiritus
3312 556 3482 610 sancti
3529 557 3796 627 ediderat,

2221 643 2287 697 de
2315 657 2424 712 quo
2453 657 2614 714 supra
2642 642 2898 699 diximus.
2936 643 2993 698 in
3039 660 3143 699 ms.
3175 643 3249 698 22
3284 643 3626 703 bibliothecae
3670 645 3799 704 Lin-

2220 730 2511 788 colniensis
2539 771 2556 796 ,
2589 739 2646 788 et
2677 732 2730 788 in
2767 749 2897 789 mss.
2930 733 3036 787 217
3079 734 3422 789 bibliothecae
3471 735 3608 799 Caii,
3648 747 3703 792 et
3748 738 3799 792 in

2219 837 2323 876 ms.
2373 821 2476 876 145
2525 820 2655 878 bibl.
2702 823 2930 892 publicae
2977 822 3463 895 Cantabrigeusis,
3499 833 3552 879 et
3603 825 3655 880 in
3698 843 3799 881 ms.

2218 911 2569 967 Cisterciensi
2622 911 2914 983 inscriptus
2957 921 3044 968 est
3087 912 3167 968 De
3208 913 3472 983 sacriﬁcio
3529 917 3703 987 azynti
3752 927 3802 971 ct

2219 1001 2535 1072 fermentati.
2581 1001 2640 1060 In
2670 1019 2770 1060 ms.
2807 1005 2992 1060 Sancti
3031 1003 3250 1060 Martini
3279 1003 3445 1061 'l‘orn.
3497 1005 3802 1063 intitulatus

2217 1102 2300 1148 est
2326 1094 2405 1148 De
2429 1109 2563 1165 pane
2590 1093 2842 1163 sacriﬁcii
2870 1103 3053 1148 contra
3096 1092 3331 1150 Grtrcos.
3360 1094 3507 1149 Inter
3544 1097 3801 1166 epistolas

2217 1197 2415 1238 excusa
2444 1181 2545 1238 fuit
2574 1183 2815 1239 editione
2843 1184 3032 1240 Colon.
3061 1199 3152 1239 an.
3187 1183 3356 1251 1612;
3388 1184 3444 1240 in
3482 1185 3604 1242 aliis
3627 1187 3803 1242 omni-

2215 1275 2318 1329 bus
2347 1273 2486 1329 inter
2514 1273 2682 1329 libros
2705 1274 2851 1330 edita
2875 1282 2958 1331 est
2982 1276 3082 1330 sub
3119 1291 3187 1332 eo
3218 1275 3377 1332 titulo
3400 1291 3562 1348 quem
3585 1279 3633 1333 ei
3664 1293 3804 1349 prae-

2217 1365 2454 1420 ﬁximus.
2484 1363 2617 1420 Vide
2649 1366 2833 1422 varias
2863 1365 3148 1422 lectiones.

2286 1459 2418 1514 Cum
2446 1457 2702 1529 praefatus
2729 1459 2865 1515 liber
2888 1459 2963 1514 De
2986 1459 3310 1530 processione
3332 1503 3349 1529 ,
3385 1468 3514 1523 etc.,
3560 1459 3716 1529 cujus
3739 1461 3795 1516 in

2214 1566 2267 1606 c.
2302 1551 2326 1604 1
2359 1550 2580 1621 hujusce
2604 1551 2846 1622 epistolae
2881 1552 2956 1606 tit.
2978 1552 3211 1618 mentio,
3250 1553 3514 1624 prodierit
3560 1553 3629 1608 ab
3657 1569 3802 1608 anno

2216 1644 2347 1699 1101
2385 1643 2452 1698 ad
2475 1658 2676 1698 annum
2705 1641 2873 1710 1103,
2926 1651 2988 1697 ut
3033 1657 3195 1714 supra
3231 1643 3656 1698 demonstratum
3679 1684 3695 1708 ,
3747 1653 3803 1699 et

2217 1736 2332 1791 haec
2371 1735 2596 1806 epistola
2630 1734 2838 1790 directa
2886 1733 3049 1789 fuerit
3085 1732 3419 1790 Waleranno
3466 1733 3804 1790 Novembur—

2217 1826 2405 1898 gensi,
2459 1825 2636 1880 adhuc
2679 1824 2843 1880 stanti
2890 1824 2943 1879 in
2974 1823 3308 1889 schismate,
3361 1825 3503 1894 quod
3552 1824 3801 1880 Guiberti

2215 1927 2390 1973 morte
2414 1957 2430 1984 ,
2481 1932 2600 1987 quae
2622 1915 2779 1987 juxta
2809 1916 3048 1972 Dodech.
3081 1930 3223 1971 anno
3250 1915 3388 1970 1100
3417 1917 3640 1986 obtigit,
3682 1933 3805 1972 exs-

2215 2009 2383 2078 tingui
2411 2008 2573 2080 cmpit
2592 2049 2608 2075 ,
2640 2015 2788 2063 certo
2813 2008 3015 2064 certius
3039 2016 3123 2064 est
3146 2022 3266 2062 eam
3291 2008 3360 2062 ab
3391 2009 3644 2064 Anselmo
3667 2011 3804 2066 seri-

2214 2108 2361 2172 ptam
2399 2115 2508 2155 non
2528 2100 2695 2155 fuisse
2723 2109 2848 2154 ante
2878 2114 3080 2154 annum
3108 2098 3277 2166 1101,
3325 2099 3419 2154 sed
3467 2099 3627 2170 paulo
3658 2109 3803 2170 opost

2215 2193 2413 2248 librum
2443 2191 2520 2246 De
2543 2191 2871 2262 processione
2900 2190 3134 2262 Spiritus
3165 2192 3368 2259 sancti,
3405 2192 3552 2249 circa
3597 2208 3798 2248 annum

2216 2283 2355 2338 1102
2380 2296 2394 2336 :
2421 2281 2563 2336 hanc
2587 2281 2731 2337 enim
2754 2282 3072 2352 protrahere
3095 2297 3268 2351 usque
3299 2281 3366 2336 ad
3400 2297 3597 2337 annum
3626 2283 3765 2339 1106
3785 2325 3801 2350 ,

2214 2373 2314 2428 sub
2339 2369 2492 2441 cujus
2514 2371 2622 2427 ﬁne
2658 2372 2947 2428 Anselmus
2979 2372 3034 2428 in
3069 2372 3316 2444 Angliam
3348 2373 3540 2442 rediit,
3589 2383 3645 2430 et
3699 2392 3806 2447 quo

2214 2462 2484 2519 Henricus
2535 2461 2602 2518 ιν
2655 2463 2785 2533 imp.
2839 2461 3025 2518 Leodii
3080 2463 3192 2517 vita
3224 2462 3441 2518 functus
3470 2474 3589 2533 est,
3625 2467 3721 2521 abs
3748 2482 3805 2522 re

2214 2553 2513 2619 diceretur,
2536 2568 2659 2608 cum
2689 2568 2754 2609 eo
2785 2563 3025 2625 tempore
3039 2553 3278 2609 schisma
3299 2555 3512 2624 penitus
3527 2556 3801 2623 desiisset,

2215 2644 2450 2701 llenrico
2489 2645 2557 2701 V'
2584 2643 2696 2713 jam
2724 2645 3047 2716 imperante.
3083 2643 3210 2700 Haec
3248 2647 3526 2715 praecessit
3573 2646 3802 2701 alteram

2215 2735 2292 2790 De
2315 2744 2761 2790 sacramentorum
2799 2734 3132 2804 diversitate,
3169 2735 3224 2790 in
3263 2733 3417 2805 cujus
3464 2736 3572 2792 ﬁne
3615 2747 3805 2792 auctor

2217 2827 2463 2882 meminit
2491 2826 2668 2882 istius.

2215 2939 2466 2996 CENSURA
2512 2955 2656 2996 unm
2692 2953 2810 2995 sm;
2852 2954 3070 2995 DUARUII
3111 2955 3480 2996 EPIS‘I‘OLARUI
3517 2941 3592 2995 De
3624 2958 3806 2997 sacra-

2685 3022 2977 3064 mentorum
3006 3011 3323 3065 diversitate.

2135 3138 2182 3200 ο
2285 3107 2524 3162 Primam
2551 3104 2922 3175 hujuscemodi
2949 3106 3298 3176 epistolarum
3321 3120 3442 3162 esse
3462 3104 3802 3172 Waleranni,

2212 3200 2437 3256 alteram
2467 3196 2705 3253 Anselmi
2732 3196 3016 3264 Cantuar.,
3042 3197 3424 3269 inscriptiones
3442 3196 3804 3267 prteseferunt

2213 3289 2267 3344 in
2299 3286 2550 3342 omnibus
2572 3292 2680 3339 tam
2708 3285 2869 3341 editis
2891 3300 3052 3356 quam
3082 3301 3214 3341 mss.
3259 3285 3387 3341 Ideo
3431 3293 3611 3340 autem
3653 3285 3798 3338 Ead-

2211 3395 2395 3436 merus
2416 3378 2571 3434 istius
2600 3378 2741 3433 sicut
2767 3385 2822 3433 et
2859 3378 3213 3448 praecedentis
3251 3376 3494 3447 opusculi
3533 3391 3639 3431 non
3678 3391 3797 3431 me-

2212 3473 2402 3539 minit,
2433 3475 2574 3543 quod
2611 3473 2753 3526 inter
2785 3470 3042 3540 epistolas
3069 3484 3133 3524 ea
3164 3469 3496 3524 recensenda
3540 3467 3758 3522 duxerit
3784 3484 3798 3520 :

2212 3580 2312 3620 nos
2337 3581 2398 3620 ea
2432 3564 2584 3620 libris
2609 3562 3022 3629 accensttimus,
3041 3561 3195 3628 juxta
3231 3575 3421 3616 omnes
3446 3575 3579 3630 pene
3607 3559 3804 3614 editio-

2211 3670 2344 3721 nes,
2390 3663 2447 3708 et
2483 3655 2737 3725 pleraque
2764 3668 2894 3707 mss.
2923 3653 2980 3706 In
3015 3667 3114 3708 ms.
3144 3652 3214 3705 22
3239 3651 3368 3708 bibl.
3403 3651 3634 3716 Lincul.,
3665 3660 3721 3705 et
3750 3649 3803 3704 in

2213 3762 2315 3801 ms.
2343 3746 2447 3800 217
2485 3745 2613 3800 bibl.
2636 3744 2782 3812 Caii,
2813 3753 2868 3800 et
2899 3744 2952 3798 in
2985 3759 3091 3799 ms.
3121 3743 3227 3799 205
3277 3743 3414 3798 aulae
3453 3742 3800 3808 Pembroch.,

2211 3848 2268 3893 et
2296 3839 2348 3892 in
2376 3853 2478 3892 ms.
2517 3837 2768 3901 Cisterc.,
2803 3851 2868 3890 ae
2896 3835 2949 3889 in
2979 3835 3215 3890 editione
3271 3833 3628 3904 Nuremberg.
3657 3849 3799 3888 anno

2212 3927 2345 3983 M91
2403 3927 2490 3982 hic
2536 3927 2674 3982 liber
2729 3926 3021 3994 inscriptus
3070 3925 3266 3996 legitur
3328 3923 3406 3978 De
3458 3926 3802 3978 sacramentis

2212 4019 2485 4074 Ecclesiaz.
2525 4019 2643 4087 Quo
2671 4019 2859 4074 eodem
2890 4019 3044 4074 titulo
3070 4017 3217 4072 illum
3241 4017 3372 4072 citat
3407 4015 3465 4071 S.
3521 4017 3722 4071 Bouav.
3751 4024 3793 4071 t.

2211 4112 2300 4168 VII
2321 4153 2334 4179 ,
2363 4121 2518 4183 parte
2548 4127 2600 4166 IV
2621 4152 2636 4176 ,
2665 4111 2718 4165 in
2742 4126 2789 4165 c..
2823 4112 2846 4165 1
2893 4110 3063 4164 tertiae
3109 4108 3500 4179 Responsionis
3530 4106 3803 4178 Apologia:

2209 4219 2527 4274 pauperum.
2561 4203 2812 4258 Diversos
2835 4202 2970 4257 alios
2993 4201 3177 4258 titulos
3208 4200 3401 4257 videin
3423 4200 3584 4254 variis
3609 4199 3802 4252 lectio--

2210 4295 2392 4351 nibus.

2283 4388 2396 4455 Qua
2425 4396 2602 4442 autem
2635 4395 2794 4442 aetate
2829 4384 2947 4440 duae
2991 4385 3108 4439 istae
3137 4382 3376 4454 epistolas
3405 4381 3622 4451 scriptae
3643 4387 3753 4434 sint
3780 4420 3797 4446 ,

598 4463 758 4518 Varia
789 4474 872 4519 est
905 4465 1130 4535 hujusce
1159 4464 1340 4534 operis
1371 4464 1679 4520 distributio
1702 4505 1717 4531 ,
1762 4472 1820 4518 ut
1849 4465 1902 4520 in
1946 4466 2109 4521 variis

2211 4481 2287 4535 sic
2312 4478 2653 4547 conjicimus.
2706 4476 2993 4531 Anselmus
3037 4474 3371 4528 Waleranno
3413 4472 3526 4541 jam
3574 4471 3801 4524 miserat

524 4556 849 4612 lcetionibus
880 4567 1124 4612 notatum
1155 4567 1270 4623 est;
1311 4558 1466 4627 queis
1511 4558 1649 4613 adde
1695 4559 1838 4628 quod
1892 4559 1945 4612 in
1998 4575 2101 4614 ms.

524 4651 631 4707 112
659 4652 849 4706 domus
872 4652 1042 4705 sancti
1075 4650 1219 4706 Petri
1253 4652 1305 4705 in
1348 4650 1540 4721 Anglia
1587 4651 1640 4704 in
1681 4633 1824 4705 duos.
1847 4659 2106 4706 tractatus

523 4745 628 4800 iste
672 4743 808 4799 liber
844 4743 1103 4799 dividitur
1143 4744 1388 4813 :primus
1437 4751 1520 4797 est
1570 4743 1635 4797 de
1683 4742 2022 4813 precscientia
2053 4750 2108 4796 et

523 4833 1027 4904 prmdestinatione;
1082 4832 1216 4887 alter
1245 4833 1311 4887 de
1339 4831 1514 4901 gratia
1555 4839 1606 4885 et
1636 4831 1805 4886 libero
1835 4831 2060 4886 arbitrio
2090 4849 2102 4884 :

522 4934 580 4980 at
599 4923 800 4993 justius
849 4924 902 4979 in
931 4939 1030 4978 ms.
1060 4923 1165 4977 205
1201 4923 1336 4978 aula:
1363 4923 1684 4978 Pembroch.
1713 4923 1764 4977 in
1791 4933 1900 4978 tres
1927 4931 2106 4993 partes

523 5017 865 5072 distribuitur
898 5035 910 5070 :
949 5018 1004 5072 1ο
1031 5015 1100 5071 de
1130 5015 1468 5086 praescientia
1513 5024 1566 5071 et
1614 5015 1784 5070 libero
1837 5015 2101 5082 arbitrio;

521 5108 582 5161 2ο
611 5109 678 5163 de
707 5109 1180 5177 przedestinatione
1230 5117 1284 5163 et
1314 5108 1486 5163 libero
1519 5107 1767 5173 arbitrio;
1796 5109 1855 5162 3°
1895 5107 1962 5162 de
1989 5121 2110 5178 gra-

525 5199 598 5252 tia
623 5207 675 5252 et
699 5199 869 5254 libero
903 5200 1149 5255 arbitrio.
1182 5199 1238 5254 In
1271 5216 1372 5254 ms.
1400 5199 1739 5255 bibliotheca:
1769 5198 2105 5254 Villariensis

522 5292 580 5346 in
612 5290 898 5346 Brabantia
947 5293 1145 5348 dicitur
1200 5293 1357 5347 Liber
1405 5294 1562 5347 trium
1599 5294 1967 5365 qnwstionum.
2015 5293 2106 5348 Di-

522 5398 660 5453 gnus
687 5397 818 5437 sane
839 5382 976 5437 liber
1003 5385 1096 5454 qui
1132 5387 1263 5440 tanti
1293 5386 1396 5440 viri
1423 5385 1592 5440 vitam
1631 5386 1930 5442 clauderet.

522 5482 774 5530 hensum
810 5491 951 5529 LIBRI
990 5492 1085 5532 seu
1121 5494 1396 5534 artsrouz
1429 5479 1502 5532 De
1532 5495 1720 5549 azyma
1749 5487 1796 5532 et
1825 5478 2100 5548 fermento.

597 5562 819 5618 Librum
863 5564 1006 5620 hunc
1050 5581 1143 5620 seu
1186 5569 1466 5638 epistolam
1503 5584 1626 5623 esse
1678 5567 1918 5623 Ansehni
1975 5584 2104 5639 pro-

523 5663 794 5712 testantur
848 5659 1025 5714 omnia
1070 5676 1192 5716 cum
1259 5678 1456 5718 excusa
1505 5672 1614 5716 tum
1663 5677 1792 5716 mss.
1833 5663 2106 5733 exempla-

527 5743 608 5798 ria
661 5756 766 5801 :ct
817 5748 930 5819 ipse
984 5750 1323 5805 Dodceliiuus
1384 5751 1447 5805 ad
1495 5767 1619 5805 ann.
1682 5751 1853 5816 1091;
1898 5752 1992 5806 sed
2051 5762 2102 5806 et

2207 4570 2489 4640 epistolam
2514 4569 2579 4623 de
2608 4583 2830 4638 azymo,
2862 4577 2919 4621 ut
2942 4567 3056 4635 ipse
3085 4567 3138 4620 in
3168 4565 3271 4618 [ine
3297 4564 3520 4633 hujusce
3549 4562 3796 4631 opusculi

2208 4659 2496 4730 significat.
2525 4658 2726 4712 Deinde
2749 4671 2813 4710 ex
2839 4673 2886 4711 c.
2920 4656 3016 4710 ult.
3045 4655 3286 4726 epistola:
3317 4652 3624 4709 Waleranni
3651 4662 3705 4706 et
3733 4667 3800 4705 ex

2208 4767 2257 4806 c.
2291 4752 2314 4804 1
2359 4749 2597 4819 epistolae
2628 4749 2800 4802 sancti
2826 4746 3063 4802 Anselmi
3089 4753 3303 4801 constat
3331 4745 3473 4814 quod
3518 4751 3645 4797 tunc
3670 4741 3803 4795 Wa-

2207 4840 2460 4894 lerannus
2490 4839 2733 4894 Paschali
2757 4838 2797 4891 Il
2828 4847 2970 4892 esset
2986 4836 3369 4892 reconciliatus
3393 4877 3409 4900 ,
3442 4842 3498 4889 et
3525 4833 3661 4888 adeo
3703 4832 3801 4901 ipsi

2207 4932 2491 4988 familiaris
2518 4973 2532 4997 ,
2561 4941 2616 4986 ut
2646 4931 2998 4986 cardinalium
3023 4929 3135 4997 jam
3169 4937 3280 4982 tum
3327 4936 3466 4982 esset
3508 4939 3800 4981 consecre-

2209 5025 2376 5078 tarius
2401 5063 2416 5088 ,
2464 5031 2522 5076 ut
2566 5023 2732 5077 refert
2772 5021 2969 5075 Paulus
2999 5020 3233 5090 Langius
3279 5019 3333 5072 in
3365 5017 3636 5072 Chronico
3665 5014 3798 5069 Citi-

2207 5115 2565 5186 zensi.lgitur
2603 5114 2859 5184 scriptam
2907 5127 3106 5168 censeo
3144 5112 3285 5165 hanc
3331 5108 3506 5164 sancti
3557 5105 3799 5161 Anselmi

2205 5205 2487 5276 epistolam
2529 5220 2673 5261 anno
2698 5204 2866 5268 1102,
2908 5219 3016 5274 quo
3050 5202 3345 5259 Anselmus
3376 5199 3631 5255 Ecclesiae
3659 5198 3800 5251 bono

2209 5305 2349 5352 totus
2369 5295 3017 5368 invigilavit,priusquam
3040 5309 3106 5348 ex
3130 5292 3322 5362 Anglia
3350 5292 3577 5346 Romam
3602 5290 3800 5342 iterum

2205 5398 2473 5459 pergeret,
2504 5402 2612 5458 quo
2639 5387 2888 5457 pervenit
2914 5387 3060 5441 circa
3086 5385 3245 5439 linem
3277 5384 3402 5438 anni
3436 5381 3594 5436 1105.
3629 5379 3692 5434 Et
3723 5380 3795 5433 ita

2207 5479 2264 5533 ὃ.
2298 5479 2584 5535 Anselmus
2615 5493 2711 5549 per
2729 5477 3009 5532 duosistos
3045 5493 3134 5530 an.
3168 5475 3300 5528 1101
3336 5483 3390 5529 et
3418 5471 3555 5526 1102
3579 5467 3799 5538 scripsit

2206 5571 2400 5626 librum
2430 5571 2506 5625 De
2526 5573 2852 5642 processione
2881 5571 3108 5640 Spiritus
3140 5569 3327 5624 sancti.
3359 5565 3564 5622 Deinde
3594 5563 3792 5618 librum

2206 5664 2283 5717 De
2311 5680 2530 5733 azymo,
2572 5673 2627 5722 et
2663 5663 2876 5719 tandem
2921 5661 3201 5733 epistolam
3245 5660 3322 5717 De
3349 5666 3796 5716 sacramentorum

2207 5756 2537 5825 lli/ferendis.
