4068 6286
242 342 309 405 25
1297 341 1617 404 CENSURA
1654 344 1939 403 OPERUM
1974 347 2035 403 s.
2075 346 2395 406 assem".
3406 322 3496 400 tn

526 453 775 515 CENSUIIA
801 456 1118 528 Oﬂ‘endicttli
1147 460 1498 515 sacerdotum.

311 545 405 605 llic
430 546 565 604 liber
611 555 793 606 exstat
832 546 1173 621 Cantabriga:
1199 550 1252 605 in
1308 566 1413 608 ms.
1439 551 1549 607 235
1593 549 1804 622 collegii

244 638 421 697 Sancti
440 637 713 695 Benedicti
735 679 751 705 ,
784 638 837 694 in
867 652 971 693 ms.
1000 638 1043 693 E
1071 637 1140 695 10
1165 639 1509 707 Corbeiensi,
1539 649 1597 698 et
1621 641 1674 697 in
1699 655 1804 697 ms.

242 731 298 787 S.
327 727 608 799 Ebrulphi,
636 743 705 785 ex
729 742 839 800 quo
865 728 1043 798 ipsum
1068 728 1356 787 edidimus.
1406 729 1458 787 Is
1489 738 1667 785 tamen
1699 743 1807 786 non

239 823 373 878 aliud
401 831 486 880 est
509 838 669 893 quam
690 821 1003 893 excerptum
1026 838 1094 879 ex
1123 821 1183 879 S.
1216 821 1460 879 Anselmi
1488 822 1713 894 epistola
1739 821 1807 878 ad

238 914 573 972 Guillelmum
603 916 854 973 abbatem
877 958 894 984 ,
924 932 1046 988 qua:
1067 914 1239 973 est56
1264 915 1303 972 l.
1340 931 1392 978 ι.
1427 924 1490 972 ut
1519 925 1809 987 utrumque

236 1003 422 1077 legenti
451 1004 512 1060 lit
534 1006 778 1063 evidens.
830 1006 988 1064 Hunc
1014 1014 1197 1063 autem
1242 1004 1589 1064 Guillelmum
1636 1006 1810 1063 Dode-

237 1095 420 1152 chinus
453 1096 523 1152 ad
550 1112 681 1152 ann.
712 1097 853 1154 1094
888 1099 966 1154 ait
1007 1097 1175 1155 fuisse
1199 1096 1451 1154 abbatem
1489 1098 1809 1168 Dersagien-

235 1203 374 1256 sem;
412 1189 508 1246 sed
554 1189 723 1246 abbas
754 1189 1155 1264 Hirsaugiensis
1192 1191 1392 1247 dicitur
1438 1191 1493 1246 in
1536 1190 1812 1247 veteribus

235 1278 574 1336 monimentis
600 1290 789 1337 contra
837 1282 1213 1339 schismaticos
1252 1295 1284 1337 a
1321 1280 1642 1338 Sebastiano
1664 1282 1807 1338 Τρη-

234 1371 416 1443 gnagel
438 1371 601 1428 editis
636 1386 779 1429 anno
822 1371 998 1440 1612,
1036 1382 1095 1429 et
1123 1371 1258 1428 mihi
1307 1387 1339 1428 a
1382 1372 1696 1428 doctissimo
1744 1373 1807 1427 ι).

234 1459 447 1517 Baluzio
482 1462 930 1530 communicatis,
979 1462 1073 1519 ubi
1127 1463 1245 1519 haec
1308 1462 1534 1534 cpistola
1593 1462 1809 1534 legitur.

233 1551 397 1620 Quam
421 1553 558 1610 falso
578 1554 791 1612 libellus
816 1554 904 1612 hic
923 1556 1227 1612 ascribatur
1251 1553 1491 1612 llonorio
1511 1554 1809 1629 Augustod.

234 1651 270 1699 ι.
320 1643 408 1700 XI!
446 1646 581 1701 Bibl.
614 1646 718 1702 PP.
759 1662 823 1703 ex
847 1646 1087 1717 praefatis
1110 1646 1299 1719 liquet.

357 1736 609 1794 Cessuua
642 1754 784 1794 metu
822 1738 897 1793 De
926 1740 1119 1809 nuptiis
1150 1740 1679 1811 consanguineorum.

292 1824 350 1881 In
398 1828 638 1883 editione
667 1827 969 1883 Coloniensi
997 1806 1115 1883 van.
1159 1829 1299 1884 1612
1343 1806 1618 1900 primum,
1669 1827 1812 1900 quod
1839 1806 1888 1867 Β

186 1962 187 1965 η
228 1914 422 1983 sciam,
453 1933 689 1974 excnsus
721 1927 804 1973 est
834 1918 924 1973 hic
954 1918 1123 1988 liber,
1178 1929 1235 1975 et
1272 1920 1488 1990 quidem
1527 1921 1671 1976 inter
1696 1920 1815 1990 epi~

226 2007 411 2062 stolas.
445 2006 556 2064 Nos
580 2016 759 2063 tamen
806 2007 975 2078 ipsam
1000 2048 1013 2075 ,
1042 2008 1169 2081 quia
1198 2009 1502 2082 dogmatica
1530 2020 1643 2077 est,
1694 2009 1815 2066 aliis

224 2101 498 2170 opusculis
522 2101 885 2171 adjunximus.
934 2101 1191 2167 Anselmo
1221 2110 1402 2157 autem
1432 2100 1813 2160 Cantuaricnsi

220 2206 339 2247 eam
369 2192 683 2263 adjudicant
708 2193 991 2264 inscriptio
1029 2207 1150 2263 quae
1179 2192 1323 2249 illius
1347 2207 1542 2249 nomen
1572 2191 1811 2263 prmfert,

221 2282 507 2338 Metltodus
537 2285 835 2353 inquirendi
860 2286 1087 2338 rationes
1110 2300 1289 2339 eorum
1316 2301 1435 2355 qua:
1457 2286 1810 2348 observamus,

218 2383 271 2430 et
295 2373 569 2430 sententia
590 2388 698 2444 qua
725 2374 778 2428 in
811 2389 862 2430 c.
885 2372 919 2428 6
938 2373 1140 2428 dicitur
1164 2388 1259 2443 per
1286 2374 1458 2429 Adam
1490 2382 1600 2429 tota
1622 2382 1814 2429 natura

218 2464 391 2522 fuisse
417 2474 704 2535 corrupta,
734 2465 860 2537 quia
894 2474 1005 2521 tota
1038 2477 1166 2519 tunc
1189 2464 1243 2519 in
1269 2464 1386 2535 ipso
1408 2475 1555 2529 erat,
1586 2474 1812 2521 etcxtra

222 2571 344 2612 eum
375 2569 487 2611 non
509 2566 629 2610 erat
654 2573 667 2609 :
703 2556 821 2611 haec
842 2555 987 2611 enim
1018 2555 1203 2610 omnia
1233 2554 1472 2611 Anselmi
1510 2565 1658 2612 sunt.

292 2645 405 2701 Nec
427 2661 588 2716 quem
617 2660 836 2701 movere
880 2645 1045 2701 debet
1074 2645 1217 2715 quod
1241 2644 1531 2701 Anselmus
1563 2662 1614 2700 c.
1639 2645 1674 2700 5
1701 2655 1755 2701 et
1783 2645 1816 2699 '7

225 2736 446 2807 hujusce
471 2737 594 2793 libri
623 2736 848 2793 deﬁniat
869 2736 1275 2792 matrimonium
1308 2737 1452 2793 inter
1479 2748 1739 2808 cognatos
1761 2737 1814 2792 in

226 2839 376 2885 sexto
399 2829 572 2900 gradu
597 2843 757 2901 posse
784 2827 1055 2893 contrahi,
1088 2842 1215 2883 cum
1244 2835 1426 2882 tamen
1457 2827 1512 2883 in
1538 2827 1814 2899 antiquio-

231 2920 375 2975 ribus
398 2917 571 2975 etiam
608 2918 815 2990 Anglize
845 2916 1091 2974 conciliis
1114 2958 1130 2984 ,
1166 2924 1223 2972 et
1268 2917 1321 2972 in
1368 2916 1434 2971 iis
1478 2916 1673 2986 quibus
1699 2916 1815 2986 ipse

228 3010 439 3082 przefuit
462 3050 482 3080 ,
512 3010 783 3080 prohibita
813 3010 922 3066 sint
942 3008 1209 3065 connubia
1238 3022 1410 3078 usque
1432 3008 1500 3063 ad
1525 3006 1811 3078 septimum

1837 462 1885 518 Α

2193 462 2439 519 Censuna
2479 475 2692 520 nutoct
2735 460 2810 516 De
2843 467 3199 533 grammatico.

1909 548 2067 624 (Vide
2095 566 2380 609 censuram
2408 551 2605 623 dialogi
2641 551 2722 608 De
2755 569 2882 609 casu
2912 550 3146 619 diaboli,
3198 562 3256 608 et
3295 545 3492 621 dialogi

2507 642 2589 699 De
2627 644 2887 715 veritate.)

2375 733 2628 792 Csasuua
2666 735 3033 794 llouiuanun.

1978 824 2425 897 Quandoquidem
2449 825 2743 897 pastoralis
2788 835 2875 883 est
2902 823 3145 885 muneris
3189 821 3359 880 verbo
3397 821 3495 880 Dei

1910 933 2127 991 gregem
2173 924 2426 989 pascere,
2462 917 2810 982 Anselmum,
2850 918 2942 988 qui
2992 915 3242 973 facundia
3287 925 3343 972 et
3379 914 3496 970 zelo

1909 1010 1980 1066 ad
2033 1009 2322 1066 dicendum
2372 1016 2653 1079 promptus
2697 1020 2913 1077 semper
2964 1021 3030 1062 ac
3074 1015 3294 1076 paratus
3341 1011 3493 1068 erat,

1910 1114 2215 1157 sermonem
2246 1099 2314 1155 ad
2351 1098 2604 1171 populum
2644 1097 2956 1169 frequenter
2980 1096 3232 1153 habuisse
3270 1111 3376 1151 non
3414 1103 3500 1149 est

1912 1192 2053 1248 unde
2090 1191 2213 1262 quis
2240 1191 2470 1247 dubitet.
2501 1190 2800 1247 Eadmerus
2846 1203 2971 1245 eum
3019 1187 3250 1245 diversis
3280 1187 3334 1244 in
3366 1186 3499 1243 locis

1911 1283 2292 1339 concionatum
2324 1282 2488 1338 fuisse
2518 1288 2767 1341 testatur.

1982 1374 2060 1430 Ex
2076 1376 2329 1431 omnibus
2351 1384 2531 1430 autem
2556 1371 2730 1431 sancti
2752 1371 2991 1429 Anselmi
3018 1368 3361 1428 sermonibus
3385 1367 3502 1424 sive

1913 1466 2149 1522 homiliis
2173 1467 2514 1538 paucissima:
2534 1476 2761 1523 restant.
2798 1465 2856 1522 In
2887 1463 3129 1535 antiquis
3148 1461 3499 1522 editionibus.

1912 1560 2165 1618 videlicet
2189 1561 2397 1616 duabus
2418 1560 2693 1626 Gothicis,
2724 1574 2831 1615 una
2863 1554 3318 1625 Nurembergensi
3357 1568 3503 1609 anno

1916 1650 2045 1707 1491
2077 1693 2093 1718 ,
2141 1666 2248 1706 una
2270 1659 2326 1707 et
2349 1651 2518 1707 altera
2550 1649 2842 1706 Parisiensi
2887 1663 3032 1704 anno
3074 1646 3214 1703 1544
3244 1655 3298 1702 et
3329 1645 3503 1711 1569,

1912 1757 2022 1797 una
2054 1740 2258 1797 Veneta
2289 1756 2382 1797 an.
2431 1741 2571 1798 15-19
2595 1781 2613 1809 ,
2669 1742 2825 1797 unica
2861 1739 3083 1798 homilia
3119 1747 3336 1807 exstat,
3383 1752 3504 1809 quae

1915 1842 2001 1889 est
2024 1834 2076 1890 in
2099 1834 2271 1889 illud:
2313 1833 2743 1901 lntravitlesus,
2770 1842 2883 1889 etc.
2926 1831 2994 1887 Et
3040 1831 3095 1886 in
3129 1831 3319 1888 Colon.
3361 1844 3505 1887 anno

1917 1925 2057 1982 1575
2082 1926 2315 1998 primum
2337 1926 2478 1998 typis
2500 1926 2641 1982 datae
2667 1936 2795 1983 sunt
2815 1926 3189 1983 enarrationcs
3209 1940 3305 1980 seu
3333 1924 3505 1979 homi-

1916 2016 2002 2073 lite
2027 2017 2082 2073 in
2110 2017 2314 2087 aliquot
2336 2016 2654 2089 evangelia,
2701 2025 2756 2071 et
2788 2016 2842 2071 in
2871 2016 2998 2071 illud
3029 2015 3197 2071 Eccli.
3229 2029 3358 2069 xxiv
3390 2030 3405 2069 :
3436 2012 3505 2069 In

1916 2111 2161 2166 omnibus
2212 2110 2474 2180 requiem,
2531 2118 2639 2165 etc.
2678 2106 2920 2164 Anselmi
2972 2106 3231 2164 Cantuar.
3263 2104 3501 2174 archicp.

1916 2215 2112 2257 nomen
2151 2199 2521 2272 praeferentes.

1987 2291 2166 2348 Altera
2204 2290 2542 2348 Coloniensis
2569 2305 2713 2347 anno
2744 2289 2914 2359 1612,
2966 2297 3022 2348 et
3067 2287 3321 2361 Lugdun.
3364 2298 3507 2341 anno

1917 2383 2056 2440 1650
2078 2423 2094 2451 ,
2126 2384 2344 2441 easdem
2378 2383 2569 2440 eodem
2599 2383 2820 2441 nomine
2858 2382 3145 2439 dederunt.
3190 2380 3341 2450 lpsas
3377 2392 3508 2446 ergo

1915 2490 1982 2530 ea
2014 2475 2118 2530 title
2140 2517 2156 2542 ,
2197 2474 2299 2530 etsi
2328 2473 2477 2529 nullo
2511 2474 2653 2543 quod
2707 2472 2939 2529 viderim
2984 2488 3089 2528 ms.
3133 2469 3465 2539 sull‘ragante
3488 2508 3502 2529 ,

1917 2566 2160 2636 nihilque
2201 2564 2270 2620 de
2318 2566 2451 2636 ipsis
2499 2565 2768 2622 Eadmero
2815 2563 3153 2636 proferente,
3200 2563 3504 2624 edidimus;

1916 2656 2051 2713 nihil
2079 2666 2257 2713 tamen
2289 2655 2413 2711 inde
2434 2662 2776 2722 asserentes,
2830 2654 2925 2710 sed
2967 2652 3109 2722 quod
3157 2651 3465 2721 accepimus
3490 2690 3505 2714 ,

1918 2750 2213 2806 tradentes.
2273 2746 2532 2805 Ordinem
2595 2747 2866 2803 duntaxat
2915 2745 3353 2807 immutavimus.
3414 2757 3510 2799 eas

1914 2838 2251 2910 disponendo
2269 2836 2431 2909 juxta
2454 2836 2653 2894 seriem
2682 2836 2924 2893 locorum
2956 2833 3275 2907 Scripturte,
3298 2847 3422 2904 qua:
3451 2832 3506 2887 in

1915 2931 2002 2988 his
2022 2938 2391 3001 exponuntur.

1982 3023 2292 3080 Adnotasse
2315 3021 2547 3079 sulliciat
2567 3021 2756 3079 eodem
2781 3019 2922 3093 stylo
2976 3027 3034 3076 et
3082 3033 3244 3075 sensu
3274 3016 3510 3087 scriptas

204 3103 468 3174 gradum.
505 3100 628 3157 Hinc
660 3101 806 3157 enim
834 3116 956 3171 qua:
1002 3100 1219 3156 videtur
1262 3099 1601 3157 dissonantia
1653 3097 1815 3155 facile

1921 3130 2038 3172 esse
2092 3113 2403 3185 hujusmodi
2468 3114 2723 3170 homilias
2779 3128 2889 3184 quo
2945 3121 3002 3170 et
3039 3111 3411 3168 enarrationcs
3455 3110 3509 3162 in

230 3196 556 3262 coiieordat,
591 3195 636 3251 si
663 3196 979 3252 attendatur
1017 3194 1161 3264 quod
1207 3208 1444 3250 canones
1474 3194 1616 3249 intra
1646 3195 1816 3266 septi-

232 3305 369 3345 mum
400 3288 632 3361 gradum
655 3284 902 3359 coniugia
930 3286 1308 3361 prohibuerint
1336 3288 1689 3357 quoadusque
1718 3303 1812 3358 pa-

234 3358 429 3437 rentela
454 3396 531 3437 ex
558 3358 1003 3450 alterutraiparte
1028 3358 1409 3448 adseptimum
1441 3380 1665 3450 gradum
1688 3395 1816 3449 pcr-

233 3472 439 3540 veniat,
465 3479 535 3527 ut
557 3470 815 3541 exprimit
843 3469 1081 3541 synodus
1108 3468 1503 3525 Londoniensis
1545 3470 1647 3525 sub
1674 3469 1816 3525 Lan-

236 3562 450 3630 t'ranco,
522 3577 665 3619 anno
715 3560 895 3626 1075,
948 3560 1085 3617 adeo
1129 3569 1188 3614 ut
1236 3561 1279 3616 si
1328 3575 1395 3616 ex
1426 3576 1530 3615 una
1557 3560 1819 3616 duntaxat

236 3663 377 3722 parte
398 3662 591 3710 sextus
616 3650 814 3721 gradus
839 3650 1143 3721 attingitur.
1173 3660 1227 3704 ct
1247 3665 1313 3706 ex
1335 3651 1506 3706 altera
1531 3651 1815 3722 septimus,

243 3755 357 3802 tunc
386 3748 437 3802 in
468 3754 631 3801 sexto
651 3744 818 3815 gradu
840 3740 1245 3798 matrimonium
1278 3730 1447 3813 possit
1473 3744 1744 3799 contrahi.

299 3837 356 3892 Ρ.
385 3836 700 3911 llaynalJus
726 3838 868 3892 lmnc
892 3837 1090 3891 nodum
1119 3845 1179 3890 ut
1202 3836 1457 3903 solveret,
1481 3837 1536 3892 in
1557 3851 1651 3892 sua
1678 3837 1817 3909 Syn.

241 3928 343 3983 tati
369 3930 589 3985 censuit
612 3927 669 3983 S.
693 3927 1007 3983 Anselmum
1029 3942 1094 3983 co
1123 3927 1226 3983 loci
1254 3926 1457 3998 gradus
1481 3929 1819 4000 cognationis

241 4029 575 4091 computasse
601 4034 707 4075 non
731 4035 762 4074 a
792 4018 963 4074 l‘ratre
981 4027 1038 4075 et
1062 4034 1248 4075 sorore
1270 4061 1285 4085 ,
1335 4019 1430 4075 sed
1473 4035 1503 4073 a
1538 4029 1733 4088 nepote
1761 4026 1819 4074 et.

244 4120 420 4178 nepte,
464 4109 626 4180 juxta
667 4108 882 4165 concilii
915 4108 1404 4179 Salgnastadiensis
1427 4108 1815 4164 domuitionem.

248 4196 429 4255 Verum
452 4214 581 4271 qua:
603 4199 743 4256 ratio
768 4198 1023 4254 Anselmo
1051 4198 1150 4252 l'uit
1180 4196 1287 4251 alio
1310 4198 1502 4252 ordine
1524 4196 1613 4252 hic
1635 4212 1824 4254 receu-
1894 4223 1898 4227 ί

245 4299 356 4346 scre
382 4291 479 4345 hos
507 4289 711 4361 gradus
738 4304 899 4360 quam
932 4289 985 4342 in
1008 4287 1146 4343 libro
1165 4287 1242 4342 De
1272 4301 1463 4358 azymo
1486 4296 1541 4342 et
1577 4287 1630 4343 in
1655 4303 1820 4344 cano-

246 4376 392 4434 nibus
434 4394 580 4450 quos
627 4379 743 4450 ipse
789 4377 1029 4434 condidit
1062 4378 1116 4432 in
1145 4376 1473 4434 Londiniensi
1523 4392 1678 4434 conc.
1726 4394 1816 4434 an.

248 4467 417 4524 “0‘2?

336 4560 441 4618 iihil
471 4579 606 4636 ergo
636 4573 939 4636 repugnat,
961 4561 1055 4620 sed
1080 4563 1260 4618 omnia
1286 4563 1515 4618 suadent
1542 4562 1684 4618 hanc
1710 4562 1822 4633 epi-

248 4654 424 4710 stolam
452 4663 523 4713 ab
552 4657 808 4712 Ansclmo
836 4657 1090 4726 scriptam
1124 4654 1309 4711 fuisse.
1352 4655 1459 4709 Sed
1481 4655 1566 4709 cui
1584 4695 1600 4720 ,
1634 4665 1688 4710 et
1714 4670 1823 4726 qua

247 4754 429 4814 πτερω,
460 4763 570 4804 non
599 4758 687 4804 est
712 4749 853 4804 unde
880 4747 1189 4819 conjiciunt.
1220 4745 1510 4817 inscriptio
1537 4747 1654 4817 ejus
1703 4763 1823 4800 mu-

252 4832 334 4889 tila
353 4845 430 4892 est
451 4879 467 4903 ,
508 4853 705 4894 nomen
735 4838 878 4894 enim
903 4836 1021 4906 ejus
1047 4838 1134 4892 cui
1164 4836 1423 4892 scribitur
1448 4852 1554 4893 non
1585 4837 1782 4908 legitur
1805 4876 1823 4903 ,

250 4928 644 4986 nccAnselmus
671 4929 1111 5000 archiepiscopus
1139 4937 1383 4984 vocatur.
1413 4927 1824 4984 Murierdarcho

247 5017 353 5074 sive
395 5020 810 5078 Murchertacho
859 5019 1131 5077 Hiberniae
1161 5021 1318 5091 regi,
1369 5028 1428 5074 ut
1468 5028 1824 5091 cognatorum

249 5108 481 5181 conjugis
512 5113 843 5183 prohibeat,
897 5110 957 5168 S.
986 5110 1274 5167 Anselmus
1313 5110 1499 5167 scribit
1542 5110 1823 5181 epistolam

248 5211 357 5267 quae
383 5212 463 5258 est
490 5201 595 5259 142
622 5202 844 5269 libriin,
879 5211 935 5257 et
963 5201 1033 5258 ab
1060 5215 1125 5258 eo
1158 5216 1285 5269 rege
1318 5201 1387 5256 ad
1417 5201 1476 5256 S.
1505 5200 1822 5256 Anschnum

248 5288 428 5348 missas
462 5293 722 5363 epistolas
754 5309 899 5351 anno
932 5292 1070 5350 1095
1115 5301 1170 5350 et
1208 5293 1344 5350 1096
1389 5308 1487 5363 pro
1528 5308 1819 5349 consecra—

251 5377 382 5436 tione
418 5383 660 5455 cpiscopi
689 5384 1033 5441 Dublinensis
1074 5393 1130 5441 ct
1155 5384 1395 5454 episcopi
1436 5383 1783 5441 Watalerdia:
1804 5426 1821 5451 ,

248 5470 313 5525 ab
340 5472 607 5531 Eadmero
654 5477 710 5532 in
753 5476 787 5532 Ι.
819 5494 857 5533 ιι
891 5477 1030 5533 llist.
1084 5492 1209 5533 nov.
1261 5475 1538 5533 discimus.
1574 5476 1726 5534 Unde
1757 5478 1825 5533 ab

246 5559 494 5621 Anselmo
520 5566 587 5622 ad
613 5569 900 5638 quemdam
925 5568 1069 5625 forte
1106 5567 1401 5624 llibernum
1431 5584 1497 5625 co
1536 5578 1779 5640 tempore
1805 5610 1821 5637 ,

248 5654 449 5712 scilicet
488 5659 633 5715 circa
684 5675 886 5716 annum
943 5661 1120 5727 1096,
1176 5663 1434 5734 scriptam
1476 5663 1638 5720 fuisse
1686 5663 1825 5719 hanc

247 5745 520 5818 epistolam
543 5761 813 5826 utcunque
834 5753 1026 5825 conjici
1062 5764 1256 5827 potest.

1916 3205 2109 3260 Matth.
2144 3220 2282 3276 quas
2306 3203 2650 3260 Coloniensis
2693 3202 2866 3258 editio
2901 3202 2955 3257 in
2984 3201 3174 3258 eodem
3200 3198 3507 3262 volumine,

1917 3296 2160 3352 Auselmi
2191 3296 2411 3352 nomine
2439 3295 2662 3366 praeﬁxo
2688 3334 2704 3361 ,
2733 3295 3027 3364 compegit.
3055 3292 3110 3347 ld
3134 3291 3289 3347 facile
3317 3305 3511 3346 secun-

1918 3388 2044 3444 dum
2076 3403 2164 3442 me
2183 3388 2457 3443 discernet
2484 3387 2732 3458 quisquis
2767 3386 2972 3455 pariter
3016 3400 3079 3439 ea
3134 3384 3250 3439 loca
3298 3398 3417 3452 qua:
3456 3382 3509 3436 in

1918 3478 2161 3548 utrisque
2190 3477 2465 3548 explorata
2494 3486 2619 3533 sunt
2655 3476 2885 3531 invicem
2917 3475 3229 3531 contulerit.

1988 3571 2211 3627 Oxonize
2241 3572 2457 3643 quidem
2482 3572 2534 3626 in
2573 3587 2675 3627 ms.
2713 3571 2820 3627 242
2855 3570 2986 3627 bibl.
3036 3568 3265 3624 Merton.
3293 3575 3513 3622 exstant

1919 3663 2157 3719 homilia:
2185 3662 2246 3717 Β.
2274 3662 2555 3730 Anselmi;
2584 3663 2679 3720 sed
2707 3678 2826 3735 qua:
2851 3670 2906 3719 et
2926 3672 3091 3733 quot,
3140 3661 3348 3716 discere
3401 3673 3511 3714 non

1918 3755 2088 3826 potui.

1988 3847 2046 3902 lu
2076 3863 2177 3901 ms.
2204 3845 2333 3903 815
2356 3846 2542 3903 Sancti
2561 3846 2819 3916 Ebrulphi
2847 3862 2950 3901 una
2979 3845 3201 3901 homilia
3229 3843 3423 3915 legitur
3443 3857 3511 3899 eo

1919 3937 2110 3993 titulo:
2141 3938 2373 3992 Anselmi
2393 3954 2562 3992 sermo
2584 3938 2637 3991 in
2666 3955 2685 3988 ι
2717 3934 2909 3990 Videns
2929 3934 3300 3998 Jesusturbus,
3333 3951 3352 3985 ο
3376 3942 3508 3996 etc.,

1918 4028 2061 4083 hanc
2086 4029 2153 4081 ad
2184 4043 2282 4082 nos
2311 4027 2686 4082 transmissum
2716 4025 2908 4080 ordine
2955 4023 3248 4079 secundani
3301 4021 3511 4079 czeteris

1919 4114 2266 4170 inscruimus.

1994 4203 2168 4261 Unam
2206 4215 2421 4273 quoque
2474 4202 2526 4258 in
2577 4201 2706 4257 illud
2735 4200 2980 4280 Apgstoli
3015 4218 3028 4256 :
3071 4200 3295 4256 Decebnt
3338 4202 3509 4269 enim,

1920 4304 2053 4361 etc.,
2087 4293 2384 4365 adjecimus
2407 4309 2473 4350 ex
2496 4309 2599 4351 ms.
2636 4291 2800 4349 Corb.
2833 4292 2871 4347 S
2892 4292 3027 4359 596,
3066 4294 3169 4349 hoc
3191 4292 3344 4347 titulo
3373 4310 3386 4347 :
3416 4289 3513 4347 Se-

1920 4387 2150 4444 cundum
2177 4388 2485 4458 magistrum
2538 4387 2844 4442 Anselmum
2890 4403 3048 4457 super
3090 4402 3289 4441 rcrsmn
3316 4384 3463 4439 illum
3491 4399 3511 4439 :

1849 4489 1901 4549 ι)
1929 4498 1947 4531 ι
1981 4478 2206 4534 Decebat
2237 4479 2373 4533 enim
2413 4497 2432 4531 ι
2457 4518 2474 4544 ,
2507 4481 2615 4534 etc.

1996 4572 2070 4627 Ea
2095 4586 2256 4640 porro
2279 4585 2401 4640 qua:
2427 4570 2585 4625 estin
2618 4569 2745 4625 illud
2779 4587 2791 4624 :
2826 4568 3050 4624 Intravit
3072 4568 3229 4624 Jcsus
3249 4610 3264 4627 .
3295 4579 3426 4632 etc.,
3457 4579 3513 4624 et

1924 4677 2084 4733 quam
2108 4675 2304 4717 nonam
2334 4661 2647 4729 posuimus,
2698 4660 2751 4716 in
2796 4661 3050 4718 omnibus
3071 4667 3206 4719 ﬁcum
3240 4676 3370 4717 mss.
3401 4671 3513 4716 tum

1923 4753 2084 4809 editis
2109 4753 2274 4808 etiam
2300 4752 2701 4821 antiquioribus
2733 4753 3016 4823 repetitur.
3048 4752 3105 4808 ln
3145 4768 3273 4809 mss.
3315 4768 3511 4808 nomen

1923 4843 2160 4901 Ausclmi
2198 4842 2444 4913 pratl'ert,
2471 4843 2695 4900 ethunc
2721 4843 2932 4898 titulum
2974 4844 3134 4899 habet
3166 4846 3218 4897 in
3248 4859 3348 4899 ms.
3378 4844 3515 4897 1106

1924 4935 2061 4991 Bibl.
2092 4934 2272 5007 Regia:
2302 4952 2316 4989 :
2344 4933 2412 4989 In
2438 4934 2795 5002 assumptione
2817 4935 2881 4987 Β.
2911 4933 3119 4997 Μανίαν,
3151 4932 3426 4986 Anselmus
3459 4931 3514 4983 in

1924 5025 2058 5081 illud
2092 5043 2106 5081 :
2155 5044 2173 5078 ι
2212 5024 2473 5091 Intravit,
2512 5044 2531 5077 ι
2564 5032 2671 5080 ctc.
2703 5023 2761 5078 In
2795 5038 2899 5079 ms.
2924 5022 3088 5078 Corb.
3123 5022 3160 5075 P
3181 5020 3305 5085 507,
3327 5017 3512 5074 Sermo

1924 5117 2156 5173 Anselmi
2183 5119 2237 5172 in
2261 5119 2649 5188 Assmnptione,
2675 5117 2747 5171 'in
2775 5116 2909 5170 illud
2939 5128 2956 5168 :
2993 5134 3011 5166 ι
3050 5112 3269 5168 Intrauit
3293 5154 3309 5179 ,
3347 5133 3365 5165 ι
3400 5124 3508 5170 etc.

1924 5207 1981 5263 lu
2009 5223 2110 5264 ms.
2142 5207 2246 5264 596
2274 5207 2465 5271 Corb.,
2490 5206 2576 5263 Ea:
2597 5208 2752 5261 dictis
2772 5205 2973 5260 domini
2992 5201 3225 5257 Ansclmi
3247 5206 3511 5273 archiepi-

1925 5301 2087 5370 scopi.
2121 5299 2175 5354 ln
2206 5315 2305 5355 ms.
2326 5298 2581 5355 Breviaro
2609 5297 2862 5353 Ecclesia:
2882 5295 3335 5351 Carcassoucnsis
3364 5314 3377 5350 :
3412 5294 3514 5352 Pro

1927 5392 2059 5463 [esto
2113 5391 2501 5461 Assumptionis
2546 5389 2614 5446 Β.
2667 5389 2859 5444 Maria:
2924 5385 3194 5460 Virginis:
3233 5407 3253 5441 ‹
3306 5389 3372 5444 In
3423 5392 3515 5443 illo

1926 5493 2182 5552 tempore,
2216 5484 2456 5548 intravit,
2495 5501 2514 5535 ι
2544 5490 2650 5538 etc.
2684 5479 2920 5536 llomilia
2951 5481 3258 5537 venerabilis
3283 5481 3516 5536 Anselmi

1926 5574 2156 5645 arcliiep.
2187 5572 2421 5629 Consule
2453 5571 2633 5627 varias
2659 5570 2934 5628 lectiones.

1997 5664 2147 5718 lianc
2177 5662 2452 5718 homiliam
2506 5660 2563 5714 S.
2601 5660 2889 5717 A-nselmus
2917 5676 2948 5715 a
2992 5661 3277 5717 Guillehuo
3319 5660 3516 5716 abbate

1924 5753 2237 5811 Fiscancnsi
2271 5762 2326 5809 et
2362 5753 2430 5809 ab
2455 5752 2679 5829 Amulio
2707 5752 3033 5809 Troarncnsi
3062 5754 3255 5810 abbate
3295 5762 3514 5823 rogatus
