4068 6286
576 264 662 330 ὐ
1603 269 1661 322 8.
1691 268 2062 324 ‘ANSELMUS
2110 267 2465 328 CARTUBA.
2498 271 2815 331 ARCHlEP.
3791 281 3866 343 38

594 386 840 456 scripsit,
866 394 924 440 ut
950 384 1208 441 discimus
1248 397 1313 439 ex
1355 382 1472 454 ejus
1509 380 1729 453 prologo
1773 396 1931 452 quem
1970 397 2037 437 ex
2069 396 2183 447 ms._
2200 387 2250 446 Α
2278 384 2636 452 contulimus,
2671 387 2765 443 sed
2792 387 2845 443 in
2875 388 3023 445 nullo
3048 405 3113 447 ex
3135 391 3219 450 his
3248 409 3445 454 nomen
3471 399 3648 456 sancti
3676 399 3869 457 Ansel-

590 481 756 537 Corb.
789 479 1076 534 edidimus.

538 566 545 573 ’
662 573 814 642 Quod
855 589 975 628 eam
1020 571 1300 642 scripserit
1324 569 1560 624 nondum
1610 569 2081 639 archiepiscopus,
2122 578 2178 625 et

589 668 815 737 proinde
843 677 970 721 ante
999 680 1089 719 an.
1116 663 1273 727 1095,
1312 661 1429 732 ipse
1452 662 1586 718 satis
1613 661 1813 716 indicat
1839 662 1897 715 in
1927 660 2174 732 prologo,

589 760 679 815 ubi
732 745 807 814 ait
857 750 1025 815 seex
1073 757 1377 812 obcdientia
1426 755 1569 810 illam
1600 755 1803 824 scripto
1843 754 2127 808 tradidisse
2155 794 2170 819 ,

588 867 748 921 quam
778 850 894 919 plus
922 864 1081 919 quam
1114 848 1282 904 semel
1312 848 1365 902 in
1386 849 1662 902 conventu
1686 846 2169 900 fratrum'dixerat.

590 942 801 1011 Scripta
836 942 1017 1012 itaque
1068 948 1153 994 est
1193 940 1260 994 ab
1289 954 1432 993 anno
1476 936 1646 1000 1088,
1707 951 1814 1005 quo
1861 935 2174 1004 Arnulphns

586 1034 792 1089 electus
834 1044 915 1089 est
952 1035 1119 1088 abbas
1157 1031 1387 1087 Troarn.
1430 1031 1587 1101 juxta
1613 1028 1927 1085 Chronicon
1949 1026 2172 1083 Goferni

500 1130 506 1136 ’
582 1127 653 1181 ab
691 1134 915 1182 auctore
942 1127 1042 1196 pia:
1076 1124 1353 1180 Neustria:
1377 1119 1600 1178 citatum
1631 1122 1682 1177 in
1711 1138 1760 1177 c.
1788 1123 1823 1176 2
1857 1121 1932 1187 De
1956 1119 2172 1175 abbatia

584 1214 910 1270 Troarnensi
932 1256 948 1283 ,
978 1216 1043 1269 ad
1075 1230 1277 1269 annum
1302 1213 1437 1269 1095
1462 1254 1477 1277 ,
1517 1227 1628 1282 quo
1654 1210 1943 1267 Anselmus
1980 1207 2169 1263 Ecde-

550 1312 555 1317 ’
583 1306 681 1363 sia:
707 1298 1396 1375 Cantuariensilprzel‘ectus
1421 1314 1525 1360 est.

658 1398 900 1468 Denique
930 1397 983 1452 in
1010 1412 1111 1451 ms.
1140 1394 1271 1451 bibl.
1302 1394 1434 1450 (-lar.
1475 1393 1540 1449 V.
1576 1394 1639 1448 Ι).
1667 1393 1823 1462 Bigot
1849 1400 2028 1446 exstat
2062 1407 2169 1446 una

583 1490 803 1546 homilia
849 1490 931 1545 sic
980 1490 1237 1558 inscripta
1267 1505 1279 1540 :
1307 1486 1528 1556 ‘Incipit
1582 1484 1799 1539 Itomilia
1840 1482 1906 1536 B.
1936 1482 2170 1543 Aurelmi

582 1599 739 1653 super
763 1582 1063 1651 Joannem,
1113 1582 1178 1636 de
1206 1578 1440 1651 planctu
1467 1578 1841 1650 Magdalente;
1888 1577 2005 1632 htec
2052 1575 2171 1645 ipsa

579 1682 663 1729 est
691 1688 810 1745 quae
837 1672 1051 1744 Origeni
1086 1671 1243 1742 vulgo
1286 1672 1380 1726 sed
1430 1669 1567 1726 falso
1603 1668 1877 1724 tribuitur.
1916 1666 2170 1734 Quando-

2278 477 2351 531 tni
2387 477 2566 541 habet.
2604 478 2716 534 lmo
2751 479 2807 535 in
2851 496 2953 537 ms.
2991 482 3120 540 bibl.
3151 487 3484 561 Aldenburg.
3516 492 3745 547 Carmen
3785 492 3869 549 De

2278 579 2592 640 contemptu
2645 573 2829 627 mundi
2877 574 3135 632 tribuitur
3183 577 3460 636 Bernardo
3496 581 3862 640 Cluniacensi.

2245 708 2249 712 .
2276 658 2333 713 In
2363 676 2463 716 ms.
2494 660 2759 719 Gemmet.
2793 662 2855 719 C.
2886 664 2956 719 70
2989 666 3095 721 duo
3123 678 3252 725 sunt
3294 673 3534 726 carmina
3563 675 3636 729 De
3676 677 3866 730 mundi

2277 760 2639 825 contemptu:
2684 770 2848 810 unum
2890 758 3035 826 quod
3095 760 3283 829 incipit
3331 780 3345 816 :
3407 761 3627 818 Cartula
3682 775 3867 819 nostra

2276 841 2399 906 tibi,
2429 851 2559 906 ctc.,
2589 842 2818 903 alterum
2852 858 2933 900 εει
2964 845 3093 903 illud
3122 851 3264 918 quod
3311 851 3551 907 Ansehni
3596 853 3867 924 operbus

2275 930 2544 999 adjectum
2573 972 2588 998 ,
2626 943 2681 988 et
2710 935 3049 992 intitulatur:
3092 938 3427 997 Claudianus
3460 946 3529 996 ad
3556 945 3864 999 monachos.

2277 1021 2335 1076 ln
2368 1039 2470 1077 ms.
2511 1022 2667 1085 Becc.
2705 1023 2751 1078 Κ
2786 1025 2853 1081 10
2883 1026 3115 1098 Rogerio
3136 1029 3374 1087 Cadomo
3424 1033 3692 1089 monacho
3730 1034 3865 1090 Bec-

2274 1115 2423 1170 censi
2458 1115 2769 1172 ascribitur.
2800 1117 2955 1201 Unde
2980 1121 3111 1190 quid
3146 1123 3288 1193 juris
3324 1125 3612 1181 Anselmus
3659 1127 3862 1185 habeat

2274 1204 2328 1259 in
2366 1205 2416 1259 id
2446 1206 2660 1276 operis,
2690 1207 2918 1262 delinire
2939 1224 3045 1265 non
3079 1212 3274 1270 audeo.
3302 1212 3503 1270 Verum
3532 1216 3748 1285 quidem
3775 1228 3864 1273 est

2273 1294 2416 1357 hunc
2522 1296 3113 1359 doctoremnonnullos
3139 1316 3329 1361 versus
3350 1313 3405 1359 et
3433 1305 3781 1362 hexametros
3801 1319 3862 1363 et

2273 1396 2639 1455 pentametros
2654 1404 2783 1465 "com
2792 1390 3058 1458 posuisse;
3096 1401 3152 1445 at
3173 1393 3302 1463 quid
3323 1394 3449 1448 inde
3471 1397 3860 1466 consequitur?

2274 1477 2450 1533 Unum
2481 1480 2710 1543 dixerim
2732 1521 2747 1546 ,
2786 1495 3009 1536 carmen
3047 1483 3189 1549 istud
3225 1499 3257 1539 a
3284 1485 3553 1549 monacho
3596 1487 3690 1555 qui
3733 1502 3862 1545 san-

2273 1576 2414 1621 ctam
2447 1568 2686 1641 regulam
2710 1577 2795 1624 est
2820 1570 3130 1641 professus,
3153 1575 3513 1644 compositum
3541 1591 3679 1631 esse.
3709 1575 3768 1630 in
3791 1593 3860 1634 eo

2272 1658 2415 1713 enim
2443 1658 2597 1729 plura
2627 1660 2693 1714 ad
2720 1647 2954 1715 mentem
2987 1663 3182 1732 regulae
3211 1664 3388 1720 sancti
3425 1665 3701 1720 Benedicti
3730 1680 3861 1736 pro-

578 1736 796 1835 quidem
824 1736 961 1819 vero
984 1779 1091 1818 non
1115 1761 1273 1833 plane
1298 1762 1427 1816 mihi
1454 1764 1807 1816 'constateam
1836 1736 2244 1814 esseAnseli-B
2270 1750 2546 1817 feruntur,
2580 1760 2639 1806 ut
2680 1766 2802 1806 cum
2831 1753 2897 1807 ad
2943 1768 3036 1808 eos
3058 1769 3317 1824 expresse
3341 1755 3580 1827 loquitur
3614 1756 3707 1826 qui
3739 1771 3860 1812 mo-

578 1854 676 1918 mi,
712 1862 767 1909 et
787 1852 1030 1924 pluribus
1055 1852 1177 1909 aliis
1203 1853 1260 1908 in
1283 1851 1416 1909 locis
1435 1851 1578 1907 edita
1599 1850 1847 1917 habetur,
1874 1849 1993 1905 ideo
2020 1847 2168 1903 illam

572 1926 905 1999 dimisimus.
971 1943 975 1947 ’
1044 1942 1049 1951 ’
1136 1943 1142 1952 ’
1240 1944 1246 1951 ’
1392 1990 1393 1993 η

978 2035 1231 2092 Cessent
1269 2035 1738 2090 Exhortationum.

645 2129 782 2187 istas
803 2129 1208 2186 exhortationes
1239 2145 1335 2186 seu
1360 2133 1654 2185 sententias
1694 2127 1758 2183 P.
1795 2123 2125 2198 Theophilus
2149 2164 2164 2190 ,

575 2233 634 2279 ut
657 2214 1053 2295 scio,iprimus
1074 2216 1279 2281 emisit.
1318 2223 1473 2279 Unde
1515 2238 1612 2279 eas
1657 2222 1911 2278 habuerit
1959 2230 2016 2277 et
2060 2235 2168 2290 quo

574 2311 693 2382 jure
719 2329 813 2370 eas
834 2325 1022 2371 sancta
1045 2312 1303 2370 Anselmo
1331 2315 1675 2385 ascripserit,
1708 2329 1806 2369 nos
1832 2311 2167 2369 scircmns‘si
2258 2384 2263 2387 _

573 2408 689 2478 ipse
723 2408 1020 2476 docuisset;
1077 2423 1141 2464 ea
1202 2409 1364 2479 igitur
1407 2424 1527 2479 qua:
1561 2408 1611 2463 ei
1636 2408 1864 2464 debetur
1911 2406 2016 2462 (ide
2046 2405 2166 2461 illas

572 2498 718 2554 inter
747 2500 923 2554 sancti
950 2498 1394 2568 AnselmiOpera
1422 2499 1712 2555 edidimus.

641 2590 817 2647 Unum
845 2592 975 2647 mihi
1007 2601 1242 2659 constat,
1273 2593 1416 2664 ipsas
1456 2608 1487 2647 a
1523 2594 1789 2649 monacho
1814 2592 2164 2649 Benedictino

567 2684 931 2755 conscriptas.
957 2685 1185 2740 Etenim‘
1217 2685 1399 2756 plures
1428 2687 1723 2741 ex'sancti'
1752 2686 2027 2742 Benedicti
2078 2702 2165 2741 re-

567 2775 694 2846 gula
722 2762 965 2831 collectai
995 2784 1152 2841 sunt;
1201 2785 1262 2831 ut
1298 2768 1424 2832 cum
1448 2776 1687 2832 dicitur:
1719 2775 1828 2831 Cur
1853 2777 2165 2832 malis'acti-

569 2866 664 2943 bus
690 2867 796 2920 tuis
825 2867 1106 2921 contristas
1131 2866 1345 2922 Patrem
1377 2868 1670 2938 piissimum
1705 2870 1797 2939 qui
1848 2879 1897 2922 te
1938 2870 1994 2923 in
2024 2869 2165 2938 ﬁlio-

569 2975 687 3013 rum
723 2964 945 3013 numero
961 2948 1212 3028 dignatus
1228 2966 1308 3012 est
1334 2957 1666 3029 computare.
1699 2958 1872 3013 ltem:
1929 2958 2165 3014 Neirri-

567 3057 711 3104 tatus
744 3048 1001 3103 Dominus
1052 3047 1206 3102 malis
1267 3048 1373 3101 tuis
1429 3058 1485 3101 ut
1538 3048 2159 3119 nequissimumservum
2187 3089 2233 3150 Ο

564 3150 865 3211 perpetuam
910 3140 1084 3194 tradat
1124 3139 1194 3193 ad
1240 3154 1478 3208 pinnam,
1541 3150 1648 3195 etc.
1698 3140 1870 3195 Item:
1928 3140 2157 3195 JEtemo

565 3228 699 3299 Regi
721 3229 1043 3284 militaturus
1064 3230 1288 3300 propriis
1315 3228 1627 3295 abrenun'ia
1656 3230 2027 3298 voluntatibus,
2047 3241 2154 3285 etc.

564 3320 696 3374 Item
722 3337 736 3374 :
767 3322 896 3391 Age,
933 3320 1238 3375 dum'vacat
1265 3361 1280 3385 ,
1332 3319 1471 3391 quod
1504 3323 1557 3376 in
1578 3332 1843 3376 'a’ternum
1868 3323 2153 3391 expediat.

563 3412 696 3479 Qua:
722 3414 904 3468 omnia
934 3415 987 3468 in
1027 3413 1084 3469 S.
1113 3414 1567 3485 regulm'prblogo
1601 3414 1861 3485 "expressa
1909 3427 2055 3469 sunt.
2089 3415 2156 3469 Et

563 3518 687 3560 cum
726 3505 926 3560 dicitur
958 3524 969 3559 :
1008 3500 1136 3560 Esto
1167 3508 1307 3559 omni
1339 3507 1535 3560 vilitate
1566 3507 1643 3560 vel
1667 3511 1997 3561 extremitate
2028 3523 2156 3560 con-

563 3605 758 3649 tentus.
789 3595 921 3650 ltem
947 3593 1295 3657 :‘Pronuntia
1333 3606 1384 3651 te
1409 3596 1648 3650 omnibus
1684 3597 1919 3651 viliorem
1946 3637 1962 3662 ,
2009 3598 2155 3666 quod
2204 3629 2207 3632 ‹

561 3684 616 3740 in
648 3700 700 3740 c.
732 3685 765 3740 5
796 3686 993 3757 regulae
1040 3686 1257 3757 legitur.
1296 3687 1362 3741 Et
1390 3703 1513 3742 cum
1543 3688 1739 3743 dicitur
1768 3705 1780 3741 :
1822 3688 1971 3742 Diem
1997 3688 2152 3757 Judi-

560 3773 630 3827 cii
655 3774 778 3828 time
805 3787 824 3826 :
855 3785 1005 3829 actus
1034 3774 1159 3830 vita:
1207 3778 1311 3831 tute
1351 3778 1493 3831 omni
1520 3778 1652 3831 hora
1700 3777 1948 3831 custodi:
1978 3777 2067 3846 [ac
2102 3788 2152 3831 te

559 3864 791 3920 alienum
819 3866 884 3920 ab
915 3864 1114 3921 actibus
1138 3867 1350 3933 steculi,
1384 3875 1517 3933 ctc.,
1567 3883 1687 3938 qua:
1710 3868 1893 3939 omnia
1937 3868 1990 3922 in
2026 3881 2149 3921 san-

558 3965 662 4012 etin
693 3958 891 4029 regulae
917 3974 965 4013 c.
990 3957 1022 4012 6
1050 3959 1324 4028 proposita
1350 3958 1496 4014 sunt;
1780 3976 1783 3979 '

867 4052 1116 4109 (lessons
1148 4053 1536 4108 Admonitionis
1563 4052 1617 4106 Ill
1623 4053 1832 4107 orienti.

550 4146 553 4149 ’
627 4147 689 4201 Ρ.
716 4130 1202 4218 Τιὶρορὶὶίιιιέθαιιι
1241 4148 1447 4218 primus
1472 4138 1744 4217 publicam
1785 4147 1913 4202 fecit
1938 4163 2003 4202 ex
2043 4163 2143 4202 ηις.

555 4238 694 4292 Bibl.
728 4239 900 4295 Vatic.
932 4224 1062 4305 Quae
1091 4248 1270 4292 tamen
1300 4240 1421 4294 inde
1448 4240 1514 4292 ad
1553 4254 1652 4292 nos
1688 4241 2006 4293 transmissa
2031 4249 2144 4302 est,

557 4332 611 4385 in
637 4330 838 4400 aliquid
866 4332 934 4385 ab
961 4346 1025 4385 ea
1052 4318 1347 4400 discrepat,
1379 4340 1436 4384 ut
1457 4330 1714 4386 ex'variis
1735 4329 2055 4385 lectionibus
2078 4331 2147 4385 ad

556 4423 737 4493 operis
776 4422 976 4499 calcem
1000 4423 1194 4492 positis
1223 4432 1305 4479 est
1325 4423 1567 4478 evidens.

630 4513 755 4568 llaec
783 4523 966 4583 autem
995 4508 1377 4594 admonitionis
1407 4516 1636 4570 formula
1660 4516 1738 4571 sic
1775 4514 2031 4584 inscripta
2061 4512 2141 4568 le-

556 4606 702 4673 gitur
728 4606 780 4660 in
823 4622 925 4662 ms.
960 4606 1091 4662 bibl.
1120 4607 1176 4662 S.
1202 4608 1421 4662 Martini
1452 4607 1682 4663 Tornac.
1718 4626 1732 4662 :
1770 4607 2046 4661 Trnetalus
2073 4606 2140 4661 Β.
2200 4612 2203 4619 ‘

554 4698 828 4765 Anselmi,
878 4700 1138 4773 quomodo
1192 4700 1372 4754 debeat
1428 4685 1745 4769 interrogari
1772 4699 1945 4768 frater
1986 4699 2143 4751 morti

552 4791 823 4862 proximus
847 4830 862 4857 ,
884 4800 931 4844 et
948 4791 1210 4867 quomodo
1237 4792 1565 4864 respondere.
1596 4792 1726 4847 Vide
1756 4792 1934 4846 varias
1952 4791 2143 4846 iet-tio-

555 4901 672 4941 nes.
898 4900 901 4903 ·
1153 4866 1159 4873 ’
1344 4874 1345 4879 “

516 4952 552 5103 3
624 4974 736 5040 Qua
762 4982 923 5030 aetate
948 4984 1166 5030 sanctus
1195 4975 1479 5031 Ansehnus
1508 4977 1651 5031 hanc
1676 4974 1963 5030 formulam
1997 4989 2139 5045 prte-

553 5068 829 5103 cm-incnph
894 5084 1000 5103 nnn
1024 5078 1103 5103 ac!
1139 5069 1277 5103 mula
1302 5066 1583 5103 ηηηίἰιιίιιηι

553 5068 859 5138 scripserit,
894 5084 1001 5124 non
1024 5078 1109 5123 est
1139 5069 1277 5123 unde
1302 5066 1606 5136 conjiciam.

511 5117 520 5135 1

550 5180 794 5236 Crassum
827 5197 1075 5237 canums
1114 5181 1191 5235 De
1222 5191 1516 5250 contemptu
1571 5183 1752 5237 mundi
1778 5223 1793 5250 ,
1841 5193 1888 5238 et
1915 5183 2138 5236 duorum

526 5275 532 5281 ’
944 5318 949 5319 ν
1049 5252 1277 5326 aliorum
1302 5253 1618 5307 carminum.

504 5288 532 5476 1
622 5344 860 5399 Coloniae
907 5361 1048 5400 anno
1096 5345 1233 5401 1575
1265 5347 1499 5417 primum
1552 5356 1618 5417 ty;

549 5453 767 5476 our-smn
803 5438 944 5476 iclml
1038 5438 1130 5476 apri
1169 5453 1417 5476 ιιιειιποιιηι
1450 5445 1503 5476 nt
1550 5453 1618 5476 nn

622 5344 860 5399 Coloniae
907 5361 1048 5400 anno
1096 5345 1233 5401 1575
1265 5347 1499 5417 primum
1552 5346 1691 5417 typis
1744 5360 2003 5401 cxcusum
2054 5358 2140 5401 est

494 5415 526 5479 7
549 5453 768 5492 czn'tnen
802 5438 982 5503 istud,
1037 5438 1131 5491 sed
1169 5453 1417 5492 mancum
1450 5445 1506 5491 et
1550 5435 1816 5490 mutilum.
1863 5435 2136 5504 lutcgrum

550 5531 700 5585 ἰΙΙιιιιι
733 5547 798 5586 ex
831 5531 1016 5586 Sancti
1051 5531 1301 5587 Victoris.
1350 5531 1524 5586 Paris.
1572 5528 1779 5587 bibliot.
1810 5528 2015 5584 editum
2052 5537 2139 5584 est

550 5625 745 5682 ibidem
776 5643 862 5679 an.
894 5624 1048 5680 1612.
1425 5626 1432 5632 ’

616 5718 801 5776 Exstat
833 5720 1048 5791 quidem
1074 5719 1125 5774 in
1155 5717 1396 5792 pluribus
1421 5734 1574 5787 mss,
1623 5734 1742 5775 cum
1774 5709 1966 5789 quibus
2006 5713 2135 5770 illud

2270 1857 2389 1897 rum
2405 1841 3210 1919 conversionempromiserunt
3232 1886 3248 1913 ,
3284 1856 3340 1902 et
3367 1847 3692 1902 monachum
3723 1846 3857 1902 hor-

2270 1942 2418 1989 tatur
2445 1943 2505 1990 ut
2532 1934 2702 1990 Deum
2722 1934 2917 2006 ubique
2939 1944 2993 2015 et
3017 1951 3230 2009 semper
3252 1950 3573 2010 praesentem
3614 1942 3808 2000 credat
3834 1981 3852 2009 ,

2270 2032 2378 2081 etc.

2339 2119 2458 2178 Alia
2482 2123 2588 2181 duo
2613 2125 2856 2182 carmina
2895 2127 2950 2183 in
2985 2127 3098 2184 sola
3126 2128 3189 2184 ι).
3214 2127 3461 2204 Picardi,
3508 2126 3605 2200 qui
3638 2140 3704 2184 ea
3744 2123 3858 2198 pri-

2269 2230 2390 2272 mus
2411 2216 2590 2286 dedit,
2623 2218 2729 2274 {ide
2751 2219 3102 2288 subjecimus.
3450 2250 3454 2255 λ

2437 2306 2684 2364 Οειεευιυι
2708 2326 3021 2367 TBACTATUS
3044 2313 3120 2368 De
3143 2330 3272 2384 pace
3296 2323 3345 2369 et
3367 2315 3675 2370 concordia.

2336 2397 2386 2454 is
2414 2399 2670 2456 Anselmo
2703 2402 2957 2457 tribuitur
3001 2404 3054 2459 in
3091 2419 3195 2460 ms.
3230 2404 3587 2473 Lovaniensi,
3644 2421 3712 2461 ex
3744 2421 3867 2477 quo

2269 2500 2668 2563 transumptum
2694 2495 2834 2549 etad
2863 2510 2962 2551 nos
2984 2498 3362 2553 transmissum
3390 2497 3658 2554 edidimus
3684 2514 3698 2553 :
3727 2513 3859 2555 ecce

2267 2585 2336 2639 ab
2361 2585 2604 2639 Anselmi
2632 2586 2773 2657 stle
2801 2595 2856 2641 et
2883 2602 3048 2643 sensu
3083 2589 3365 2644 abhorret.

2371 2674 2626 2732 CENSUBA
2663 2692 2807 2733 unm
2846 2677 3271 2737 Msnm'rtouuu
3309 2696 3381 2736 ετ
3422 2680 3766 2738 Onutouuu.
3798 2692 3803 2695 '

2337 2764 2598 2821 Sanctum
2646 2766 2962 2823 Anselmum
2990 2770 3266 2826 orationes
3315 2772 3432 2826 sive
3470 2770 3863 2829 meditationes

2264 2859 2549 2928 scripsisse
2593 2866 2826 2915 testatur
2870 2861 3173 2918 Eadmerus
3235 2863 3274 2917 l.
3321 2880 3381 2919 ιι.
3437 2865 3513 2920 De
3555 2864 3678 2937 ejus
3736 2866 3860 2921 vita

2265 2950 2403 3020 (Col.
2431 2950 2558 3023 56);
2593 2960 2826 3015 testatur
2840 2963 2898 3009 et
2925 2955 3212 3011 Durandus
3268 2958 3437 3012 abbas
3477 2956 3858 3027 Caste-Deiin

2263 3042 2495 3115 epistola
2548 3046 2616 3100 ad
2664 3045 3007 3113 Anselmum,
3040 3063 3160 3118 quae
3188 3058 3271 3105 est
3291 3051 3355 3104 61
3389 3049 3512 3106 libri
3538 3068 3587 3117 ι,
3618 3060 3858 3108 testatur

2262 3144 2316 3190 et
2339 3136 2451 3206 ipse
2473 3135 2758 3192 Anselmus
2781 3137 2834 3191 in
2867 3153 2954 3209 cp.
2977 3138 3048 3192 20
3077 3139 3111 3195 ι.
3140 3156 3156 3195 ι
3184 3150 3240 3196 et
3264 3140 3318 3197 in
3342 3157 3431 3211 ep.
3456 3143 3520 3196 51
3568 3142 3607 3198 l.
3633 3158 3673 3198 tt
3700 3161 3714 3198 :
3762 3152 3854 3200 te-

2260 3237 2435 3280 statur
2462 3226 2691 3294 denique
2713 3227 2997 3284 innumera
3021 3244 3160 3299 pene
3182 3246 3314 3287 mss.

2328 3318 2585 3374 Non‘una
2606 3334 2736 3375 vero
2765 3325 2945 3385 aetate,
2982 3323 3076 3376 sed
3101 3323 3333 3391 diversis
3363 3325 3703 3394 temporibus
3723 3323 3854 3382 illas

2259 3412 2496 3481 scripsit,
2525 3421 2584 3465 ut
2613 3415 2682 3467 ex
2706 3412 3039 3483 singularum
3063 3415 3310 3471 censuris
3341 3415 3430 3470 [iet
3452 3417 3803 3472 manifestum
3828 3458 3849 3483 ,

2256 3516 2322 3555 ex
2352 3500 2548 3570 quibus
2574 3502 2740 3555 etiam
2767 3502 3038 3558 constabit
3066 3520 3186 3574 qua:
3214 3515 3271 3560 et
3290 3514 3423 3575 quot
3452 3522 3483 3560 a
3508 3515 3698 3562 sancto
3727 3507 3851 3563 Au-

2256 3594 2425 3650 selmo
2465 3609 2590 3651 vere
2616 3594 2937 3666 prodierint.
3092 3598 3097 3603 ’

2306 3685 2310 3688 ⁴
2508 3702 2509 3705 ‘
2824 3686 3061 3743 Censura
3094 3689 3321 3761 prologi.

2325 3781 2613 3853 Prologum
2636 3797 2666 3835 a
2698 3792 2888 3838 sancto
2909 3784 3168 3839 Anselmo
3187 3785 3449 3856 scriptum
3480 3801 3694 3842 mecum
3709 3801 3847 3843 cen-

2253 3872 2411 3935 sebit,
2440 3872 2532 3942 qui
2580 3873 2633 3927 in
2677 3888 2743 3928 eo
2791 3889 3000 3929 mecum
3028 3877 3444 3946 deprehenderit
3488 3886 3544 3931 et
3590 3877 3759 3932 verba
3781 3889 3845 3934 et

2253 3972 2494 4017 mentem
2539 3963 2698 4033 epist.
2752 3978 2861 4033 qua
2926 3973 3148 4020 sanctus
3194 3966 3485 4021 Anselmus
3519 3967 3844 4038 Gondulpho

2251 4055 2443 4109 scribit
2483 4055 2608 4126 (Ep.
2636 4055 2727 4125 20,
2763 4055 2856 4111 lib.
2888 4058 2927 4129 ι)
2960 4073 3019 4113 se
3061 4073 3188 4113 suas
3229 4059 3472 4115 rationes
3525 4059 3648 4116 ideo
3674 4075 3843 4129 para-

2210 4168 2213 4171 ·
2251 4148 2472 4216 graphis
2523 4147 2839 4203 distinxisse
2896 4163 2965 4202 ne
3019 4149 3304 4218 prolixitas
3351 4159 3635 4220 generaret
3678 4150 3841 4204 fasti-

2250 4238 2422 4300 dium,
2454 4246 2509 4292 et
2539 4249 2599 4292 ut
2628 4253 2721 4293 eas
2753 4238 2925 4293 lector
2950 4239 3178 4305 incidat,
3216 4242 3320 4294 hoc
3372 4251 3457 4295 cst
3509 4241 3582 4296 ibi
3622 4240 3843 4295 desinat

2249 4331 2334 4385 vel
2389 4332 2613 4403 incipiat
2679 4330 2770 4387 ubi
2832 4332 3086 4387 voluerit.
3138 4333 3267 4388 Hice
3322 4333 3469 4391 enim
3519 4332 3709 4389 eadem
3778 4332 3840 4387 in

2170 4442 2219 4500 ι)
2249 4424 2487 4495 prologo.

2691 4514 2927 4571 Censura
2964 4508 3319 4572 meditationis
3352 4518 3406 4573 1.

2318 4605 2449 4660 Eam
2470 4605 2531 4660 P.
2557 4604 2888 4676 Theophilus
2918 4609 3125 4678 primus
3152 4609 3426 4679 evolgavit
3474 4606 3618 4663 inter
3658 4608 3838 4663 sancti

2245 4697 2485 4752 Anselnii
2511 4690 2964 4755 Meditationes.A
2989 4699 3186 4770 quibus
3207 4713 3338 4756 vero
3360 4699 3508 4753 illam
3537 4699 3835 4770 acceperit,

2244 4790 2361 4860 ipse
2386 4806 2491 4845 non
2515 4790 2698 4845 edicit.
3766 4818 3769 4821 Α

2314 4883 2370 4938 in
2409 4899 2511 4939 ms.
2542 4884 2681 4938 Bibl.
2712 4884 2775 4939 Ι).
2824 4883 2984 4956 Bigot
3020 4899 3140 4939 eam
3185 4884 3328 4939 inter
3360 4882 3533 4939 sancti
3584 4879 3836 4935 Anselmi

2243 4974 2625 5053 Illeditationes
2654 4975 2840 5031 haberi
2866 4988 3048 5032 certos
3069 4992 3168 5031 nos
3198 4974 3326 5031 fecit
3354 4974 3420 5029 lt.
3450 4973 3512 5027 P.
3557 4973 3623 5028 ι).
3655 4970 3837 5025 Fran-

2243 5069 2423 5125 ciscus
2448 5068 2821 5139 Pommeraye,
2851 5068 2979 5122 illud
3004 5084 3113 5138 prae
3144 5068 3392 5121 manibus
3425 5075 3640 5119 tenens.

2313 5161 2430 5231 Ipsa
2459 5175 2589 5215 sane
2613 5159 2786 5213 sancti
2817 5159 3055 5213 Anselzni
3078 5156 3375 5213 sententias
3426 5155 3613 5210 habet.
3672 5151 3837 5219 Quod

2241 5253 2384 5308 enim
2419 5251 2472 5305 in
2498 5250 2526 5322 §
2556 5252 2580 5306 1
2622 5251 2753 5305 dicit
2783 5259 3050 5305 mortuam
3079 5248 3252 5320 magis
3277 5263 3441 5317 quam
3462 5245 3833 5300 dormientem

2241 5360 2363 5401 esse
2395 5346 2629 5398 animam
2663 5359 2782 5412 quae
2813 5343 2995 5399 ad-Dei
3028 5337 3213 5398 vocem
3242 5358 3347 5396 non
3384 5339 3785 5410 expergiscitur
3807 5378 3828 5403 ,

2242 5437 2385 5491 idem
2420 5436 2471 5488 in
2499 5435 2848 5489 meditatione
2868 5435 2904 5488 2
2934 5431 3126 5488 sensit.
3152 5432 3305 5499 Quod
3328 5431 3526 5486 ibidem
3556 5429 3688 5485 dicit
3707 5429 3833 5482 aui-

2240 5543 2384 5582 mam
2409 5526 2476 5582 ad
2500 5525 2811 5595 bocl‘actam
2831 5541 2951 5582 esse
2974 5527 3040 5581 ad
3070 5527 3361 5594 imaginem
3388 5523 3483 5579 Dei
3534 5531 3594 5578 ut
3625 5523 3830 5577 memi-

2242 5619 2404 5683 nerit,
2436 5618 2775 5687 ititelligatet
2799 5628 2944 5673 amet
2970 5626 3241 5674 summum
3263 5615 3490 5680 bonum,
3540 5614 3593 5669 id
3645 5613 3827 5684 ipsum

2244 5722 2327 5771 cst
2355 5712 2494 5784 quod
2526 5711 2578 5768 in
2606 5709 3282 5783 .‘llonologioJ’roslnsioet
3312 5706 3436 5762 alibi
3466 5705 3666 5779 passim
3687 5705 3827 5772 eglo-
