4068 6286
237 361 303 418 ss
1297 357 1623 416 CENSURA
1664 356 1951 415 OPERUM
1980 357 2038 416 s.
2083 358 2405 420 usuusu.
2509 386 2523 410 ι
3417 338 3490 412 ac

240 473 367 534 cuit.
414 472 471 530 ln
517 471 549 545 §
596 471 633 527 5
686 469 819 528 dicit
865 470 1010 542 quod
1034 471 1181 528 solus
1216 470 1502 526 Deusvere
1526 479 1688 527 estet
1726 478 1810 527 est
1837 473 1891 533 Α

237 554 417 625 verum
443 579 583 631 esse,
599 565 718 620 sine
745 579 854 635 quo
879 564 1011 620 nulli
1041 563 1363 633 potestbene
1387 562 1655 620 esse.lloc
1666 563 1809 620 idem

2230 473 2465 528 Censura
2484 473 2878 528 meditationem
2900 471 2934 526 ι
2951 516 2964 539 ,
2987 470 3020 527 5
3046 482 3091 526 et
3124 471 3175 527 ϐ.

1980 564 2130 618 inter
2156 562 2220 619 8.
2245 565 2488 620 Anselmi
2515 565 2913 629 meditationes,
2942 578 3037 619 eas
3059 563 3262 619 habent
3304 562 3490 618 omnia

239 658 294 715 in
313 655 612 727 Monologio
642 667 699 711 et
718 653 840 710 aliis
859 653 1105 723 pluribus
1130 653 1186 708 in
1208 653 1343 710 locis
1369 661 1590 710 sanctus
1621 651 1811 708 Ansel-
1911 669 2044 709 mss.
2098 669 2222 711 cum
2276 655 2473 723 quibus
2495 655 2705 710 collata:
2741 664 2865 710 sunt
2889 663 2944 709 et
2987 669 3092 709 ms.
3123 651 3294 719 2024,
3349 650 3489 708 Bibl.

236 766 354 809 mus
376 749 647 821 exposuit.

302 841 454 898 Licet
487 854 617 910 ergo
646 838 701 893 in
729 837 919 910 paucis
962 852 1065 894 ms.
1100 836 1405 907 reperiatur
1436 836 1554 890 haec
1585 833 1815 889 medita-

235 932 324 998 tio,
356 931 546 987 saltem
575 931 681 987 sub
696 929 947 985 'Anselmi
972 927 1212 993 nomine,
1244 927 1386 982 hanc
1414 933 1595 981 tamen
1627 932 1813 980 sancto

230 1020 483 1079 Anselmo
505 1035 613 1078 non
647 1034 870 1091 possum
908 1017 1239 1088 abjudicare.

661 1130 899 1188 Censura
923 1130 1281 1185 meditationis
1309 1128 1363 1184 2.

297 1244 356 1303 lu
381 1245 637 1303 omnibus
665 1243 825 1300 editis
858 1243 972 1298 haec
1000 1250 1179 1298 exstat
1217 1242 1297 1297 sic
1332 1240 1629 1311 inscripta:
1663 1239 1818 1294 Liber

227 1337 292 1392 de
314 1336 533 1392 miseria
579 1334 825 1390 hominis.
877 1331 1071 1388 Exstat
1098 1341 1152 1388 et
1180 1333 1231 1386 in
1262 1345 1368 1388 ms.
1416 1331 1689 1395 omnibus,
1720 1328 1816 1385 sed
1878 1346 1885 1352 '

229 1426 449 1483 diverso
480 1425 581 1481 sub
606 1422 785 1479 titulo.
835 1422 894 1478 ιη
922 1438 1026 1478 ms.
1060 1423 1124 1477 D.
1153 1421 1314 1493 Bigot
1340 1420 1649 1476 intitulatur
1682 1438 1696 1474 :
1739 1418 1817 1474 De
1880 1440 1883 1445 ·

226 1524 424 1571 terrore
474 1512 691 1571 extremi
739 1514 960 1584 judicii.
1003 1514 1057 1568 ln
1112 1528 1217 1581 ms,
1249 1512 1396 1567 2024
1425 1511 1562 1567 Bibl.
1603 1511 1814 1582 Regia),

225 1605 280 1660 in
306 1619 411 1661 ms.
435 1604 673 1661 Cisterc.
695 1609 751 1657 et
779 1605 832 1658 in
858 1603 979 1659 aliis
1006 1603 1328 1658 inscribitur
1380 1620 1394 1657 :
1437 1601 1714 1656 Meditatio
1745 1601 1816 1681 ad

226 1697 599 1754 concitandum
626 1696 887 1753 timorem.
906 1696 1139 1773 Consule
1168 1695 1351 1751 varias
1371 1694 1653 1750 lectiones.
1667 1693 1819 1748 Illam

222 1789 295 1845 ab
323 1780 570 1845 Anselmi
595 1789 880 1846 monachis
906 1802 967 1844 se
995 1787 1271 1857 accepisse
1302 1785 1494 1842 scribit
1534 1785 1823 1842 Durandus
1850 1819 1894 1873 Β

223 1882 389 1953 epist.
423 1882 513 1949 61,
558 1882 683 1939 libri
731 1898 772 1940 ι.
814 1881 895 1938 Ex
930 1895 1037 1951 qua
1063 1887 1119 1935 et
1166 1894 1234 1935 ex
1268 1877 1513 1934 Anselmi
1560 1892 1820 1948 responso

224 1973 400 2046 liquet
430 1991 554 2031 eam
575 1976 645 2032 ab
678 1973 938 2031 Anselmo
956 1986 1079 2029 esse
1108 1972 1314 2029 editam
1353 1979 1646 2042 antequam
1676 1968 1822 2026 ess’et

224 2066 421 2132 abbas,
444 2068 548 2123 hoc
585 2076 691 2139 est
714 2075 1071 2137 anteannum
1129 2062 1288 2119 1078.
1314 2061 1373 2118 In
1405 2060 1499 2117 illa
1531 2061 1678 2117 enim
1703 2058 1818 2115 An-

222 2157 434 2214 selmus
461 2172 569 2213 non
592 2164 653 2212 ut
678 2156 848 2213 abbas
875 2155 1164 2220 salutatur,
1195 2167 1299 2210 nec
1344 2152 1402 2208 in
1444 2165 1510 2208 eo
1536 2152 1705 2208 abbas
1737 2151 1822 2206 in-
1878 2186 1881 2189 -
1924 2151 1977 2220 ;'_;
2002 2151 2317 2220 33:":ij
2595 2151 3419 2220 jﬁ‘f2':_f’;,j‘"°::";:l_::':

485 2198 1792 2270 ?";;_:'_'_:‘;'_':".::::",::'A'::,,;:,:;::':A:
1872 2242 1879 2249 .
1923 2200 1977 2257 id
2002 2200 2134 2256 nihil
2166 2200 2322 2270 juris
2369 2200 2428 2256 S.
2470 2200 2729 2263 Anselmo
2755 2199 3017 2264 detrahit,
3070 2214 3194 2257 cum
3246 2198 3380 2253 liber
3407 2198 3510 2253 iste

1874 2346 1881 2351 .
1922 2289 2060 2346 nihil
2086 2291 2159 2346 sit
2182 2291 2502 2362 aliudquam
2530 2303 2846 2360 excerptum
2871 2306 2938 2346 ex
2962 2288 3505 2349 variismeditatioui-

221 2247 510 2303 scribitur.
534 2246 823 2303 Durandus
841 2255 1020 2302 autem
1048 2246 1190 2301 hanc
1218 2244 1622 2301 meditationem
1664 2250 1823 2299 acce-

219 2347 415 2408 perat,
449 2338 578 2394 dum
607 2347 752 2393 esset
792 2338 961 2394 abbas
981 2336 1304 2392 monasterii
1336 2336 1633 2402 Cassa-Dei,
1669 2317 1824 2407 cujus

219 2430 482 2502 regimen
510 2430 683 2486 tenuit
709 2429 779 2504 ab
804 2444 950 2485 anno
972 2427 1113 2484 1068
1139 2428 1208 2483 ad
1237 2442 1364 2482 ann.
1406 2428 1570 2492 1078,
1619 2443 1725 2497 quo
1769 2428 1821 2482 in

188 2522 569 2589 ,Claremont.
602 2520 749 2577 Eccl.
796 2512 966 2591 episc.
1000 2519 1343 2595 electus‘est.‘
1394 2516 1550 2599 Unde
1575 2518 1643 2572 ab
1682 2532 1825 2573 anno

224 2613 369 2669 1068
394 2613 465 2668 ad
526 2628 616 2667 an.
665 2612 824 2680 1078,
875 2608 983 2683 quo
1031 2610 1326 2667 Anselmus
1376 2604 1827 2665 BecceuSisimo—

224 2706 459 2819 ηεειςξίί
513 2704 691 2762 factus
744 2703 1052 2797 statim,
1112 2702 1543 2803 θαφδοῖίοιειπι
1598 2717 1719 2801 sese
1760 2702 1880 2759 ω’
1972 2748 2067 2803 λ.
2125 2719 2187 2802 p'.
2250 2696 3122 2819 τι..ο“;,ῑὲῑξῖ“,;έξξῆξὶὶῑζᾰξῖᾷἒξ..
3158 2716 3224 2800 ε.
3425 2745 3513 2803 Βῆ-

230 2798 611 2855 manifestum.

297 2888 455 2944 Hanc
485 2888 620 2944 citat
664 2885 725 2943 8.
756 2886 1078 2961 νΒοηθνθηῑ.
1145 2901 1196 2942 c.
1235 2886 1271 2941 5
1316 2884 1567 2956 Soliloq.,
1618 2891 1674 2940 et
1703 2898 1826 2941 eam

229 2978 447 3050 integre
498 2978 759 3036 describit
806 2977 867 3035 8.
915 2977 1265 3047 Antoninus,
1329 2992 1387 3050 p.
1446 2994 1520 3046 ιι,
1569 2979 1655 3033 tit.
1685 2978 1829 3061 '16,

227 3069 590 3143 c.l2,§7.

299 3160 427 3218 Duo
473 3162 562 3218 hic
619 3150 888 3228 observo,
951 3163 1004 3218 1.
1059 3162 1206 3219 inter
1230 3161 1288 3219 S.
1335 3163 1603 3224 Bernardi.
1659 3160 1895 3235 operaC

231 3262 454 3310 exstare
482 3252 680 3309 librum
707 3253 800 3324 qui
828 3254 1083 3310 eumdem
1109 3254 1348 3322 titulum,
1381 3253 1457 3309 De
1481 3254 1692 3309 miseria
1727 3256 1825 3309 Ito-

232 3344 387 3399 minis
406 3384 429 3410 ,
453 3344 702 3413 pradert;
736 3344 828 3399 sed
856 3344 947 3414 qui
971 3343 1039 3399 ab
1075 3344 1194 3400 isto
1217 3338 1441 3399 omnino
1457 3345 1597 3400 alius
1622 3353 1732 3411 est;
1766 3346 1823 3400 2.

234 3432 409 3504 Ipsam
455 3435 597 3490 inter
619 3427 813 3504 preces
835 3450 865 3490 a
888 3434 1098 3491 Joanne
1121 3436 1257 3491 abba
1268 3446 1318 3490 te
1348 3436 1602 3493 collectas
1637 3438 1826 3494 haberi

235 3524 290 3579 in
310 3524 439 3580 cod.
467 3517 570 3579 ins.
599 3525 868 3582 Mettensi.
901 3527 1054 3595 Quod
1087 3543 1193 3582 non
1239 3528 1342 3583 levi
1397 3538 1717 3599 argumento
1744 3540 1829 3586 est
1872 3528 1877 3533 ’

234 3629 430 3685 preces
483 3616 618 3671 istas
667 3618 735 3672 ab
777 3632 842 3672 eo
900 3618 1073 3688 magis
1104 3618 1423 3688 ‘exscriptas
1482 3602 1604 3675 che
1664 3634 1827 3691 quam
1869 3624 1874 3628 ’

201 3724 206 3728 ·
238 3709 591 3781 compositas,
623 3718 680 3764 ut
703 3708 873 3765 iusius
902 3708 1041 3765 inira
1067 3710 1584 3769 demonstrabimus.

676 3823 911 3879 Censura
937 3824 1293 3881 meditationis
1322 3826 1374 3880 5.

310 3914 442 3995 Haec
498 3939 552 3993 in
605 3914 1050 3995 omnibus'editis
1075 3947 1129 3993 et
1160 3955 1292 3995 mss.
1326 3938 1737 3994 Meditationem
1767 3936 1826 3992 S.
1872 3992 1877 4000 ,

240 4029 481 4086 Anselmi
513 4030 914 4100 exemplaribus
943 4030 1141 4101 legitur
1167 4049 1181 4084 :
1216 4032 1625 4102 inscriptionum
1652 4033 1833 4087 diver—
1870 4076 1879 4081 -
1934 4029 2073 4082 hanc
2103 4029 2508 4089 meditationem
2529 4029 2889 4090 inscriptam:
2921 4029 3129 4103 Sermo

1874 4158 1877 4163 .
1933 4119 1998 4171 de
2037 4116 2293 4169 Passione
2323 4114 2577 4179 Domini,
2615 4112 2686 4165 At
2731 4111 2791 4165 S.
2826 4110 3101 4165 Bernardo
3141 4126 3269 4183 eant
3302 4109 3515 4176 abjndi-

242 4118 459 4175 sitatem
490 4119 612 4174 vide
638 4120 689 4174 in
715 4119 1240 4176 variislectionibus.

309 4211 488 4283 ipsam
544 4226 740 4267 censeo
770 4227 837 4267 ex
891 4211 997 4266 illis
1050 4208 1171 4267 esse
1212 4211 1432 4267 contriti
1463 4212 1644 4267 cordis
1701 4226 1875 4282 epit--

245 4300 409 4356 sculis
470 4315 589 4370 qum
641 4299 899 4371 przel'atus
948 4285 1232 4355 Durandus
1254 4301 1527 4371 accepisse
1557 4317 1615 4356 se
1644 4310 1832 4372 gratu-

246 4385 379 4444 latur
408 4390 464 4444 in
493 4391 835 4459 praeudluctu
893 4391 1089 4461 epist.;
1148 4391 1291 4445 unde
1338 4391 1610 4472 eteadem
1669 4401 1831 4447 aetate

247 4496 361 4537 eam
422 4481 591 4538 fuisse
627 4484 984 4554 compositam
1032 4500 1137 4555 qua
1182 4482 1494 4554 praecedens
1540 4484 1684 4539 edita
1725 4494 1835 4555 est,
1870 4500 1915 4554 D

935 4588 939 4592 -
1058 4590 1063 4591 ί
1560 4582 1561 4585 ‘
1620 4584 1623 4589 ‘
1756 4572 1762 4577 ’
1875 4606 1881 4613 -
1939 4569 2157 4642 prml'ert
2186 4569 2239 4623 in
2289 4567 2541 4622 omnibus
2569 4566 2733 4622 etiam
2769 4563 3164 4635 antiquioribus
3200 4565 3436 4631 excusis,
3461 4573 3516 4619 et

248 4570 434 4630 lubens
462 4579 723 4632 concedo.

313 4664 372 4718 P.
405 4665 737 4737 Theophilus
769 4669 820 4722 in
851 4675 947 4724 sua
973 4646 1197 4739 hujusce
1227 4667 1591 4722 meditationis
1618 4668 1832 4736 syntaxi

250 4757 494 4825 agitatan
521 4775 616 4813 sua
644 4759 743 4814 sibi
769 4762 993 4815 crimina
1012 4776 1216 4830 suoque
1240 4761 1510 4815 nomines
1544 4759 1833 4815 Anseltuus
1874 4814 1875 4817 η

248 4846 334 4902 hic
360 4849 655 4920 exprobret
708 4860 764 4907 et
810 4852 1121 4917 describat;
1155 4859 1209 4906 et
1257 4836 1499 4923 negando
1528 4851 1831 4917 concludit,

249 4950 316 4991 ne
337 4938 458 5007 plus
488 4956 643 5010 aequo
673 4957 782 4997 sua:
814 4942 970 5006 fama:
996 4942 1251 5014 prodigus
1265 4940 1497 4996 Sanctus
1529 4942 1615 4995 llic
1643 4941 1834 4996 doctor

245 5026 535 5098 inlice-tur.
599 5034 797 5089 Verum
855 5034 1137 5089 delicatior
1202 5017 1317 5087 haec
1365 5033 1496 5087 mihi
1572 5033 1685 5086 visa
1747 5041 1833 5087 est

252 5125 483 5192 religio:
542 5126 613 5182 Ut
656 5128 784 5197 quid
828 5126 1067 5181 Auselmi
1105 5125 1494 5182 conscientiam
1535 5132 1829 5179 excutere.
1876 5160 1882 5167 ε

249 5226 405 5281 quem
436 5230 465 5266 a
497 5214 713 5284 pietatis
743 5215 922 5271 studio
954 5216 1245 5270 recessisse
1270 5224 1327 5269 ut
1350 5214 1453 5270 sibi
1500 5213 1823 5282 indulgeret.

214 5302 549 5360 -Eadmerus
607 5307 719 5377 ipse
784 5306 1008 5362 scribit?
1067 5305 1163 5361 Sat
1218 5306 1290 5361 sit
1345 5303 1656 5359 Auselmum
1720 5318 1877 5357 suae.

244 5396 546 5466 iuventutis
599 5400 794 5456 delicta
847 5414 989 5453 vera:
1049 5396 1383 5469 paenitentiae
1433 5395 1693 5466 lacrymis
1744 5393 1828 5449 di—
1872 5442 1883 5450 .

1875 5532 1878 5536 Α
1931 5486 2187 5541 Diversus
2211 5482 2396 5538 titulos
2418 5482 2539 5535 vide
2570 5481 2623 5534 in
2652 5478 2817 5533 variis
2850 5478 3191 5535 lectionibus.

251 5488 414 5547 luisse

319 5580 514 5639 l‘lures
600 5571 820 5652 hujusce
889 5576 1269 5639 meditationis
1313 5579 1610 5637 sententias
1667 5577 1826 5635 habet
1871 5629 1877 5648 τ

249 5685 297 5725 c.
326 5674 418 5819 :9
459 5675 580 5731 libri
635 5676 1038 5734 Meditationum
1069 5716 1085 5747 ,
1115 5675 1206 5748 qui
1246 5673 1305 5732 8.
1347 5673 1651 5746 Augustino
1697 5672 1829 5731 falso

251 5763 317 5818 tri
364 5764 523 5819 uitur.
1327 5780 1331 5784 ‘

251 5763 523 5822 tribuitur.
1327 5780 1331 5784 ·

1912 743 2116 815 Regius,
2149 751 2203 798 et
2219 758 2322 798 ms.
2354 743 2416 797 D.
2442 744 2620 813 Bigot.
2653 745 2787 799 Vide
2813 742 3290 808 variaslectiones.

2345 834 2579 889 Censura
2632 837 2983 890 meditationis
3013 836 3065 889 7.
3116 840 3119 843 ’

1985 927 2115 983 Eam
2129 926 2629 999 PaterRayuaudus
2649 929 2821 989 edidit
2833 927 3188 997 compositam
3201 934 3256 981 et
3269 924 3497 980 diversis

1919 1020 2167 1088 partibus
2194 1019 2402 1089 quzc'in
2432 1018 2554 1089 aliis
2583 1019 2923 1085 orationibus
2981 1018 3231 1087 leguntur
3262 1032 3494 1085 quarutn

1918 1088 2238 1162 S.Auselmi
2263 1116 2346 1162 est
2373 1115 2564 1163 auctor
2591 1106 2882 1161 indubius:
2916 1121 3038 1169 nos,
3092 1105 3163 1161 iis.
3204 1088 3494 1175 sepOSitis,

1918 1196 2067 1252 illam
2097 1197 2346 1252 dedimus
2397 1197 2504 1252 illis
2546 1196 2812 1251 duntaxat
2864 1196 3187 1251 instructam
3224 1210 3346 1265 qua:
3396 1195 3498 1264 ipsi

1918 1297 2046 1346 sunt
2066 1289 2282 1363 propria
2310 1304 2409 1345 nec
2436 1291 2489 1343 in
2527 1288 2647 1344 aliis
2673 1289 3037 1359 reperiuntur.
3245 1308 3251 1319 λ
3364 1292 3371 1301 “

1989 1381 2157 1436 Primi
2188 1382 2294 1437 duo
2322 1379 3501 1449 liujuscemeditatiouis.paragrapltihaben-

1919 1479 2010 1527 tur
2038 1471 2093 1526 in
2145 1487 2248 1527 ms.
2268 1470 2349 1526 ~S.
2401 1471 2561 1526 Mart.
2587 1472 2844 1538 Tornac.,
2881 1469 3035 1539 cujus
3075 1472 3500 1539 transsumptum

1920 1563 2074 1619 nobis
2096 1563 2320 1618 missum
2350 1572 2434 1623 est
2469 1581 2493 1621 :.
2527 1564 2662 1620 duos
2683 1564 2901 1619 aliosin
2933 1563 3080 1619 nullo
3109 1579 3213 1619 ms.
3238 1563 3501 1633 comperi.

1878 1662 1977 1708 iet
2015 1654 2070 1710 in
2123 1652 2239 1709 sola
2285 1652 2349 1709 P.
2404 1653 2685 1724 TheOphili
2746 1654 2850 1710 lide
2902 1654 3120 1725 protuli,
3175 1668 3241 1708 eo
3284 1653 3504 1723 quidem

1920 1743 2174 1800 libentius
2231 1745 2376 1814 quod
2421 1744 2476 1799 in
2535 1745 2616 1800 eis
2640 1753 2878 1801 mentem
2905 1754 2961 1801 et
2985 1745 3219 1817 linguam
3263 1744 3505 1799 Anselmi

1921 1845 2188 1893 noverim.
2394 1851 2400 1857 ’
2661 1866 2666 1870 ·
2756 1848 2809 1865 ”
2860 1870 2865 1875 -
3084 1866 3087 1869 ·
3217 1845 3221 1850 ’
3296 1858 3301 1865 ’
3436 1856 3441 1861 “

1876 1962 1883 1969 ρ
1966 1952 1967 1955 η
1992 1925 2347 1997 Dissimulare
2368 1926 2458 1983 hic
2486 1941 2696 1998 nequeo
2721 1928 2857 2002 duos
2884 1928 3096 1998 priores
3124 1926 3496 1998 paragraphos

1922 2019 2166 2090 integros
2186 2018 2289 2089 legi
2312 2019 2363 2074 in
2387 2019 2526 2075 libro
2551 2019 2627 2074 De
2652 2019 2965 2074 contritione
2991 2018 3188 2083 cordis,
3216 2018 3310 2088 qui
3328 2025 3510 2075 exstat

1922 2110 1977 2165 in
2003 2110 2314 2181 Appenuice
2336 2120 2468 2174 tom.
2504 2109 2576 2166 IX
2602 2109 2836 2181 Operam
2883 2108 2943 2165 8.
2970 2109 3277 2180 Augustini.
3309 2108 3507 2163 Verum

1924 2381 2028 2438 bus
2068 2390 2126 2438 et
2177 2382 2539 2450 orationibus.
2566 2398 2704 2453 quas
2743 2381 2985 2447 Anselmi
3023 2396 3144 2443 esse
3166 2381 3313 2437 omni
3358 2390 3510 2439 certo

1925 2474 2129 2529 certius
2149 2481 2251 2529 est.
2286 2474 2341 2529 ld
2373 2474 2514 2528 inira
2544 2473 3041 2528 demonstrabimus
3065 2472 3117 2526 in
3143 2470 3354 2542 judicio
3386 2468 3510 2524 libri

1876 2614 1883 2619 .
1927 2564 1992 2618 de
2017 2566 2189 2620 cordis
2222 2566 2551 2633 contritione.

2332 2680 2337 2719 j
2385 2655 2618 2725 Censura
2648 2655 3074 2710 meditationis8.
3170 2716 3173 2717 ν

1927 2839 2343 2909 hlioth.;Vatic.
2374 2848 2429 2895 et
2485 2840 2538 2894 in
2593 2854 2655 2894 ea
2700 2838 2836 2894 nihil
2878 2836 3115 2894 occurrit
3139 2836 3198 2892 8.
3257 2835 3515 2892 Auselmo

1928 2931 2237 3005 indignum.
2336 2966 2390 3001 ,ο
2864 2962 2865 2965 η
3198 2950 3201 2953 -

1977 3044 1982 3049 θ
2056 3062 2059 3065 -
2357 3020 2592 3077 Censura
2619 3019 2976 3076 meditationis
3013 3019 3068 3075 9.
3428 3036 3437 3075 1

2002 3112 2130 3170 Haec
2155 3112 2458 3179 meditatio,
2484 3127 2604 3181 qua:
2635 3111 2861 3181 incipit,
2886 3107 3069 3164 'Jesum
3125 3107 3465 3162 Nazarenam
3493 3144 3510 3168 ,

1925 3213 2055 3270 etc.,
2074 3205 2219 3260 inter
2240 3204 2300 3260 S.
2331 3203 2567 3273 Anselmi
2590 3192 2771 3273 Opera
2810 3202 2860 3256 in
2884 3200 3136 3256 omnibus
3157 3196 3514 3266 excusislegi—

1928 3302 2016 3349 tur
2046 3295 2145 3348 sub
2173 3294 2275 3350 hoc
2323 3294 2476 3347 titulo
2510 3311 2524 3346 :
2552 3291 2829 3362 Speculum
2876 3290 3159 3361 evangelici
3214 3288 3511 3352 sermonis;

1929 3385 2087 3450 alias,
2127 3384 2385 3440 Stimulus
2413 3385 2628 3438 amoris.
2651 3384 2707 3436 lu
2741 3399 2839 3437 ms.
2871 3384 2931 3436 D.
2964 3382 3118 3450 Βίεοι
3150 3379 3462 3434 inscribitur
3493 3395 3507 3431 :

1931 3477 2008 3531 De
2041 3477 2397 3540 humanitate;
2436 3476 2487 3528 in
2528 3490 2629 3528 ms.
2663 3473 2897 3528 ()ralorii
2929 3473 3103 3526 Paris.
3134 3472 3277 3526 hunc
3301 3470 3512 3534 titulum

1931 3568 2134 3623 habet:
2173 3565 2384 3637 Passio,
2425 3563 2633 3634 Domini
2688 3563 2853 3618 nostri
2916 3563 3040 3617 Jesu
3081 3561 3302 3627 Christi,
3330 3562 3513 3615 mundi

1931 3659 2263 3723 Saluatoris,
2320 3646 2605 3712 secundum
2662 3656 2726 3710 Β.
2769 3656 3070 3709 Anselmum
3114 3654 3510 3723 arclaiepisc.,ln

1933 3759 2063 3806 tom.
2095 3749 2203 3816 \‘ll,
2233 3750 2468 3818 Operum
2506 3748 2564 3802 8.
2620 3748 2818 3802 Bonav.
2847 3762 2986 3802 unus
3007 3755 3186 3802 exstat
3233 3746 3373 3814 liber
3420 3745 3510 3799 cui

1935 3844 2161 3899 titulus:
2203 3842 2462 3899 Stimulns
2508 3843 2819 3911 _amoris;at
2853 3848 2999 3894 totus
3054 3840 3123 3894 ab
3158 3840 3261 3894 isto
3317 3839 3509 3892 distat.

1933 3935 2127 3991 Fateor
2156 3935 2366 4004 quidem
2397 3935 2538 3998 inter
2572 3920 2629 3986 S.
2683 3930 2940 3985 Beruardi
2988 3929 3166 3998 Opera
3217 3943 3512 3984 occurrere

1934 4027 2073 4082 hanc
2103 4012 2508 4089 meditationem
2529 4022 2889 4090 inscriptam:
2921 4019 3103 4073 Sermo
3160 4020 3225 4073 Β.
3254 4018 3514 4072 Bernurdi

1934 4217 2063 4265 cant
2102 4206 2191 4276 qui
2229 4218 2365 4274 eam
2418 4202 2678 4256 Bel-nardi
2716 4201 2859 4271 style
2917 4199 3137 4267 minime
3186 4201 3514 4269 descriptam

1935 4295 2253 4360 advertunt;
2298 4307 2396 4349 nec
2427 4306 2526 4362 ego
2556 4306 2675 4344 eam
2698 4288 2957 4345 Anselmo
2986 4290 3193 4344 ﬁrmius
3241 4304 3508 4363 asseram,

1935 4402 2057 4443 cum
2088 4387 2140 4441 in
2172 4400 2235 4440 ea
2257 4384 2496 4440 Auseltni
2526 4382 2685 4437 verba
2710 4380 3045 4451 nonlegam;
3080 4381 3133 4434 in
3167 4381 3311 4455 nullo
3333 4390 3513 4453 tamen

1939 4478 2054 4549 ejus
2088 4477 2348 4549 doctrina:
2393 4490 2458 4529 ac
2482 4472 2665 4543 pietati
2717 4478 3002 4541 repugnat,
3048 4479 3101 4524 et
3149 4488 3341 4525 nomen
3397 4469 3515 4540 ejus

1935 4660 1989 4714 in
2013 4658 2284 4729 aliquibus
2320 4671 2455 4712 nzss.

2360 4745 2594 4801 Censura
2623 4745 2975 4801 meditationis
3004 4743 3086 4798 l0.

2006 4837 2232 4896 Ex'ms.
2298 4837 2471 4893 Vatic.
2523 4853 2642 4892 eam
2691 4837 2751 4890 Ρ.
2788 4820 3073 4905 Theopllil.
3129 4835 3326 4906 publici
3378 4834 3517 4906 juris

1936 4932 2091 4992 fecit:
2135 4942 2189 4988 et
2230 4932 2360 4987 mihi
2399 4947 2502 4986 non
2533 4940 2616 4986 est
2662 4929 2803 4985 unde
2828 4928 2975 4984 illam
3016 4928 3075 4985 S.
3120 4914 3358 4984 An‘scltni
3410 4946 3515 4984 non

1934 5042 2056 5083 esse
2070 5020 2329 5096 judicent.
2588 5010 2591 5011 ν
2786 5008 2793 5012 ’
2954 5020 2960 5026 ’

2355 5114 2588 5170 Censura
2625 5112 2983 5168 meditationis
3016 5113 3101 5165 11.

2005 5210 2061 5264 1η
2091 5208 2347 5263 omnibus
2390 5216 2500 5261 tam
2555 5206 2773 5262 excusis
2802 5220 2961 5275 quam
3017 5217 3149 5279 mss.
3179 5200 3237 5256 S.
3271 5203 3514 5259 Anseluu

1933 5300 2374 5359 meditationibus
2424 5298 2539 5354 haec
2585 5298 2801 5368 legitur.
2856 5297 2910 5349 ln
2973 5309 3074 5349 ms.
3133 5294 3206 5348 22
3261 5282 3509 5367 bibliuila.

1931 5392 2178 5465 Lincoln.
2208 5391 2367 5446 habet
2398 5390 2538 5444 hunc
2557 5387 2790 5449 titulum,
2820 5385 2898 5439 De
2913 5386 3228 5440 recreatione
3268 5386 3513 5440 heminis.

2004 5578 2302 5633 Eadmcrus
2335 5575 2370 5626 Ι.
2425 5589 2485 5627 u.
2536 5571 2609 5626 De
2639 5570 2753 5639 ejus
2788 5571 2939 5633 Vita,
2971 5558 3197 5626 testatur
3227 5571 3398 5640 ipsam
3427 5546 3514 5636 fab

1933 5668 2191 5724 Anselmo
2224 5664 2467 5736 Lugduni
2526 5664 2781 5741 scriptam
2823 5678 2942 5718 esse
2973 5679 3114 5718 nullo
3172 5664 3307 5741 1099
3336 5705 3349 5731 ,
3394 5674 3517 5741 post

1934 5762 2125 5817 librum
2163 5759 2234 5813 De
2265 5766 2509 5837 conceptu
2538 5737 2794 5822 rirqinnli,
2832 5765 2937 5811 etc.
3266 5740 3269 5743 Ἰ
