4068 6286
577 339 642 401 31
1572 347 1630 403 8.
1669 345 2038 403 ANSEIMUS
2069 345 2416 402 CANTUAB.
2456 343 2766 401 ARCIIIEP.
3763 339 3830 396 52

873 455 1108 511 Censura
1143 455 1543 512 Heditationum
1572 457 1639 513 l2
1675 469 1722 513 et
1761 460 1848 514 l3.

652 545 885 610 Primus,
920 547 966 602 si
1012 546 1146 602 bene
1205 547 1338 610 scio.
1393 546 1454 602 P.
1498 547 1824 620 Raynaudus
1881 566 1974 606 eas
2013 553 2156 608 inter

584 636 756 694 sancti
803 636 1043 693 Anselmi
1093 638 1466 693 meditationes
1510 641 1783 712 evulgavit
1816 653 1910 696 :et
1941 653 2057 698 'eas
2102 645 2154 698 in

585 727 750 782 unico
784 742 910 791 ms.,
960 727 1104 795 quod
1147 739 1230 784 est
1274 731 1476 788 domini
1531 732 1718 802 Bigot,
1757 731 1815 788 8.
1866 733 2157 790 Anselmus

583 819 1026 876 meditationibus
1101 826 1382 879 accenseri
1450 826 1637 880 didici.
1708 825 1765 880 In
1834 825 2154 881 duodecima

581 911 822 980 phrasim
854 912 1090 968 Anselmi
1139 915 1385 980 adverto,
1436 916 1488 972 in
1519 918 1674 972 tertia
1697 918 1903 972 decima
1959 919 2157 989 Stylum

581 1001 740 1056 video
782 1003 1004 1060 omnino
1033 1005 1332 1076 disparem;
1365 1016 1592 1078 utraque
1620 1018 1794 1064 tamen
1818 1009 1920 1079 piis
1967 1010 2158 1064 menti-

583 1093 685 1149 bus
713 1097 876 1164 sapit.

979 1186 1215 1242 Censura
1269 1190 1627 1245 meditationis
1685 1191 1769 1245 14.

656 1273 806 1329 Hanc
822 1277 993 1330 sancti
1019 1277 1255 1332 Anselmi
1285 1279 1503 1334 nomine
1527 1279 1583 1332 P.
1614 1280 1945 1350 Theophilus
1961 1296 2027 1336 ex
2056 1296 2158 1335 ms.

580 1366 768 1419 codie
795 1365 1046 1435 (collegii,
1079 1376 1137 1420 ut
1161 1377 1308 1436 puto,
1352 1367 1691 1440 Viennensis)
1716 1372 1922 1440 primus
1952 1372 2156 1436 edidit;

582 1455 696 1522 ipsa
727 1457 890 1509 etiam
917 1455 1056 1510 inter
1077 1457 1136 1511 S.
1174 1457 1413 1512 Anselmi
1447 1457 1820 1517 Meditatioues
1843 1463 2084 1516 occurrit
2109 1463 2162 1517 in

587 1561 691 1601 ms.
721 1547 783 1601 Ι).
817 1547 991 1618 Bigot;
1031 1549 1083 1602 in
1107 1548 1228 1602 aliis
1248 1563 1366 1603 eam
1391 1565 1497 1606 non
1535 1551 1662 1623 legi.

657 1640 1060 1695 Observandum
1113 1649 1294 1695 autem
1323 1653 1406 1698 est
1435 1644 1487 1698 in
1535 1660 1599 1699 ea
1653 1646 1919 1700 contineri
1971 1661 2163 1700 novem

587 1734 771 1802 priora
823 1735 1058 1804 capitula
1122 1737 1286 1792 libelli
1328 1737 1419 1806 qui
1467 1736 1717 1792 Manuale
1753 1737 1810 1792 S.
1876 1736 2164 1807 Augustini

2178 469 2224 529 Α
2324 461 2526 515 Auctor
2550 458 2709 528 hujus
2736 456 2898 511 libelli
2927 455 2978 511 in
3011 471 3058 511 c.
3087 456 3185 510 ult.
3210 457 3414 512 fatetur
3429 456 3595 514 se'his
3624 456 3829 512 media-

2261 551 2496 606 tionibus
2535 548 2612 603 De
2666 548 2857 602 divinis
2914 547 3193 616 beneﬁciis,
3250 545 3560 615 adjunxisse
3614 545 3828 601 vivendi

2259 643 2486 698 formam
2510 657 2671 712 quam
2695 654 2791 712 per
2817 639 2890 695 46
2931 639 3167 709 capitula
3193 639 3266 695 ibi
3297 639 3658 710 praescripsit;
3687 635 3831 694 unde

2259 735 2321 790 ﬁt
2345 735 2566 790 evidens
2590 750 2755 789 unum
2796 747 2916 789 esse
2939 741 2996 789 et
3036 733 3194 788 istius
3231 733 3448 789 vivendi
3481 731 3726 789 formulae
3776 739 3832 787 et

2257 827 2485 884 istarum
2511 826 2912 884 meditationem
2942 833 3241 881 auctorem.

2679 917 2914 973 Censura
2937 917 3293 972 meditationis
3317 918 3406 973 18.

2332 1011 2408 1065 Ex
2440 1025 2540 1066 ms.
2557 1009 2768 1080 collegii
2814 1010 3138 1066 Viennensis
3165 1008 3224 1063 P.
3251 1007 3537 1079 Tthphil.
3557 1049 3572 1074 ,
3597 1015 3659 1062 ut
3681 1006 3757 1062 ait
3780 1006 3836 1061 in

2264 1104 2584 1175 praelatione
2609 1103 2675 1157 ad
2701 1100 3039 1168 Mantissam,
3090 1101 3233 1157 hanc
3279 1101 3424 1156 inter
3453 1099 3586 1155 alias
3625 1112 3834 1163 omnes,

2265 1205 2322 1250 ut
2353 1203 2538 1261 vocat,
2565 1193 2899 1257 faculas,seu
2932 1192 3164 1262 alloquia
3188 1191 3362 1246 sancti
3398 1188 3640 1246 Anselmi
3677 1190 3727 1242 in
3755 1187 3838 1240 lu-

2263 1301 2381 1342 ccm
2410 1286 2614 1355 primus
2636 1284 2836 1339 emisit.
2871 1283 3041 1353 Hujus
3084 1283 3298 1337 initium
3335 1282 3535 1352 legitur
3570 1280 3623 1334 in
3664 1279 3837 1348 prima

2264 1385 2418 1446 parte
2444 1389 2564 1444 cap.
2605 1374 2671 1428 18
2704 1373 2824 1428 libri
2867 1372 3275 1428 Meditationum
3303 1373 3392 1444 qui
3447 1371 3590 1426 inter
3651 1368 3836 1424 sancti

2264 1467 2551 1538 Augustini
2575 1482 2738 1538 Opera
2768 1466 3022 1522 volvitur.

2335 1563 2412 1618 De
2456 1561 2600 1616 illius
2652 1569 2874 1616 auctore
2903 1561 3008 1616 hoc
3042 1575 3209 1614 unum
3239 1559 3424 1620 scitur,
3451 1556 3593 1629 quod
3635 1555 3838 1611 viveret

2270 1651 2323 1706 in
2353 1651 2618 1708 societate
2664 1650 2892 1704 fratrum
2933 1648 3130 1719 quibus
3174 1657 3437 1720 prmerat;
3472 1648 3525 1702 id
3567 1647 3709 1702 enim
3768 1645 3840 1700 ibi

2270 1742 2516 1811 pluribus
2573 1740 2796 1795 indicat.
2843 1739 2991 1798 Nihil
3041 1749 3220 1795 autem
3273 1740 3325 1794 in
3347 1755 3410 1794 ea
3442 1737 3698 1808 estquod
3731 1736 3841 1790 An-

586 1826 748 1896 vulgo
772 1827 988 1884 dicitur.
1024 1828 1178 1885 Unde
1221 1830 1380 1886 istius
1428 1829 1573 1896 libri,
1601 1829 1742 1884 sicut
1772 1837 1826 1883 et
1856 1826 2165 1883 Meditatio-
2197 1807 2241 1861 Β
2267 1807 2497 1886 selmum
2540 1846 2644 1885 non
2679 1831 2875 1900 sapiat,
2914 1830 3058 1885 unde
3095 1830 3164 1885 ab
3203 1828 3480 1897 Anselmo,
3528 1807 3654 1882 dum
3709 1825 3840 1880 Bec-

591 1933 754 1984 num,
806 1928 862 1975 et
902 1919 1024 1974 libri
1059 1919 1134 1976 De
1185 1922 1500 1975 contritione
1541 1921 1750 1988 cordis,
1797 1920 1980 1976 crisim
2025 1919 2164 1974 infra

589 2009 858 2066 dabimus.

839 2102 1072 2159 Censura
1106 2104 1510 2160 Meditationum
1557 2105 1645 2172 15,
1680 2105 1747 2160 16
1785 2114 1834 2160 et
1858 2105 1946 2160 17.

661 2191 833 2248 Unica
861 2195 911 2248 in
938 2204 1048 2251 tres
1084 2205 1269 2266 partes
1292 2197 1580 2252 distributa
1610 2205 1789 2253 exstat
1821 2198 1874 2251 in
1927 2196 2168 2252 editione

592 2283 938 2353 Lugdunensi
967 2303 1055 2341 an.
1083 2287 1240 2352 1650,
1255 2303 1416 2358 quam
1445 2303 1544 2343 nos
1574 2289 1626 2342 in
1653 2296 1762 2343 tres
1793 2288 2168 2343 meditationes

593 2376 899 2433 divisimus.
933 2379 1067 2435 Huic
1116 2379 1179 2434 P.
1219 2379 1466 2450 Theoph.
1496 2395 1563 2436 ex
1592 2395 1694 2435 ms.
1724 2381 1952 2451 primam
1989 2380 2167 2436 lucem

592 2469 774 2535 dedit,
800 2480 851 2527 et
875 2487 993 2526 eam
1027 2474 1094 2527 ab
1110 2473 1365 2528 Anselmo
1395 2473 1462 2529 ad
1483 2488 1722 2529 sororem
1745 2489 1896 2529 suam
1911 2473 2170 2528 directam

593 2562 805 2617 scribit.
835 2562 962 2620 Mihi
994 2565 1210 2634 quidem
1240 2573 1389 2620 certo
1421 2565 1788 2619 renuntiatum
1811 2575 1894 2620 est
1923 2563 2169 2632 triparti-

596 2658 706 2704 tam
740 2652 879 2708 banc
909 2654 1403 2712 meditationem'ad
1428 2671 1673 2712 sororem
1697 2655 1890 2712 haberi
1919 2655 1974 2710 in
2005 2669 2172 2724 smpe-

593 2740 727 2798 fato.
777 2760 882 2802 ms.
915 2745 1184 2821 D.Bigot;
1211 2764 1311 2822 ego
1335 2763 1466 2806 vero
1489 2763 1576 2805 me
1605 2747 1754 2805 illam
1798 2748 1853 2804 in
1877 2747 2026 2802 nullo
2053 2759 2168 2804 ms.

593 2836 789 2908 legisse
811 2837 1001 2894 fateor.

667 2931 747 2988 De
795 2932 1008 2987 itlarum
1063 2941 1286 2990 auctore
1341 2943 1549 2990 certum
1581 2942 1664 2990 est
1695 2953 1709 2988 :
1745 2931 1798 2988 l.
1828 2947 1952 2988 eum
2006 2930 2172 2987 fuisse

595 3021 821 3078 fratrem
843 3023 987 3078 illius
1025 3024 1250 3094 virginis
1277 3027 1344 3078 ad
1376 3039 1537 3095 quam
1589 3023 1808 3079 directa:
1834 3032 1991 3088 sunt;
2055 3021 2171 3092 ipse

2266 1937 2430 1978 cense
2457 1921 2762 1978 coenobium
2793 1930 3025 1994 regeret,
3049 1935 3170 1976 eam
3194 1920 3454 1992 scriptam
3510 1932 3631 1974 esse
3683 1916 3842 1971 facile

2266 2014 2612 2072 crediderim.

2689 2105 2925 2163 Censura
2946 2104 3300 2160 meditationis
3333 2103 3418 2159 19.

2338 2197 2552 2254 Primus
2582 2213 2703 2254 eam
2726 2214 2792 2254 ex
2828 2213 2932 2253 ms.
2947 2196 3197 2253 Vatican.
3229 2195 3397 2252 edidit
3421 2193 3482 2248 P.
3511 2190 3839 2262 Raynaldus.

2267 2291 2441 2362 Ipsam
2470 2307 2569 2346 nos
2593 2306 2660 2347 ex
2686 2306 2787 2346 ms.
2813 2289 2874 2346 8.
2905 2289 3066 2345 Mart.
3091 2289 3324 2344 Tornac.
3341 2286 3664 2357 castigatam
3695 2281 3845 2338 dedi-

2270 2402 2410 2442 mus.
2438 2384 2694 2441 Anselmo
2715 2398 2938 2454 prorsus
2954 2383 3116 2454 digna
3139 2389 3242 2437 est.

2691 2474 2925 2530 Censura
2955 2473 3304 2528 meditationis
3331 2469 3422 2527 20.

2339 2566 2485 2622 Inter
2509 2565 2565 2622 S.
2585 2565 2832 2620 Anselmi
2867 2565 3141 2620 orationes
3167 2562 3281 2618 haec
3294 2563 3524 2617 habetur
3552 2555 3847 2613 inms.267

2269 2658 2522 2715 biblioth.
2575 2657 2837 2725 Thuanae,
2871 2673 2940 2713 ex
3001 2671 3110 2728 quo
3169 2656 3343 2726 ipsam
3392 2653 3533 2726 typis
3575 2651 3844 2708 dedimus.

2272 2749 2398 2806 Haec
2427 2751 2600 2806 sancti
2631 2749 2870 2807 Anselmi
2900 2749 3204 2806 doctrinam
3231 2762 3296 2803 ac
3320 2745 3646 2820 pietatemin
3674 2741 3850 2799 omni-

2271 2848 2374 2906 bus
2395 2845 2668 2916 exprimit.

2701 2935 2935 2992 Censura
2964 2931 3313 2988 meditationis
3339 2927 3421 2983 21.

2343 3029 2496 3084 llanc
2523 3043 2630 3083 non
2678 3025 2825 3081 aliud
2879 3039 3082 3079 censeo
3103 3037 3263 3092 quam
3296 3018 3515 3091 pietatis
3569 3012 3735 3073 ﬂores
3779 3028 3848 3070 ex

595 3113 743 3168 enim
774 3114 827 3168 in
882 3115 1118 3170 secunda
1165 3114 1404 3170 declarat
1426 3114 1569 3183 quod
1593 3130 1688 3172 eos
1721 3115 1860 3170 idem
1900 3124 2053 3184 pater
2079 3131 2171 3186 ge-
2199 3117 2551 3204 C.Proslogio
2578 3117 2691 3173 sive
2717 3115 2786 3170 ab
2819 3115 2934 3183 ipso
2957 3111 3236 3178 Anselmo,
3270 3109 3385 3164 sive
3425 3108 3494 3162 ab
3530 3105 3638 3160 alio
3686 3103 3852 3160 culleo

597 3205 796 3262 nuerit.
831 3203 972 3259 idem
1023 3215 1212 3261 venter
1255 3207 1565 3277 complexus
1587 3215 1690 3271 est,
1725 3206 1910 3262 eadem
1961 3208 2172 3262 viscera

597 3292 988 3363 profuderunt;
1017 3293 1071 3348 2.
1102 3311 1225 3350 eum
1255 3296 1306 3349 in
1327 3295 1630 3364 juventutis
1658 3296 1786 3350 vitia
1841 3297 2170 3366 prolapsum.

599 3395 660 3440 ut
687 3391 877 3441 eodem
939 3386 1041 3442 loci
1089 3388 1188 3458 ipsi
1233 3388 1466 3455 fatetur;
1514 3391 1568 3444 5.
1601 3390 1781 3460 ipsum
1808 3390 2022 3444 tandem
2080 3389 2174 3443 Dei

600 3478 970 3533 misericordia
1003 3494 1033 3533 a
1060 3480 1262 3535 saeculo
1296 3495 1418 3536 esse
1447 3495 1797 3546 conversum;
1825 3481 1879 3536 4.
1909 3482 2051 3552 quod
2114 3480 2176 3534 il-

598 3565 704 3622 lius
726 3582 881 3622 soror
905 3569 958 3622 in
990 3569 1317 3639 virginitatis
1342 3571 1617 3642 proposito
1647 3571 1874 3637 viveret,
1924 3580 1981 3624 ut
2009 3570 2061 3623 in
2093 3569 2178 3624 his

601 3667 788 3728 aperte
809 3660 1162 3730 significatur.

668 3751 740 3806 At
779 3750 837 3806 8.
860 3752 1149 3808 Anselmus
1178 3752 1390 3806 unicam
1429 3767 1670 3809 sororem
1693 3752 1951 3807 habuisse
1981 3753 2174 3818 scitur,

603 3844 827 3900 nomine
851 3844 1162 3910 Richeram,
1193 3860 1312 3914 quae
1359 3845 1544 3914 nupsit
1599 3844 1928 3913 Burgondio,
1966 3858 2032 3898 ex
2069 3859 2178 3913 quo

602 3935 770 3992 filium
796 3936 980 4005 genuit
1004 3936 1089 3991 cui
1111 3935 1351 3990 Anselmi
1382 3950 1577 3991 nomen
1635 3935 1942 4004 impositum
1989 3943 2094 3989 est.
2124 3934 2178 3989 Id

603 4034 874 4081 testantur
910 4026 1091 4096 plures
1128 4026 1372 4098 epistolae
1399 4025 1470 4081 ab
1492 4025 1766 4097 .Anselmo
1823 4025 1889 4081 ad
1939 4025 2179 4096 But-gon-

603 4120 783 4186 dium,
835 4127 892 4175 et
937 4120 1005 4176 ad
1036 4119 1325 4175 Richeram
1353 4126 1410 4174 et
1461 4119 1530 4174 ad
1571 4117 1884 4174 Anselmum
1927 4128 2177 4189 nepotem

601 4212 840 4281 scriptae.
867 4211 924 4266 ln
951 4226 1135 4266 earum
1165 4225 1295 4276 una,
1321 4225 1440 4280 quae
1464 4219 1548 4265 est
1575 4209 1642 4264 67
1670 4209 1706 4263 l.
1739 4224 1823 4275 ut,
1852 4210 2024 4264 sorori
2069 4223 2179 4264 suze

603 4303 796 4357 scribit
823 4302 1094 4357 neminem
1127 4317 1268 4366 esse,
1298 4310 1525 4370 excepto
1548 4298 1665 4369 ejus
1687 4301 1825 4365 viro,
1856 4302 2006 4368 cujus
2033 4301 2180 4355 saltt-

604 4404 714 4450 tem
749 4403 956 4449 tantum
985 4410 1143 4450 nosse
1166 4405 1221 4449 et
1252 4394 1441 4448 audire
1469 4395 1583 4464 ipsa
1610 4391 1885 4447 desiderat
1912 4401 2176 4463 quantum

603 4503 758 4543 suam
785 4496 838 4542 et
871 4485 962 4542 filii
987 4488 1103 4553 sui;
1134 4487 1261 4557 quia
1306 4484 1420 4555 ipse
1455 4483 1644 4538 unicus
1663 4483 1778 4552 ejus
1801 4481 1970 4538 frater
1995 4491 2098 4546 est,
2125 4491 2179 4537 et
2209 4483 2256 4542 D

606 4577 698 4634 ille
731 4579 922 4633 unicus
968 4575 1083 4645 ejus
1139 4577 1280 4631 filius
1314 4594 1327 4629 :
1363 4591 1481 4645 qua:
1521 4589 1628 4629 non
1661 4575 1890 4629 obscure
1938 4574 2180 4629 indicant

607 4687 716 4726 nou
755 4671 918 4726 aliam
947 4669 1112 4724 fuisse
1139 4667 1198 4723 S.
1223 4667 1462 4722 Anselmi
1490 4681 1767 4731 sororem;
1802 4665 1846 4721 si
1895 4680 2002 4735 qua
2035 4665 2178 4719 enim

605 4764 818 4830 fuisset,
875 4762 1157 4816 Anselmus
1201 4776 1306 4814 non
1337 4769 1480 4814 esset
1515 4767 1637 4828 post
1689 4758 1942 4812 maritum
1989 4758 2178 4812 unicus

605 4858 697 4929 qui
729 4873 853 4911 cum
881 4863 1074 4924 nepote
1098 4869 1196 4909 suo
1223 4869 1251 4907 a
1283 4853 1511 4907 Richera
1545 4851 1703 4905 unice
1739 4850 2076 4920 diligeretur.
2122 4848 2178 4902 ld

607 4966 770 5005 unum
793 4947 1044 5020 prohibet
1067 4948 1190 5016 quin
1217 4943 1430 5001 credant
1447 4944 1516 4999 ab
1539 4942 1796 5009 Anselmo
1817 4942 2046 5012 scriptas
2063 4952 2181 4994 esse

607 5042 738 5097 istas
766 5037 1158 5095 meditationes.

677 5131 907 5197 Quidam
929 5143 1025 5183 eas
1048 5126 1104 5180 S.
1135 5127 1438 5197 Augustino
1473 5123 1815 5194 ascripsere;
1860 5130 1915 5178 et
1959 5119 2178 5190 quidem

609 5223 664 5278 in
700 5221 880 5277 libello
918 5222 993 5277 De
1043 5222 1146 5275 vita
1193 5221 1394 5275 eremit.
1433 5223 1501 5272 ad
1544 5233 1806 5283 sororem,
1858 5231 1906 5269 e.
1961 5213 2051 5280 47,
2113 5211 2181 5266 ad

608 5313 774 5370 finem
826 5326 939 5369 tres
993 5315 1111 5370 ista:
1147 5328 1215 5368 ex
1256 5313 1465 5382 integro
1515 5311 1788 5381 leguntur.
1841 5307 2038 5362 Verum
2085 5320 2183 5360 nec

608 5407 768 5464 istius
801 5406 962 5461 libelli
992 5406 1321 5476 Augustinus
1351 5412 1538 5458 auctor
1566 5411 1669 5467 est,
1699 5400 1792 5458 sed
1817 5399 2013 5468 aliquis
2053 5411 2181 5452 san-

609 5511 698 5557 cto
719 5500 1010 5556 Benedicto
1035 5507 1084 5552 et
1125 5507 1314 5553 sancto
1343 5495 1837 5568 Gregoriojunior;
1872 5492 2015 5546 illius
2037 5491 2181 5546 enim

615 5593 863 5648 meminit
913 5591 966 5646 iu
997 5606 1045 5646 c.
1095 5590 1159 5644 M
1186 5598 1241 5646 et
1292 5590 1379 5655 19,
1409 5599 1464 5644 et
1488 5589 1643 5643 istius
1697 5587 1750 5641 in
1787 5601 1836 5641 c.
1881 5584 1972 5638 46.
1997 5583 2182 5655 Adjicc

611 5684 753 5752 quod
778 5684 828 5738 in
860 5681 1005 5738 nullo
1028 5697 1094 5737 ex
1121 5679 1515 5751 antiquioribus
1540 5678 1711 5734 sancti
1739 5677 2018 5750 Augustini
2047 5692 2178 5734 mss.

614 5775 666 5831 id
688 5775 863 5845 operis
892 5775 1218 5846 descriptum
1255 5759 1574 5842 reperiatur.

2278 3219 2426 3277 ctos;
2451 3219 2505 3264 et
2533 3209 2605 3264 ita
2635 3207 2779 3264 omni
2797 3206 2921 3276 jure
2947 3203 3205 3260 Anselmo
3220 3201 3516 3258 ascribitur
3542 3200 3594 3254 in
3609 3197 3849 3269 pluribus

2278 3318 2408 3358 mss.
2441 3318 2505 3358 ac
2528 3302 2580 3356 in
2611 3300 2674 3357 P.
2707 3298 2989 3369 Theophili
3019 3297 3276 3359 editione,

2723 3390 2929 3447 Censor
3027 3388 3367 3444 ORM‘IONCI.

2749 3481 2982 3536 Censura
3017 3478 3272 3533 orationis
3299 3477 3351 3531 1.

2348 3577 2392 3631 Α
2417 3576 2478 3631 Ρ.
2509 3576 2681 3647 Rayn.
2711 3587 2778 3628 ex
2801 3588 2903 3629 ms.
2930 3571 3052 3627 coll.
3101 3571 3257 3627 Vien.
3314 3568 3548 3640 primum
3596 3565 3850 3635 evulgata

2277 3678 2382 3734 est,
2413 3683 2513 3724 nec
2533 3683 2652 3722 eam
2678 3667 2730 3721 in
2756 3666 2880 3722 ullis
2906 3666 3021 3721 sive
3045 3665 3260 3720 excusis
3289 3663 3404 3718 sive
3428 3677 3559 3716 mss.
3586 3659 3851 3730 comperi.

2278 3762 2528 3814 Attamen
2583 3759 2652 3813 ab
2676 3757 2916 3812 Anselmi
2965 3757 3104 3830 Stylo
3137 3771 3241 3810 non
3270 3755 3455 3818 distat,
3480 3763 3533 3808 et
3575 3765 3853 3808 auctorem

2280 3867 2434 3907 suum
2465 3851 2740 3921 proposito
2768 3857 2823 3904 et
2851 3849 3037 3904 habitu
3064 3847 3340 3918 religionis
3363 3845 3664 3917 distinguit.

2738 3959 2973 4016 Censura
2999 3959 3252 4014 orationis
3301 3957 3356 4012 9.

2349 4072 2468 4145 Ipsa
2494 4073 2547 4129 in
2574 4073 2790 4130 excusis
2816 4073 2982 4129 etiam
3007 4070 3407 4142 antiquioribus
3437 4078 3637 4133 exstat,
3693 4068 3849 4138 quasi

2280 4179 2408 4234 pars
2435 4165 2718 4230 orationis,
2781 4179 2902 4234 quae
2961 4162 3190 4233 incipit;
3240 4161 3382 4216 Deus
3406 4177 3573 4227 meus,
3599 4160 3669 4212 da
3708 4159 3856 4212 cordi

2281 4271 2427 4319 meo,
2451 4265 2556 4310 etc.
2593 4254 2701 4309 Nos
2730 4268 2848 4308 eam
2873 4252 2943 4307 ab
2990 4251 3080 4306 illa
3099 4267 3206 4306 non
3237 4249 3600 4320 sejunximus,
3654 4246 3760 4299 nisi
3797 4257 3858 4300 ut

2281 4359 2372 4398 eas
2415 4359 2533 4412 quae
2583 4343 3052 4413 compunctionem
3078 4341 3337 4403 excitant,
3367 4338 3470 4392 illis
3490 4337 3856 4407 praemittere-

2283 4448 2404 4487 mus
2423 4447 2543 4502 qua:
2574 4433 2639 4487 ad
2654 4433 2881 4486 virtutes
2909 4429 3347 4499 impenetrandas
3363 4436 3489 4482 sunt
3513 4427 3852 4496 compositae.

2696 4521 2749 4586 7,
2775 4522 2948 4577 8libri
2976 4519 3408 4585 Meditationum,
3430 4519 3518 4588 qui
3551 4519 3854 4588 Augustino

2282 4612 2418 4669 falso
2481 4613 2755 4680 tribuitur»,
2805 4621 3060 4668 constant
3111 4626 3180 4667 ex
3243 4611 3348 4666 ista
3395 4610 3678 4672 oratione,
3733 4621 3856 4676 quae

2283 4713 2463 4758 tamen
2493 4703 2545 4758 in
2583 4719 2685 4758 ms.
2722 4714 2778 4758 et
2827 4703 2878 4758 in
2905 4701 3156 4758 omnibus
3201 4701 3419 4758 excusis
3476 4699 3535 4755 S.
3589 4698 3852 4753 Anselmo

2282 4794 2592 4849 ascribitur.
2622 4793 2753 4849 Vide
2782 4791 2922 4847 infra
2963 4791 3236 4862 judicium
3285 4792 3444 4846 istius
3472 4790 3635 4846 libelli
3684 4786 3852 4842 Medi-

2210 4920 2218 4931 .
2285 4885 2569 4942 talionum.

2599 4976 2834 5032 Censura
2857 4975 3113 5031 orationis
3137 4975 3192 5042 5,
3229 4973 3282 5042 4,
3315 4973 3365 5038 5,
3401 4973 3455 5039 6,
3481 4973 3536 5027 7.

2351 5091 2496 5145 Inter
2520 5090 2577 5146 8.
2618 5087 2856 5144 Anselmi
2897 5087 3180 5143 orationes
3228 5086 3312 5140 hae
3345 5085 3598 5155 leguntur
3634 5084 3689 5136 in
3717 5097 3850 5135 mss.

2282 5198 2403 5252 quae
2433 5182 2487 5236 in
2519 5180 2686 5235 variis
2714 5180 3040 5235 lectionibus
3089 5177 3399 5240 notavimus
3433 5191 3446 5228 :
3479 5173 3676 5243 quibus
3713 5171 3853 5225 adde

2285 5289 2387 5329 ms.
2418 5273 2479 5327 Ι).
2501 5271 2675 5342 Bigot,
2701 5281 2759 5327 et
2787 5287 2889 5326 ms.
2913 5267 3236 5334 coll.V’ien.,
3255 5282 3321 5321 ex
3354 5280 3461 5335 quo
3483 5277 3576 5318 eas
3601 5262 3660 5316 P.
3678 5262 3852 5332 Rayn.

2283 5367 2492 5437 primus
2519 5364 2709 5422 edidit.
2743 5363 2941 5433 Quinta
2965 5370 3071 5420 est.
3099 5377 3149 5418 c.
3180 5360 3250 5418 54
3275 5357 3486 5430 praal'ati
3529 5356 3652 5411 libri
3686 5355 3855 5410 Medi-

2290 5459 2577 5514 tationum.

2769 5547 3006 5604 Censura
3028 5543 3278 5600 orationis
3315 5543 3368 5598 8.

2354 5668 2411 5722 ln
2448 5682 2550 5722 ms.
2578 5662 2826 5722 biblioth.
2860 5662 2918 5718 S.
2959 5658 3173 5714 Martini
3196 5657 3427 5713 Tornac.
3465 5653 3712 5724 leguntur
3740 5649 3856 5719 plu-

2287 5777 2370 5818 res
2407 5760 2461 5815 8.
2493 5757 2730 5816 Anselmi
2759 5753 3190 5820 lamentationes,
3223 5752 3323 5807 hoc
3348 5755 3433 5805 est
3459 5747 3859 5807 meditat'ones.
