4068 6286
231 288 291 344 as
1262 287 1581 345 causam
1620 259 1902 343 ornabit
1946 284 2004 340 s.
2047 282 2374 339 ANSELMI.
3377 288 3446 348 ss
3494 298 3509 303 ’

230 404 356 456 inter
381 413 506 469 quas
536 397 919 466 bacchabatur,
960 414 1119 470 quam
1149 399 1216 455 ad
1244 416 1342 455 nos
1398 402 1769 458 transmissau'.
1797 411 1846 467 Α
1873 413 1992 455 esse
2017 399 2184 467 probe
2204 399 2353 454 novit
2396 398 2640 470 quisquis
2687 399 2740 454 in
2780 400 2896 471 ejus
2930 400 3163 457 lectione
3205 411 3451 462 versatus

227 492 540 563 protulimus.

287 580 458 638 Oratio
478 580 511 636 9
539 581 725 638 eadem
747 591 831 638 est
854 598 919 639 ac
946 583 1001 649 2,
1026 584 1178 654 cujus
1207 584 1331 642 vide
1361 599 1663 641 censuram

678 672 913 729 Censura
936 676 1187 731 orationis
1214 676 1301 731 10.

283 761 397 817 Haec
430 760 662 817 confecit
700 772 934 832 quatuor
968 764 1149 834 priora
1202 765 1430 836 capitula
1460 765 1669 835 praefati
1710 766 1772 821 li-

220 851 328 907 belli
350 851 774 906 Meditationum.
804 852 1054 910 Attamen
1079 869 1267 910 onmes
1286 856 1450 910 etiam
1498 856 1742 926 antiqu'o

220 956 294 996 res
321 940 715 997 Mcditationum
733 941 792 997 8.
810 944 1047 999 Anselmi
1070 945 1518 1017 editionesipsam
1547 945 1769 1013 habent;

217 1048 304 1088 nec
330 1047 430 1088 non
459 1048 561 1089 ms.
589 1032 798 1089 Thuan.
823 1035 928 1090 267
955 1043 1008 1091 et
1035 1052 1135 1092 ms.
1168 1038 1356 1109 colleg.
1397 1027 1594 1094 Vienn.

657 1119 891 1178 Censura
944 1126 1202 1181 orationis
1226 1127 1313 1180 11.

274 1220 410 1269 inter
431 1211 485 1270 8.
523 1213 766 1270 Anselmi
789 1217 1062 1271 orationes
1088 1216 1283 1288 legitur
1311 1217 1426 1273 hate
1448 1217 1501 1273 in
1529 1218 1773 1290 pluribus

212 1316 327 1357 mss.
362 1302 412 1356 in
434 1303 630 1372 quibus
665 1305 909 1361 diversos
934 1307 1098 1362 habet
1127 1307 1331 1374 titulos,
1359 1318 1417 1363 ut
1445 1309 1773 1365 viderelieet

214 1389 260 1443 in
284 1390 439 1445 variis
456 1391 794 1448 lectionibus.
823 1393 881 1448 In
909 1408 1013 1450 ms.
1043 1395 1108 1450 D.
1127 1393 1279 1468 Bigot
1306 1398 1420 1452 haec
1449 1401 1625 1453 oratio
1651 1398 1771 1454 aliis

212 1480 403 1536 duabus
432 1483 714 1554 conjuncta
748 1494 854 1540 est.
893 1485 1026 1541 Eam
1064 1503 1134 1543 ex
1174 1503 1276 1545 ms.
1321 1488 1498 1545 Vatic.
1535 1490 1598 1546 P.
1628 1490 1772 1562 [lay-

212 1572 340 1628 naldi
380 1574 587 1644 primus
616 1575 884 1647 publicam
910 1579 1061 1635 fecit.

545 1666 779 1723 Censura
800 1669 1114 1726 Orationum
1167 1672 1235 1727 12
1255 1681 1303 1727 et
1327 1673 1412 1728 l5.

1874 500 1977 546 est.
2001 490 2152 557 Quod
2174 499 2352 545 autem
2385 492 2499 547 hinc
2542 492 2683 546 inter
2731 491 2957 549 Joannis
2993 494 3206 550 abbatis
3259 494 3451 552 Fiscu-

1874 581 2059 636 nensis
2087 580 2172 651 pia
2221 582 2549 638 collectanea
2606 584 2909 653 reperiatur
2958 586 3010 640 in
3064 585 3445 655 Metensims.,

1873 672 2002 742 quid
2035 686 2368 742 consequens
2403 684 2508 741 est,
2575 675 2678 729 nisi
2734 676 2983 732 abbatem
3033 677 3198 743 hunc,
3252 679 3343 748 qui
3384 695 3447 736 ea

1873 762 2049 817 adhuc
2070 771 2232 817 tetate
2256 764 2473 834 vigebat
2512 780 2616 834 qua
2646 782 2673 820 a
2704 767 2761 823 8.
2794 768 3052 825 Anselmo
3078 769 3293 839 plurimi
3334 771 3450 841 pias

1872 868 2009 923 quas
2063 865 2472 926 composuerat,
2516 858 2792 915 orationes
2852 861 3236 931 deposcebant,
3280 865 3351 920 ah
3381 879 3448 920 co

1874 946 2054 1011 istam,
2097 932 2367 1019 accepisse
2414 955 2471 1003 et
2507 960 2785 1020 acceptam
2815 953 3270 1023 ascripsisse?ch
3308 954 3447 1012 infra

1872 1050 2060 1091 sumus
2083 1036 2524 1094 demonstraturi.

1946 1123 2180 1182 Censura
2207 1128 2502 1183 orationum
2524 1129 2613 1196 50,
2646 1131 2735 1199 5|,
2766 1132 2856 1199 52,
2884 1133 2977 1199 55,
3000 1132 3091 1200 54,
3122 1135 3193 1191 55
3213 1146 3261 1190 et
3286 1136 3374 1192 56.

1943 1215 2054 1273 llas
2100 1233 2287 1274 omnes
2323 1218 2384 1274 P.
2438 1220 2716 1293 Raynaud.
2778 1237 2846 1279 ex
2875 1241 2979 1281 ms.
3035 1227 3194 1285 Vien.
3242 1230 3449 1297 primus

1872 1307 2331 1366 edidittricesima
2354 1313 2511 1368 tertia
2536 1313 2735 1385 legitur
2779 1317 2944 1371 etiam
2979 1318 3032 1374 in
3061 1334 3164 1374 ms.
3196 1320 3260 1375 Ι).
3293 1321 3452 1393 Bignt

1871 1399 1973 1454 sub
2024 1402 2125 1455 hoc
2148 1401 2305 1457 titulo
2334 1420 2349 1457 :
2381 1402 2566 1458 Oratio
2610 1405 2934 1478 apologetica
2976 1410 3145 1464 sancti
3191 1411 3446 1468 Anselmi.

1873 1491 2146 1549 tricesima
2193 1505 2387 1565 quarta
2439 1511 2568 1552 vero
2630 1507 2810 1553 exstat
2864 1499 2917 1555 in
2953 1516 3054 1556 ms.
3086 1502 3276 1558 Thuan
3305 1515 3358 1559 ct
3391 1506 3447 1561 in

1869 1600 1974 1642 ms.
1997 1585 2181 1653 Becc.,
2213 1597 2272 1644 ut
2295 1588 2350 1645 in
2386 1591 2550 1646 variis
2573 1591 2894 1648 lectionibus
2922 1594 3301 1653 indicavimus.

2106 1677 2340 1733 Censura
2369 1682 2667 1735 orationum
2693 1682 2783 1749 57,
2815 1683 2903 1750 '58,
2925 1684 2996 1739 59
3029 1696 3077 1739 et
3122 1685 3211 1741 40.

269 1754 326 1810 Ρ.
350 1755 592 1826 Theoph.
643 1776 711 1816 ex
759 1776 861 1816 ms.
897 1762 1092 1818 Vienn.
1147 1764 1354 1834 primus
1393 1780 1486 1821 eas
1533 1765 1673 1822 inter
1704 1766 1764 1821 8.
1799 1751 1843 1807 Β
1940 1765 2014 1820 Ex
2048 1781 2150 1821 ms.
2181 1767 2610 1825 Corbeiensiloo
2632 1772 2748 1827 illas
2763 1774 2960 1843 publici
2979 1773 3121 1844 juris
3146 1777 3368 1832 fecimus
3394 1786 3449 1832 et
3480 1804 3485 1823 ς

206 1846 430 1904 Anseltni
452 1849 683 1922 alioquin
704 1854 993 1909 recensuit.

654 1940 889 1997 Censura
932 1944 1185 1999 orationis
1215 1945 1298 1999 14.

264 2027 451 2084 Exstat
481 2030 595 2086 haec
630 2031 683 2087 in
708 2032 957 2087 omnibus
983 2034 1215 2096 excusis,
1239 2042 1295 2089 et
1318 2036 1369 2089 in
1394 2050 1495 2091 ms.
1524 2036 1586 2090 D.
1614 2036 1768 2109 Bigot

201 2131 257 2172 ac
280 2117 331 2172 in
360 2135 463 2174 ms.
491 2118 706 2176 Thuan.
732 2129 787 2177 et
814 2122 865 2177 in
891 2138 995 2179 ms.
1025 2124 1179 2179 Vien.
1206 2124 1321 2195 Ipsa
1354 2135 1530 2182 tamen
1558 2137 1639 2182 est
1668 2130 1758 2185 c.9

200 2221 333 2279 saepe
361 2208 459 2263 fati
499 2209 658 2265 libelli
691 2210 1125 2282 Meditatiouum,
1170 2216 1321 2287 cujus
1344 2218 1481 2275 infra
1504 2219 1764 2291 judicium

197 2296 464 2353 dabimus.

647 2390 882 2448 Censura
930 2397 1181 2451 orationis
1215 2397 1297 2452 15.

261 2479 415 2536 lianc
474 2481 616 2538 inter
671 2483 730 2539 8.
782 2485 1021 2543 Anselmi
1082 2490 1353 2547 orationes
1411 2494 1611 2552 habent
1664 2513 1767 2554 ms.

200 2569 350 2627 Corb.
391 2570 516 2638 160,
544 2589 644 2629 ms.
677 2574 838 2630 Vallis
882 2566 1039 2643 Luc.,
1077 2594 1177 2634 ms.
1227 2580 1553 2640 Sun-Germ.
1580 2597 1636 2642 et
1663 2604 1766 2645 IIIS.

203 2661 326 2716 Coll.
356 2662 541 2727 Vien.,
564 2678 628 2719 es
650 2680 757 2736 quo
782 2682 899 2723 eam
926 2666 988 2722 P.
1009 2668 1052 2721 Τ
1055 2670 1250 2740 beoph.
1279 2674 1487 2742 primus
1507 2678 1696 2734 edidit.

436 2753 672 2810 Censura
701 2760 995 2816 orationum
1025 2764 1111 2827 l6,
1146 2765 1230 2829 17,
1260 2764 1325 2820 18
1346 2774 1395 2820 et
1424 2767 1512 2822 19.

265 2845 380 2900 Istae
408 2847 589 2917 capita
616 2848 686 2903 56
713 2860 770 2904 et
798 2851 865 2915 57
893 2855 1135 2922 praedicti
1167 2856 1290 2912 libri
1352 2859 1767 2921 Meditationum

205 2938 473 3007 complent.
512 2938 627 3009 Ipsa
664 2950 866 3009 tamen,
899 2959 1000 3002 nec
1039 2947 1331 3017 immerito,
1373 2950 1434 3007 P.
1472 2953 1647 3025 Rayn.
1697 2972 1766 3015 ex

206 3042 293 3083 ms.
319 3026 449 3086 Coll.
485 3031 642 3088 Vien.
667 3032 725 3090 8.
751 3035 988 3094 Anselmi
1017 3040 1264 3112 alloquiis
1285 3048 1584 3104 accensuit.

647 3127 879 3184 Censura
926 3134 1180 3189 orationis
1213 3137 1302 3191 20.

268 3208 369 3266 Hac
396 3215 648 3271 oratione
685 3217 955 3276 clauditur
1004 3224 1259 3292 prmfattts
1286 3226 1423 3284 liber
1461 3229 1766 3291 Mcditatio-

207 3314 355 3356 num:
385 3304 500 3375 ipsa
534 3317 713 3364 tamen
770 3309 912 3368 inter
956 3311 1015 3369 8.
1046 3315 1287 3375 Anselmi
1333 3322 1606 3379 orationes
1637 3324 1768 3398 legi-

206 3399 285 3446 tur
309 3410 407 3451 uon
433 3398 615 3454 solum
644 3400 699 3457 in
728 3417 830 3458 ms.
859 3420 979 3475 qua:
1023 3407 1077 3462 in
1109 3411 1274 3467 variis
1302 3411 1627 3472 lectionibus
1671 3418 1766 3474 dc-

206 3484 540 3560 signavimus,
564 3494 659 3550 sed
687 3505 743 3552 et
785 3497 840 3553 in
876 3514 977 3555 ms.
1024 3500 1082 3557 S.
1113 3501 1394 3574 Germani,
1445 3507 1499 3563 in
1524 3524 1625 3566 ms.
1660 3510 1767 3568 Lo-

207 3590 317 3633 van.
346 3584 465 3640 etin
489 3600 596 3641 ms.
631 3585 822 3645 Vienn.
855 3607 924 3648 ex
951 3610 1059 3665 quo
1086 3595 1148 3651 P.
1176 3598 1349 3669 llayu.
1383 3614 1504 3657 eam
1541 3601 1601 3659 8.
1654 3605 1767 3661 An-

208 3669 341 3727 selnii
365 3674 619 3748 alloquiis
665 3681 872 3750 primus
897 3684 1166 3756 adiunxit.

571 3766 803 3827 Censura
826 3776 1080 3831 orationis
1107 3778 1168 3833 21
1209 3791 1257 3835 et
1279 3779 1370 3837 22.

265 3853 400 3925 Insas
428 3875 493 3917 ex
525 3875 626 3915 ms.
653 3860 824 3920 Vatic.
860 3868 1070 3937 accepit
1116 3885 1182 3925 ac
1218 3873 1365 3928 dedit
1393 3874 1456 3930 P.
1508 3876 1763 3951 Raynau-

209 3941 314 3999 dus.
361 3949 729 4022 Reperiuutur
774 3955 991 4026 quidem
1031 3959 1084 4012 in
1133 3958 1273 4015 libro
1327 3963 1402 4017 De
1450 3941 1763 4025 contritione

209 4037 379 4105 cordis,
405 4057 469 4098 ac
499 4043 559 4098 in
588 4043 726 4102 libro
783 4044 1214 4112 Meditationum,
1258 4068 1308 4107 c.
1366 4054 1452 4109 10.
1482 4057 1551 4111 At
1599 4073 1762 4127 quam

211 4120 325 4212 [also
377 4129 429 4185 bi
485 4131 615 4188 libri
666 4150 861 4193 nomen
911 4139 1196 4210 Augustini
1247 4142 1567 4212 praeferant,
1615 4120 1761 4204 infra

211 4209 696 4280 demonstrabimus.

300 4305 525 4366 Censura
575 4314 870 4373 orationum
901 4321 992 4389 25,
1024 4323 1114 4390 21,
1147 4324 1236 4389 25,
1273 4325 1364 4392 26,
1396 4325 1465 4381 27
1489 4339 1537 4383 et
1562 4330 1652 4386 28.

270 4390 451 4487 Praeter
481 4419 585 4458 ms.
614 4419 733 4475 quae
760 4409 814 4462 in
845 4413 1011 4467 variis
1060 4415 1381 4473 lectionibus
1426 4429 1609 4477 notata
1633 4432 1760 4478 sunt
1792 4427 1840 4487 D

212 4491 297 4534 ms.
323 4482 468 4557 Lov.,
496 4506 605 4548 ms.
633 4494 889 4555 Biblioth.
919 4502 1126 4574 Regia},
1185 4524 1289 4565 ms.
1346 4510 1609 4579 Floriac.,
1661 4531 1761 4571 nec

209 4582 299 4675 :0"
321 4594 438 4636 mss.
469 4585 720 4643 Vatican.
747 4593 1111 4652 etCollouien.
1146 4599 1326 4667 Vien.,
1355 4617 1420 4658 ex
1452 4606 1646 4675 quibus
1667 4623 1761 4665 eas

211 4660 507 4811 :Tbeopb.
542 4678 898 4753 deprompsit,
922 4702 1016 4743 eas
1041 4703 1162 4747 esse
1182 4660 1424 4750 Anselmi
1457 4660 1763 4768 protestan:

261 4774 302 4811 l'.

261 4774 302 4816 l'.

644 4861 877 4923 Censura
908 4873 1161 4929 orationis
1209 4875 1303 4932 29.

268 4943 388 5039 Cum
420 4953 554 5012 lidcs
602 4974 733 5014 mss.
779 4964 1056 5021 codicibus
1092 4967 1297 5039 integra
1327 4971 1505 5028 danda
1531 4974 1624 5037 sit,
1665 4976 1755 5032 ubi

211 5035 331 5091 nulla
357 5043 455 5098 alia
480 5051 719 5119 suppetit
738 5050 1015 5121 judicandi
1051 5035 1227 5124 ratio;
1250 5070 1303 5115 et
1362 5062 1495 5118 nihil
1542 5035 1756 5123 aliunde

211 5135 442 5219 repugnat
464 5137 603 5193 hanc
623 5142 922 5197 orationem
949 5146 1077 5200 nulli
1107 5148 1195 5202 alii
1230 5164 1389 5219 quam
1413 5152 1471 5206 8.
1500 5154 1756 5212 Anselnto

210 5213 594 5313 fidl'lfllcandam
622 5233 953 5288 censuimus.
978 5234 1108 5293 Eam
1129 5213 1271 5295 enim
1297 5243 1349 5295 iu
1374 5243 1621 5313 pluribus
1650 5262 1754 5303 non

210 5309 515 5394 tgttobilioris
542 5329 683 5375 notae
708 5324 983 5380 codicibus
1028 5344 1156 5385 mss.
1207 5331 1347 5387 inter
1374 5309 1531 5389 alias
1582 5341 1752 5394 sancti

210 5389 409 5498 ξξξιὶιιεςθ
452 5408 688 5469 doctoris
734 5419 1008 5475 orationes
1052 5423 1385 5494 perlegimus
1415 5446 1429 5482 :
1459 5444 1615 5498 quos,
1669 5434 1753 5488 cui

226 5486 236 5496 .
1052 5478 1069 5491 ⁸
1203 5478 1234 5494 υ
1356 5478 1375 5482 '
1415 5478 1427 5482 '
1464 5478 1615 5498 Ί’⁷””’
1673 5478 1753 5488 “”“

209 5478 418 5558 libuerit,
448 5504 696 5558 consulat
740 5506 792 5560 in
830 5510 991 5563 variis
1042 5512 1366 5568 lectionibus
1408 5529 1637 5575 notatos.
1684 5522 1754 5579 lis

208 5578 506 5675 adjiciantur
536 5608 636 5647 ms.
663 5596 804 5649 2024
841 5597 1093 5656 Bibliotb.
1128 5602 1327 5675 Regizc,
1382 5616 1437 5661 et
1469 5608 1611 5665 aliud
1648 5578 1747 5667 ms.

207 5660 257 5720 D.
286 5669 449 5744 Bigot.
502 5681 651 5754 Stylo
699 5702 912 5757 quoque
953 5660 1751 5767 AnselmiUtlcscriptauiwlianc

1792 3088 1840 3152 C

1865 1854 2124 1911 Anselmo
2170 1858 2539 1929 ascripsimus.
2569 1859 2699 1927 Quae
2718 1863 3128 1935 quadragesima
3160 1876 3245 1923 est
3293 1885 3449 1940 repc-
3476 1916 3479 1919 η

1868 1948 2009 2003 ritur
2030 1947 2193 2003 etiam
2219 1949 2270 2003 in
2298 1964 2400 2005 ms.
2431 1948 2635 2006 Victor.
2666 1951 2763 2006 Kn.
2792 1953 2877 2008 16.

2100 2039 2335 2095 Censura
2378 2043 2672 2097 orationum
2711 2044 2805 2113 41,
2832 2046 2925 2114 42,
2951 2046 3022 2102 «15
3044 2058 3092 2102 et
3117 2049 3209 2104 M.

1938 2118 2336 2200 llarum‘prima
2366 2132 2418 2187 in
2451 2135 2704 2190 omnibus
2742 2153 2876 2207 pene
2901 2154 3031 2195 mss.
3057 2141 3201 2197 inter
3229 2142 3285 2197 S.
3340 2144 3450 2200 An-

1869 2221 2020 2276 sehni
2042 2224 2320 2280 orationes
2336 2224 2562 2297 legitur.
2593 2227 2728 2285 Vide
2760 2230 2938 2288 varias
2966 2231 3252 2291 lectiones.
3279 2237 3451 2294 Caete-

1868 2329 1959 2368 ras
1993 2329 2122 2370 vero
2168 2332 2276 2371 non
2308 2317 2381 2371 ita
2406 2317 2594 2374 ﬁrmus
2633 2321 2890 2376 Anselmo
2930 2327 3255 2381 asseruerim
3285 2346 3298 2381 :
3325 2327 3450 2384 licet

1868 2419 1989 2459 eam
2011 2420 2130 2474 quae
2179 2409 2594 2481 quadragesima
2630 2395 2867 2467 secunita
2907 2427 2990 2469 est
3044 2431 3109 2471 ex
3152 2434 3249 2474 ms.
3286 2420 3449 2475 Vien-

1871 2497 2054 2561 nensi,
2077 2505 2131 2552 et
2163 2497 2299 2554 alias
2326 2514 2390 2555 es
2430 2517 2533 2556 ms.
2568 2504 2742 2560 Vatic.
2773 2504 2835 2560 P.
2880 2505 3209 2579 Raynaudus
3263 2513 3318 2567 in
3365 2513 3456 2567 ln-v

1871 2600 1990 2642 cem
2016 2588 2270 2643 ediderit.

2119 2677 2354 2734 Censura
2394 2682 2691 2737 orationum
2720 2684 2812 2753 45,
2841 2686 2935 2753 46,
2956 2687 3027 2741 47
3043 2699 3091 2744 et
3110 2690 3201 2747 48.

1940 2770 2105 2827 Pater
2126 2770 2455 2844 llaynaudus
2484 2775 2583 2831 has
2608 2787 2841 2845 quatuor
2880 2782 2947 2836 ad
2975 2781 3034 2837 Β.
3071 2782 3132 2839 ν.
3176 2785 3451 2843 orationes

1869 2874 1934 2914 ex
1967 2861 2282 2934 ms.nolleg.
2325 2864 2520 2921 Vienn.
2563 2866 2772 2938 primus
2800 2870 2941 2941 typis
2993 2876 3261 2943 expressit.
3308 2876 3451 2933 inter

1867 2950 2265 3007 Auselmianas.

2170 3042 2404 3099 Censura
2441 3046 2737 3101 orationum
2788 3048 2881 3117 49,
2906 3050 2975 3106 50
3001 3063 3049 3106 et
3071 3053 3162 3108 51.

1943 3132 2036 3189 Hae
2063 3133 2333 3191 habentur
2369 3153 2472 3193 nou
2525 3141 2684 3195 modo
2715 3141 2768 3195 in
2804 3157 2904 3198 ms.
2946 3144 3138 3215 colleg.
3187 3146 3342 3203 Vien.
3394 3156 3449 3204 et

1870 3222 1925 3277 in
1953 3240 2053 3280 ms.
2086 3225 2257 3281 Vatic.
2284 3237 2339 3283 et
2367 3228 2418 3283 in
2457 3228 2565 3286 San
2601 3231 2887 3298 Germau.,
2935 3236 3028 3289 sed
3058 3246 3112 3291 et
3140 3237 3193 3290 in
3230 3239 3296 3293 iis
3325 3256 3469 3295 om-'

1869 3315 2027 3371 nibus
2053 3332 2174 3386 quae
2200 3318 2396 3383 evolvi,
2448 3329 2509 3375 ut
2539 3321 2591 3375 in
2638 3323 2815 3377 variis’
2850 3323 3177 3382 lectionibus
3211 3330 3469 3396 signavi.‘

1870 3407 2026 3466 Unde
2069 3411 2188 3468 illas
2223 3427 2345 3469 esse
2378 3429 2501 3469 reor
2539 3432 2675 3487 quas
2706 3418 3028 3488 prolixiores
3075 3423 3445 3491 composuisse

1867 3519 1927 3560 se
1951 3505 2238 3562 Anselmus
2260 3506 2498 3563 nondum
2515 3509 2683 3566 abbas
2719 3511 2910 3566 scribit
2937 3513 2988 3566 in
3017 3513 3173 3583 epist.
3205 3516 3272 3570 ad
3297 3514 3447 3571 Gon-

1867 3594 2151 3666 dnlphum,
2182 3607 2407 3668 quaeest
2432 3599 2502 3655 20
2549 3601 2643 3657 lib.
2694 3616 2734 3657 ι.
2792 3603 2971 3661 Unum
3004 3605 3092 3662 bic
3150 3605 3447 3677 observan-

1866 3684 1992 3740 dum
2014 3695 2114 3750 est,
2139 3689 2281 3756 quod
2312 3687 2363 3743 in
2396 3698 2556 3746 antea
2587 3692 2746 3749 editis
2771 3694 3044 3751 orationes
3081 3696 3152 3753 49
3179 3708 3226 3753 et
3249 3697 3318 3753 50
3352 3701 3447 3754 ab-

1864 3776 2121 3834 breviatze
2184 3781 2338 3849 quasi
2394 3798 2555 3838 unam
2603 3786 2897 3842 coniiciunt
2942 3788 3041 3844 sub
3092 3789 3195 3845 hoc
3244 3791 3443 3846 titulo:

1863 3863 2134 3922 Inrocatio
2156 3867 2346 3925 Matris
2384 3860 2613 3942 Virginis
2635 3873 2826 3929 Mariae
2852 3876 3010 3933 simul
3048 3895 3111 3932 ac
3148 3876 3280 3933 Filii
3307 3881 3441 3947 eius,

1864 3965 1919 4010 et
1952 3957 2176 4027 incipit:
2204 3959 2403 4015 Sancta
2430 3972 2479 4016 et
2510 3965 2667 4027 inter,
2699 3974 2805 4020 etc.

1865 4045 2098 4101 Censura
2128 4052 2428 4105 orationum
2470 4052 2560 4117 52,
2589 4053 2678 4118 55,
2712 4054 2803 4120 54,
2836 4055 2927 4120 55,
2953 4055 3044 4123 56,
3063 4057 3156 4124 57,
3188 4057 3256 4113 58
3278 4072 3324 4113 et
3348 4060 3437 4115 59.

1936 4138 2014 4192 Ex
2039 4156 2140 4194 ms.
2170 4140 2329 4205 Vien,
2358 4142 2658 4199 orationem
2704 4146 2797 4213 52,
2855 4148 2990 4203 alias
3045 4164 3174 4204 vero
3217 4166 3283 4207 ex
3337 4168 3437 4207 ms.

1869 4226 2039 4285 Vatic.
2094 4231 2155 4286 P.
2217 4231 2547 4305 Raynaudus
2616 4236 2759 4294 inter
2805 4239 3183 4298 Anselmianas
3235 4246 3440 4315 primus

1863 4323 2048 4380 edidit.

2313 4418 2547 4476 Censura
2590 4423 2843 4479 orationis
2892 4425 2980 4480 60.

1934 4507 2241 4581 Rhytbmus
2289 4512 2379 4567 hic
2442 4513 2583 4568 inter
2630 4516 2800 4570 sancti
2856 4512 3100 4571 Ansclmi
3163 4517 3440 4575 orationes

1864 4600 2091 4656 habetur
2111 4603 2163 4657 in
2187 4618 2289 4657 ms.
2312 4603 2625 4661 Corbeiensi
2660 4607 2829 4664 l60et
2853 4609 2904 4662 in
2932 4623 3033 4664 ms.
3069 4607 3208 4666 Vict.
3232 4610 3329 4667 Kx.
3349 4613 3438 4679 16,

1861 4705 1929 4746 ex
1957 4691 2153 4761 quibus
2174 4692 2322 4747 illum
2350 4694 2513 4764 pron
2563 4698 2937 4754 commisimus
2982 4699 3159 4756 sancti
3194 4700 3439 4756 Anselmi

1861 4782 2195 4837 orationibus
2227 4783 2506 4840 insertum.

2035 4873 2271 4929 Censura
2324 4878 2573 4932 orationis
2605 4878 2675 4934 62
2699 4889 2751 4939 et
2778 4880 3007 4935 aliarum
3057 4882 3128 4936 ad
3149 4881 3256 4938 SS.

1931 4965 2250 5022 Guillelmus
2297 4967 2763 5042 Gctttmeticensis,
2819 4973 2912 5027 lib.
2966 4989 3044 5039 vr,
3089 4988 3210 5043 cap.
3272 4974 3336 5037 9,
3368 4974 3437 5029 de

1857 5057 2112 5115 Anselmo
2138 5059 2326 5114 scribit
2349 5061 2489 5129 quod
2530 5061 2724 5117 librum
2771 5063 3078 5119 orationum
3109 5064 3178 5117 ad
3216 5076 3435 5122 sanctos

1858 5152 2106 5218 ediderit;
2135 5161 2190 5207 et
2208 5168 2301 5208 eas
2334 5168 2455 5208 esse
2495 5154 2732 5209 Anselmi
2758 5171 2861 5210 non
2901 5166 2983 5210 est
3014 5156 3152 5210 unde
3188 5158 3314 5235 quis
3341 5159 3437 5219 riu-

1857 5243 2011 5309 bitet,
2042 5246 2142 5300 nisi
2165 5262 2385 5302 omnem
2425 5264 2525 5303 ms.
2564 5249 2837 5303 codicibus
2861 5248 3021 5308 ﬁdem
3046 5252 3350 5328 abnegavit.
3380 5259 3435 5314 lu

1857 5337 2125 5407 aliquibus
2147 5340 2362 5409 quidem
2391 5341 2566 5396 oratio
2588 5342 2680 5407 ϐἀ,
2712 5358 2831 5417 qua:
2863 5357 2941 5403 est
2966 5349 3031 5402 ad
3058 5362 3302 5404 sanctum
3323 5351 3406 5403 An

1857 5428 2071 5496 drcam;
2096 5440 2148 5485 et
2175 5431 2448 5496 oratio68,
2481 5454 2598 5506 qua:
2619 5449 2700 5492 est
2729 5440 2793 5491 ad
2818 5452 3060 5495 sanctum
3088 5441 3440 5497 Laurentium

1856 5532 1908 5576 et
1933 5521 2018 5585 71,
2047 5540 2166 5593 (μιίυ
2192 5536 2275 5581 est
2306 5528 2371 5583 ad
2420 5541 2665 5584 sanctum
2711 5532 3077 5600 Dunstanum,
3122 5533 3436 5590 desiderat»

1859 5622 1979 5666 tur:
2008 5617 2101 5669 sed
2127 5631 2249 5669 cum
2289 5620 2460 5688 prima
2496 5621 2547 5675 in
2601 5638 2701 5679 ms.
2734 5625 2888 5681 Vicn.
2927 5636 2980 5681 et
3011 5628 3062 5681 in
3113 5642 3214 5681 ms.
3246 5625 3348 5678 Th.
3376 5631 3434 5677 ct

1855 5702 1910 5755 in
1941 5717 2041 5757 ms.
2094 5701 2277 5760 Sancti
2316 5706 2570 5768 Germani
2602 5712 2831 5785 legatur;
2855 5717 3020 5770 altera
3051 5731 3175 5771 vero
3227 5716 3280 5769 in
3322 5729 3424 5767 nis.
