4068 6286
559 274 631 330 35

1574 259 1632 315 5.
1672 252 2039 311 Αλδωιυδ
2084 250 2437 305 CANTUAR.
2478 246 2799 304 ARCHIEP.

3743 246 3814 304 50

557 383 662 439 'l‘li.
685 391 738 436 et
782 380 835 434 in
860 370 1126 433 ms.V'ien.
1138 370 1298 428 tertia
1322 344 1533 428 tandem
1561 371 1616 424 in
1649 383 1750 422 ms.
1770 366 2023 428 Vicn.,ea
2047 378 2131 417 sa-
2163 376 2209 433 Α
2237 368 2536 423 orationem
2570 361 2660 431 ὃς),
2688 375 2807 429 quze
2837 358 2982 415 nullo
3014 359 3176 417 dubio
3208 357 3445 416 Ansehni
3495 367 3640 426 sunt,
3670 371 3726 415 et
3757 360 3809 416 in

558 476 630 530 tis
659 473 770 527 sint
788 464 1046 525 faciendae
1079 466 1179 520 hac
1208 465 1259 518 in
1293 479 1348 516 re
1370 461 1515 516 titlei.
1571 508 1579 512 -

618 562 1031 620 -Advertenditin
1075 566 1360 627 superest:
1390 555 1437 607 l.
1469 553 1527 606 ln
1565 568 1666 606 ms.
1718 547 1900 603 codice
1951 543 2132 599 Sancti

557 655 820 726 Arnulphi
850 650 1130 713 Metensis,
1158 663 1226 702 ex
1257 662 1420 717 snpra
1444 647 1676 705 recentis
1696 643 1865 696 sancti
1897 636 2134 693 Anselmi
2178 674 2179 681 η

558 738 1411 805 MeditationibusetOratiouibbs
1423 738 1681 807 plurimas
1695 738 1946 805 (quarum
1962 731 2137 801 speci-

520 845 529 853 '
560 840 707 894 mina
723 837 784 891 D.
805 833 1142 889 Mabillonius
1156 839 1193 884 t.
1209 831 1225 884 l
1240 828 1619 885 Analc'ctorum
1632 824 1894 909 exhibuit)
1913 819 2134 890 reperiri

470 925 479 933 ’
560 932 705 986 inter
727 926 881 980 varia
905 923 1121 995 pietatis
1147 919 1414 991 'opuscula
1437 933 1555 988 quae
1579 915 2001 985 Joanne-sabbas
2028 912 2138 966 Au-

566 1030 736 1092 gustae
761 1014 1109 1084 nuncupavit.
1137 1012 1281 1081 lpsas
1300 1018 1476 1064 autem
1497 1023 1601 1062 non
1628 1007 1695 1062 ab
1707 1021 1771 1060 eo
1790 1002 2133 1073 compositas,
2178 1056 2179 1059 η

561 1111 657 1166 sed
672 1108 738 1164 ex
771 1104 886 1177 jam
917 1104 1029 1159 tum
1053 1103 1251 1158 editisa
1278 1106 1481 1155 ‘sancto
1505 1098 1761 1152 Anselmo
1777 1092 2136 1148 Meditationi-

560 1203 661 1256 bus
682 1203 796 1257 sive
825 1197 1169 1255 Orationibus
1194 1194 1459 1250 collectas.
1477 1190 1882 1261 inde'argititur,
1908 1187 1963 1240 1ο
1990 1183 2131 1254 quod

561 1303 627 1344 ex
656 1289 908 1342 omnibus
932 1284 1252 1340 Orationum
1284 1281 1454 1336 sancti
1479 1275 2007 1333 Auselmicudicibus
2029 1288 2130 1327 ms.

564 1380 701 1448 quos
738 1376 985 1438 viderim,
1018 1382 1073 1429 et
1104 1373 1194 1442 qui
1221 1381 1328 1425 tam
1359 1370 1411 1423 in
1448 1367 1727 1439 proloquio
1754 1380 1915 1434 quam
1970 1363 2023 1416 in
2050 1377 2136 1414 va-

564 1471 662 1524 riis
713 1467 1032 1523 lectionibus
1082 1465 1423 1524 denotantur,
1467 1456 1762 1516 nullustsit
1788 1454 1878 1524 qui
1910 1454 2175 1513 istarum:

561 1574 782 1628 precum
813 1557 1003 1612 saltem
1043 1569 1203 1623 quam
1227 1552 1486 1623 plurimas
1514 1545 1988 1612 sanctoAnselmo
2030 1557 2137 1597 non
2168 1580 2173 1583 Α

564 1651 824 1706 ascribat.
856 1647 968 1716 Qua
1012 1660 1194 1716 quaeso
1228 1643 1499 1712 aequitatis
1543 1641 1696 1694 lance
1726 1646 1803 1692 tot
1841 1651 1943 1691 ms.
1975 1635 2135 1689 [idem

2235 454 2432 521 quibus
2469 452 2886 506 homuncionem
2930 463 2984 506 et
3012 451 3399 506 homunculum
3443 439 3646 521 ipsese
3674 466 3812 505 nun-

2237 552 2424 614 cupat.
2840 586 2845 589 _

2308 636 2363 689 In
2396 635 2629 707 alloquio
2660 635 2748 702 12,
2784 637 2930 706 quod
2977 635 3029 690 in
3077 643 3262 690 nostra
3299 633 3403 688 hac
3435 632 3679 687 editione
3725 641 3810 688 est
3874 616 3893 669 ἵ

2236 727 2541 792 meditatio,
2572 727 2698 793 181,
2744 736 2932 782 auctor
2981 726 3183 780 indicat
3233 738 3293 779 se
3325 723 3559 795 pastoris
3613 723 3814 779 habere

2237 817 2469 873 cilicium
2497 819 2651 886 cujus
2671 834 2839 874 onere
2895 835 3112 890 pressus
3167 816 3575 889 ingemiscebat.
3606 815 3674 869 Et
3700 817 3816 871 hate

2237 911 2451 980 quidem
2476 910 2736 965 Ansehno
2770 911 2939 980 priori
2960 911 3255 980 aptissime
3287 908 3634 974 conveniunt,
3661 904 3816 974 cujus

2238 1007 2338 1057 sub
2365 1002 2693 1073 praelatinnis
2724 1002 2880 1071 istius
2901 1004 3140 1073 pondere
3164 1000 3395 1071 suspiria
3440 999 3815 1070 lacrymasque

2237 1095 2495 1150 describit
2523 1095 2822 1153 Eadmcrus
2848 1093 2908 1164 (Ι.
2944 1111 2959 1147 ι
2987 1094 3066 1147 De
3107 1092 3223 1151 Vita
3252 1089 3489 1162 S.Ans.)
3532 1089 3687 1154 Cum,
3723 1090 3815 1143 in’

2237 1186 2349 1255 quit
2369 1225 2383 1250 ,
2412 1201 2504 1254 pro
2532 1185 2724 1238 amissa
2754 1194 2921 1245 status
2946 1184 3029 1238 sui
3057 1182 3442 1252 tranquillitate
3481 1178 3816 1234 veltementis~

2237 1277 2367 1328 sime
2388 1276 2554 1345 ﬂeret,
2586 1274 2649 1327 ab
2701 1290 2855 1328 onere
2885 1273 3231 1343 prwlationis,
3254 1270 3399 1342 quod
3420 1270 3519 1324 sibi
3550 1269 3817 1339 fatebatur

2237 1365 2587 1436 importabile,
2618 1376 2671 1418 ut
2697 1365 2917 1435 relevari
2944 1375 3593 1430 mercre.‘nr,magnopere
3636 1358 3817 1429 (Mau-

2241 1457 2442 1525 rilinm)
2479 1457 2786 1524 arcliiepise.
2826 1454 3069 1519 Ret/tom,
3121 1454 3268 1522 coepit
3302 1467 3507 1522 rogare.
3562 1448 3812 1518 Ipsivera

2242 1545 2530 1599 Mamilius
2557 1545 2802 1615 prwcepit
2835 1554 2888 1597 ut
2911 1543 3266 1614 praelationem
3305 1557 3460 1611 quam
3487 1537 3707 1593 habebat
3728 1554 3813 1593 re-

2238 1638 2443 1690 tineret.

563 1741 793 1796 elevabit
816 1741 1006 1793 unicus
1030 1739 1196 1793 codex
1236 1750 1337 1790 ms.
1369 1734 1454 1789 cui
1482 1732 1626 1788 nulla
1677 1729 1781 1785 alia
1808 1726 2132 1799 suffragatur
2162 1726 2221 1785 Β.
2292 1726 2545 1795 Denique
2585 1724 2728 1796 quod
2777 1725 3006 1797 gratiam
3044 1723 3162 1787 loca
3193 1720 3483 1792 commissa
3526 1716 3813 1774 ordinandi

564 1831 706 1897 ratio
720 1830 751 1885 ?.
812 1878 822 1885 .
1014 1876 1021 1883 .
1098 1890 1119 1897 Ὦ
1303 1885 1310 1897 ι
1516 1875 1521 1879 .
1724 1888 1733 1896 .

636 1891 693 1975 ‘2.
714 1919 864 1986 Quod
891 1934 958 1974 ex
973 1916 1142 1972 sancti
1168 1914 1407 1970 Anselmi
1437 1911 1696 1984 epistolis,
1725 1925 1859 1981 quas
1881 1909 1935 1964 in
1961 1908 2135 1991 prima

565 2010 973 2065 ltleditation‘um
1002 2021 1232 2062 censura
1264 2006 1620 2060 indicavimus
1641 2043 1655 2069 ,
1678 2011 1733 2056 et
1760 2017 1827 2056 ex
1857 2001 2138 2070 ipsiusmet

571 2101 823 2156 liadmeri
847 2100 1152 2154 testimonio
1177 2097 1237 2169 (l.
1266 2113 1284 2151 1
1311 2096 1388 2150 De
1417 2096 1500 2149 Vit
1528 2094 1585 2150 S.
1640 2092 1892 2157 Anselmi,
1916 2090 2020 2146 col.
2047 2089 2135 2160 56)

563 2198 775 2246 constet
801 2188 1153 2249 orationesab
1179 2186 1583 2249 Anselmojdum
1601 2185 1776 2240 adhuc
1803 2183 1950 2253 prior
1972 2189 2136 2245 esset,
2170 2218 2173 2219 ν

567 2284 669 2337 hoc
706 2292 790 2338 est
823 2290 947 2335 ante
993 2295 1118 2334 ann.
1163 2278 1320 2343 1078,
1366 2278 1560 2341 editas,
1588 2287 1643 2332 et
1693 2292 1722 2330 a
1770 2275 2012 2345 pluribus
2042 2289 2138 2327 ex-

565 2372 821 2441 seriptas.
847 2369 1001 2426 Unde
1028 2384 1136 2423 non
1173 2367 1361 2423 leViter
1416 2365 1699 2435 conjiciam
1756 2365 1928 2434 ipsum
1976 2362 2136 2417 etiam

562 2464 826 2521 Joannem
847 2463 1229 2519 Fiseanensem
1248 2457 1506 2516 Anselmo
1527 2456 1783 2513 Becceusi
1818 2453 2136 2510 viciniorem

568 2554 692 2609 illas
713 2553 781 2608 ab
806 2568 872 2608 eo
898 2538 1193 2622 accepisse.
1808 2598 1809 2601 η
1946 2609 1951 2614 ,

639 2644 695 2700 5.
725 2643 877 2712 Quod
902 2643 1045 2700 inter
1069 2657 1165 2698 eas
1189 2641 1294 2698 illae
1321 2640 1522 2711 passim
1565 2638 1846 2708 descriptae
1892 2636 2140 2708 legantur

569 2751 709 2808 quas
727 2734 981 2791 Anselmo
1014 2741 1269 2799 asserunt
1309 2734 1553 2802 ipsaemet
1596 2729 1834 2784 Anselmi
1874 2729 2136 2797 epistola),

566 2825 822 2880 videlicet
852 2832 963 2879 tres
1008 2823 1285 2878 orationes
1323 2822 1390 2877 ad
1437 2830 1697 2889 sanctam
1723 2818 1965 2883 Mariam,
2003 2834 2140 2889 quas

566 2902 684 2984 ipse
712 2928 838 2969 suas
866 2900 998 2968 facit
1018 2913 1072 2966 in
1106 2902 1333 2981 epistola
1361 2911 1426 2965 ad
1455 2900 1852 2980 Gondulphum,
1907 2924 2027 2979 quae
2054 2919 2165 2975 est,

565 3004 636 3059 ‘20
663 3004 755 3058 lib.
780 3020 840 3069 ll,
887 3012 943 3059 et
984 3001 1260 3059 meditatio
1287 3045 1303 3069 ,
1340 3000 1513 3056 Terret
1552 3017 1654 3068 me,
1700 3010 1803 3056 etc.
1839 2998 1996 3072 (Vide
2021 3019 2140 3055 cen-

567 3110 747 3148 suram
776 3066 1132 3161 Meditationis
1145 3066 1327 3165 2)cum
1351 3092 1472 3148 aliis
1487 3093 1553 3147 de
1592 3066 1768 3146 cordis
1791 3066 2137 3161 contritione,
2168 3066 2212 3127 ε

569 3184 636 3238 de
664 3182 860 3252 quibus
886 3182 1172 3237 Durandus
1200 3182 1366 3239 abbas
1391 3181 1663 3237 Casaa-Dei
1684 3182 1732 3235 ei
1769 3181 2067 3252 gratulatur
2085 3181 2163 3239 in'

568 3273 813 3343 ejusdem
835 3274 955 3328 libri
992 3272 1216 3343 epistola
1253 3272 1342 3328 61.
1396 3272 1475 3326 Ex
1511 3270 1709 3341 quibus
1758 3270 2061 3335 coniicitur,
2085 3273 2140 3326 1ο

569 3365 810 3419 codicem
843 3366 983 3419 hunc
1016 3363 1311 3419 Metensem
1356 3378 1463 3418 non
1508 3377 1628 3418 esse
1662 3362 1988 3432 descriptum
2037 3363 2159 3431 nisi

568 3465 853 3526 postquam
883 3464 1101 3511 sanctus
1128 3454 1415 3509 Anselmus
1450 3450 1577 3509 suas
1622 3452 1997 3508 Meditationcs
2020 3454 2137 3508 sive

571 3544 858 3601 Orationes
891 3544 1059 3599 edidit
1087 3561 1103 3612 ;
1133 3544 1192 3597 2°
1217 3543 1478 3598 Joannem
1507 3543 1650 3597 hunc
1667 3544 1915 3597 abbatem
1959 3542 2142 3610 plures

570 3640 639 3694 ab
658 3636 914 3691 Anselmo
932 3637 1255 3707 compositas
1281 3620 1557 3713 orationes
1579 3633 2023 3704 exscripsisse,et
2043 3651 2140 3689 ex-

573 3730 805 3800 scriptas
836 3730 1100 3787 direxisse
1126 3730 1193 3786 ad
1222 3728 1635 3803 Augustam._'5°
1658 3727 1886 3781 lstarum
1918 3727 2142 3797 proinde

569 3820 935 3889 precationum
969 3822 1111 3876 hunc
1137 3837 1244 3876 non
1278 3829 1576 3885 auctorem,
1598 3818 1693 3874 sed
1713 3818 1859 3888 pium
1882 3818 2142 3874 duntaxat

568 3913 908 3968 collectorem
931 3913 1255 3968 habendum.
1290 3950 1293 3953 ι
1390 3956 1393 3959 .
1636 3958 1641 3963 .

600 4003 808 4079 _Porro
838 4003 970 4057 nihil
1001 4011 1260 4075 repugnat
1309 4010 1458 4079 certe
1505 3999 1765 4069 huiejuri
1812 4000 1957 4072 quod
2009 4001 2141 4056 istas

566 4108 757 4163 preces
786 4102 976 4148 sancto
1005 4094 1260 4149 Anselmo
1281 4093 1577 4161 adiudicat.
1632 4090 1783 4159 Quod
1815 4091 1960 4145 enim
1998 4106 2139 4160 pra:-

569 4184 714 4237 fatus
742 4183 995 4237 lletensis
1018 4184 1182 4238 codex
1212 4185 1430 4259 optimae
1482 4192 1623 4236 nota:
1678 4182 2021 4259 scriptusgsit
2074 4183 2143 4237 ad

570 4273 836 4328 tuulecimi
865 4273 1044 4328 steculi
1073 4275 1250 4336 linem,
1282 4282 1335 4327 et
1364 4273 1505 4342 quod
1533 4271 1770 4326 Joannes
1798 4270 2143 4328 Fisca’nensis

567 4364 679 4418 vita
701 4365 927 4419 cesserit
955 4380 1098 4420 anno
1128 4364 1278 4427 1078,
1310 4378 1470 4434 quem
1506 4372 1687 4418 tamen
1741 4346 2137 4418 monasterium

569 4464 775 4518 rexisse
810 4463 1071 4530 usquead
1095 4477 1296 4516 annum
1326 4460 1462 4515 1082
1491 4466 1682 4513 auctor
1714 4455 1980 4512 Neustriae
2031 4460 2139 4515 Piae

567 4553 736 4631 refert
761 4569 828 4608 ex
854 4552 1113 4608 0rderiro
1135 4552 1265 4617 Vit.,
1314 4552 1351 4605 l.
1378 4568 1452 4616 tv,
1478 4550 1544 4604 ad
1584 4564 1710 4602 ann.
1744 4548 1900 4613 l07‘2,
1935 4560 1989 4606 et
2014 4551 2048 4605 l.
2076 4569 2160 4618 tt,’

568 4645 633 4696 ad
666 4660 792 4698 ann.
829 4644 985 4708 1107,
1024 4658 1130 4696 non
1180 4644 1339 4697 modo
1371 4642 1501 4696 nihil
1538 4641 1784 4704 obstant,
1813 4642 1906 4695 sed
1958 4643 2143 4699 favent

567 4735 880 4803 plurimum.
920 4733 1074 4796 Nam,
1120 4745 1176 4787 ut
1213 4749 1372 4803 supra
1412 4735 1523 4802 jam
1581 4736 1797 4807 tetigit,
1853 4736 2140 4789 Anselmns

569 4824 695 4877 dum
742 4823 896 4879 Becci
955 4824 1102 4893 prior
1139 4834 1300 4890 erat,
1339 4824 1518 4894 plures
1554 4829 1828 4881 orationes
1855 4826 2140 4894 scripsisse

569 4924 717 4968 certo
740 4915 930 4977 scitur,
952 4922 1009 4967 et
1033 4914 1100 4968 ab
1128 4918 1255 4968 ann.
1286 4915 1421 4970 1065
1451 4918 1551 4971 hoc
1581 4932 1801 4971 munere
1825 4916 2138 4987 perfunctus

506 4986 528 5041 ἶ
581 5005 648 5058 ad
679 5020 768 5059 an.
798 5004 953 5071 1078,
985 5020 1093 5075 quo
1120 5007 1171 5058 in
1202 5007 1450 5062 abbatem
1480 5018 1787 5078 assumptus
1814 4986 1912 5061 est.

485 5080 502 5110 Ii
592 5163 597 5168 ι
637 5094 835 5148 Earum
868 5105 1058 5150 auctor
1082 5096 1495 5175 homuncionem
1532 5099 1745 5167 quidem
1783 5113 1840 5153 se
1885 5098 2032 5152 dicit.
2067 5098 2163 5165 At,

569 5205 690 5244 cum
714 5205 818 5244 non
851 5190 916 5244 de
943 5192 1185 5260 corporis
1214 5191 1372 5253 mole,
1403 5193 1496 5246 sed
1547 5207 1616 5246 ex
1646 5192 1827 5244 animo
1859 5191 1925 5244 de
1955 5205 2012 5244 se
2039 5188 2139 5243 hu-

570 5280 769 5339 militer
801 5281 1082 5335 sentientis
1124 5281 1225 5335 ista
1262 5281 1469 5351 prolata
1502 5282 1610 5336 sint
1656 5279 1919 5334 Joannem
1948 5266 2133 5344 hunc,

569 5372 660 5441 qui
701 5387 768 5425 ex
799 5373 1042 5441 corporis
1083 5374 1373 5443 exiguitate
1421 5372 1786 5427 Joannellinns
1838 5369 2132 5429 dicebatur,

569 5460 702 5513 nihil
744 5459 970 5527 juvant;
1019 5463 1112 5516 sed
1161 5463 1468 5517 Auselmum
1510 5472 1696 5531 aperte
1746 5462 2001 5530 produnt,
2049 5459 2134 5513 cui

570 5552 823 5620 frequens
852 5561 971 5608 erat
1001 5553 1219 5622 hujusce
1252 5556 1400 5610 vocis
1428 5555 1789 5607 Itomttnriont's
1833 5564 1878 5606 et
1915 5553 2136 5607 Immun-

568 5644 671 5698 (ιιίὶ
702 5660 858 5714 usus,
896 5656 952 5701 ut
980 5655 1123 5717 patet
1166 5647 1357 5719 legenti
1401 5646 1612 5701 tertiam
1648 5644 2050 5699 inminutionem
2082 5654 2135 5698 et

2239 1826 2431 1872 auctor
2461 1817 2769 1870 orationum
2801 1813 3064 1884 postulet,
3106 1810 3368 1866 Jo..nnem
3397 1809 3774 1864 Fiseanensem
3796 1847 3812 1872 ,

2236 1907 2326 1976 qui
2350 1907 2455 1961 duo
2485 1906 2708 1976 regebat
2752 1906 3113 1968 monasteria,
3165 1902 3354 1972 utquid
3399 1901 3623 1969 arguit;
3658 1901 3814 1969 quasi

2241 2011 2367 2051 vero
2402 1993 2580 2064 plures
2601 1992 2862 2048 ecclesias
2891 2007 3077 2061 regere
3103 1992 3356 2059 credatur
3380 1989 3636 2061 sacerdos
3665 1990 3815 2058 quis-

2238 2090 2359 2159 quis
2405 2090 2456 2141 in
2481 2087 2586 2141 line
2618 2086 2860 2141 brevium
2914 2085 3227 2153 litaniarum
3264 2083 3483 2151 recitat
3511 2083 3815 2137 orationem

2239 2178 2291 2231 in
2351 2191 2455 2245 qua
2497 2176 2610 2229 lucc
2639 2175 2801 2229 verba
2851 2174 2966 2229 loca
3031 2175 3179 2229 nobis
3231 2172 3505 2228 commissa
3561 2185 3817 2242 expressa

2240 2273 2511 2341 leguntur.
3224 2294 3229 2297 -
3590 2330 3593 2333 _

2315 2361 2413 2419 Uni
2432 2363 2593 2433 igitur
2606 2360 2864 2427 Anselmo
2898 2358 3279 2417 Cantuariensi
3302 2355 3428 2427 jure
3452 2355 3647 2412 merito
3676 2355 3813 2412 istas

2239 2455 2515 2525 orationes
2546 2454 2900 2519 asseruimus,
2929 2468 3064 2523 quas
3104 2466 3211 2508 non
3244 2448 3589 2515 Fiscaneusis
3612 2448 3774 2502 modo
3798 2488 3817 2515 ,

2166 2588 2167 2595 η
2238 2544 2333 2599 sed
2364 2553 2419 2598 et
2446 2545 2725 2599 Durandus
2748 2542 3026 2598 Caesae-Dei
3071 2539 3240 2595 abbas
3261 2540 3328 2595 ab
3358 2554 3502 2593 anno
3559 2537 3699 2595 1068
3749 2539 3818 2593 ad

2239 2649 2438 2708 annum
2461 2634 2597 2689 1οἷ8
2620 2634 2870 2704 etplures
2906 2633 2997 2687 alii
3047 2632 3215 2687 multa
3245 2631 3467 2702 pictatis
3502 2631 3685 2687 studio
3724 2646 3820 2687 ex-

2240 2734 2500 2794 ceperunt
2527 2733 2581 2779 et
2609 2724 2958 2794 collegerunt.
3260 2736 3281 2746 '
3478 2778 3482 2783 ,

2280 2816 2709 2893 ‘Advertendum
2736 2816 2772 2869 2
2801 2830 2865 2870 ex
2913 2814 3254 2871 orationibus
3298 2829 3418 2884 quae
3450 2813 3597 2872 nullo
3647 2816 3813 2873 dubio

2241 2908 2654 2985 suntAnselmi,
2695 2907 2949 2962 videlicet
2974 2920 3039 2961 ex
3086 2914 3226 2962 orat.
3255 2906 3321 2960 ad
3354 2907 3410 2961 S.
3461 2906 3703 2972 Petrum,
3749 2909 3819 2962 ad

2242 2999 2299 3052 S.
2327 2999 2570 3064 Paulum,
2594 3001 2660 3053 ad
2684 2998 2743 3054 S.
2771 2998 3073 3064 Nicolaum,
3104 2999 3171 3054 ad
3198 2997 3258 3052 S.
3291 2999 3669 3064 Benedictum,
3700 2998 3819 3069 pitt-

2243 3090 2378 3144 riina
2406 3098 2658 3159 excerpta
2687 3105 2808 3146 esse
2834 3105 2899 3144 ex
2930 3089 3130 3160 quibus
3157 3105 3350 3162 magna
3381 3105 3447 3145 ex
3476 3098 3633 3160 parte
3661 3106 3813 3146 com-

2242 3183 2401 3251 positi
2434 3181 2717 3237 suntvliber
2745 3180 2821 3235 De
2849 3180 3161 3237 contritione
3208 3181 3406 3249 cordis,
3440 3192 3495 3236 et
3522 3181 3661 3237 liber
3702 3180 3818 3237 Me-

2243 3273 2587 3343 ditationum,
2615 3272 2707 3342 qui
2733 3273 2785 3325 in
2812 3281 2848 3327 t.
2880 3271 2952 3326 lX
2973 3271 3208 3342 Operum
3247 3270 3309 3326 S.
3341 3272 3480 3342 Aug.
3515 3272 3817 3338 habentur,

2244 3380 2301 3419 et
2364 3366 2429 3419 de
2475 3364 2674 3435 quibus
2734 3372 3020 3433 propterea
3050 3363 3178 3432 quid
3228 3362 3573 3439 sentiendum
3634 3363 3707 3419 sit
3734 3362 3822 3419 in-

2244 3457 2324 3511 fra
2351 3457 2856 3528 pronuntiabimus;
2909 3457 2964 3511 '5.
2995 3456 3296 3511 orationem
3334 3454 3403 3511 69
3433 3454 3615 3509 minus
3659 3463 3811 3510 recte

2246 3548 2563 3616 inscriptam
2601 3561 2721 3600 esse
2762 3546 2829 3599 ad
2862 3555 3105 3600 sanctum
3156 3544 3465 3610 Martinum,
3496 3560 3619 3600 cum
3653 3547 3720 3600 ad
3757 3545 3818 3601 S.

2245 3635 2522 3691 Nicolaum
2576 3651 2697 3689 eam
2746 3650 2806 3691 se
2836 3633 3033 3690 fecisse
3066 3635 3179 3704 ipse
3200 3635 3496 3695 ,Anselmus
3527 3635 3735 3691 scribat
3766 3637 3821 3692 in

2242 3728 2402 3797 epist.
2439 3727 2504 3781 ad
2533 3714 3013 3797 Baldricunt,'qute
3041 3735 3124 3782 est
3147 3725 3206 3781 51
3241 3727 3333 3781 lib.
3367 3742 3430 3793 tt,
3461 3724 3631 3797 inqua
3654 3727 3823 3783 etiam

2242 3820 2573 3875 indicateam
2597 3818 2756 3888 paulo
2786 3828 3075 3887 antequam
3098 3819 3153 3873 in
3201 3818 3444 3889 Angliam
3495 3819 3609 3889 ipse
3638 3826 3824 3875 trans-

2244 3898 2660 3977 fretaret,'csse
2734 3912 3117 3982 compositam,
3179 3911 3431 3966 videlicet
3487 3912 3635 3966 circa
3677 3910 3822 3965 idem

2243 4012 2452 4075 tempus
2506 4018 2616 4073 quo
2649 3986 2843 4057 librum
2892 4002 2966 4057 De
3013 4001 3391 4056 lncarnatioue
3434 4000 3585 4056 Verbi
3635 4012 3825 4057 contra

2243 4092 2575 4148 Ruscelinum
2605 4094 2974 4149 inchoaverat.
3026 4092 3213 4147 Exstat
3263 4094 3378 4148 haec
3417 4093 3594 4148 oratio
3645 4095 3823 4149 sancti

2243 4184 2446 4240 Nicolai
2477 4185 2694 4240 nomine
2715 4185 2973 4254 inscripta
2999 4184 3049 4238 in
3076 4170 3178 4239 ms.
3214 4186 3530 4262 monasterii
3567 4185 3632 4239 de
3668 4184 3824 4240 Lira.

2493 4275 2742 4330 Csusuna
2772 4272 3040 4329 "Psallerii
3078 4276 3242 4352 beata:
3306 4275 3557 4345 Virgin’s.

2313 4365 2444 4421 Illud
2467 4365 2529 4421 1).
2560 4366 2823 4422 Picardus
2881 4368 3091 4437 primus
3131 4367 3185 4421 in
3237 4366 3411 4421 lucem
3460 4368 3631 4432 misit,
3675 4367 3821 4422 haud

2244 4458 2402 4512 dubie
2431 4472 2497 4511 ex
2536 4457 2717 4527 aliquo
2755 4473 2856 4511 ms.
2908 4459 3052 4527 quod
3101 4458 3274 4512 sancti
3324 4458 3569 4515 Ansehni
3619 4474 3822 4514 nomen

2242 4554 2477 4631 pnel'ert.
2533 4552 2592 4607 P.
2653 4553 2826 4624 Rayn.
2872 4553 3077 4607 nullum
3116 4554 3371 4610 habuisse
3427 4556 3572 4610 illius
3628 4557 3815 4625 operis

2242 4645 2484 4713 codicem
2525 4661 2626 4700 ms.
2660 4646 2880 4699 l‘atctur.
2936 4648 3044 4718 Ego
3088 4648 3302 4718 quidem
3371 4649 3531 4702 incidi
3580 4648 3818 4711 induas,

2240 4737 2493 4791 videlicet
2552 4754 2718 4792 unum
2782 4737 3152 4806 Victorinum,
3219 4749 3274 4794 et
3318 4739 3546 4793 alterum
3610 4738 3822 4792 Floria-

2240 4842 2474 4891 censem,
2543 4829 2594 4883 in
2651 4832 2847 4900 quibus
2895 4832 3117 4900 hujusce
3164 4830 3413 4888 Psalterii
3470 4829 3680 4884 initittm
3729 4845 3822 4882 us-

2239 4934 2343 4988 que
2403 4920 2467 4972 ad
2511 4919 2931 4990 Completorium
2978 4923 3269 4977 habetur:
3323 4926 3416 4976 sel
3475 4921 3529 4974 in
3591 4931 3820 4987 utroque

2238 5017 2433 5062 caetera
2458 5010 2873 5078 desiderantur,
2921 5021 2975 5067 et
3030 5012 3082 5066 in
3113 5018 3311 5066 neutro
3364 5010 3566 5081 legitur
3618 5023 3817 5063 nomen

2239 5101 2497 5177 auctoris.
2557 5101 2809 5155 Occurrit
2833 5103 2997 5158 etiam
3046 5103 3179 5157 mihi
3232 5103 3283 5156 in
3313 5113 3512 5173 nostra:
3566 5100 3814 5155 bbiioth.

2245 5191 2433 5244 codice
2466 5208 2566 5245 ms.
2596 5192 2701 5247 515
2731 5193 3057 5250 Psalterium
3084 5195 3145 5249 Β.
3178 5195 3240 5249 γ.
3292 5205 3347 5250 et
3367 5195 3514 5263 aliud
3572 5192 3814 5248 etiamin

2238 5295 2342 5333 ms.
2374 5279 2586 5333 Bibliot.
2621 5280 2825 5351 chiae;
2852 5284 2943 5336 sed
2974 5283 3080 5337 duo
3098 5284 3179 5337 hac
3207 5297 3431 5352 prorsus
3457 5281 3562 5335 alia
3584 5290 3711 5335 sunt
3742 5280 3813 5333 ab

2238 5386 2303 5426 co
2324 5373 2465 5442 quod
2484 5373 2569 5427 hic
2589 5373 2790 5428 editum
2814 5358 2920 5441 est,
2948 5376 3080 5431 etab
3097 5389 3162 5430 eo
3182 5376 3324 5445 quod
3353 5376 3411 5430 ὃ.
3440 5373 3582 5428 Bona
3596 5378 3816 5429 rentura

2237 5465 2559 5533 composuit.

2436 5552 2686 5611 qutcwu
2728 5573 2870 5613 LIBRI
2915 5558 2993 5613 De
3043 5558 3354 5613 contritione
3413 5556 3606 5612 cordis.

2311 5644 2472 5699 Primi
2504 5650 2700 5717 rapitis
2749 5651 2935 5704 ultima
2988 5667 3132 5720 pars,
3162 5668 3284 5707 cum
3339 5650 3577 5706 secundo
3613 5645 3810 5717 capite,
