  <div class='ocr_page' id='page_1' title='image "/cluster/home/n/w/nwhite01/storage/ocr_20150623/158/hvd.32044024236689/028.png"; bbox 0 0 4068 6286; ppageno 0'>
   <div class='ocr_carea' id='block_1_1' title="bbox 1464 233 1558 247">
    <p class='ocr_par' dir='ltr' id='par_1_1' title="bbox 1464 233 1558 247">
     <span class='ocr_line' id='line_1_1' title="bbox 1464 233 1558 247; baseline -0.011 0"><span class='ocrx_word' id='word_1_1' title='bbox 1464 233 1558 247; x_wconf 61' lang='lat'><strong>--‘</strong></span> 
     </span>
    </p>
   </div>
   <div class='ocr_carea' id='block_1_2' title="bbox 209 339 3432 406">
    <p class='ocr_par' dir='ltr' id='par_1_2' title="bbox 209 339 3432 406">
     <span class='ocr_line' id='line_1_2' title="bbox 209 339 3432 406; baseline -0.001 -6"><span class='ocrx_word' id='word_1_2' title='bbox 209 350 269 406; x_wconf 71' lang='lat'><strong>57</strong></span> <span class='ocrx_word' id='word_1_3' title='bbox 424 364 431 371; x_wconf 78' lang='lat'><strong>&#39;</strong></span> <span class='ocrx_word' id='word_1_4' title='bbox 590 363 601 372; x_wconf 81' lang='grc'><em>’</em></span> <span class='ocrx_word' id='word_1_5' title='bbox 1259 340 1585 398; x_wconf 75' lang='lat' dir='ltr'><strong>CENSURA</strong></span> <span class='ocrx_word' id='word_1_6' title='bbox 1626 341 1909 398; x_wconf 73' lang='lat' dir='ltr'><strong>OI‘ERUM</strong></span> <span class='ocrx_word' id='word_1_7' title='bbox 1948 339 2006 399; x_wconf 86' lang='lat' dir='ltr'><strong>S.</strong></span> <span class='ocrx_word' id='word_1_8' title='bbox 2048 339 2367 396; x_wconf 72' lang='lat' dir='ltr'><strong>ANSELMI.</strong></span> <span class='ocrx_word' id='word_1_9' title='bbox 3363 342 3432 399; x_wconf 74' lang='lat'><strong>&#39;58</strong></span> 
     </span>
    </p>
   </div>
   <div class='ocr_carea' id='block_1_3' title="bbox 210 430 3441 526">
    <p class='ocr_par' dir='ltr' id='par_1_3' title="bbox 210 445 3441 526">
     <span class='ocr_line' id='line_1_3' title="bbox 210 445 3441 526; baseline 0.001 -10"><span class='ocrx_word' id='word_1_10' title='bbox 210 445 309 516; x_wconf 79' lang='lat' dir='ltr'><strong>tota</strong></span> <span class='ocrx_word' id='word_1_11' title='bbox 343 458 402 513; x_wconf 88' lang='lat' dir='ltr'><strong>ad</strong></span> <span class='ocrx_word' id='word_1_12' title='bbox 421 458 639 511; x_wconf 82' lang='lat' dir='ltr'><strong>verbum</strong></span> <span class='ocrx_word' id='word_1_13' title='bbox 666 465 878 526; x_wconf 88' lang='lat' dir='ltr'><strong>sumpta</strong></span> <span class='ocrx_word' id='word_1_14' title='bbox 920 464 999 511; x_wconf 88' lang='lat' dir='ltr'><strong>est</strong></span> <span class='ocrx_word' id='word_1_15' title='bbox 1033 470 1098 510; x_wconf 85' lang='lat' dir='ltr'><strong>ex</strong></span> <span class='ocrx_word' id='word_1_16' title='bbox 1132 462 1403 525; x_wconf 87' lang='lat' dir='ltr'><strong>postrema</strong></span> <span class='ocrx_word' id='word_1_17' title='bbox 1460 461 1611 523; x_wconf 87' lang='lat' dir='ltr'><strong>parte</strong></span> <span class='ocrx_word' id='word_1_18' title='bbox 1643 468 1754 508; x_wconf 84' lang='lat' dir='ltr'><strong>me-</strong></span> <span class='ocrx_word' id='word_1_19' title='bbox 1784 461 1830 519; x_wconf 80' lang='grc' dir='ltr'><strong>Λ</strong></span> <span class='ocrx_word' id='word_1_20' title='bbox 1858 459 2111 514; x_wconf 76' lang='lat' dir='ltr'><strong>Juntcwu</strong></span> <span class='ocrx_word' id='word_1_21' title='bbox 2134 473 2240 511; x_wconf 76' lang='lat' dir='ltr'><strong>un.</strong></span> <span class='ocrx_word' id='word_1_22' title='bbox 2276 455 2821 521; x_wconf 77' lang='lat' dir='ltr'><strong>‘MeJilationum,’oct</strong></span> <span class='ocrx_word' id='word_1_23' title='bbox 2865 467 3025 509; x_wconf 72' lang='lat' dir='ltr'><strong>lNTElt</strong></span> <span class='ocrx_word' id='word_1_24' title='bbox 3052 454 3109 510; x_wconf 90' lang='lat' dir='ltr'><strong>S.</strong></span> <span class='ocrx_word' id='word_1_25' title='bbox 3147 458 3441 518; x_wconf 71' lang='lat' dir='ltr'><strong>AUGUSTIN!</strong></span> 
     </span>
    </p>
   </div>
   <div class='ocr_carea' id='block_1_4' title="bbox 210 532 1761 619">
    <p class='ocr_par' dir='ltr' id='par_1_4' title="bbox 210 532 1761 619">
     <span class='ocr_line' id='line_1_4' title="bbox 210 532 1761 619; baseline -0.005 -11"><span class='ocrx_word' id='word_1_26' title='bbox 210 546 463 608; x_wconf 71' lang='lat' dir='ltr'><strong>dilationis</strong></span> <span class='ocrx_word' id='word_1_27' title='bbox 489 548 548 614; x_wconf 74' lang='lat'><strong>2,</strong></span> <span class='ocrx_word' id='word_1_28' title='bbox 575 563 736 619; x_wconf 89' lang='lat' dir='ltr'><strong>quam</strong></span> <span class='ocrx_word' id='word_1_29' title='bbox 763 547 824 602; x_wconf 88' lang='lat' dir='ltr'><strong>S.</strong></span> <span class='ocrx_word' id='word_1_30' title='bbox 854 548 1143 603; x_wconf 86' lang='lat' dir='ltr'><strong>Anselmus</strong></span> <span class='ocrx_word' id='word_1_31' title='bbox 1180 561 1323 602; x_wconf 89' lang='lat' dir='ltr'><strong>anno</strong></span> <span class='ocrx_word' id='word_1_32' title='bbox 1355 532 1494 601; x_wconf 88' lang='grc'>1099</span> <span class='ocrx_word' id='word_1_33' title='bbox 1540 546 1761 617; x_wconf 76' lang='lat' dir='ltr'><strong>scripsit</strong></span> 
     </span>
    </p>
   </div>
   <div class='ocr_carea' id='block_1_5' title="bbox 209 637 933 706">
    <p class='ocr_par' dir='ltr' id='par_1_5' title="bbox 209 637 933 706">
     <span class='ocr_line' id='line_1_5' title="bbox 209 637 933 706; baseline -0.01 -9"><span class='ocrx_word' id='word_1_34' title='bbox 209 642 267 697; x_wconf 91' lang='lat' dir='ltr'><strong>de</strong></span> <span class='ocrx_word' id='word_1_35' title='bbox 287 642 511 694; x_wconf 87' lang='lat' dir='ltr'><strong>luunana</strong></span> <span class='ocrx_word' id='word_1_36' title='bbox 542 637 933 706; x_wconf 73' lang='lat' dir='ltr'><strong>redemptione.</strong></span> 
     </span>
    </p>
   </div>
   <div class='ocr_carea' id='block_1_6' title="bbox 271 743 1758 818">
    <p class='ocr_par' dir='ltr' id='par_1_6' title="bbox 271 743 1758 818">
     <span class='ocr_line' id='line_1_6' title="bbox 271 743 1758 818; baseline -0.004 -15"><span class='ocrx_word' id='word_1_37' title='bbox 271 749 425 804; x_wconf 87' lang='lat' dir='ltr'><strong>Tertii</strong></span> <span class='ocrx_word' id='word_1_38' title='bbox 453 747 645 818; x_wconf 86' lang='lat' dir='ltr'><strong>capitis</strong></span> <span class='ocrx_word' id='word_1_39' title='bbox 680 761 804 816; x_wconf 84' lang='lat' dir='ltr'><strong>pars</strong></span> <span class='ocrx_word' id='word_1_40' title='bbox 843 746 1129 816; x_wconf 73' lang='lat' dir='ltr'><strong>posterior,</strong></span> <span class='ocrx_word' id='word_1_41' title='bbox 1181 743 1404 811; x_wconf 82' lang='lat' dir='ltr'><strong>Qualem</strong></span> <span class='ocrx_word' id='word_1_42' title='bbox 1453 761 1534 798; x_wconf 86' lang='lat' dir='ltr'><strong>me</strong></span> <span class='ocrx_word' id='word_1_43' title='bbox 1566 743 1758 812; x_wconf 76' lang='lat' dir='ltr'><strong>fecisti,</strong></span> 
     </span>
    </p>
   </div>
   <div class='ocr_carea' id='block_1_7' title="bbox 206 824 1757 908">
    <p class='ocr_par' dir='ltr' id='par_1_7' title="bbox 206 824 1757 908">
     <span class='ocr_line' id='line_1_7' title="bbox 206 824 1757 908; baseline -0.005 -11"><span class='ocrx_word' id='word_1_44' title='bbox 206 850 322 907; x_wconf 87' lang='lat' dir='ltr'><strong>etc.,</strong></span> <span class='ocrx_word' id='word_1_45' title='bbox 351 847 405 894; x_wconf 90' lang='lat' dir='ltr'><strong>et</strong></span> <span class='ocrx_word' id='word_1_46' title='bbox 432 839 579 908; x_wconf 86' lang='lat' dir='ltr'><strong>prior</strong></span> <span class='ocrx_word' id='word_1_47' title='bbox 610 853 736 907; x_wconf 88' lang='lat' dir='ltr'><strong>pars</strong></span> <span class='ocrx_word' id='word_1_48' title='bbox 791 838 986 907; x_wconf 89' lang='lat' dir='ltr'><strong>capitis</strong></span> <span class='ocrx_word' id='word_1_49' title='bbox 1007 837 1063 905; x_wconf 68' lang='grc'><strong>4,</strong></span> <span class='ocrx_word' id='word_1_50' title='bbox 1097 826 1266 906; x_wconf 88' lang='lat' dir='ltr'><strong>usque</strong></span> <span class='ocrx_word' id='word_1_51' title='bbox 1322 824 1388 890; x_wconf 82' lang='lat' dir='ltr'><strong>ad</strong></span> <span class='ocrx_word' id='word_1_52' title='bbox 1419 836 1534 891; x_wconf 71' lang='lat' dir='ltr'><strong>bzuc</strong></span> <span class='ocrx_word' id='word_1_53' title='bbox 1568 837 1757 901; x_wconf 88' lang='lat' dir='ltr'><strong>verba,</strong></span> 
     </span>
    </p>
   </div>
   <div class='ocr_carea' id='block_1_8' title="bbox 205 931 1761 997">
    <p class='ocr_par' dir='ltr' id='par_1_8' title="bbox 205 931 1761 997">
     <span class='ocr_line' id='line_1_8' title="bbox 205 931 1761 997; baseline -0.006 -7"><span class='ocrx_word' id='word_1_54' title='bbox 205 937 379 989; x_wconf 76' lang='lat' dir='ltr'><strong>Anima</strong></span> <span class='ocrx_word' id='word_1_55' title='bbox 413 950 526 986; x_wconf 85' lang='lat' dir='ltr'><strong>mea</strong></span> <span class='ocrx_word' id='word_1_56' title='bbox 549 943 666 985; x_wconf 83' lang='lat' dir='ltr'><strong><em>ante</em></strong></span> <span class='ocrx_word' id='word_1_57' title='bbox 682 932 882 995; x_wconf 72' lang='lat' dir='ltr'><strong>Omnia,</strong></span> <span class='ocrx_word' id='word_1_58' title='bbox 912 940 1041 991; x_wconf 87' lang='lat' dir='ltr'><strong>etc.,</strong></span> <span class='ocrx_word' id='word_1_59' title='bbox 1072 931 1337 997; x_wconf 70' lang='lat' dir='ltr'><strong>decerpta:</strong></span> <span class='ocrx_word' id='word_1_60' title='bbox 1364 938 1491 982; x_wconf 87' lang='lat' dir='ltr'><strong>sunt</strong></span> <span class='ocrx_word' id='word_1_61' title='bbox 1518 944 1587 981; x_wconf 81' lang='lat' dir='ltr'><strong>ex</strong></span> <span class='ocrx_word' id='word_1_62' title='bbox 1634 940 1761 982; x_wconf 83' lang='lat' dir='ltr'><strong>san-</strong></span> 
     </span>
    </p>
   </div>
   <div class='ocr_carea' id='block_1_9' title="bbox 205 1014 1761 1089">
    <p class='ocr_par' dir='ltr' id='par_1_9' title="bbox 205 1014 1761 1089">
     <span class='ocr_line' id='line_1_9' title="bbox 205 1014 1761 1089; baseline -0.004 -7"><span class='ocrx_word' id='word_1_63' title='bbox 205 1028 267 1082; x_wconf 89' lang='lat' dir='ltr'><strong>cti</strong></span> <span class='ocrx_word' id='word_1_64' title='bbox 293 1024 525 1081; x_wconf 89' lang='lat' dir='ltr'><strong>Anselmi</strong></span> <span class='ocrx_word' id='word_1_65' title='bbox 549 1025 795 1079; x_wconf 89' lang='lat' dir='ltr'><strong>oratione</strong></span> <span class='ocrx_word' id='word_1_66' title='bbox 824 1022 889 1074; x_wconf 89' lang='lat' dir='ltr'><strong>ad</strong></span> <span class='ocrx_word' id='word_1_67' title='bbox 918 1022 975 1075; x_wconf 83' lang='lat' dir='ltr'><strong>S.</strong></span> <span class='ocrx_word' id='word_1_68' title='bbox 1004 1014 1203 1076; x_wconf 83' lang='lat' dir='ltr'><strong>Joann.</strong></span> <span class='ocrx_word' id='word_1_69' title='bbox 1231 1021 1386 1089; x_wconf 87' lang='lat' dir='ltr'><strong>Bapt.</strong></span> <span class='ocrx_word' id='word_1_70' title='bbox 1423 1020 1607 1073; x_wconf 89' lang='lat' dir='ltr'><strong>Altera</strong></span> <span class='ocrx_word' id='word_1_71' title='bbox 1633 1034 1761 1089; x_wconf 86' lang='lat' dir='ltr'><strong>pars</strong></span> 
     </span>
    </p>
   </div>
   <div class='ocr_carea' id='block_1_10' title="bbox 204 1114 1759 1186">
    <p class='ocr_par' dir='ltr' id='par_1_10' title="bbox 204 1114 1759 1186">
     <span class='ocr_line' id='line_1_10' title="bbox 204 1114 1759 1186; baseline -0.002 -15"><span class='ocrx_word' id='word_1_72' title='bbox 204 1116 560 1186; x_wconf 85' lang='lat' dir='ltr'><strong>istiusCapitis</strong></span> <span class='ocrx_word' id='word_1_73' title='bbox 582 1115 772 1181; x_wconf 71' lang='lat' dir='ltr'><strong>4,sunt</strong></span> <span class='ocrx_word' id='word_1_74' title='bbox 820 1125 992 1169; x_wconf 81' lang='lat' dir='ltr'><strong>autent</strong></span> <span class='ocrx_word' id='word_1_75' title='bbox 1038 1114 1169 1178; x_wconf 75' lang='lat' dir='ltr'><strong>hwc,</strong></span> <span class='ocrx_word' id='word_1_76' title='bbox 1225 1122 1356 1179; x_wconf 90' lang='lat' dir='ltr'><strong>etc.,</strong></span> <span class='ocrx_word' id='word_1_77' title='bbox 1419 1122 1759 1181; x_wconf 88' lang='lat' dir='ltr'><strong>transumpta</strong></span> 
     </span>
    </p>
   </div>
   <div class='ocr_carea' id='block_1_11' title="bbox 206 1200 1759 1272">
    <p class='ocr_par' dir='ltr' id='par_1_11' title="bbox 206 1200 1759 1272">
     <span class='ocr_line' id='line_1_11' title="bbox 206 1200 1759 1272; baseline -0.004 -11"><span class='ocrx_word' id='word_1_78' title='bbox 206 1215 363 1261; x_wconf 82' lang='lat' dir='ltr'><strong>estex</strong></span> <span class='ocrx_word' id='word_1_79' title='bbox 388 1205 634 1260; x_wconf 88' lang='lat' dir='ltr'><strong>oratione</strong></span> <span class='ocrx_word' id='word_1_80' title='bbox 667 1204 702 1258; x_wconf 76' lang='grc'>4</span> <span class='ocrx_word' id='word_1_81' title='bbox 731 1205 799 1259; x_wconf 91' lang='lat' dir='ltr'><strong>ad</strong></span> <span class='ocrx_word' id='word_1_82' title='bbox 830 1203 1020 1267; x_wconf 89' lang='lat' dir='ltr'><strong>Deum,</strong></span> <span class='ocrx_word' id='word_1_83' title='bbox 1062 1217 1180 1272; x_wconf 77' lang='lat' dir='ltr'><strong>qua:</strong></span> <span class='ocrx_word' id='word_1_84' title='bbox 1206 1201 1393 1270; x_wconf 77' lang='lat' dir='ltr'><strong>incipit</strong></span> <span class='ocrx_word' id='word_1_85' title='bbox 1424 1218 1439 1255; x_wconf 87' lang='lat'><strong>:</strong></span> <span class='ocrx_word' id='word_1_86' title='bbox 1472 1200 1759 1266; x_wconf 82' lang='lat' dir='ltr'><strong>Altissime,</strong></span> 
     </span>
    </p>
   </div>
   <div class='ocr_carea' id='block_1_12' title="bbox 203 1274 1763 1365">
    <p class='ocr_par' dir='ltr' id='par_1_12' title="bbox 203 1274 1763 1365">
     <span class='ocr_line' id='line_1_12' title="bbox 203 1274 1763 1365; baseline -0.006 -13"><span class='ocrx_word' id='word_1_87' title='bbox 203 1274 297 1353; x_wconf 83' lang='lat' dir='ltr'><strong>etc.</strong></span> <span class='ocrx_word' id='word_1_88' title='bbox 330 1296 525 1352; x_wconf 88' lang='lat' dir='ltr'><strong>Ultima</strong></span> <span class='ocrx_word' id='word_1_89' title='bbox 560 1294 772 1351; x_wconf 80' lang='lat' dir='ltr'><strong>tandem</strong></span> <span class='ocrx_word' id='word_1_90' title='bbox 803 1286 931 1365; x_wconf 88' lang='lat' dir='ltr'><strong>pars</strong></span> <span class='ocrx_word' id='word_1_91' title='bbox 978 1284 1153 1347; x_wconf 88' lang='lat' dir='ltr'><strong>abhis</strong></span> <span class='ocrx_word' id='word_1_92' title='bbox 1176 1292 1379 1356; x_wconf 77' lang='lat' dir='ltr'><strong>verbis,</strong></span> <span class='ocrx_word' id='word_1_93' title='bbox 1413 1289 1585 1356; x_wconf 83' lang='lat' dir='ltr'><strong>Quam</strong></span> <span class='ocrx_word' id='word_1_94' title='bbox 1635 1289 1763 1343; x_wconf 83' lang='lat' dir='ltr'><strong>tole-</strong></span> 
     </span>
    </p>
   </div>
   <div class='ocr_carea' id='block_1_13' title="bbox 202 1372 1765 1452">
    <p class='ocr_par' dir='ltr' id='par_1_13' title="bbox 202 1372 1765 1452">
     <span class='ocr_line' id='line_1_13' title="bbox 202 1372 1765 1452; baseline -0.003 -13"><span class='ocrx_word' id='word_1_95' title='bbox 202 1386 423 1451; x_wconf 85' lang='lat' dir='ltr'><strong>rabilius,</strong></span> <span class='ocrx_word' id='word_1_96' title='bbox 457 1376 587 1452; x_wconf 84' lang='lat' dir='ltr'><strong>etc.,</strong></span> <span class='ocrx_word' id='word_1_97' title='bbox 635 1372 939 1441; x_wconf 36' lang='lat' dir='ltr'><strong>et&#39;initium</strong></span> <span class='ocrx_word' id='word_1_98' title='bbox 997 1382 1189 1452; x_wconf 84' lang='lat' dir='ltr'><strong>capitis</strong></span> <span class='ocrx_word' id='word_1_99' title='bbox 1258 1382 1551 1450; x_wconf 50' lang='lat' dir='ltr'><strong>sequentis,</strong></span> <span class='ocrx_word' id='word_1_100' title='bbox 1595 1394 1765 1449; x_wconf 90' lang='lat' dir='ltr'><strong>usque</strong></span> 
     </span>
    </p>
   </div>
   <div class='ocr_carea' id='block_1_14' title="bbox 202 1464 1763 1543">
    <p class='ocr_par' dir='ltr' id='par_1_14' title="bbox 202 1464 1763 1543">
     <span class='ocr_line' id='line_1_14' title="bbox 202 1464 1763 1543; baseline -0.004 -13"><span class='ocrx_word' id='word_1_101' title='bbox 202 1478 263 1533; x_wconf 91' lang='lat' dir='ltr'><strong>ad</strong></span> <span class='ocrx_word' id='word_1_102' title='bbox 286 1479 379 1532; x_wconf 91' lang='lat' dir='ltr'><strong>ista</strong></span> <span class='ocrx_word' id='word_1_103' title='bbox 400 1464 807 1543; x_wconf 78' lang='grc' dir='ltr'><strong>Νοιὶ,ὀοηιῐηε,</strong></span> <span class='ocrx_word' id='word_1_104' title='bbox 833 1482 965 1541; x_wconf 91' lang='lat' dir='ltr'><strong>etc.,</strong></span> <span class='ocrx_word' id='word_1_105' title='bbox 993 1473 1249 1528; x_wconf 84' lang='lat' dir='ltr'><strong>translata</strong></span> <span class='ocrx_word' id='word_1_106' title='bbox 1277 1481 1403 1534; x_wconf 83' lang='lat' dir='ltr'><strong>sunt</strong></span> <span class='ocrx_word' id='word_1_107' title='bbox 1432 1486 1496 1525; x_wconf 86' lang='lat' dir='ltr'><strong>ex</strong></span> <span class='ocrx_word' id='word_1_108' title='bbox 1526 1471 1763 1525; x_wconf 89' lang='lat' dir='ltr'><strong>secunda</strong></span> 
     </span>
    </p>
   </div>
   <div class='ocr_carea' id='block_1_15' title="bbox 201 1558 1765 1636">
    <p class='ocr_par' dir='ltr' id='par_1_15' title="bbox 201 1558 1765 1636">
     <span class='ocr_line' id='line_1_15' title="bbox 201 1558 1765 1636; baseline -0.003 -15"><span class='ocrx_word' id='word_1_109' title='bbox 201 1558 711 1636; x_wconf 84' lang='lat' dir='ltr'><strong>indubitataqueS.</strong></span> <span class='ocrx_word' id='word_1_110' title='bbox 749 1565 987 1621; x_wconf 89' lang='lat' dir='ltr'><strong>Anselmi</strong></span> <span class='ocrx_word' id='word_1_111' title='bbox 1049 1564 1399 1620; x_wconf 78' lang='lat' dir='ltr'><strong>meditatione</strong></span> <span class='ocrx_word' id='word_1_112' title='bbox 1450 1562 1606 1632; x_wconf 84' lang='lat' dir='ltr'><strong>cujus</strong></span> <span class='ocrx_word' id='word_1_113' title='bbox 1661 1562 1765 1617; x_wconf 84' lang='lat' dir='ltr'><strong>ini-</strong></span> 
     </span>
    </p>
   </div>
   <div class='ocr_carea' id='block_1_16' title="bbox 202 1646 936 1725">
    <p class='ocr_par' dir='ltr' id='par_1_16' title="bbox 202 1646 936 1725">
     <span class='ocr_line' id='line_1_16' title="bbox 202 1646 936 1725; baseline 0 -15"><span class='ocrx_word' id='word_1_114' title='bbox 202 1658 321 1711; x_wconf 84' lang='lat' dir='ltr'><strong>tium</strong></span> <span class='ocrx_word' id='word_1_115' title='bbox 343 1664 425 1712; x_wconf 84' lang='lat' dir='ltr'><strong>est</strong></span> <span class='ocrx_word' id='word_1_116' title='bbox 453 1696 469 1723; x_wconf 90' lang='lat'><strong>,</strong></span> <span class='ocrx_word' id='word_1_117' title='bbox 498 1646 672 1710; x_wconf 70' lang='lat' dir='ltr'><strong>Terret</strong></span> <span class='ocrx_word' id='word_1_118' title='bbox 697 1673 799 1725; x_wconf 84' lang='lat' dir='ltr'><strong>me,</strong></span> <span class='ocrx_word' id='word_1_119' title='bbox 829 1665 936 1712; x_wconf 88' lang='lat' dir='ltr'><strong>etc.</strong></span> 
     </span>
    </p>
   </div>
   <div class='ocr_carea' id='block_1_17' title="bbox 230 1769 1739 1839">
    <p class='ocr_par' dir='ltr' id='par_1_17' title="bbox 230 1769 1739 1839">
     <span class='ocr_line' id='line_1_17' title="bbox 230 1769 1739 1839; baseline 0.001 -16"><span class='ocrx_word' id='word_1_120' title='bbox 230 1816 235 1823; x_wconf 84' lang='lat'><strong>.</strong></span> <span class='ocrx_word' id='word_1_121' title='bbox 259 1772 469 1831; x_wconf 84' lang='lat' dir='ltr'><strong>Abistis</strong></span> <span class='ocrx_word' id='word_1_122' title='bbox 490 1781 667 1829; x_wconf 90' lang='lat' dir='ltr'><strong>autem</strong></span> <span class='ocrx_word' id='word_1_123' title='bbox 690 1772 867 1827; x_wconf 86' lang='lat' dir='ltr'><strong>verbis</strong></span> <span class='ocrx_word' id='word_1_124' title='bbox 895 1789 906 1834; x_wconf 90' lang='lat'><strong>:_</strong></span> <span class='ocrx_word' id='word_1_125' title='bbox 937 1769 1085 1839; x_wconf 82' lang='lat' dir='ltr'><strong>Noli,</strong></span> <span class='ocrx_word' id='word_1_126' title='bbox 1112 1770 1351 1837; x_wconf 80' lang='lat' dir='ltr'><strong>Domine,</strong></span> <span class='ocrx_word' id='word_1_127' title='bbox 1374 1776 1506 1836; x_wconf 92' lang='lat' dir='ltr'><strong>etc.,</strong></span> <span class='ocrx_word' id='word_1_128' title='bbox 1532 1770 1598 1824; x_wconf 91' lang='lat' dir='ltr'><strong>ad</strong></span> <span class='ocrx_word' id='word_1_129' title='bbox 1623 1771 1739 1826; x_wconf 62' lang='lat' dir='ltr'><strong>hac</strong></span> 
     </span>
    </p>
   </div>
   <div class='ocr_carea' id='block_1_18' title="bbox 198 1862 1767 1933">
    <p class='ocr_par' dir='ltr' id='par_1_18' title="bbox 198 1862 1767 1933">
     <span class='ocr_line' id='line_1_18' title="bbox 198 1862 1767 1933; baseline 0 -17"><span class='ocrx_word' id='word_1_130' title='bbox 198 1862 358 1918; x_wconf 82' lang='lat' dir='ltr'><strong>Parce</strong></span> <span class='ocrx_word' id='word_1_131' title='bbox 380 1866 653 1933; x_wconf 80' lang='lat' dir='ltr'><strong>peccatrici</strong></span> <span class='ocrx_word' id='word_1_132' title='bbox 677 1866 867 1919; x_wconf 71' lang='lat' dir='ltr'><strong>anima:</strong></span> <span class='ocrx_word' id='word_1_133' title='bbox 903 1881 1050 1929; x_wconf 67' lang='lat' dir='ltr'><strong>metu,</strong></span> <span class='ocrx_word' id='word_1_134' title='bbox 1103 1873 1237 1929; x_wconf 85' lang='lat' dir='ltr'><strong>etc.,</strong></span> <span class='ocrx_word' id='word_1_135' title='bbox 1291 1863 1605 1932; x_wconf 83' lang='lat' dir='ltr'><strong>deprompta</strong></span> <span class='ocrx_word' id='word_1_136' title='bbox 1638 1872 1767 1916; x_wconf 84' lang='lat' dir='ltr'><strong>sunt</strong></span> 
     </span>
    </p>
   </div>
   <div class='ocr_carea' id='block_1_19' title="bbox 197 1953 1763 2025">
    <p class='ocr_par' dir='ltr' id='par_1_19' title="bbox 197 1953 1763 2025">
     <span class='ocr_line' id='line_1_19' title="bbox 197 1953 1763 2025; baseline -0.001 -16"><span class='ocrx_word' id='word_1_137' title='bbox 197 1970 255 2009; x_wconf 73' lang='lat' dir='ltr'><strong>ex</strong></span> <span class='ocrx_word' id='word_1_138' title='bbox 285 1955 471 2009; x_wconf 91' lang='lat' dir='ltr'><strong>ultima</strong></span> <span class='ocrx_word' id='word_1_139' title='bbox 497 1964 648 2025; x_wconf 87' lang='lat' dir='ltr'><strong>parte</strong></span> <span class='ocrx_word' id='word_1_140' title='bbox 681 1955 851 2017; x_wconf 77' lang='lat' dir='ltr'><strong>tertia:</strong></span> <span class='ocrx_word' id='word_1_141' title='bbox 901 1954 1263 2010; x_wconf 84' lang='lat' dir='ltr'><strong>meditationis</strong></span> <span class='ocrx_word' id='word_1_142' title='bbox 1307 1953 1477 2008; x_wconf 82' lang='lat' dir='ltr'><strong>sancti</strong></span> <span class='ocrx_word' id='word_1_143' title='bbox 1501 1953 1763 2019; x_wconf 85' lang='lat' dir='ltr'><strong>Auselmi,</strong></span> 
     </span>
    </p>
   </div>
   <div class='ocr_carea' id='block_1_20' title="bbox 196 2044 1519 2122">
    <p class='ocr_par' dir='ltr' id='par_1_20' title="bbox 196 2044 1519 2122">
     <span class='ocr_line' id='line_1_20' title="bbox 196 2044 1519 2122; baseline 0 -24"><span class='ocrx_word' id='word_1_144' title='bbox 196 2058 306 2113; x_wconf 74' lang='lat' dir='ltr'><strong>quae</strong></span> <span class='ocrx_word' id='word_1_145' title='bbox 330 2054 415 2099; x_wconf 85' lang='lat' dir='ltr'><strong>est</strong></span> <span class='ocrx_word' id='word_1_146' title='bbox 435 2044 901 2114; x_wconf 81' lang='lat' dir='ltr'><strong>deploratiomale</strong></span> <span class='ocrx_word' id='word_1_147' title='bbox 930 2046 1142 2122; x_wconf 67' lang='lat' dir='ltr'><strong>amissa:</strong></span> <span class='ocrx_word' id='word_1_148' title='bbox 1172 2044 1519 2113; x_wconf 72' lang='lat' dir='ltr'><strong>virginitatis.</strong></span> 
     </span>
    </p>
   </div>
   <div class='ocr_carea' id='block_1_21' title="bbox 222 2124 1763 2206">
    <p class='ocr_par' dir='ltr' id='par_1_21' title="bbox 222 2124 1763 2206">
     <span class='ocr_line' id='line_1_21' title="bbox 222 2124 1763 2206; baseline -0.001 -17"><span class='ocrx_word' id='word_1_149' title='bbox 222 2184 227 2189; x_wconf 85' lang='lat'><strong>.</strong></span> <span class='ocrx_word' id='word_1_150' title='bbox 256 2135 338 2191; x_wconf 90' lang='lat' dir='ltr'><strong>Ab</strong></span> <span class='ocrx_word' id='word_1_151' title='bbox 367 2136 453 2191; x_wconf 87' lang='lat' dir='ltr'><strong>his</strong></span> <span class='ocrx_word' id='word_1_152' title='bbox 478 2135 652 2205; x_wconf 85' lang='lat' dir='ltr'><strong>quinti</strong></span> <span class='ocrx_word' id='word_1_153' title='bbox 678 2136 873 2206; x_wconf 84' lang='lat' dir='ltr'><strong>capitis</strong></span> <span class='ocrx_word' id='word_1_154' title='bbox 922 2137 1100 2191; x_wconf 83' lang='lat' dir='ltr'><strong>verbis</strong></span> <span class='ocrx_word' id='word_1_155' title='bbox 1127 2175 1141 2201; x_wconf 95' lang='lat'><strong>,</strong></span> <span class='ocrx_word' id='word_1_156' title='bbox 1180 2134 1278 2189; x_wconf 72' lang='lat' dir='ltr'><strong>lien</strong></span> <span class='ocrx_word' id='word_1_157' title='bbox 1311 2135 1332 2189; x_wconf 90' lang='lat'><strong><em>!</em></strong></span> <span class='ocrx_word' id='word_1_158' title='bbox 1358 2124 1517 2189; x_wconf 79' lang='lat' dir='ltr'><strong>miser</strong></span> <span class='ocrx_word' id='word_1_159' title='bbox 1543 2153 1763 2205; x_wconf 82' lang='lat' dir='ltr'><strong>semper,</strong></span> 
     </span>
    </p>
   </div>
   <div class='ocr_carea' id='block_1_22' title="bbox 189 2226 1769 2295">
    <p class='ocr_par' dir='ltr' id='par_1_22' title="bbox 189 2226 1769 2295">
     <span class='ocr_line' id='line_1_22' title="bbox 189 2226 1769 2295; baseline 0 -15"><span class='ocrx_word' id='word_1_160' title='bbox 189 2236 524 2295; x_wconf 86' lang='lat' dir='ltr'><strong>etc.,.usquc</strong></span> <span class='ocrx_word' id='word_1_161' title='bbox 551 2229 616 2281; x_wconf 87' lang='lat' dir='ltr'><strong>ad</strong></span> <span class='ocrx_word' id='word_1_162' title='bbox 640 2226 762 2289; x_wconf 88' lang='lat' dir='ltr'><strong>ista,</strong></span> <span class='ocrx_word' id='word_1_163' title='bbox 812 2243 1108 2295; x_wconf 82' lang='lat' dir='ltr'><strong>perversum</strong></span> <span class='ocrx_word' id='word_1_164' title='bbox 1159 2229 1338 2293; x_wconf 84' lang='lat' dir='ltr'><strong>etiam,</strong></span> <span class='ocrx_word' id='word_1_165' title='bbox 1370 2237 1503 2291; x_wconf 88' lang='lat' dir='ltr'><strong>etc.,</strong></span> <span class='ocrx_word' id='word_1_166' title='bbox 1529 2229 1769 2283; x_wconf 85' lang='lat' dir='ltr'><strong>emendi-</strong></span> 
     </span>
    </p>
   </div>
   <div class='ocr_carea' id='block_1_23' title="bbox 188 2297 1766 2379">
    <p class='ocr_par' dir='ltr' id='par_1_23' title="bbox 188 2297 1766 2379">
     <span class='ocr_line' id='line_1_23' title="bbox 188 2297 1766 2379; baseline 0.003 -11"><span class='ocrx_word' id='word_1_167' title='bbox 188 2324 302 2369; x_wconf 83' lang='lat' dir='ltr'><strong>cata</strong></span> <span class='ocrx_word' id='word_1_168' title='bbox 329 2297 482 2379; x_wconf 84' lang='lat' dir='ltr'><strong>sunt,</strong></span> <span class='ocrx_word' id='word_1_169' title='bbox 508 2316 723 2375; x_wconf 86' lang='lat' dir='ltr'><strong>inverso</strong></span> <span class='ocrx_word' id='word_1_170' title='bbox 746 2315 869 2377; x_wconf 82' lang='lat' dir='ltr'><strong>licet</strong></span> <span class='ocrx_word' id='word_1_171' title='bbox 896 2315 1085 2368; x_wconf 83' lang='lat' dir='ltr'><strong>ordine</strong></span> <span class='ocrx_word' id='word_1_172' title='bbox 1110 2330 1179 2368; x_wconf 83' lang='lat' dir='ltr'><strong>ex</strong></span> <span class='ocrx_word' id='word_1_173' title='bbox 1210 2315 1522 2369; x_wconf 89' lang='lat' dir='ltr'><strong>S.Anselmi</strong></span> <span class='ocrx_word' id='word_1_174' title='bbox 1562 2319 1766 2373; x_wconf 84' lang='lat' dir='ltr'><strong>oratio-</strong></span> 
     </span>
    </p>
   </div>
   <div class='ocr_carea' id='block_1_24' title="bbox 189 2404 1766 2486">
    <p class='ocr_par' dir='ltr' id='par_1_24' title="bbox 189 2404 1766 2486">
     <span class='ocr_line' id='line_1_24' title="bbox 189 2404 1766 2486; baseline 0.002 -27"><span class='ocrx_word' id='word_1_175' title='bbox 189 2420 251 2460; x_wconf 88' lang='lat' dir='ltr'><strong>ne</strong></span> <span class='ocrx_word' id='word_1_176' title='bbox 281 2405 446 2460; x_wconf 88' lang='lat' dir='ltr'><strong>tertia</strong></span> <span class='ocrx_word' id='word_1_177' title='bbox 472 2404 537 2459; x_wconf 87' lang='lat' dir='ltr'><strong>ad</strong></span> <span class='ocrx_word' id='word_1_178' title='bbox 564 2404 754 2459; x_wconf 87' lang='lat' dir='ltr'><strong>Deum.</strong></span> <span class='ocrx_word' id='word_1_179' title='bbox 776 2404 856 2458; x_wconf 91' lang='lat' dir='ltr'><strong>Ab</strong></span> <span class='ocrx_word' id='word_1_180' title='bbox 884 2404 998 2458; x_wconf 89' lang='lat' dir='ltr'><strong>istis</strong></span> <span class='ocrx_word' id='word_1_181' title='bbox 1026 2414 1204 2467; x_wconf 89' lang='lat' dir='ltr'><strong>autem</strong></span> <span class='ocrx_word' id='word_1_182' title='bbox 1222 2445 1237 2467; x_wconf 90' lang='lat'><strong>,</strong></span> <span class='ocrx_word' id='word_1_183' title='bbox 1263 2422 1556 2486; x_wconf 74' lang='lat' dir='ltr'><strong>perversum</strong></span> <span class='ocrx_word' id='word_1_184' title='bbox 1587 2410 1766 2473; x_wconf 87' lang='lat' dir='ltr'><strong>etiam,</strong></span> 
     </span>
    </p>
   </div>
   <div class='ocr_carea' id='block_1_25' title="bbox 192 2495 1768 2567">
    <p class='ocr_par' dir='ltr' id='par_1_25' title="bbox 192 2495 1768 2567">
     <span class='ocr_line' id='line_1_25' title="bbox 192 2495 1768 2567; baseline 0.001 -15"><span class='ocrx_word' id='word_1_185' title='bbox 192 2507 316 2561; x_wconf 85' lang='lat' dir='ltr'><strong>etc.,</strong></span> <span class='ocrx_word' id='word_1_186' title='bbox 348 2511 523 2566; x_wconf 88' lang='lat' dir='ltr'><strong>usque</strong></span> <span class='ocrx_word' id='word_1_187' title='bbox 581 2495 649 2550; x_wconf 85' lang='lat' dir='ltr'><strong>ad</strong></span> <span class='ocrx_word' id='word_1_188' title='bbox 680 2496 782 2550; x_wconf 90' lang='lat' dir='ltr'><strong>ista</strong></span> <span class='ocrx_word' id='word_1_189' title='bbox 807 2496 851 2549; x_wconf 86' lang='grc' dir='ltr'><em>υ</em></span> <span class='ocrx_word' id='word_1_190' title='bbox 879 2505 1110 2565; x_wconf 81' lang='lat' dir='ltr'><strong>peccata,</strong></span> <span class='ocrx_word' id='word_1_191' title='bbox 1155 2507 1262 2551; x_wconf 92' lang='lat' dir='ltr'><strong>etc.</strong></span> <span class='ocrx_word' id='word_1_192' title='bbox 1283 2536 1298 2560; x_wconf 92' lang='lat'><strong>,</strong></span> <span class='ocrx_word' id='word_1_193' title='bbox 1341 2507 1595 2567; x_wconf 75' lang='lat' dir='ltr'><strong>excerpta</strong></span> <span class='ocrx_word' id='word_1_194' title='bbox 1620 2509 1768 2566; x_wconf 90' lang='lat' dir='ltr'><strong>sunt,</strong></span> 
     </span>
    </p>
   </div>
   <div class='ocr_carea' id='block_1_26' title="bbox 197 2589 1772 2665">
    <p class='ocr_par' dir='ltr' id='par_1_26' title="bbox 197 2589 1772 2665">
     <span class='ocr_line' id='line_1_26' title="bbox 197 2589 1772 2665; baseline 0.002 -22"><span class='ocrx_word' id='word_1_195' title='bbox 197 2599 402 2652; x_wconf 84' lang='lat' dir='ltr'><strong>mutato</strong></span> <span class='ocrx_word' id='word_1_196' title='bbox 428 2598 609 2663; x_wconf 87' lang='lat' dir='ltr'><strong>tamen</strong></span> <span class='ocrx_word' id='word_1_197' title='bbox 631 2590 841 2665; x_wconf 80' lang='lat' dir='ltr'><strong>ordine,</strong></span> <span class='ocrx_word' id='word_1_198' title='bbox 860 2606 937 2649; x_wconf 75' lang='lat' dir='ltr'><strong>.ex</strong></span> <span class='ocrx_word' id='word_1_199' title='bbox 954 2590 1198 2646; x_wconf 88' lang='lat' dir='ltr'><strong>oratione</strong></span> <span class='ocrx_word' id='word_1_200' title='bbox 1210 2591 1277 2646; x_wconf 83' lang='lat' dir='ltr'><strong>ad</strong></span> <span class='ocrx_word' id='word_1_201' title='bbox 1300 2589 1359 2646; x_wconf 91' lang='lat' dir='ltr'><strong>S.</strong></span> <span class='ocrx_word' id='word_1_202' title='bbox 1386 2591 1584 2647; x_wconf 84' lang='lat' dir='ltr'><strong>Bened.</strong></span> <span class='ocrx_word' id='word_1_203' title='bbox 1610 2606 1772 2662; x_wconf 87' lang='lat' dir='ltr'><strong>quam</strong></span> 
     </span>
    </p>
   </div>
   <div class='ocr_carea' id='block_1_27' title="bbox 196 2679 1069 2747">
    <p class='ocr_par' dir='ltr' id='par_1_27' title="bbox 196 2679 1069 2747">
     <span class='ocr_line' id='line_1_27' title="bbox 196 2679 1069 2747; baseline 0.001 -11"><span class='ocrx_word' id='word_1_204' title='bbox 196 2696 308 2738; x_wconf 85' lang='lat' dir='ltr'><strong>esse</strong></span> <span class='ocrx_word' id='word_1_205' title='bbox 332 2680 505 2739; x_wconf 91' lang='lat' dir='ltr'><strong>sancti</strong></span> <span class='ocrx_word' id='word_1_206' title='bbox 529 2679 770 2747; x_wconf 81' lang='lat' dir='ltr'><strong>Ansehnl</strong></span> <span class='ocrx_word' id='word_1_207' title='bbox 790 2690 1022 2742; x_wconf 77' lang='lat' dir='ltr'><strong>constat.</strong></span> <span class='ocrx_word' id='word_1_208' title='bbox 1060 2734 1069 2745; x_wconf 86' lang='grc'><em>,</em></span> 
     </span>
    </p>
   </div>
   <div class='ocr_carea' id='block_1_28' title="bbox 259 2788 1769 2867">
    <p class='ocr_par' dir='ltr' id='par_1_28' title="bbox 259 2788 1769 2867">
     <span class='ocr_line' id='line_1_28' title="bbox 259 2788 1769 2867; baseline 0.005 -24"><span class='ocrx_word' id='word_1_209' title='bbox 259 2791 339 2846; x_wconf 85' lang='lat' dir='ltr'><strong>Ab</strong></span> <span class='ocrx_word' id='word_1_210' title='bbox 370 2791 438 2845; x_wconf 91' lang='lat' dir='ltr'><strong>iis</strong></span> <span class='ocrx_word' id='word_1_211' title='bbox 454 2806 623 2862; x_wconf 78' lang='lat' dir='ltr'><strong>porro</strong></span> <span class='ocrx_word' id='word_1_212' title='bbox 642 2792 821 2848; x_wconf 81' lang='lat' dir='ltr'><strong>verbis</strong></span> <span class='ocrx_word' id='word_1_213' title='bbox 844 2792 890 2847; x_wconf 90' lang='grc' dir='ltr'><strong><em>Ο</em></strong></span> <span class='ocrx_word' id='word_1_214' title='bbox 916 2802 1149 2863; x_wconf 83' lang='lat' dir='ltr'><strong>peccata,</strong></span> <span class='ocrx_word' id='word_1_215' title='bbox 1197 2788 1621 2867; x_wconf 79' lang='lat' dir='ltr'><strong>etc.,usqne&#39;ad</strong></span> <span class='ocrx_word' id='word_1_216' title='bbox 1654 2796 1769 2851; x_wconf 67' lang='lat' dir='ltr'><strong>haec</strong></span> 
     </span>
    </p>
   </div>
   <div class='ocr_carea' id='block_1_29' title="bbox 198 2877 1789 2956">
    <p class='ocr_par' dir='ltr' id='par_1_29' title="bbox 198 2877 1789 2956">
     <span class='ocr_line' id='line_1_29' title="bbox 198 2877 1789 2956; baseline 0.005 -23"><span class='ocrx_word' id='word_1_217' title='bbox 198 2877 401 2936; x_wconf 69' lang='lat' dir='ltr'><strong>Exaudi</strong></span> <span class='ocrx_word' id='word_1_218' title='bbox 454 2898 611 2953; x_wconf 85' lang='lat' dir='ltr'><strong>ergo,</strong></span> <span class='ocrx_word' id='word_1_219' title='bbox 669 2892 800 2948; x_wconf 90' lang='lat' dir='ltr'><strong>&#39;etc.,</strong></span> <span class='ocrx_word' id='word_1_220' title='bbox 850 2899 969 2954; x_wconf 81' lang='lat' dir='ltr'><strong>quae</strong></span> <span class='ocrx_word' id='word_1_221' title='bbox 1019 2893 1147 2940; x_wconf 87' lang='lat' dir='ltr'><strong>sunt</strong></span> <span class='ocrx_word' id='word_1_222' title='bbox 1195 2886 1406 2941; x_wconf 90' lang='lat' dir='ltr'><strong>initium</strong></span> <span class='ocrx_word' id='word_1_223' title='bbox 1460 2884 1651 2956; x_wconf 82' lang='lat' dir='ltr'><strong>capitis</strong></span> <span class='ocrx_word' id='word_1_224' title='bbox 1677 2887 1789 2952; x_wconf 82' lang='grc' dir='ltr'><strong>1ο,-</strong></span> 
     </span>
    </p>
   </div>
   <div class='ocr_carea' id='block_1_30' title="bbox 182 2974 1787 3053">
    <p class='ocr_par' dir='ltr' id='par_1_30' title="bbox 182 2974 1787 3053">
     <span class='ocr_line' id='line_1_30' title="bbox 182 2974 1787 3053; baseline 0.006 -29"><span class='ocrx_word' id='word_1_225' title='bbox 182 2981 401 3053; x_wconf 77' lang='lat' dir='ltr'><strong>sumpta</strong></span> <span class='ocrx_word' id='word_1_226' title='bbox 447 2979 580 3027; x_wconf 89' lang='lat' dir='ltr'><strong>sunt</strong></span> <span class='ocrx_word' id='word_1_227' title='bbox 628 2987 696 3028; x_wconf 78' lang='lat' dir='ltr'><strong>ex</strong></span> <span class='ocrx_word' id='word_1_228' title='bbox 739 2974 1005 3032; x_wconf 7' lang='lat' dir='ltr'><strong>oratione.</strong></span> <span class='ocrx_word' id='word_1_229' title='bbox 1046 2976 1113 3030; x_wconf 85' lang='lat' dir='ltr'><strong>ad</strong></span> <span class='ocrx_word' id='word_1_230' title='bbox 1171 2985 1442 3032; x_wconf 72' lang='lat' dir='ltr'><strong>sanctum.</strong></span> <span class='ocrx_word' id='word_1_231' title='bbox 1470 2974 1787 3043; x_wconf 64' lang='lat' dir='ltr'><strong>Nicolaum,7</strong></span> 
     </span>
    </p>
   </div>
   <div class='ocr_carea' id='block_1_31' title="bbox 199 3062 1765 3138">
    <p class='ocr_par' dir='ltr' id='par_1_31' title="bbox 199 3062 1765 3138">
     <span class='ocr_line' id='line_1_31' title="bbox 199 3062 1765 3138; baseline 0.007 -24"><span class='ocrx_word' id='word_1_232' title='bbox 199 3075 345 3130; x_wconf 79' lang='lat' dir='ltr'><strong>quam</strong></span> <span class='ocrx_word' id='word_1_233' title='bbox 364 3062 491 3133; x_wconf 75' lang='lat' dir='ltr'><strong>ipse</strong></span> <span class='ocrx_word' id='word_1_234' title='bbox 515 3062 801 3120; x_wconf 88' lang='lat' dir='ltr'><strong>Anselmus</strong></span> <span class='ocrx_word' id='word_1_235' title='bbox 829 3080 889 3121; x_wconf 88' lang='lat' dir='ltr'><strong>se</strong></span> <span class='ocrx_word' id='word_1_236' title='bbox 914 3065 1106 3123; x_wconf 78' lang='lat' dir='ltr'><strong>fecisse</strong></span> <span class='ocrx_word' id='word_1_237' title='bbox 1135 3067 1372 3123; x_wconf 87' lang='lat' dir='ltr'><strong>declarat</strong></span> <span class='ocrx_word' id='word_1_238' title='bbox 1402 3069 1454 3123; x_wconf 89' lang='lat' dir='ltr'><strong>in</strong></span> <span class='ocrx_word' id='word_1_239' title='bbox 1481 3070 1636 3138; x_wconf 91' lang='lat' dir='ltr'><strong>epist.</strong></span> <span class='ocrx_word' id='word_1_240' title='bbox 1672 3070 1765 3135; x_wconf 85' lang='grc'><strong>51,</strong></span> 
     </span>
    </p>
   </div>
   <div class='ocr_carea' id='block_1_32' title="bbox 199 3149 1766 3228">
    <p class='ocr_par' dir='ltr' id='par_1_32' title="bbox 199 3149 1766 3228">
     <span class='ocr_line' id='line_1_32' title="bbox 199 3149 1766 3228; baseline 0.008 -25"><span class='ocrx_word' id='word_1_241' title='bbox 199 3149 232 3204; x_wconf 89' lang='lat' dir='ltr'><strong>l.</strong></span> <span class='ocrx_word' id='word_1_242' title='bbox 266 3166 321 3206; x_wconf 83' lang='grc' dir='ltr'><strong>ιι.</strong></span> <span class='ocrx_word' id='word_1_243' title='bbox 350 3153 431 3209; x_wconf 86' lang='lat' dir='ltr'><strong>Ab</strong></span> <span class='ocrx_word' id='word_1_244' title='bbox 462 3153 570 3219; x_wconf 89' lang='lat' dir='ltr'><strong>his,</strong></span> <span class='ocrx_word' id='word_1_245' title='bbox 608 3152 823 3210; x_wconf 67' lang='lat' dir='ltr'><strong>Exaudi</strong></span> <span class='ocrx_word' id='word_1_246' title='bbox 850 3173 994 3228; x_wconf 88' lang='lat' dir='ltr'><strong>ergo,</strong></span> <span class='ocrx_word' id='word_1_247' title='bbox 1043 3167 1174 3222; x_wconf 91' lang='lat' dir='ltr'><strong>etc.,</strong></span> <span class='ocrx_word' id='word_1_248' title='bbox 1230 3158 1295 3213; x_wconf 90' lang='lat' dir='ltr'><strong>ad</strong></span> <span class='ocrx_word' id='word_1_249' title='bbox 1342 3159 1443 3215; x_wconf 89' lang='lat' dir='ltr'><strong>ista</strong></span> <span class='ocrx_word' id='word_1_250' title='bbox 1471 3159 1578 3216; x_wconf 81' lang='lat' dir='ltr'><strong>Sed</strong></span> <span class='ocrx_word' id='word_1_251' title='bbox 1630 3161 1766 3216; x_wconf 85' lang='lat' dir='ltr'><strong>unde</strong></span> 
     </span>
    </p>
   </div>
   <div class='ocr_carea' id='block_1_33' title="bbox 199 3238 1769 3320">
    <p class='ocr_par' dir='ltr' id='par_1_33' title="bbox 199 3238 1769 3320">
     <span class='ocr_line' id='line_1_33' title="bbox 199 3238 1769 3320; baseline 0.006 -25"><span class='ocrx_word' id='word_1_252' title='bbox 199 3238 327 3297; x_wconf 86' lang='lat' dir='ltr'><strong>Deus</strong></span> <span class='ocrx_word' id='word_1_253' title='bbox 356 3253 678 3311; x_wconf 82' lang='lat' dir='ltr'><strong>meus,etc.,</strong></span> <span class='ocrx_word' id='word_1_254' title='bbox 729 3253 972 3302; x_wconf 81' lang='lat' dir='ltr'><strong>extracta</strong></span> <span class='ocrx_word' id='word_1_255' title='bbox 1018 3247 1222 3316; x_wconf 81' lang='lat' dir='ltr'><strong>pariter</strong></span> <span class='ocrx_word' id='word_1_256' title='bbox 1271 3258 1396 3304; x_wconf 88' lang='lat' dir='ltr'><strong>sunt</strong></span> <span class='ocrx_word' id='word_1_257' title='bbox 1421 3263 1486 3303; x_wconf 78' lang='lat' dir='ltr'><strong>ex</strong></span> <span class='ocrx_word' id='word_1_258' title='bbox 1545 3250 1769 3320; x_wconf 80' lang='lat' dir='ltr'><strong>praefata</strong></span> 
     </span>
    </p>
   </div>
   <div class='ocr_carea' id='block_1_34' title="bbox 200 3333 689 3392">
    <p class='ocr_par' dir='ltr' id='par_1_34' title="bbox 200 3333 689 3392">
     <span class='ocr_line' id='line_1_34' title="bbox 200 3333 689 3392; baseline 0.002 -8"><span class='ocrx_word' id='word_1_259' title='bbox 200 3342 329 3387; x_wconf 85' lang='lat' dir='ltr'><strong>orat.</strong></span> <span class='ocrx_word' id='word_1_260' title='bbox 353 3335 418 3389; x_wconf 87' lang='lat' dir='ltr'><strong>ad</strong></span> <span class='ocrx_word' id='word_1_261' title='bbox 438 3333 504 3389; x_wconf 90' lang='lat' dir='ltr'><strong>S.</strong></span> <span class='ocrx_word' id='word_1_262' title='bbox 526 3334 647 3392; x_wconf 90' lang='lat' dir='ltr'><strong>Nic.</strong></span> <span class='ocrx_word' id='word_1_263' title='bbox 684 3380 689 3385; x_wconf 79' lang='lat'><strong>.</strong></span> 
     </span>
    </p>
   </div>
   <div class='ocr_carea' id='block_1_35' title="bbox 222 3427 1764 3514">
    <p class='ocr_par' dir='ltr' id='par_1_35' title="bbox 222 3427 1764 3514">
     <span class='ocr_line' id='line_1_35' title="bbox 222 3427 1764 3514; baseline 0.006 -20"><span class='ocrx_word' id='word_1_264' title='bbox 222 3439 340 3496; x_wconf 71' lang='lat' dir='ltr'><strong>’Ab</strong></span> <span class='ocrx_word' id='word_1_265' title='bbox 365 3430 642 3499; x_wconf 22' lang='lat' dir='ltr'><strong>istis&#39;Sed</strong></span> <span class='ocrx_word' id='word_1_266' title='bbox 668 3444 813 3499; x_wconf 83' lang='lat' dir='ltr'><strong>unde</strong></span> <span class='ocrx_word' id='word_1_267' title='bbox 864 3445 1022 3512; x_wconf 80' lang='lat' dir='ltr'><strong>Deus,</strong></span> <span class='ocrx_word' id='word_1_268' title='bbox 1081 3428 1300 3510; x_wconf 87' lang='lat' dir='ltr'><strong>etc.,ad</strong></span> <span class='ocrx_word' id='word_1_269' title='bbox 1349 3427 1459 3503; x_wconf 64' lang='lat' dir='ltr'><strong>haec</strong></span> <span class='ocrx_word' id='word_1_270' title='bbox 1484 3446 1764 3514; x_wconf 73' lang='lat' dir='ltr'><strong>Memento,</strong></span> 
     </span>
    </p>
   </div>
   <div class='ocr_carea' id='block_1_36' title="bbox 202 3535 1768 3612">
    <p class='ocr_par' dir='ltr' id='par_1_36' title="bbox 202 3535 1768 3612">
     <span class='ocr_line' id='line_1_36' title="bbox 202 3535 1768 3612; baseline 0.008 -29"><span class='ocrx_word' id='word_1_271' title='bbox 202 3539 295 3584; x_wconf 87' lang='lat' dir='ltr'><strong>etc.</strong></span> <span class='ocrx_word' id='word_1_272' title='bbox 315 3573 329 3598; x_wconf 94' lang='lat'><strong>,</strong></span> <span class='ocrx_word' id='word_1_273' title='bbox 352 3538 574 3587; x_wconf 82' lang='lat' dir='ltr'><strong>suntex</strong></span> <span class='ocrx_word' id='word_1_274' title='bbox 614 3535 770 3588; x_wconf 88' lang='lat' dir='ltr'><strong>tertia</strong></span> <span class='ocrx_word' id='word_1_275' title='bbox 792 3535 964 3590; x_wconf 89' lang='lat' dir='ltr'><strong>sancti</strong></span> <span class='ocrx_word' id='word_1_276' title='bbox 989 3536 1226 3591; x_wconf 77' lang='lat' dir='ltr'><strong>Ansehni</strong></span> <span class='ocrx_word' id='word_1_277' title='bbox 1258 3538 1623 3609; x_wconf 84' lang='lat' dir='ltr'><strong>meditatione,</strong></span> <span class='ocrx_word' id='word_1_278' title='bbox 1649 3556 1768 3612; x_wconf 63' lang='lat' dir='ltr'><strong>quae</strong></span> 
     </span>
    </p>
   </div>
   <div class='ocr_carea' id='block_1_37' title="bbox 203 3624 1132 3696">
    <p class='ocr_par' dir='ltr' id='par_1_37' title="bbox 203 3624 1132 3696">
     <span class='ocr_line' id='line_1_37' title="bbox 203 3624 1132 3696; baseline 0.003 -19"><span class='ocrx_word' id='word_1_279' title='bbox 203 3630 275 3677; x_wconf 86' lang='lat' dir='ltr'><strong>est</strong></span> <span class='ocrx_word' id='word_1_280' title='bbox 309 3624 371 3680; x_wconf 90' lang='lat' dir='ltr'><strong>de</strong></span> <span class='ocrx_word' id='word_1_281' title='bbox 396 3626 880 3696; x_wconf 47' lang='lat' dir='ltr'><strong>virginitate&#39;male</strong></span> <span class='ocrx_word' id='word_1_282' title='bbox 913 3629 1132 3683; x_wconf 87' lang='lat' dir='ltr'><strong>amissa.</strong></span> 
     </span>
    </p>
   </div>
   <div class='ocr_carea' id='block_1_38' title="bbox 222 3727 1767 3816">
    <p class='ocr_par' dir='ltr' id='par_1_38' title="bbox 222 3727 1767 3816">
     <span class='ocr_line' id='line_1_38' title="bbox 222 3727 1767 3816; baseline 0.008 -28"><span class='ocrx_word' id='word_1_283' title='bbox 222 3727 227 3730; x_wconf 64' lang='grc'><strong>’</strong></span> <span class='ocrx_word' id='word_1_284' title='bbox 262 3735 337 3789; x_wconf 88' lang='lat' dir='ltr'><strong>Ab</strong></span> <span class='ocrx_word' id='word_1_285' title='bbox 374 3735 459 3792; x_wconf 90' lang='lat' dir='ltr'><strong>his</strong></span> <span class='ocrx_word' id='word_1_286' title='bbox 510 3735 788 3802; x_wconf 78' lang='lat' dir='ltr'><strong>Memento,</strong></span> <span class='ocrx_word' id='word_1_287' title='bbox 812 3734 956 3802; x_wconf 75' lang='lat' dir='ltr'><strong>&#39;etc.,</strong></span> <span class='ocrx_word' id='word_1_288' title='bbox 982 3740 1051 3793; x_wconf 90' lang='lat' dir='ltr'><strong>ad</strong></span> <span class='ocrx_word' id='word_1_289' title='bbox 1078 3740 1178 3794; x_wconf 88' lang='lat' dir='ltr'><strong>ista</strong></span> <span class='ocrx_word' id='word_1_290' title='bbox 1208 3759 1219 3795; x_wconf 91' lang='lat'><strong>:</strong></span> <span class='ocrx_word' id='word_1_291' title='bbox 1244 3738 1395 3798; x_wconf 89' lang='lat' dir='ltr'><strong>Deus</strong></span> <span class='ocrx_word' id='word_1_292' title='bbox 1418 3760 1582 3809; x_wconf 85' lang='lat' dir='ltr'><strong>meus,</strong></span> <span class='ocrx_word' id='word_1_293' title='bbox 1636 3745 1688 3799; x_wconf 84' lang='lat' dir='ltr'><strong>in</strong></span> <span class='ocrx_word' id='word_1_294' title='bbox 1706 3746 1767 3816; x_wconf 64' lang='lat' dir='ltr'><strong>{te</strong></span> 
     </span>
    </p>
   </div>
   <div class='ocr_carea' id='block_1_39' title="bbox 202 3827 1765 3893">
    <p class='ocr_par' dir='ltr' id='par_1_39' title="bbox 202 3827 1765 3893">
     <span class='ocr_line' id='line_1_39' title="bbox 202 3827 1765 3893; baseline 0.008 -14"><span class='ocrx_word' id='word_1_295' title='bbox 202 3842 339 3893; x_wconf 81' lang='lat' dir='ltr'><strong>pono,</strong></span> <span class='ocrx_word' id='word_1_296' title='bbox 365 3836 497 3893; x_wconf 91' lang='lat' dir='ltr'><strong>etc.,</strong></span> <span class='ocrx_word' id='word_1_297' title='bbox 531 3827 753 3882; x_wconf 84' lang='lat' dir='ltr'><strong>deducta</strong></span> <span class='ocrx_word' id='word_1_298' title='bbox 785 3838 990 3887; x_wconf 81' lang='lat' dir='ltr'><strong>suntex</strong></span> <span class='ocrx_word' id='word_1_299' title='bbox 1018 3829 1121 3884; x_wconf 83' lang='lat' dir='ltr'><strong>iine</strong></span> <span class='ocrx_word' id='word_1_300' title='bbox 1146 3833 1404 3889; x_wconf 89' lang='lat' dir='ltr'><strong>orationis</strong></span> <span class='ocrx_word' id='word_1_301' title='bbox 1425 3836 1488 3891; x_wconf 91' lang='lat' dir='ltr'><strong>ad</strong></span> <span class='ocrx_word' id='word_1_302' title='bbox 1519 3845 1765 3892; x_wconf 87' lang='lat' dir='ltr'><strong>sanctum</strong></span> 
     </span>
    </p>
   </div>
   <div class='ocr_carea' id='block_1_40' title="bbox 205 3914 1764 4000">
    <p class='ocr_par' dir='ltr' id='par_1_40' title="bbox 205 3914 1764 4000">
     <span class='ocr_line' id='line_1_40' title="bbox 205 3914 1764 4000; baseline 0.008 -30"><span class='ocrx_word' id='word_1_303' title='bbox 205 3914 488 3985; x_wconf 85' lang='lat' dir='ltr'><strong>Nicolaum,</strong></span> <span class='ocrx_word' id='word_1_304' title='bbox 517 3926 573 3972; x_wconf 89' lang='lat' dir='ltr'><strong>et</strong></span> <span class='ocrx_word' id='word_1_305' title='bbox 586 3932 650 3972; x_wconf 77' lang='lat' dir='ltr'><strong>ex</strong></span> <span class='ocrx_word' id='word_1_306' title='bbox 678 3919 1024 3974; x_wconf 87' lang='lat' dir='ltr'><strong>meditatione</strong></span> <span class='ocrx_word' id='word_1_307' title='bbox 1055 3920 1121 3975; x_wconf 86' lang='lat' dir='ltr'><strong>de</strong></span> <span class='ocrx_word' id='word_1_308' title='bbox 1160 3922 1297 3975; x_wconf 86' lang='lat' dir='ltr'><strong>male</strong></span> <span class='ocrx_word' id='word_1_309' title='bbox 1323 3925 1520 3981; x_wconf 86' lang='lat' dir='ltr'><strong>amissa</strong></span> <span class='ocrx_word' id='word_1_310' title='bbox 1545 3929 1764 4000; x_wconf 77' lang='lat' dir='ltr'><strong>virgini-</strong></span> 
     </span>
    </p>
   </div>
   <div class='ocr_carea' id='block_1_41' title="bbox 209 4017 318 4063">
    <p class='ocr_par' dir='ltr' id='par_1_41' title="bbox 209 4017 318 4063">
     <span class='ocr_line' id='line_1_41' title="bbox 209 4017 318 4063; baseline 0.018 -2"><span class='ocrx_word' id='word_1_311' title='bbox 209 4017 318 4063; x_wconf 88' lang='lat' dir='ltr'><strong>tate.</strong></span> 
     </span>
    </p>
   </div>
   <div class='ocr_carea' id='block_1_42' title="bbox 267 4123 1763 4201">
    <p class='ocr_par' dir='ltr' id='par_1_42' title="bbox 267 4123 1763 4201">
     <span class='ocr_line' id='line_1_42' title="bbox 267 4123 1763 4201; baseline 0.005 -23"><span class='ocrx_word' id='word_1_312' title='bbox 267 4124 363 4180; x_wconf 81' lang='lat' dir='ltr'><strong>ista</strong></span> <span class='ocrx_word' id='word_1_313' title='bbox 389 4126 589 4197; x_wconf 83' lang='lat' dir='ltr'><strong>capitis</strong></span> <span class='ocrx_word' id='word_1_314' title='bbox 635 4124 828 4190; x_wconf 78' lang='lat' dir='ltr'><strong>ultimi,</strong></span> <span class='ocrx_word' id='word_1_315' title='bbox 864 4123 1088 4201; x_wconf 80' lang='lat' dir='ltr'><strong>Peccare</strong></span> <span class='ocrx_word' id='word_1_316' title='bbox 1108 4142 1182 4182; x_wconf 88' lang='lat' dir='ltr'><strong>est</strong></span> <span class='ocrx_word' id='word_1_317' title='bbox 1216 4128 1381 4183; x_wconf 85' lang='lat' dir='ltr'><strong>Deum</strong></span> <span class='ocrx_word' id='word_1_318' title='bbox 1430 4129 1763 4198; x_wconf 73' lang='lat' dir='ltr'><strong>inhanorare,</strong></span> 
     </span>
    </p>
   </div>
   <div class='ocr_carea' id='block_1_43' title="bbox 207 4216 1765 4289">
    <p class='ocr_par' dir='ltr' id='par_1_43' title="bbox 207 4216 1765 4289">
     <span class='ocr_line' id='line_1_43' title="bbox 207 4216 1765 4289; baseline 0.006 -22"><span class='ocrx_word' id='word_1_319' title='bbox 207 4223 321 4282; x_wconf 90' lang='lat' dir='ltr'><strong>etc.,</strong></span> <span class='ocrx_word' id='word_1_320' title='bbox 359 4228 484 4287; x_wconf 86' lang='lat' dir='ltr'><strong>sunt</strong></span> <span class='ocrx_word' id='word_1_321' title='bbox 515 4232 583 4273; x_wconf 78' lang='lat' dir='ltr'><strong>ex</strong></span> <span class='ocrx_word' id='word_1_322' title='bbox 614 4216 963 4273; x_wconf 89' lang='lat' dir='ltr'><strong>meditatione</strong></span> <span class='ocrx_word' id='word_1_323' title='bbox 988 4219 1074 4283; x_wconf 85' lang='grc'>11,</span> <span class='ocrx_word' id='word_1_324' title='bbox 1117 4236 1277 4289; x_wconf 90' lang='lat' dir='ltr'><strong>quam</strong></span> <span class='ocrx_word' id='word_1_325' title='bbox 1304 4229 1549 4287; x_wconf 37' lang='lat' dir='ltr'><strong>,sanctus</strong></span> <span class='ocrx_word' id='word_1_326' title='bbox 1575 4220 1765 4276; x_wconf 83' lang='lat' dir='ltr'><strong>Auset-</strong></span> 
     </span>
    </p>
   </div>
   <div class='ocr_carea' id='block_1_44' title="bbox 209 4307 1767 4384">
    <p class='ocr_par' dir='ltr' id='par_1_44' title="bbox 209 4307 1767 4384">
     <span class='ocr_line' id='line_1_44' title="bbox 209 4307 1767 4384; baseline 0.008 -26"><span class='ocrx_word' id='word_1_327' title='bbox 209 4318 315 4360; x_wconf 87' lang='lat' dir='ltr'><strong>mus</strong></span> <span class='ocrx_word' id='word_1_328' title='bbox 336 4307 584 4379; x_wconf 85' lang='lat' dir='ltr'><strong>Lugduni</strong></span> <span class='ocrx_word' id='word_1_329' title='bbox 609 4307 928 4380; x_wconf 87' lang='lat' dir='ltr'><strong>composuit,</strong></span> <span class='ocrx_word' id='word_1_330' title='bbox 972 4319 1026 4364; x_wconf 91' lang='lat' dir='ltr'><strong>et</strong></span> <span class='ocrx_word' id='word_1_331' title='bbox 1070 4327 1138 4367; x_wconf 65' lang='lat' dir='ltr'><strong>ex</strong></span> <span class='ocrx_word' id='word_1_332' title='bbox 1195 4314 1438 4384; x_wconf 89' lang='lat' dir='ltr'><strong>pluribus</strong></span> <span class='ocrx_word' id='word_1_333' title='bbox 1486 4312 1607 4368; x_wconf 88' lang='lat' dir='ltr'><strong>aliis</strong></span> <span class='ocrx_word' id='word_1_334' title='bbox 1651 4314 1767 4384; x_wconf 88' lang='lat' dir='ltr'><strong>ejus</strong></span> 
     </span>
    </p>
   </div>
   <div class='ocr_carea' id='block_1_45' title="bbox 211 4395 479 4465">
    <p class='ocr_par' dir='ltr' id='par_1_45' title="bbox 211 4395 479 4465">
     <span class='ocr_line' id='line_1_45' title="bbox 211 4395 479 4465; baseline 0.034 -20"><span class='ocrx_word' id='word_1_335' title='bbox 211 4395 438 4465; x_wconf 86' lang='lat' dir='ltr'><strong>capitulis</strong></span> <span class='ocrx_word' id='word_1_336' title='bbox 462 4416 479 4453; x_wconf 86' lang='lat'><strong>:</strong></span> 
     </span>
    </p>
   </div>
   <div class='ocr_carea' id='block_1_46' title="bbox 272 4507 1770 4586">
    <p class='ocr_par' dir='ltr' id='par_1_46' title="bbox 272 4507 1770 4586">
     <span class='ocr_line' id='line_1_46' title="bbox 272 4507 1770 4586; baseline 0.005 -23"><span class='ocrx_word' id='word_1_337' title='bbox 272 4507 387 4567; x_wconf 69' lang='lat' dir='ltr'><strong>Haec</strong></span> <span class='ocrx_word' id='word_1_338' title='bbox 412 4513 658 4583; x_wconf 81' lang='lat' dir='ltr'><strong>ejusdem</strong></span> <span class='ocrx_word' id='word_1_339' title='bbox 704 4516 919 4585; x_wconf 90' lang='lat' dir='ltr'><strong>capitis,</strong></span> <span class='ocrx_word' id='word_1_340' title='bbox 951 4519 1051 4570; x_wconf 81' lang='lat' dir='ltr'><strong>heu</strong></span> <span class='ocrx_word' id='word_1_341' title='bbox 1093 4517 1213 4571; x_wconf 89' lang='lat' dir='ltr'><strong>me!</strong></span> <span class='ocrx_word' id='word_1_342' title='bbox 1238 4517 1468 4586; x_wconf 73' lang='lat' dir='ltr'><strong>peccavi,</strong></span> <span class='ocrx_word' id='word_1_343' title='bbox 1517 4525 1646 4581; x_wconf 87' lang='lat' dir='ltr'><strong>etc.,</strong></span> <span class='ocrx_word' id='word_1_344' title='bbox 1700 4516 1770 4570; x_wconf 86' lang='lat' dir='ltr'><strong>ad</strong></span> 
     </span>
    </p>
   </div>
   <div class='ocr_carea' id='block_1_47' title="bbox 214 4593 1773 4677">
    <p class='ocr_par' dir='ltr' id='par_1_47' title="bbox 214 4593 1773 4677">
     <span class='ocr_line' id='line_1_47' title="bbox 214 4593 1773 4677; baseline 0.006 -25"><span class='ocrx_word' id='word_1_345' title='bbox 214 4596 298 4652; x_wconf 82' lang='lat' dir='ltr'><strong>ista</strong></span> <span class='ocrx_word' id='word_1_346' title='bbox 330 4616 344 4655; x_wconf 88' lang='lat'><strong>:</strong></span> <span class='ocrx_word' id='word_1_347' title='bbox 371 4603 512 4660; x_wconf 82' lang='lat' dir='ltr'><strong>Deus</strong></span> <span class='ocrx_word' id='word_1_348' title='bbox 545 4604 795 4660; x_wconf 76' lang='lat' dir='ltr'><strong>Dominus</strong></span> <span class='ocrx_word' id='word_1_349' title='bbox 839 4607 1011 4676; x_wconf 80' lang='lat' dir='ltr'><strong>cujus,</strong></span> <span class='ocrx_word' id='word_1_350' title='bbox 1041 4616 1145 4662; x_wconf 87' lang='lat' dir='ltr'><strong>etc.</strong></span> <span class='ocrx_word' id='word_1_351' title='bbox 1168 4649 1183 4673; x_wconf 90' lang='lat'><strong>,</strong></span> <span class='ocrx_word' id='word_1_352' title='bbox 1234 4593 1523 4677; x_wconf 22' lang='lat' dir='ltr'><strong>exscripta,</strong></span> <span class='ocrx_word' id='word_1_353' title='bbox 1551 4616 1677 4663; x_wconf 89' lang='lat' dir='ltr'><strong>sunt</strong></span> <span class='ocrx_word' id='word_1_354' title='bbox 1704 4621 1773 4662; x_wconf 78' lang='lat' dir='ltr'><strong>cx</strong></span> 
     </span>
    </p>
   </div>
   <div class='ocr_carea' id='block_1_48' title="bbox 214 4696 1770 4753">
    <p class='ocr_par' dir='ltr' id='par_1_48' title="bbox 214 4696 1770 4753">
     <span class='ocr_line' id='line_1_48' title="bbox 214 4696 1770 4753; baseline 0.006 -9"><span class='ocrx_word' id='word_1_355' title='bbox 214 4696 428 4751; x_wconf 87' lang='lat' dir='ltr'><strong>secunda</strong></span> <span class='ocrx_word' id='word_1_356' title='bbox 480 4697 658 4752; x_wconf 87' lang='lat' dir='ltr'><strong>sancti</strong></span> <span class='ocrx_word' id='word_1_357' title='bbox 684 4698 688 4702; x_wconf 19' lang='grc' dir='ltr'><strong>Α</strong></span> <span class='ocrx_word' id='word_1_358' title='bbox 714 4697 969 4752; x_wconf 72' lang='grc' dir='ltr'><strong>Αηεεὶηιὶ’</strong></span> <span class='ocrx_word' id='word_1_359' title='bbox 1002 4696 1370 4753; x_wconf 87' lang='lat' dir='ltr'><strong>meditatione.</strong></span> <span class='ocrx_word' id='word_1_360' title='bbox 1411 4698 1536 4753; x_wconf 66' lang='lat' dir='ltr'><strong>Haec</strong></span> <span class='ocrx_word' id='word_1_361' title='bbox 1593 4708 1770 4753; x_wconf 86' lang='lat' dir='ltr'><strong>tamen</strong></span> 
     </span>
    </p>
   </div>
   <div class='ocr_carea' id='block_1_49' title="bbox 215 4783 1769 4858">
    <p class='ocr_par' dir='ltr' id='par_1_49' title="bbox 215 4783 1769 4858">
     <span class='ocr_line' id='line_1_49' title="bbox 215 4783 1769 4858; baseline 0.008 -26"><span class='ocrx_word' id='word_1_362' title='bbox 215 4783 402 4838; x_wconf 80' lang='lat' dir='ltr'><strong>verba:</strong></span> <span class='ocrx_word' id='word_1_363' title='bbox 441 4786 532 4842; x_wconf 67' lang='lat' dir='ltr'><strong>Vw</strong></span> <span class='ocrx_word' id='word_1_364' title='bbox 554 4785 688 4842; x_wconf 84' lang='lat' dir='ltr'><strong>male</strong></span> <span class='ocrx_word' id='word_1_365' title='bbox 708 4789 901 4858; x_wconf 86' lang='lat' dir='ltr'><strong>agenti,</strong></span> <span class='ocrx_word' id='word_1_366' title='bbox 956 4797 1089 4855; x_wconf 89' lang='lat' dir='ltr'><strong>etc.,</strong></span> <span class='ocrx_word' id='word_1_367' title='bbox 1150 4797 1485 4857; x_wconf 88' lang='lat' dir='ltr'><strong>transumpta</strong></span> <span class='ocrx_word' id='word_1_368' title='bbox 1530 4798 1656 4844; x_wconf 86' lang='lat' dir='ltr'><strong>sunt</strong></span> <span class='ocrx_word' id='word_1_369' title='bbox 1703 4805 1769 4844; x_wconf 81' lang='lat' dir='ltr'><strong>ex</strong></span> 
     </span>
    </p>
   </div>
   <div class='ocr_carea' id='block_1_50' title="bbox 214 4876 1771 4950">
    <p class='ocr_par' dir='ltr' id='par_1_50' title="bbox 214 4876 1771 4950">
     <span class='ocr_line' id='line_1_50' title="bbox 214 4876 1771 4950; baseline 0.007 -27"><span class='ocrx_word' id='word_1_370' title='bbox 214 4876 438 4933; x_wconf 86' lang='lat' dir='ltr'><strong>oratione</strong></span> <span class='ocrx_word' id='word_1_371' title='bbox 474 4879 546 4933; x_wconf 88' lang='lat' dir='ltr'><strong>ad</strong></span> <span class='ocrx_word' id='word_1_372' title='bbox 567 4889 811 4933; x_wconf 84' lang='lat' dir='ltr'><strong>sanctum</strong></span> <span class='ocrx_word' id='word_1_373' title='bbox 844 4879 1065 4934; x_wconf 85' lang='lat' dir='ltr'><strong>Paulum</strong></span> <span class='ocrx_word' id='word_1_374' title='bbox 1093 4895 1159 4934; x_wconf 83' lang='lat' dir='ltr'><strong>ex</strong></span> <span class='ocrx_word' id='word_1_375' title='bbox 1207 4894 1313 4949; x_wconf 84' lang='lat' dir='ltr'><strong>qua</strong></span> <span class='ocrx_word' id='word_1_376' title='bbox 1337 4879 1500 4934; x_wconf 89' lang='lat' dir='ltr'><strong>etiam</strong></span> <span class='ocrx_word' id='word_1_377' title='bbox 1522 4880 1771 4950; x_wconf 86' lang='lat' dir='ltr'><strong>decerpta</strong></span> 
     </span>
    </p>
   </div>
   <div class='ocr_carea' id='block_1_51' title="bbox 214 4966 1773 5041">
    <p class='ocr_par' dir='ltr' id='par_1_51' title="bbox 214 4966 1773 5041">
     <span class='ocr_line' id='line_1_51' title="bbox 214 4966 1773 5041; baseline 0.009 -29"><span class='ocrx_word' id='word_1_378' title='bbox 214 4973 324 5019; x_wconf 87' lang='lat' dir='ltr'><strong>sunt</strong></span> <span class='ocrx_word' id='word_1_379' title='bbox 351 4966 447 5021; x_wconf 89' lang='lat' dir='ltr'><strong>ista</strong></span> <span class='ocrx_word' id='word_1_380' title='bbox 470 4967 613 5022; x_wconf 82' lang='lat' dir='ltr'><strong>Deus</strong></span> <span class='ocrx_word' id='word_1_381' title='bbox 667 4968 820 5038; x_wconf 82' lang='lat' dir='ltr'><strong>cujus</strong></span> <span class='ocrx_word' id='word_1_382' title='bbox 867 4969 1095 5038; x_wconf 84' lang='lat' dir='ltr'><strong>bonitas,</strong></span> <span class='ocrx_word' id='word_1_383' title='bbox 1148 4980 1276 5037; x_wconf 90' lang='lat' dir='ltr'><strong>etc.,</strong></span> <span class='ocrx_word' id='word_1_384' title='bbox 1328 4985 1499 5041; x_wconf 91' lang='lat' dir='ltr'><strong>usque</strong></span> <span class='ocrx_word' id='word_1_385' title='bbox 1543 4969 1611 5025; x_wconf 85' lang='lat' dir='ltr'><strong>ad</strong></span> <span class='ocrx_word' id='word_1_386' title='bbox 1658 4972 1773 5026; x_wconf 74' lang='lat' dir='ltr'><strong>lucc</strong></span> 
     </span>
    </p>
   </div>
   <div class='ocr_carea' id='block_1_52' title="bbox 215 5047 971 5128">
    <p class='ocr_par' dir='ltr' id='par_1_52' title="bbox 215 5047 971 5128">
     <span class='ocr_line' id='line_1_52' title="bbox 215 5047 971 5128; baseline 0.019 -26"><span class='ocrx_word' id='word_1_387' title='bbox 215 5047 324 5106; x_wconf 80' lang='lat' dir='ltr'><strong>Scio</strong></span> <span class='ocrx_word' id='word_1_388' title='bbox 341 5057 549 5124; x_wconf 77' lang='lat' dir='ltr'><strong>quidem</strong></span> <span class='ocrx_word' id='word_1_389' title='bbox 573 5067 620 5112; x_wconf 85' lang='lat' dir='ltr'><strong>et</strong></span> <span class='ocrx_word' id='word_1_390' title='bbox 650 5057 839 5128; x_wconf 82' lang='lat' dir='ltr'><strong>fateor,</strong></span> <span class='ocrx_word' id='word_1_391' title='bbox 862 5070 971 5116; x_wconf 88' lang='lat' dir='ltr'><strong>etc.</strong></span> 
     </span>
    </p>
   </div>
   <div class='ocr_carea' id='block_1_53' title="bbox 276 5162 1775 5231">
    <p class='ocr_par' dir='ltr' id='par_1_53' title="bbox 276 5162 1775 5231">
     <span class='ocr_line' id='line_1_53' title="bbox 276 5162 1775 5231; baseline 0.009 -15"><span class='ocrx_word' id='word_1_392' title='bbox 276 5162 346 5218; x_wconf 73' lang='lat' dir='ltr'><strong>Ex</strong></span> <span class='ocrx_word' id='word_1_393' title='bbox 380 5168 465 5223; x_wconf 86' lang='lat' dir='ltr'><strong>his</strong></span> <span class='ocrx_word' id='word_1_394' title='bbox 494 5179 679 5226; x_wconf 89' lang='lat' dir='ltr'><strong>autem</strong></span> <span class='ocrx_word' id='word_1_395' title='bbox 707 5172 957 5229; x_wconf 89' lang='lat' dir='ltr'><strong>omnibus</strong></span> <span class='ocrx_word' id='word_1_396' title='bbox 993 5174 1050 5228; x_wconf 84' lang='lat' dir='ltr'><strong>tit</strong></span> <span class='ocrx_word' id='word_1_397' title='bbox 1076 5174 1295 5230; x_wconf 85' lang='lat' dir='ltr'><strong>evidens</strong></span> <span class='ocrx_word' id='word_1_398' title='bbox 1320 5171 1518 5228; x_wconf 88' lang='lat' dir='ltr'><strong>librum</strong></span> <span class='ocrx_word' id='word_1_399' title='bbox 1556 5173 1630 5229; x_wconf 90' lang='lat' dir='ltr'><strong>De</strong></span> <span class='ocrx_word' id='word_1_400' title='bbox 1651 5191 1775 5231; x_wconf 87' lang='lat' dir='ltr'><strong>eon-</strong></span> 
     </span>
    </p>
   </div>
   <div class='ocr_carea' id='block_1_54' title="bbox 214 5242 1772 5343">
    <p class='ocr_par' dir='ltr' id='par_1_54' title="bbox 214 5242 1772 5343">
     <span class='ocr_line' id='line_1_54' title="bbox 214 5242 1772 5343; baseline 0.012 -42"><span class='ocrx_word' id='word_1_401' title='bbox 214 5242 405 5311; x_wconf 85' lang='lat' dir='ltr'><strong>tritione</strong></span> <span class='ocrx_word' id='word_1_402' title='bbox 427 5254 623 5325; x_wconf 74' lang='lat' dir='ltr'><strong>cordis,</strong></span> <span class='ocrx_word' id='word_1_403' title='bbox 640 5250 643 5253; x_wconf 37' lang='grc'><em>“</em></span> <span class='ocrx_word' id='word_1_404' title='bbox 663 5259 815 5330; x_wconf 87' lang='lat' dir='ltr'><strong>cujus</strong></span> <span class='ocrx_word' id='word_1_405' title='bbox 846 5271 1035 5318; x_wconf 84' lang='lat' dir='ltr'><strong>auctor</strong></span> <span class='ocrx_word' id='word_1_406' title='bbox 1053 5264 1288 5320; x_wconf 87' lang='lat' dir='ltr'><strong>incertus</strong></span> <span class='ocrx_word' id='word_1_407' title='bbox 1316 5263 1416 5320; x_wconf 85' lang='lat' dir='ltr'><strong>fuit</strong></span> <span class='ocrx_word' id='word_1_408' title='bbox 1446 5264 1578 5335; x_wconf 89' lang='lat' dir='ltr'><strong>ipsis</strong></span> <span class='ocrx_word' id='word_1_409' title='bbox 1600 5267 1772 5343; x_wconf 85' lang='lat' dir='ltr'><strong>sancti</strong></span> 
     </span>
    </p>
   </div>
   <div class='ocr_carea' id='block_1_55' title="bbox 213 5341 1774 5429">
    <p class='ocr_par' dir='ltr' id='par_1_55' title="bbox 213 5341 1774 5429">
     <span class='ocr_line' id='line_1_55' title="bbox 213 5341 1774 5429; baseline 0.012 -34"><span class='ocrx_word' id='word_1_410' title='bbox 213 5341 482 5414; x_wconf 84' lang='lat' dir='ltr'><strong>Augustini</strong></span> <span class='ocrx_word' id='word_1_411' title='bbox 502 5353 819 5408; x_wconf 90' lang='lat' dir='ltr'><strong>censoribus</strong></span> <span class='ocrx_word' id='word_1_412' title='bbox 865 5353 1031 5410; x_wconf 78' lang='lat' dir='ltr'><strong>fuisse</strong></span> <span class='ocrx_word' id='word_1_413' title='bbox 1087 5357 1444 5426; x_wconf 89' lang='lat' dir='ltr'><strong>compositum</strong></span> <span class='ocrx_word' id='word_1_414' title='bbox 1498 5357 1566 5412; x_wconf 89' lang='lat' dir='ltr'><strong>ab</strong></span> <span class='ocrx_word' id='word_1_415' title='bbox 1595 5358 1774 5429; x_wconf 88' lang='lat' dir='ltr'><strong>aliquo</strong></span> 
     </span>
    </p>
   </div>
   <div class='ocr_carea' id='block_1_56' title="bbox 215 5441 1772 5519">
    <p class='ocr_par' dir='ltr' id='par_1_56' title="bbox 215 5441 1772 5519">
     <span class='ocr_line' id='line_1_56' title="bbox 215 5441 1772 5519; baseline 0.012 -31"><span class='ocrx_word' id='word_1_416' title='bbox 215 5441 639 5513; x_wconf 85' lang='lat' dir='ltr'><strong>recentiore,&#39;qui</strong></span> <span class='ocrx_word' id='word_1_417' title='bbox 688 5447 859 5501; x_wconf 83' lang='lat' dir='ltr'><strong>sancti</strong></span> <span class='ocrx_word' id='word_1_418' title='bbox 889 5447 1169 5519; x_wconf 81' lang='lat' dir='ltr'><strong>Augustini</strong></span> <span class='ocrx_word' id='word_1_419' title='bbox 1208 5458 1262 5503; x_wconf 91' lang='lat' dir='ltr'><strong>et</strong></span> <span class='ocrx_word' id='word_1_420' title='bbox 1307 5450 1481 5505; x_wconf 79' lang='lat' dir='ltr'><strong>sancti</strong></span> <span class='ocrx_word' id='word_1_421' title='bbox 1535 5452 1772 5507; x_wconf 84' lang='lat' dir='ltr'><strong>Anselmi</strong></span> 
     </span>
    </p>
   </div>
   <div class='ocr_carea' id='block_1_57' title="bbox 214 5535 1775 5609">
    <p class='ocr_par' dir='ltr' id='par_1_57' title="bbox 214 5535 1775 5609">
     <span class='ocr_line' id='line_1_57' title="bbox 214 5535 1775 5609; baseline 0.01 -27"><span class='ocrx_word' id='word_1_422' title='bbox 214 5535 499 5590; x_wconf 85' lang='lat' dir='ltr'><strong>sententias</strong></span> <span class='ocrx_word' id='word_1_423' title='bbox 522 5551 639 5607; x_wconf 63' lang='lat' dir='ltr'><strong>qua:</strong></span> <span class='ocrx_word' id='word_1_424' title='bbox 670 5538 841 5609; x_wconf 87' lang='lat' dir='ltr'><strong>magis</strong></span> <span class='ocrx_word' id='word_1_425' title='bbox 865 5539 931 5593; x_wconf 89' lang='lat' dir='ltr'><strong>ad</strong></span> <span class='ocrx_word' id='word_1_426' title='bbox 952 5539 1132 5595; x_wconf 85' lang='lat' dir='ltr'><strong>cordis</strong></span> <span class='ocrx_word' id='word_1_427' title='bbox 1152 5542 1525 5597; x_wconf 90' lang='lat' dir='ltr'><strong>contritionem</strong></span> <span class='ocrx_word' id='word_1_428' title='bbox 1557 5558 1775 5599; x_wconf 87' lang='lat' dir='ltr'><strong>movere</strong></span> 
     </span>
    </p>
   </div>
   <div class='ocr_carea' id='block_1_58' title="bbox 214 5629 1771 5702">
    <p class='ocr_par' dir='ltr' id='par_1_58' title="bbox 214 5629 1771 5702">
     <span class='ocr_line' id='line_1_58' title="bbox 214 5629 1771 5702; baseline 0.009 -28"><span class='ocrx_word' id='word_1_429' title='bbox 214 5631 424 5686; x_wconf 84' lang='lat' dir='ltr'><strong>possunt</strong></span> <span class='ocrx_word' id='word_1_430' title='bbox 450 5629 844 5685; x_wconf 83' lang='lat' dir='ltr'><strong>studiosissime</strong></span> <span class='ocrx_word' id='word_1_431' title='bbox 889 5630 1123 5701; x_wconf 80' lang='lat' dir='ltr'><strong>collegit,</strong></span> <span class='ocrx_word' id='word_1_432' title='bbox 1153 5629 1228 5697; x_wconf 73' lang='lat' dir='ltr'><strong>let</strong></span> <span class='ocrx_word' id='word_1_433' title='bbox 1287 5649 1352 5689; x_wconf 73' lang='lat' dir='ltr'><strong>ex</strong></span> <span class='ocrx_word' id='word_1_434' title='bbox 1386 5634 1514 5702; x_wconf 68' lang='lat' dir='ltr'><strong>ipsis</strong></span> <span class='ocrx_word' id='word_1_435' title='bbox 1578 5633 1771 5691; x_wconf 86' lang='lat' dir='ltr'><strong>librum</strong></span> 
     </span>
    </p>
   </div>
   <div class='ocr_carea' id='block_1_59' title="bbox 216 5709 1039 5787">
    <p class='ocr_par' dir='ltr' id='par_1_59' title="bbox 216 5709 1039 5787">
     <span class='ocr_line' id='line_1_59' title="bbox 216 5709 1039 5787; baseline 0.019 -25"><span class='ocrx_word' id='word_1_436' title='bbox 216 5709 345 5768; x_wconf 91' lang='lat' dir='ltr'><strong>hunc</strong></span> <span class='ocrx_word' id='word_1_437' title='bbox 377 5717 650 5787; x_wconf 82' lang='lat' dir='ltr'><strong>aptissime</strong></span> <span class='ocrx_word' id='word_1_438' title='bbox 681 5720 1039 5778; x_wconf 78' lang='lat' dir='ltr'><strong>concinnavit.</strong></span> 
     </span>
    </p>
   </div>
   <div class='ocr_carea' id='block_1_60' title="bbox 2320 542 3083 619">
    <p class='ocr_par' dir='ltr' id='par_1_60' title="bbox 2320 542 3083 619">
     <span class='ocr_line' id='line_1_60' title="bbox 2320 542 3083 619; baseline -0.007 -17"><span class='ocrx_word' id='word_1_439' title='bbox 2320 548 2497 602; x_wconf 62' lang='lat' dir='ltr'><strong>tinem</strong></span> <span class='ocrx_word' id='word_1_440' title='bbox 2537 542 2981 617; x_wconf 72' lang='lat' dir='ltr'><strong>cincunrenrun.</strong></span> <span class='ocrx_word' id='word_1_441' title='bbox 3078 612 3083 619; x_wconf 27' lang='grc' dir='ltr'><strong><em>ο</em></strong></span> 
     </span>
    </p>
   </div>
   <div class='ocr_carea' id='block_1_61' title="bbox 1931 623 3442 711">
    <p class='ocr_par' dir='ltr' id='par_1_61' title="bbox 1931 623 3442 711">
     <span class='ocr_line' id='line_1_61' title="bbox 1931 623 3442 711; baseline -0.001 -14"><span class='ocrx_word' id='word_1_442' title='bbox 1931 642 2049 697; x_wconf 90' lang='lat' dir='ltr'><strong>Duo</strong></span> <span class='ocrx_word' id='word_1_443' title='bbox 2072 623 2477 694; x_wconf 77' lang='lat' dir='ltr'><strong>Meditationum</strong></span> <span class='ocrx_word' id='word_1_444' title='bbox 2493 638 2612 693; x_wconf 90' lang='lat' dir='ltr'><strong>libri</strong></span> <span class='ocrx_word' id='word_1_445' title='bbox 2638 628 2845 693; x_wconf 80' lang='lat' dir='ltr'><strong>exstant</strong></span> <span class='ocrx_word' id='word_1_446' title='bbox 2873 638 2924 692; x_wconf 91' lang='lat' dir='ltr'><strong>in</strong></span> <span class='ocrx_word' id='word_1_447' title='bbox 2954 646 3085 692; x_wconf 91' lang='lat' dir='ltr'><strong>tom.</strong></span> <span class='ocrx_word' id='word_1_448' title='bbox 3113 637 3183 693; x_wconf 85' lang='lat' dir='ltr'><strong>IX</strong></span> <span class='ocrx_word' id='word_1_449' title='bbox 3206 638 3442 711; x_wconf 82' lang='lat' dir='ltr'><strong>Operum</strong></span> 
     </span>
    </p>
   </div>
   <div class='ocr_carea' id='block_1_62' title="bbox 1793 712 3442 800">
    <p class='ocr_par' dir='ltr' id='par_1_62' title="bbox 1793 712 3442 800">
     <span class='ocr_line' id='line_1_62' title="bbox 1793 712 3442 800; baseline 0.002 -15"><span class='ocrx_word' id='word_1_450' title='bbox 1793 712 1798 719; x_wconf 51' lang='grc'><strong>’</strong></span> <span class='ocrx_word' id='word_1_451' title='bbox 1863 731 2034 786; x_wconf 84' lang='lat' dir='ltr'><strong>sancti</strong></span> <span class='ocrx_word' id='word_1_452' title='bbox 2064 728 2350 796; x_wconf 74' lang='lat' dir='ltr'><strong>Augustini</strong></span> <span class='ocrx_word' id='word_1_453' title='bbox 2388 745 2402 781; x_wconf 89' lang='lat'><strong>:</strong></span> <span class='ocrx_word' id='word_1_454' title='bbox 2434 744 2571 783; x_wconf 91' lang='lat' dir='ltr'><strong>unus</strong></span> <span class='ocrx_word' id='word_1_455' title='bbox 2628 730 2769 784; x_wconf 89' lang='lat' dir='ltr'><strong>inter</strong></span> <span class='ocrx_word' id='word_1_456' title='bbox 2820 728 2935 797; x_wconf 89' lang='lat' dir='ltr'><strong>ejus</strong></span> <span class='ocrx_word' id='word_1_457' title='bbox 2964 729 3161 800; x_wconf 83' lang='lat' dir='ltr'><strong>Opera,</strong></span> <span class='ocrx_word' id='word_1_458' title='bbox 3202 732 3340 788; x_wconf 87' lang='lat' dir='ltr'><strong>alter</strong></span> <span class='ocrx_word' id='word_1_459' title='bbox 3388 734 3442 789; x_wconf 89' lang='lat' dir='ltr'><strong>in</strong></span> 
     </span>
    </p>
   </div>
   <div class='ocr_carea' id='block_1_63' title="bbox 1865 820 3446 891">
    <p class='ocr_par' dir='ltr' id='par_1_63' title="bbox 1865 820 3446 891">
     <span class='ocr_line' id='line_1_63' title="bbox 1865 820 3446 891; baseline 0.002 -16"><span class='ocrx_word' id='word_1_460' title='bbox 1865 822 2176 891; x_wconf 77' lang='lat' dir='ltr'><strong>Ap‘pendice</strong></span> <span class='ocrx_word' id='word_1_461' title='bbox 2194 821 2380 875; x_wconf 80' lang='lat' dir='ltr'><strong>editos</strong></span> <span class='ocrx_word' id='word_1_462' title='bbox 2402 828 2505 874; x_wconf 83' lang='lat' dir='ltr'><strong>est;</strong></span> <span class='ocrx_word' id='word_1_463' title='bbox 2536 820 2609 874; x_wconf 88' lang='lat' dir='ltr'><strong>De</strong></span> <span class='ocrx_word' id='word_1_464' title='bbox 2633 821 2866 875; x_wconf 84' lang='lat' dir='ltr'><strong>secundo</strong></span> <span class='ocrx_word' id='word_1_465' title='bbox 2892 822 2975 876; x_wconf 89' lang='lat' dir='ltr'><strong>cui</strong></span> <span class='ocrx_word' id='word_1_466' title='bbox 3005 822 3137 876; x_wconf 85' lang='lat' dir='ltr'><strong>nihil</strong></span> <span class='ocrx_word' id='word_1_467' title='bbox 3164 839 3285 878; x_wconf 90' lang='lat' dir='ltr'><strong>cum</strong></span> <span class='ocrx_word' id='word_1_468' title='bbox 3333 824 3446 878; x_wconf 86' lang='lat' dir='ltr'><strong>An-</strong></span> 
     </span>
    </p>
   </div>
   <div class='ocr_carea' id='block_1_64' title="bbox 1860 911 3445 980">
    <p class='ocr_par' dir='ltr' id='par_1_64' title="bbox 1860 911 3445 980">
     <span class='ocr_line' id='line_1_64' title="bbox 1860 911 3445 980; baseline 0.004 -14"><span class='ocrx_word' id='word_1_469' title='bbox 1860 912 2013 966; x_wconf 81' lang='lat' dir='ltr'><strong>selmi</strong></span> <span class='ocrx_word' id='word_1_470' title='bbox 2043 911 2476 967; x_wconf 79' lang='lat' dir='ltr'><strong>Meditationibus</strong></span> <span class='ocrx_word' id='word_1_471' title='bbox 2500 927 2782 967; x_wconf 89' lang='lat' dir='ltr'><strong>commune</strong></span> <span class='ocrx_word' id='word_1_472' title='bbox 2821 923 2929 980; x_wconf 88' lang='lat' dir='ltr'><strong>est,</strong></span> <span class='ocrx_word' id='word_1_473' title='bbox 2992 915 3123 970; x_wconf 84' lang='lat' dir='ltr'><strong>nihil</strong></span> <span class='ocrx_word' id='word_1_474' title='bbox 3152 915 3157 919; x_wconf 81' lang='grc'><strong>’</strong></span> <span class='ocrx_word' id='word_1_475' title='bbox 3193 916 3285 971; x_wconf 90' lang='lat' dir='ltr'><strong>hic</strong></span> <span class='ocrx_word' id='word_1_476' title='bbox 3333 912 3445 972; x_wconf 80' lang='lat' dir='ltr'><strong>sta-</strong></span> 
     </span>
    </p>
   </div>
   <div class='ocr_carea' id='block_1_65' title="bbox 1864 1002 3444 1072">
    <p class='ocr_par' dir='ltr' id='par_1_65' title="bbox 1864 1002 3444 1072">
     <span class='ocr_line' id='line_1_65' title="bbox 1864 1002 3444 1072; baseline 0.003 -16"><span class='ocrx_word' id='word_1_477' title='bbox 1864 1003 2083 1067; x_wconf 81' lang='lat' dir='ltr'><strong>tuimus,‘</strong></span> <span class='ocrx_word' id='word_1_478' title='bbox 2114 1002 2207 1056; x_wconf 91' lang='lat' dir='ltr'><strong>sed</strong></span> <span class='ocrx_word' id='word_1_479' title='bbox 2239 1003 2303 1056; x_wconf 89' lang='lat' dir='ltr'><strong>de</strong></span> <span class='ocrx_word' id='word_1_480' title='bbox 2325 1002 2501 1071; x_wconf 90' lang='lat' dir='ltr'><strong>primo</strong></span> <span class='ocrx_word' id='word_1_481' title='bbox 2530 1003 2659 1072; x_wconf 90' lang='lat' dir='ltr'><strong>quid</strong></span> <span class='ocrx_word' id='word_1_482' title='bbox 2690 1004 3031 1059; x_wconf 88' lang='lat' dir='ltr'><strong>sentiendum</strong></span> <span class='ocrx_word' id='word_1_483' title='bbox 3081 1007 3153 1061; x_wconf 91' lang='lat' dir='ltr'><strong>sit</strong></span> <span class='ocrx_word' id='word_1_484' title='bbox 3206 1016 3263 1061; x_wconf 90' lang='lat' dir='ltr'><strong>ut</strong></span> <span class='ocrx_word' id='word_1_485' title='bbox 3314 1022 3444 1061; x_wconf 88' lang='lat' dir='ltr'><strong>con-</strong></span> 
     </span>
    </p>
   </div>
   <div class='ocr_carea' id='block_1_66' title="bbox 1863 1092 2829 1161">
    <p class='ocr_par' dir='ltr' id='par_1_66' title="bbox 1863 1092 2829 1161">
     <span class='ocr_line' id='line_1_66' title="bbox 1863 1092 2829 1161; baseline -0.001 -13"><span class='ocrx_word' id='word_1_486' title='bbox 1863 1093 2133 1158; x_wconf 79' lang='lat' dir='ltr'><strong>cludatur,</strong></span> <span class='ocrx_word' id='word_1_487' title='bbox 2163 1092 2269 1147; x_wconf 86' lang='lat' dir='ltr'><strong>duo</strong></span> <span class='ocrx_word' id='word_1_488' title='bbox 2289 1092 2661 1161; x_wconf 65' lang='lat' dir='ltr'><strong>praemittenda</strong></span> <span class='ocrx_word' id='word_1_489' title='bbox 2682 1103 2829 1148; x_wconf 85' lang='lat' dir='ltr'><strong>sunt.</strong></span> 
     </span>
    </p>
   </div>
   <div class='ocr_carea' id='block_1_67' title="bbox 1934 1180 3443 1252">
    <p class='ocr_par' dir='ltr' id='par_1_67' title="bbox 1934 1180 3443 1252">
     <span class='ocr_line' id='line_1_67' title="bbox 1934 1180 3443 1252; baseline 0.005 -18"><span class='ocrx_word' id='word_1_490' title='bbox 1934 1183 1985 1235; x_wconf 84' lang='grc'>1.</span> <span class='ocrx_word' id='word_1_491' title='bbox 2022 1181 2189 1239; x_wconf 87' lang='lat' dir='ltr'><strong>Totus</strong></span> <span class='ocrx_word' id='word_1_492' title='bbox 2211 1183 2321 1236; x_wconf 83' lang='lat' dir='ltr'><strong>fere</strong></span> <span class='ocrx_word' id='word_1_493' title='bbox 2376 1180 2462 1235; x_wconf 90' lang='lat' dir='ltr'><strong>hic</strong></span> <span class='ocrx_word' id='word_1_494' title='bbox 2516 1181 2651 1237; x_wconf 87' lang='lat' dir='ltr'><strong>liber</strong></span> <span class='ocrx_word' id='word_1_495' title='bbox 2691 1181 2883 1252; x_wconf 83' lang='lat' dir='ltr'><strong>legitur</strong></span> <span class='ocrx_word' id='word_1_496' title='bbox 2907 1183 2960 1237; x_wconf 90' lang='lat' dir='ltr'><strong>in</strong></span> <span class='ocrx_word' id='word_1_497' title='bbox 3000 1187 3168 1241; x_wconf 83' lang='lat' dir='ltr'><strong>sancti</strong></span> <span class='ocrx_word' id='word_1_498' title='bbox 3208 1186 3443 1243; x_wconf 79' lang='lat' dir='ltr'><strong>Anselmi</strong></span> 
     </span>
    </p>
   </div>
   <div class='ocr_carea' id='block_1_68' title="bbox 1864 1269 3445 1347">
    <p class='ocr_par' dir='ltr' id='par_1_68' title="bbox 1864 1269 3445 1347">
     <span class='ocr_line' id='line_1_68' title="bbox 1864 1269 3445 1347; baseline 0.004 -22"><span class='ocrx_word' id='word_1_499' title='bbox 1864 1271 2297 1326; x_wconf 77' lang='lat' dir='ltr'><strong>licditationibus</strong></span> <span class='ocrx_word' id='word_1_500' title='bbox 2333 1269 2779 1327; x_wconf 77' lang='lat' dir='ltr'><strong>et‘Orationibus.</strong></span> <span class='ocrx_word' id='word_1_501' title='bbox 2819 1272 3060 1347; x_wconf 86' lang='lat' dir='ltr'><strong>Quatuor</strong></span> <span class='ocrx_word' id='word_1_502' title='bbox 3095 1277 3237 1330; x_wconf 86' lang='lat' dir='ltr'><strong>enim</strong></span> <span class='ocrx_word' id='word_1_503' title='bbox 3264 1278 3445 1347; x_wconf 88' lang='lat' dir='ltr'><strong>priora</strong></span> 
     </span>
    </p>
   </div>
   <div class='ocr_carea' id='block_1_69' title="bbox 1866 1361 3445 1438">
    <p class='ocr_par' dir='ltr' id='par_1_69' title="bbox 1866 1361 3445 1438">
     <span class='ocr_line' id='line_1_69' title="bbox 1866 1361 3445 1438; baseline 0.004 -21"><span class='ocrx_word' id='word_1_504' title='bbox 1866 1361 2086 1431; x_wconf 83' lang='lat' dir='ltr'><strong>hujusce</strong></span> <span class='ocrx_word' id='word_1_505' title='bbox 2114 1362 2235 1416; x_wconf 83' lang='lat' dir='ltr'><strong>lihri</strong></span> <span class='ocrx_word' id='word_1_506' title='bbox 2263 1362 2491 1433; x_wconf 88' lang='lat' dir='ltr'><strong>capitula</strong></span> <span class='ocrx_word' id='word_1_507' title='bbox 2537 1363 2829 1418; x_wconf 82' lang='lat' dir='ltr'><strong>coniiciunt</strong></span> <span class='ocrx_word' id='word_1_508' title='bbox 2868 1367 3167 1422; x_wconf 89' lang='lat' dir='ltr'><strong>orationem</strong></span> <span class='ocrx_word' id='word_1_509' title='bbox 3202 1367 3290 1433; x_wconf 82' lang='grc'><strong>10,</strong></span> <span class='ocrx_word' id='word_1_510' title='bbox 3324 1384 3445 1438; x_wconf 69' lang='lat' dir='ltr'><strong>qua:</strong></span> 
     </span>
    </p>
   </div>
   <div class='ocr_carea' id='block_1_70' title="bbox 1866 1452 3442 1528">
    <p class='ocr_par' dir='ltr' id='par_1_70' title="bbox 1866 1452 3442 1528">
     <span class='ocr_line' id='line_1_70' title="bbox 1866 1452 3442 1528; baseline 0.004 -21"><span class='ocrx_word' id='word_1_511' title='bbox 1866 1453 2075 1523; x_wconf 88' lang='lat' dir='ltr'><strong>incipit,</strong></span> <span class='ocrx_word' id='word_1_512' title='bbox 2104 1453 2321 1516; x_wconf 81' lang='lat' dir='ltr'><strong>Domine</strong></span> <span class='ocrx_word' id='word_1_513' title='bbox 2353 1454 2508 1519; x_wconf 84' lang='lat' dir='ltr'><strong>Deus,</strong></span> <span class='ocrx_word' id='word_1_514' title='bbox 2542 1455 2610 1509; x_wconf 85' lang='lat' dir='ltr'><strong>da</strong></span> <span class='ocrx_word' id='word_1_515' title='bbox 2634 1456 2811 1521; x_wconf 78' lang='lat' dir='ltr'><strong>cordi,</strong></span> <span class='ocrx_word' id='word_1_516' title='bbox 2841 1466 2971 1524; x_wconf 89' lang='lat' dir='ltr'><strong>etc.,</strong></span> <span class='ocrx_word' id='word_1_517' title='bbox 2998 1452 3166 1528; x_wconf 83' lang='lat' dir='ltr'><strong>usque</strong></span> <span class='ocrx_word' id='word_1_518' title='bbox 3201 1460 3267 1513; x_wconf 89' lang='lat' dir='ltr'><strong>ad</strong></span> <span class='ocrx_word' id='word_1_519' title='bbox 3298 1459 3442 1514; x_wconf 60' lang='lat' dir='ltr'><strong>huic:</strong></span> 
     </span>
    </p>
   </div>
   <div class='ocr_carea' id='block_1_71' title="bbox 1868 1542 3446 1625">
    <p class='ocr_par' dir='ltr' id='par_1_71' title="bbox 1868 1542 3446 1625">
     <span class='ocr_line' id='line_1_71' title="bbox 1868 1542 3446 1625; baseline 0.004 -27"><span class='ocrx_word' id='word_1_520' title='bbox 1868 1545 2039 1612; x_wconf 82' lang='lat' dir='ltr'><strong>Quam</strong></span> <span class='ocrx_word' id='word_1_521' title='bbox 2065 1552 2307 1625; x_wconf 81' lang='lat' dir='ltr'><strong>magnas,</strong></span> <span class='ocrx_word' id='word_1_522' title='bbox 2337 1546 2573 1613; x_wconf 85' lang='lat' dir='ltr'><strong>Domine,</strong></span> <span class='ocrx_word' id='word_1_523' title='bbox 2603 1556 2710 1603; x_wconf 88' lang='lat' dir='ltr'><strong>etc.</strong></span> <span class='ocrx_word' id='word_1_524' title='bbox 2739 1542 2981 1615; x_wconf 74' lang='lat' dir='ltr'><strong>Quatudr</strong></span> <span class='ocrx_word' id='word_1_525' title='bbox 3008 1561 3186 1605; x_wconf 88' lang='lat' dir='ltr'><strong>autem</strong></span> <span class='ocrx_word' id='word_1_526' title='bbox 3219 1566 3446 1620; x_wconf 86' lang='lat' dir='ltr'><strong>sequen-</strong></span> 
     </span>
    </p>
   </div>
   <div class='ocr_carea' id='block_1_72' title="bbox 1869 1635 3446 1704">
    <p class='ocr_par' dir='ltr' id='par_1_72' title="bbox 1869 1635 3446 1704">
     <span class='ocr_line' id='line_1_72' title="bbox 1869 1635 3446 1704; baseline 0.004 -16"><span class='ocrx_word' id='word_1_527' title='bbox 1869 1635 1939 1689; x_wconf 88' lang='lat' dir='ltr'><strong>tia</strong></span> <span class='ocrx_word' id='word_1_528' title='bbox 1972 1637 2203 1704; x_wconf 88' lang='lat' dir='ltr'><strong>capitula</strong></span> <span class='ocrx_word' id='word_1_529' title='bbox 2230 1637 2295 1691; x_wconf 89' lang='lat' dir='ltr'><strong>de</strong></span> <span class='ocrx_word' id='word_1_530' title='bbox 2321 1638 2485 1692; x_wconf 83' lang='lat' dir='ltr'><strong>verbo</strong></span> <span class='ocrx_word' id='word_1_531' title='bbox 2507 1638 2573 1692; x_wconf 89' lang='lat' dir='ltr'><strong>ad</strong></span> <span class='ocrx_word' id='word_1_532' title='bbox 2612 1640 2833 1693; x_wconf 88' lang='lat' dir='ltr'><strong>verbum</strong></span> <span class='ocrx_word' id='word_1_533' title='bbox 2867 1641 3165 1695; x_wconf 86' lang='lat' dir='ltr'><strong>redduntur</strong></span> <span class='ocrx_word' id='word_1_534' title='bbox 3212 1642 3266 1695; x_wconf 85' lang='lat' dir='ltr'><strong>in</strong></span> <span class='ocrx_word' id='word_1_535' title='bbox 3318 1657 3446 1697; x_wconf 88' lang='lat' dir='ltr'><strong>ora-</strong></span> 
     </span>
    </p>
   </div>
   <div class='ocr_carea' id='block_1_73' title="bbox 1788 1722 2838 1794">
    <p class='ocr_par' dir='ltr' id='par_1_73' title="bbox 1788 1722 2838 1794">
     <span class='ocr_line' id='line_1_73' title="bbox 1788 1722 2838 1794; baseline 0.008 -19"><span class='ocrx_word' id='word_1_536' title='bbox 1788 1740 1791 1745; x_wconf 49' lang='lat'>“</span> <span class='ocrx_word' id='word_1_537' title='bbox 1870 1723 2014 1776; x_wconf 90' lang='lat' dir='ltr'><strong>tione</strong></span> <span class='ocrx_word' id='word_1_538' title='bbox 2032 1722 2086 1789; x_wconf 76' lang='grc'><strong>2,</strong></span> <span class='ocrx_word' id='word_1_539' title='bbox 2127 1738 2245 1792; x_wconf 65' lang='grc' dir='ltr'><strong>(μω</strong></span> <span class='ocrx_word' id='word_1_540' title='bbox 2277 1725 2464 1794; x_wconf 87' lang='lat' dir='ltr'><strong>incipit</strong></span> <span class='ocrx_word' id='word_1_541' title='bbox 2495 1742 2508 1778; x_wconf 89' lang='lat'>:</span> <span class='ocrx_word' id='word_1_542' title='bbox 2541 1725 2735 1782; x_wconf 81' lang='lat' dir='ltr'><strong>Invoco</strong></span> <span class='ocrx_word' id='word_1_543' title='bbox 2768 1739 2838 1783; x_wconf 87' lang='lat' dir='ltr'><strong>te.</strong></span> 
     </span>
    </p>
   </div>
   <div class='ocr_carea' id='block_1_74' title="bbox 1746 1797 3446 1887">
    <p class='ocr_par' dir='ltr' id='par_1_74' title="bbox 1746 1797 3446 1887">
     <span class='ocr_line' id='line_1_74' title="bbox 1746 1797 3446 1887; baseline 0.008 -22"><span class='ocrx_word' id='word_1_544' title='bbox 1746 1813 1763 1887; x_wconf 71' lang='grc' dir='ltr'>ζ</span> <span class='ocrx_word' id='word_1_545' title='bbox 1797 1797 1840 1856; x_wconf 77' lang='grc' dir='ltr'><strong>Β</strong></span> <span class='ocrx_word' id='word_1_546' title='bbox 1903 1811 2108 1884; x_wconf 70' lang='grc' dir='ltr'><strong>’ϐοριιι</strong></span> <span class='ocrx_word' id='word_1_547' title='bbox 2140 1830 2337 1869; x_wconf 88' lang='lat' dir='ltr'><strong>nonmn</strong></span> <span class='ocrx_word' id='word_1_548' title='bbox 2377 1809 2534 1872; x_wconf 78' lang='lat' dir='ltr'><strong>istius</strong></span> <span class='ocrx_word' id='word_1_549' title='bbox 2555 1816 2719 1872; x_wconf 89' lang='lat' dir='ltr'><strong>libelli</strong></span> <span class='ocrx_word' id='word_1_550' title='bbox 2748 1819 2931 1887; x_wconf 90' lang='lat' dir='ltr'><strong>implet</strong></span> <span class='ocrx_word' id='word_1_551' title='bbox 2962 1817 3021 1873; x_wconf 90' lang='lat' dir='ltr'><strong>S.</strong></span> <span class='ocrx_word' id='word_1_552' title='bbox 3052 1820 3291 1875; x_wconf 85' lang='lat' dir='ltr'><strong>Anselmi</strong></span> <span class='ocrx_word' id='word_1_553' title='bbox 3320 1836 3446 1878; x_wconf 87' lang='lat' dir='ltr'><strong>ora-</strong></span> 
     </span>
    </p>
   </div>
   <div class='ocr_carea' id='block_1_75' title="bbox 1831 1904 2910 1974">
    <p class='ocr_par' dir='ltr' id='par_1_75' title="bbox 1831 1904 2910 1974">
     <span class='ocr_line' id='line_1_75' title="bbox 1831 1904 2910 1974; baseline 0.003 -15"><span class='ocrx_word' id='word_1_554' title='bbox 1831 1912 1835 1917; x_wconf 84' lang='grc'><strong>’</strong></span> <span class='ocrx_word' id='word_1_555' title='bbox 1868 1905 2069 1960; x_wconf 83' lang='lat' dir='ltr'><strong>tionem</strong></span> <span class='ocrx_word' id='word_1_556' title='bbox 2102 1905 2187 1970; x_wconf 73' lang='grc'><strong>14,</strong></span> <span class='ocrx_word' id='word_1_557' title='bbox 2211 1904 2333 1960; x_wconf 75' lang='lat' dir='ltr'><strong>Iam</strong></span> <span class='ocrx_word' id='word_1_558' title='bbox 2368 1924 2397 1961; x_wconf 92' lang='grc' dir='ltr'><strong><em>ο</em></strong></span> <span class='ocrx_word' id='word_1_559' title='bbox 2425 1907 2587 1961; x_wconf 79' lang='lat' dir='ltr'><strong>divini</strong></span> <span class='ocrx_word' id='word_1_560' title='bbox 2607 1924 2775 1974; x_wconf 90' lang='lat' dir='ltr'><strong>amor,</strong></span> <span class='ocrx_word' id='word_1_561' title='bbox 2802 1917 2910 1963; x_wconf 85' lang='lat' dir='ltr'><strong>etc.</strong></span> 
     </span>
    </p>
   </div>
   <div class='ocr_carea' id='block_1_76' title="bbox 1936 1993 3443 2069">
    <p class='ocr_par' dir='ltr' id='par_1_76' title="bbox 1936 1993 3443 2069">
     <span class='ocr_line' id='line_1_76' title="bbox 1936 1993 3443 2069; baseline 0.005 -18"><span class='ocrx_word' id='word_1_562' title='bbox 1936 1997 2068 2067; x_wconf 87' lang='lat' dir='ltr'><strong>Cap.</strong></span> <span class='ocrx_word' id='word_1_563' title='bbox 2101 1999 2276 2053; x_wconf 75' lang='lat' dir='ltr'><strong>west</strong></span> <span class='ocrx_word' id='word_1_564' title='bbox 2326 1998 2440 2069; x_wconf 85' lang='lat' dir='ltr'><strong>ipsa</strong></span> <span class='ocrx_word' id='word_1_565' title='bbox 2472 2000 2645 2054; x_wconf 86' lang='lat' dir='ltr'><strong>oratio</strong></span> <span class='ocrx_word' id='word_1_566' title='bbox 2672 2001 2817 2066; x_wconf 73' lang='lat'><strong>&#39;21,‘</strong></span> <span class='ocrx_word' id='word_1_567' title='bbox 2846 2001 2990 2067; x_wconf 79' lang='lat' dir='ltr'><strong>Seio,</strong></span> <span class='ocrx_word' id='word_1_568' title='bbox 3041 2001 3278 2068; x_wconf 86' lang='lat' dir='ltr'><strong>Domine,</strong></span> <span class='ocrx_word' id='word_1_569' title='bbox 3309 1993 3443 2059; x_wconf 82' lang='lat' dir='ltr'><strong>etc.</strong></span> 
     </span>
    </p>
   </div>
   <div class='ocr_carea' id='block_1_77' title="bbox 1865 2087 3442 2159">
    <p class='ocr_par' dir='ltr' id='par_1_77' title="bbox 1865 2087 3442 2159">
     <span class='ocr_line' id='line_1_77' title="bbox 1865 2087 3442 2159; baseline 0.006 -18"><span class='ocrx_word' id='word_1_570' title='bbox 1865 2087 2081 2153; x_wconf 84' lang='lat' dir='ltr'><strong>Initium</strong></span> <span class='ocrx_word' id='word_1_571' title='bbox 2102 2090 2293 2159; x_wconf 82' lang='lat' dir='ltr'><strong>capitis</strong></span> <span class='ocrx_word' id='word_1_572' title='bbox 2318 2090 2380 2145; x_wconf 85' lang='grc'>18</span> <span class='ocrx_word' id='word_1_573' title='bbox 2410 2091 3059 2148; x_wconf 78' lang='lat' dir='ltr'><strong>inchoatmeditationetn</strong></span> <span class='ocrx_word' id='word_1_574' title='bbox 3086 2094 3172 2159; x_wconf 85' lang='grc'><strong>18,</strong></span> <span class='ocrx_word' id='word_1_575' title='bbox 3223 2095 3442 2150; x_wconf 85' lang='lat' dir='ltr'><strong>omissis</strong></span> 
     </span>
    </p>
   </div>
   <div class='ocr_carea' id='block_1_78' title="bbox 1869 2178 3270 2253">
    <p class='ocr_par' dir='ltr' id='par_1_78' title="bbox 1869 2178 3270 2253">
     <span class='ocr_line' id='line_1_78' title="bbox 1869 2178 3270 2253; baseline 0.004 -21"><span class='ocrx_word' id='word_1_576' title='bbox 1869 2178 2072 2249; x_wconf 90' lang='lat' dir='ltr'><strong>aliquot</strong></span> <span class='ocrx_word' id='word_1_577' title='bbox 2099 2179 2341 2234; x_wconf 85' lang='lat' dir='ltr'><strong>versibus</strong></span> <span class='ocrx_word' id='word_1_578' title='bbox 2365 2195 2481 2248; x_wconf 64' lang='lat' dir='ltr'><strong>qua:</strong></span> <span class='ocrx_word' id='word_1_579' title='bbox 2514 2181 2635 2235; x_wconf 88' lang='lat' dir='ltr'><strong>huic</strong></span> <span class='ocrx_word' id='word_1_580' title='bbox 2666 2181 3090 2250; x_wconf 57' lang='lat' dir='ltr'><strong>praemittuntur.</strong></span> <span class='ocrx_word' id='word_1_581' title='bbox 3266 2249 3270 2253; x_wconf 29' lang='grc' dir='ltr'><strong><em>η</em></strong></span> 
     </span>
    </p>
   </div>
   <div class='ocr_carea' id='block_1_79' title="bbox 1938 2255 3445 2344">
    <p class='ocr_par' dir='ltr' id='par_1_79' title="bbox 1938 2255 3445 2344">
     <span class='ocr_line' id='line_1_79' title="bbox 1938 2255 3445 2344; baseline 0.003 -19"><span class='ocrx_word' id='word_1_582' title='bbox 1938 2270 2127 2337; x_wconf 84' lang='lat' dir='ltr'><strong>Capita</strong></span> <span class='ocrx_word' id='word_1_583' title='bbox 2154 2271 2223 2325; x_wconf 71' lang='lat'><strong>22</strong></span> <span class='ocrx_word' id='word_1_584' title='bbox 2249 2281 2302 2325; x_wconf 89' lang='lat' dir='ltr'><strong>et</strong></span> <span class='ocrx_word' id='word_1_585' title='bbox 2350 2270 2420 2325; x_wconf 78' lang='grc'><strong>25</strong></span> <span class='ocrx_word' id='word_1_586' title='bbox 2439 2271 2667 2341; x_wconf 79' lang='lat' dir='ltr'><strong>plurima</strong></span> <span class='ocrx_word' id='word_1_587' title='bbox 2691 2255 2894 2327; x_wconf 77' lang='lat' dir='ltr'><strong>habent</strong></span> <span class='ocrx_word' id='word_1_588' title='bbox 2942 2290 3065 2342; x_wconf 71' lang='lat' dir='ltr'><strong>qum</strong></span> <span class='ocrx_word' id='word_1_589' title='bbox 3117 2275 3445 2344; x_wconf 74' lang='lat' dir='ltr'><strong>legttntnrin</strong></span> 
     </span>
    </p>
   </div>
   <div class='ocr_carea' id='block_1_80' title="bbox 1871 2359 3450 2433">
    <p class='ocr_par' dir='ltr' id='par_1_80' title="bbox 1871 2359 3450 2433">
     <span class='ocr_line' id='line_1_80' title="bbox 1871 2359 3450 2433; baseline 0.003 -20"><span class='ocrx_word' id='word_1_590' title='bbox 1871 2359 1898 2431; x_wconf 65' lang='grc' dir='ltr'><strong>ς</strong></span> <span class='ocrx_word' id='word_1_591' title='bbox 1926 2360 1977 2423; x_wconf 84' lang='lat'><strong>5,</strong></span> <span class='ocrx_word' id='word_1_592' title='bbox 2007 2359 2039 2414; x_wconf 86' lang='lat'><strong>6</strong></span> <span class='ocrx_word' id='word_1_593' title='bbox 2068 2369 2120 2415; x_wconf 89' lang='lat' dir='ltr'><strong>et</strong></span> <span class='ocrx_word' id='word_1_594' title='bbox 2151 2359 2183 2413; x_wconf 87' lang='lat'><strong>7</strong></span> <span class='ocrx_word' id='word_1_595' title='bbox 2210 2360 2574 2417; x_wconf 82' lang='lat' dir='ltr'><strong>Meditationis</strong></span> <span class='ocrx_word' id='word_1_596' title='bbox 2601 2363 2692 2430; x_wconf 76' lang='lat' dir='ltr'><strong>M,</strong></span> <span class='ocrx_word' id='word_1_597' title='bbox 2723 2379 2843 2433; x_wconf 70' lang='lat' dir='ltr'><strong>qua:</strong></span> <span class='ocrx_word' id='word_1_598' title='bbox 2878 2371 2931 2416; x_wconf 92' lang='lat' dir='ltr'><strong>et</strong></span> <span class='ocrx_word' id='word_1_599' title='bbox 2977 2363 3317 2419; x_wconf 81' lang='lat' dir='ltr'><strong>Enchiridiou</strong></span> <span class='ocrx_word' id='word_1_600' title='bbox 3367 2365 3450 2420; x_wconf 86' lang='lat' dir='ltr'><strong>di-</strong></span> 
     </span>
    </p>
   </div>
   <div class='ocr_carea' id='block_1_81' title="bbox 1870 2451 3088 2523">
    <p class='ocr_par' dir='ltr' id='par_1_81' title="bbox 1870 2451 3088 2523">
     <span class='ocr_line' id='line_1_81' title="bbox 1870 2451 3088 2523; baseline 0.005 -18"><span class='ocrx_word' id='word_1_601' title='bbox 1870 2451 2031 2506; x_wconf 82' lang='lat' dir='ltr'><strong>citur.</strong></span> <span class='ocrx_word' id='word_1_602' title='bbox 2259 2516 2263 2521; x_wconf 25' lang='lat'><strong>,</strong></span> <span class='ocrx_word' id='word_1_603' title='bbox 2850 2518 2854 2523; x_wconf 42' lang='grc'><em>,</em></span> <span class='ocrx_word' id='word_1_604' title='bbox 2944 2469 2994 2523; x_wconf 11' lang='grc' dir='ltr'><strong>ἢ·</strong></span> <span class='ocrx_word' id='word_1_605' title='bbox 3082 2472 3088 2484; x_wconf 93' lang='grc'><strong>·</strong></span> 
     </span>
    </p>
   </div>
   <div class='ocr_carea' id='block_1_82' title="bbox 1904 2540 3450 2617">
    <p class='ocr_par' dir='ltr' id='par_1_82' title="bbox 1904 2540 3450 2617">
     <span class='ocr_line' id='line_1_82' title="bbox 1904 2540 3450 2617; baseline 0.004 -23"><span class='ocrx_word' id='word_1_606' title='bbox 1904 2542 1909 2547; x_wconf 87' lang='grc'><em>’</em></span> <span class='ocrx_word' id='word_1_607' title='bbox 1942 2543 2073 2611; x_wconf 77' lang='lat' dir='ltr'><strong>Cap.</strong></span> <span class='ocrx_word' id='word_1_608' title='bbox 2096 2541 2167 2596; x_wconf 72' lang='lat'><strong>29</strong></span> <span class='ocrx_word' id='word_1_609' title='bbox 2205 2551 2261 2596; x_wconf 92' lang='lat' dir='ltr'><strong>et</strong></span> <span class='ocrx_word' id='word_1_610' title='bbox 2296 2540 2368 2597; x_wconf 75' lang='lat'><strong>30</strong></span> <span class='ocrx_word' id='word_1_611' title='bbox 2387 2543 2734 2598; x_wconf 88' lang='lat' dir='ltr'><strong>continentur</strong></span> <span class='ocrx_word' id='word_1_612' title='bbox 2764 2544 2816 2599; x_wconf 91' lang='lat' dir='ltr'><strong>in</strong></span> <span class='ocrx_word' id='word_1_613' title='bbox 2849 2544 2878 2617; x_wconf 60' lang='grc' dir='ltr'>ᾗ</span> <span class='ocrx_word' id='word_1_614' title='bbox 2905 2545 2929 2600; x_wconf 83' lang='lat' dir='ltr'><strong>l</strong></span> <span class='ocrx_word' id='word_1_615' title='bbox 2961 2545 3197 2616; x_wconf 73' lang='lat' dir='ltr'><strong>prmfatae</strong></span> <span class='ocrx_word' id='word_1_616' title='bbox 3224 2545 3450 2603; x_wconf 80' lang='lat' dir='ltr'><strong>Medita-</strong></span> 
     </span>
    </p>
   </div>
   <div class='ocr_carea' id='block_1_83' title="bbox 1873 2630 3039 2706">
    <p class='ocr_par' dir='ltr' id='par_1_83' title="bbox 1873 2630 3039 2706">
     <span class='ocr_line' id='line_1_83' title="bbox 1873 2630 3039 2706; baseline 0.004 -21"><span class='ocrx_word' id='word_1_617' title='bbox 1873 2630 2035 2686; x_wconf 79' lang='lat' dir='ltr'><strong>timtis</strong></span> <span class='ocrx_word' id='word_1_618' title='bbox 2064 2630 2149 2686; x_wconf 76' lang='grc'><strong>14.</strong></span> <span class='ocrx_word' id='word_1_619' title='bbox 2793 2702 2797 2706; x_wconf 14' lang='grc' dir='ltr'><strong><em>θ</em></strong></span> <span class='ocrx_word' id='word_1_620' title='bbox 3031 2645 3039 2648; x_wconf 70' lang='grc'><em>’</em></span> 
     </span>
    </p>
   </div>
   <div class='ocr_carea' id='block_1_84' title="bbox 1942 2722 2936 2797">
    <p class='ocr_par' dir='ltr' id='par_1_84' title="bbox 1942 2722 2936 2797">
     <span class='ocr_line' id='line_1_84' title="bbox 1942 2722 2936 2797; baseline 0.002 -19"><span class='ocrx_word' id='word_1_621' title='bbox 1942 2724 2116 2793; x_wconf 89' lang='lat' dir='ltr'><strong>Caput</strong></span> <span class='ocrx_word' id='word_1_622' title='bbox 2138 2722 2208 2779; x_wconf 67' lang='grc'><strong>54</strong></span> <span class='ocrx_word' id='word_1_623' title='bbox 2229 2730 2312 2779; x_wconf 90' lang='lat' dir='ltr'><strong>est</strong></span> <span class='ocrx_word' id='word_1_624' title='bbox 2333 2723 2504 2779; x_wconf 82' lang='lat' dir='ltr'><strong>oratic</strong></span> <span class='ocrx_word' id='word_1_625' title='bbox 2528 2724 2736 2797; x_wconf 85' lang='lat' dir='ltr'><strong>integra</strong></span> <span class='ocrx_word' id='word_1_626' title='bbox 2774 2741 2936 2797; x_wconf 89' lang='lat' dir='ltr'><strong>quam</strong></span> 
     </span>
    </p>
   </div>
   <div class='ocr_carea' id='block_1_85' title="bbox 1872 2804 2987 2891">
    <p class='ocr_par' dir='ltr' id='par_1_85' title="bbox 1872 2804 2987 2891">
     <span class='ocr_line' id='line_1_85' title="bbox 1872 2804 2987 2891; baseline 0.005 -24"><span class='ocrx_word' id='word_1_627' title='bbox 1872 2804 2131 2869; x_wconf 82' lang='lat' dir='ltr'><strong>ravimus.</strong></span> <span class='ocrx_word' id='word_1_628' title='bbox 2428 2876 2433 2884; x_wconf 46' lang='grc'><em>,</em></span> <span class='ocrx_word' id='word_1_629' title='bbox 2798 2884 2801 2889; x_wconf 31' lang='grc' dir='ltr'>ι</span> <span class='ocrx_word' id='word_1_630' title='bbox 2982 2884 2987 2891; x_wconf 30' lang='grc'><em>,</em></span> 
     </span>
    </p>
   </div>
   <div class='ocr_carea' id='block_1_86' title="bbox 1900 2900 2894 2975">
    <p class='ocr_par' dir='ltr' id='par_1_86' title="bbox 1900 2900 2894 2975">
     <span class='ocr_line' id='line_1_86' title="bbox 1900 2900 2894 2975; baseline 0.005 -15"><span class='ocrx_word' id='word_1_631' title='bbox 1900 2902 1903 2905; x_wconf 58' lang='grc'>“</span> <span class='ocrx_word' id='word_1_632' title='bbox 1944 2906 2113 2975; x_wconf 88' lang='lat' dir='ltr'><strong>Caput</strong></span> <span class='ocrx_word' id='word_1_633' title='bbox 2138 2906 2207 2961; x_wconf 77' lang='lat'><strong>35</strong></span> <span class='ocrx_word' id='word_1_634' title='bbox 2228 2906 2445 2963; x_wconf 79' lang='lat' dir='ltr'><strong>coniicit</strong></span> <span class='ocrx_word' id='word_1_635' title='bbox 2471 2900 2771 2965; x_wconf 88' lang='lat' dir='ltr'><strong>orationem</strong></span> <span class='ocrx_word' id='word_1_636' title='bbox 2807 2910 2894 2965; x_wconf 85' lang='grc'><strong>17.</strong></span> 
     </span>
    </p>
   </div>
   <div class='ocr_carea' id='block_1_87' title="bbox 1898 2996 2936 3073">
    <p class='ocr_par' dir='ltr' id='par_1_87' title="bbox 1898 2996 2936 3073">
     <span class='ocr_line' id='line_1_87' title="bbox 1898 2996 2936 3073; baseline 0.009 -22"><span class='ocrx_word' id='word_1_637' title='bbox 1898 3009 1906 3017; x_wconf 86' lang='grc'><em>’</em></span> <span class='ocrx_word' id='word_1_638' title='bbox 1945 2996 2117 3068; x_wconf 88' lang='lat' dir='ltr'><strong>Caput</strong></span> <span class='ocrx_word' id='word_1_639' title='bbox 2137 2996 2205 3052; x_wconf 80' lang='lat'><strong>&#39;56</strong></span> <span class='ocrx_word' id='word_1_640' title='bbox 2231 2999 2322 3053; x_wconf 89' lang='lat' dir='ltr'><strong>dat</strong></span> <span class='ocrx_word' id='word_1_641' title='bbox 2346 3001 2644 3073; x_wconf 81' lang='lat' dir='ltr'><strong>orationem</strong></span> <span class='ocrx_word' id='word_1_642' title='bbox 2675 3002 2760 3058; x_wconf 84' lang='grc'>16.</span> <span class='ocrx_word' id='word_1_643' title='bbox 2932 3068 2936 3072; x_wconf 93' lang='lat'><em>_</em></span> 
     </span>
    </p>
   </div>
   <div class='ocr_carea' id='block_1_88' title="bbox 1944 3079 3347 3163">
    <p class='ocr_par' dir='ltr' id='par_1_88' title="bbox 1944 3079 3347 3163">
     <span class='ocr_line' id='line_1_88' title="bbox 1944 3079 3347 3163; baseline 0.008 -17"><span class='ocrx_word' id='word_1_644' title='bbox 1944 3088 2116 3159; x_wconf 90' lang='lat' dir='ltr'><strong>Caput</strong></span> <span class='ocrx_word' id='word_1_645' title='bbox 2139 3089 2206 3144; x_wconf 76' lang='grc'><strong>57</strong></span> <span class='ocrx_word' id='word_1_646' title='bbox 2238 3079 2471 3161; x_wconf 90' lang='lat' dir='ltr'><strong>complet</strong></span> <span class='ocrx_word' id='word_1_647' title='bbox 2492 3092 2560 3147; x_wconf 87' lang='grc'>18</span> <span class='ocrx_word' id='word_1_648' title='bbox 2583 3101 2635 3147; x_wconf 91' lang='lat' dir='ltr'><strong>et</strong></span> <span class='ocrx_word' id='word_1_649' title='bbox 2667 3095 2733 3149; x_wconf 88' lang='grc'><strong>19</strong></span> <span class='ocrx_word' id='word_1_650' title='bbox 2762 3095 3062 3151; x_wconf 88' lang='lat' dir='ltr'><strong>orationes.</strong></span> <span class='ocrx_word' id='word_1_651' title='bbox 3324 3154 3347 3163; x_wconf 85' lang='grc'>,.</span> 
     </span>
    </p>
   </div>
   <div class='ocr_carea' id='block_1_89' title="bbox 1900 3173 3447 3259">
    <p class='ocr_par' dir='ltr' id='par_1_89' title="bbox 1900 3173 3447 3259">
     <span class='ocr_line' id='line_1_89' title="bbox 1900 3173 3447 3259; baseline 0.006 -22"><span class='ocrx_word' id='word_1_652' title='bbox 1900 3173 2206 3252; x_wconf 71' lang='grc' dir='ltr'><strong>’ϐηριιι59</strong></span> <span class='ocrx_word' id='word_1_653' title='bbox 2244 3182 2452 3252; x_wconf 88' lang='lat' dir='ltr'><strong>aliquas</strong></span> <span class='ocrx_word' id='word_1_654' title='bbox 2511 3184 2675 3239; x_wconf 65' lang='lat' dir='ltr'><strong>&#39;14th</strong></span> <span class='ocrx_word' id='word_1_655' title='bbox 2732 3188 3028 3243; x_wconf 89' lang='lat' dir='ltr'><strong>sententias</strong></span> <span class='ocrx_word' id='word_1_656' title='bbox 3080 3204 3199 3259; x_wconf 67' lang='lat' dir='ltr'><strong>qum</strong></span> <span class='ocrx_word' id='word_1_657' title='bbox 3248 3192 3369 3246; x_wconf 79' lang='lat' dir='ltr'><strong>Sunt</strong></span> <span class='ocrx_word' id='word_1_658' title='bbox 3395 3193 3447 3247; x_wconf 90' lang='lat' dir='ltr'><strong>in</strong></span> 
     </span>
    </p>
   </div>
   <div class='ocr_carea' id='block_1_90' title="bbox 1871 3273 3446 3349">
    <p class='ocr_par' dir='ltr' id='par_1_90' title="bbox 1871 3273 3446 3349">
     <span class='ocr_line' id='line_1_90' title="bbox 1871 3273 3446 3349; baseline 0.008 -22"><span class='ocrx_word' id='word_1_659' title='bbox 1871 3275 2115 3328; x_wconf 83' lang='lat' dir='ltr'><strong>oratione</strong></span> <span class='ocrx_word' id='word_1_660' title='bbox 2144 3273 2211 3327; x_wconf 77' lang='lat'><strong>62</strong></span> <span class='ocrx_word' id='word_1_661' title='bbox 2246 3274 2456 3344; x_wconf 87' lang='lat' dir='ltr'><strong>aliquas</strong></span> <span class='ocrx_word' id='word_1_662' title='bbox 2496 3291 2614 3346; x_wconf 66' lang='lat' dir='ltr'><strong>qua:</strong></span> <span class='ocrx_word' id='word_1_663' title='bbox 2640 3289 2934 3332; x_wconf 85' lang='lat' dir='ltr'><strong>occurrunt</strong></span> <span class='ocrx_word' id='word_1_664' title='bbox 2966 3281 3018 3334; x_wconf 92' lang='lat' dir='ltr'><strong>in</strong></span> <span class='ocrx_word' id='word_1_665' title='bbox 3047 3282 3233 3337; x_wconf 90' lang='lat' dir='ltr'><strong>medit.</strong></span> <span class='ocrx_word' id='word_1_666' title='bbox 3265 3284 3318 3349; x_wconf 73' lang='grc' dir='ltr'><em>ὅ,</em></span> <span class='ocrx_word' id='word_1_667' title='bbox 3346 3285 3446 3339; x_wconf 87' lang='lat' dir='ltr'><strong>ali-</strong></span> 
     </span>
    </p>
   </div>
   <div class='ocr_carea' id='block_1_91' title="bbox 1867 3364 3449 3443">
    <p class='ocr_par' dir='ltr' id='par_1_91' title="bbox 1867 3364 3449 3443">
     <span class='ocr_line' id='line_1_91' title="bbox 1867 3364 3449 3443; baseline 0.008 -27"><span class='ocrx_word' id='word_1_668' title='bbox 1867 3379 2005 3434; x_wconf 88' lang='lat' dir='ltr'><strong>quas</strong></span> <span class='ocrx_word' id='word_1_669' title='bbox 2034 3379 2152 3433; x_wconf 76' lang='lat' dir='ltr'><strong>qua:</strong></span> <span class='ocrx_word' id='word_1_670' title='bbox 2173 3364 2421 3434; x_wconf 84' lang='lat' dir='ltr'><strong>leguntur</strong></span> <span class='ocrx_word' id='word_1_671' title='bbox 2468 3367 2521 3421; x_wconf 92' lang='lat' dir='ltr'><strong>in</strong></span> <span class='ocrx_word' id='word_1_672' title='bbox 2572 3376 2708 3422; x_wconf 87' lang='lat' dir='ltr'><strong>orat.</strong></span> <span class='ocrx_word' id='word_1_673' title='bbox 2740 3369 2796 3435; x_wconf 76' lang='lat'><strong>2,</strong></span> <span class='ocrx_word' id='word_1_674' title='bbox 2826 3370 3033 3441; x_wconf 85' lang='lat' dir='ltr'><strong>aliquas</strong></span> <span class='ocrx_word' id='word_1_675' title='bbox 3060 3373 3223 3426; x_wconf 87' lang='lat' dir='ltr'><strong>etiam</strong></span> <span class='ocrx_word' id='word_1_676' title='bbox 3256 3390 3371 3443; x_wconf 71' lang='lat' dir='ltr'><strong>qum</strong></span> <span class='ocrx_word' id='word_1_677' title='bbox 3396 3376 3449 3430; x_wconf 86' lang='lat' dir='ltr'><strong>in</strong></span> 
     </span>
    </p>
   </div>
   <div class='ocr_carea' id='block_1_92' title="bbox 1868 3453 3123 3526">
    <p class='ocr_par' dir='ltr' id='par_1_92' title="bbox 1868 3453 3123 3526">
     <span class='ocr_line' id='line_1_92' title="bbox 1868 3453 3123 3526; baseline 0.002 -15"><span class='ocrx_word' id='word_1_678' title='bbox 1868 3471 1918 3511; x_wconf 89' lang='lat' dir='ltr'><strong>c.</strong></span> <span class='ocrx_word' id='word_1_679' title='bbox 1954 3456 1973 3509; x_wconf 90' lang='lat' dir='ltr'><strong>l</strong></span> <span class='ocrx_word' id='word_1_680' title='bbox 2010 3453 2267 3526; x_wconf 89' lang='lat' dir='ltr'><strong>Proslogii</strong></span> <span class='ocrx_word' id='word_1_681' title='bbox 2297 3457 2661 3525; x_wconf 85' lang='lat' dir='ltr'><strong>reperiuntur.</strong></span> <span class='ocrx_word' id='word_1_682' title='bbox 3120 3476 3123 3479; x_wconf 52' lang='grc' dir='ltr'><strong><em>λ</em></strong></span> 
     </span>
    </p>
   </div>
   <div class='ocr_carea' id='block_1_93' title="bbox 1939 3545 3449 3624">
    <p class='ocr_par' dir='ltr' id='par_1_93' title="bbox 1939 3545 3449 3624">
     <span class='ocr_line' id='line_1_93' title="bbox 1939 3545 3449 3624; baseline 0.011 -25"><span class='ocrx_word' id='word_1_683' title='bbox 1939 3545 2179 3617; x_wconf 80' lang='lat' dir='ltr'><strong>Denique</strong></span> <span class='ocrx_word' id='word_1_684' title='bbox 2207 3548 2455 3619; x_wconf 69' lang='lat' dir='ltr'><strong>caput“</strong></span> <span class='ocrx_word' id='word_1_685' title='bbox 2498 3557 2553 3605; x_wconf 90' lang='lat' dir='ltr'><strong>et</strong></span> <span class='ocrx_word' id='word_1_686' title='bbox 2595 3549 2693 3604; x_wconf 89' lang='lat' dir='ltr'><strong>ult.</strong></span> <span class='ocrx_word' id='word_1_687' title='bbox 2728 3550 2992 3624; x_wconf 81' lang='lat' dir='ltr'><strong>integram</strong></span> <span class='ocrx_word' id='word_1_688' title='bbox 3047 3556 3264 3613; x_wconf 80' lang='lat' dir='ltr'><strong>conficit</strong></span> <span class='ocrx_word' id='word_1_689' title='bbox 3320 3574 3449 3615; x_wconf 89' lang='lat' dir='ltr'><strong>ora-</strong></span> 
     </span>
    </p>
   </div>
   <div class='ocr_carea' id='block_1_94' title="bbox 1870 3638 3015 3709">
    <p class='ocr_par' dir='ltr' id='par_1_94' title="bbox 1870 3638 3015 3709">
     <span class='ocr_line' id='line_1_94' title="bbox 1870 3638 3015 3709; baseline 0.003 -16"><span class='ocrx_word' id='word_1_690' title='bbox 1870 3638 2072 3695; x_wconf 89' lang='lat' dir='ltr'><strong>tionem</strong></span> <span class='ocrx_word' id='word_1_691' title='bbox 2098 3639 2188 3694; x_wconf 69' lang='lat'><strong>20.</strong></span> <span class='ocrx_word' id='word_1_692' title='bbox 2250 3648 2255 3655; x_wconf 80' lang='lat'><strong>‘</strong></span> <span class='ocrx_word' id='word_1_693' title='bbox 3012 3706 3015 3709; x_wconf 96' lang='lat'><em>_</em></span> 
     </span>
    </p>
   </div>
   <div class='ocr_carea' id='block_1_95' title="bbox 1916 3718 3448 3803">
    <p class='ocr_par' dir='ltr' id='par_1_95' title="bbox 1916 3718 3448 3803">
     <span class='ocr_line' id='line_1_95' title="bbox 1916 3718 3448 3803; baseline 0.008 -19"><span class='ocrx_word' id='word_1_694' title='bbox 1916 3718 2016 3785; x_wconf 68' lang='grc' dir='ltr'><strong>Ἐκ</strong></span> <span class='ocrx_word' id='word_1_695' title='bbox 2046 3730 2130 3785; x_wconf 93' lang='lat' dir='ltr'><strong>his</strong></span> <span class='ocrx_word' id='word_1_696' title='bbox 2159 3726 2276 3785; x_wconf 86' lang='lat' dir='ltr'><strong>luce</strong></span> <span class='ocrx_word' id='word_1_697' title='bbox 2308 3718 2505 3787; x_wconf 77' lang='lat' dir='ltr'><strong>clarius</strong></span> <span class='ocrx_word' id='word_1_698' title='bbox 2545 3722 2655 3788; x_wconf 61' lang='lat' dir='ltr'><strong>est‘</strong></span> <span class='ocrx_word' id='word_1_699' title='bbox 2687 3722 2942 3803; x_wconf 78' lang='lat' dir='ltr'><strong>antistas</strong></span> <span class='ocrx_word' id='word_1_700' title='bbox 2987 3738 3363 3796; x_wconf 90' lang='lat' dir='ltr'><strong>meditationes</strong></span> <span class='ocrx_word' id='word_1_701' title='bbox 3392 3751 3448 3797; x_wconf 86' lang='lat' dir='ltr'><strong>et</strong></span> 
     </span>
    </p>
   </div>
   <div class='ocr_carea' id='block_1_96' title="bbox 1866 3820 3446 3897">
    <p class='ocr_par' dir='ltr' id='par_1_96' title="bbox 1866 3820 3446 3897">
     <span class='ocr_line' id='line_1_96' title="bbox 1866 3820 3446 3897; baseline 0.006 -20"><span class='ocrx_word' id='word_1_702' title='bbox 1866 3821 2140 3877; x_wconf 73' lang='lat' dir='ltr'><strong>orationes</strong></span> <span class='ocrx_word' id='word_1_703' title='bbox 2167 3835 2232 3875; x_wconf 79' lang='lat' dir='ltr'><strong>ex</strong></span> <span class='ocrx_word' id='word_1_704' title='bbox 2263 3820 2483 3889; x_wconf 65' lang='lat' dir='ltr'><strong>prmlato</strong></span> <span class='ocrx_word' id='word_1_705' title='bbox 2512 3856 2513 3859; x_wconf 61' lang='grc' dir='ltr'><strong>η</strong></span> <span class='ocrx_word' id='word_1_706' title='bbox 2548 3821 2688 3878; x_wconf 87' lang='lat' dir='ltr'><strong>libro</strong></span> <span class='ocrx_word' id='word_1_707' title='bbox 2736 3824 3207 3897; x_wconf 63' lang='lat' dir='ltr'><strong>esse&#39;descriptas,</strong></span> <span class='ocrx_word' id='word_1_708' title='bbox 3239 3839 3332 3885; x_wconf 89' lang='lat' dir='ltr'><strong>aut</strong></span> <span class='ocrx_word' id='word_1_709' title='bbox 3378 3831 3446 3886; x_wconf 89' lang='lat' dir='ltr'><strong>li-</strong></span> 
     </span>
    </p>
   </div>
   <div class='ocr_carea' id='block_1_97' title="bbox 1867 3909 3444 3993">
    <p class='ocr_par' dir='ltr' id='par_1_97' title="bbox 1867 3909 3444 3993">
     <span class='ocr_line' id='line_1_97' title="bbox 1867 3909 3444 3993; baseline 0.008 -31"><span class='ocrx_word' id='word_1_710' title='bbox 1867 3912 2021 3962; x_wconf 86' lang='lat' dir='ltr'><strong>brum</strong></span> <span class='ocrx_word' id='word_1_711' title='bbox 2047 3910 2188 3964; x_wconf 92' lang='lat' dir='ltr'><strong>hunc</strong></span> <span class='ocrx_word' id='word_1_712' title='bbox 2212 3925 2277 3964; x_wconf 81' lang='lat' dir='ltr'><strong>ex</strong></span> <span class='ocrx_word' id='word_1_713' title='bbox 2306 3909 2424 3964; x_wconf 89' lang='lat' dir='ltr'><strong>istis</strong></span> <span class='ocrx_word' id='word_1_714' title='bbox 2451 3910 2684 3966; x_wconf 83' lang='lat' dir='ltr'><strong>maxime</strong></span> <span class='ocrx_word' id='word_1_715' title='bbox 2710 3914 3044 3993; x_wconf 82' lang='lat' dir='ltr'><strong>orationibus</strong></span> <span class='ocrx_word' id='word_1_716' title='bbox 3092 3932 3185 3971; x_wconf 89' lang='lat' dir='ltr'><strong>seu</strong></span> <span class='ocrx_word' id='word_1_717' title='bbox 3216 3909 3444 3976; x_wconf 86' lang='lat' dir='ltr'><strong>medita-</strong></span> 
     </span>
    </p>
   </div>
   <div class='ocr_carea' id='block_1_98' title="bbox 1869 3999 3447 4073">
    <p class='ocr_par' dir='ltr' id='par_1_98' title="bbox 1869 3999 3447 4073">
     <span class='ocr_line' id='line_1_98' title="bbox 1869 3999 3447 4073; baseline 0.008 -20"><span class='ocrx_word' id='word_1_718' title='bbox 1869 3999 2105 4056; x_wconf 88' lang='lat' dir='ltr'><strong>tionibus</strong></span> <span class='ocrx_word' id='word_1_719' title='bbox 2127 4015 2237 4055; x_wconf 88' lang='lat' dir='ltr'><strong>non</strong></span> <span class='ocrx_word' id='word_1_720' title='bbox 2262 4000 2329 4055; x_wconf 88' lang='lat' dir='ltr'><strong>ab</strong></span> <span class='ocrx_word' id='word_1_721' title='bbox 2348 4002 2602 4071; x_wconf 86' lang='lat' dir='ltr'><strong>Anselmo</strong></span> <span class='ocrx_word' id='word_1_722' title='bbox 2628 4002 2721 4056; x_wconf 88' lang='lat' dir='ltr'><strong>sed</strong></span> <span class='ocrx_word' id='word_1_723' title='bbox 2749 4003 2856 4058; x_wconf 86' lang='lat' dir='ltr'><strong>alio</strong></span> <span class='ocrx_word' id='word_1_724' title='bbox 2872 4004 3087 4073; x_wconf 81' lang='lat' dir='ltr'><strong>juniore</strong></span> <span class='ocrx_word' id='word_1_725' title='bbox 3122 4006 3284 4064; x_wconf 85' lang='lat' dir='ltr'><strong>fuisse</strong></span> <span class='ocrx_word' id='word_1_726' title='bbox 3298 4026 3447 4065; x_wconf 90' lang='lat' dir='ltr'><strong>com-</strong></span> 
     </span>
    </p>
   </div>
   <div class='ocr_carea' id='block_1_99' title="bbox 1866 4080 3440 4163">
    <p class='ocr_par' dir='ltr' id='par_1_99' title="bbox 1866 4080 3440 4163">
     <span class='ocr_line' id='line_1_99' title="bbox 1866 4080 3440 4163; baseline 0.008 -21"><span class='ocrx_word' id='word_1_727' title='bbox 1866 4090 2117 4157; x_wconf 89' lang='lat' dir='ltr'><strong>positum.</strong></span> <span class='ocrx_word' id='word_1_728' title='bbox 2144 4080 2335 4145; x_wconf 84' lang='lat' dir='ltr'><strong>Utrum</strong></span> <span class='ocrx_word' id='word_1_729' title='bbox 2368 4106 2551 4145; x_wconf 86' lang='lat' dir='ltr'><strong>verum</strong></span> <span class='ocrx_word' id='word_1_730' title='bbox 2575 4158 2579 4162; x_wconf 92' lang='lat'>_</span> <span class='ocrx_word' id='word_1_731' title='bbox 2606 4090 2677 4143; x_wconf 88' lang='lat' dir='ltr'><strong>sit</strong></span> <span class='ocrx_word' id='word_1_732' title='bbox 2702 4100 2758 4143; x_wconf 90' lang='lat' dir='ltr'><strong>ut</strong></span> <span class='ocrx_word' id='word_1_733' title='bbox 2793 4086 3141 4163; x_wconf 79' lang='lat' dir='ltr'><strong>intelligatur,</strong></span> <span class='ocrx_word' id='word_1_734' title='bbox 3168 4098 3395 4154; x_wconf 85' lang='lat' dir='ltr'><strong>adverto</strong></span> <span class='ocrx_word' id='word_1_735' title='bbox 3427 4117 3440 4153; x_wconf 89' lang='lat'>:</span> 
     </span>
    </p>
   </div>
   <div class='ocr_carea' id='block_1_100' title="bbox 1867 4172 3448 4260">
    <p class='ocr_par' dir='ltr' id='par_1_100' title="bbox 1867 4172 3448 4260">
     <span class='ocr_line' id='line_1_100' title="bbox 1867 4172 3448 4260; baseline 0.008 -25"><span class='ocrx_word' id='word_1_736' title='bbox 1867 4181 1923 4235; x_wconf 88' lang='grc' dir='ltr'>1ο</span> <span class='ocrx_word' id='word_1_737' title='bbox 1953 4179 2265 4249; x_wconf 81' lang='lat' dir='ltr'><strong>Proslogim</strong></span> <span class='ocrx_word' id='word_1_738' title='bbox 2289 4191 2342 4237; x_wconf 89' lang='lat' dir='ltr'><strong>et</strong></span> <span class='ocrx_word' id='word_1_739' title='bbox 2365 4184 2497 4241; x_wconf 88' lang='lat' dir='ltr'><strong>alias</strong></span> <span class='ocrx_word' id='word_1_740' title='bbox 2522 4185 2710 4242; x_wconf 88' lang='lat' dir='ltr'><strong>saltem</strong></span> <span class='ocrx_word' id='word_1_741' title='bbox 2742 4199 2809 4239; x_wconf 79' lang='lat' dir='ltr'><strong>ex</strong></span> <span class='ocrx_word' id='word_1_742' title='bbox 2840 4186 2924 4240; x_wconf 91' lang='lat' dir='ltr'><strong>his</strong></span> <span class='ocrx_word' id='word_1_743' title='bbox 2960 4172 3148 4242; x_wconf 79' lang='lat' dir='ltr'><strong>oratio:</strong></span> <span class='ocrx_word' id='word_1_744' title='bbox 3172 4185 3293 4243; x_wconf 62' lang='lat' dir='ltr'><strong>itus</strong></span> <span class='ocrx_word' id='word_1_745' title='bbox 3328 4205 3448 4260; x_wconf 80' lang='lat' dir='ltr'><strong>quae</strong></span> 
     </span>
    </p>
   </div>
   <div class='ocr_carea' id='block_1_101' title="bbox 1866 4270 3444 4344">
    <p class='ocr_par' dir='ltr' id='par_1_101' title="bbox 1866 4270 3444 4344">
     <span class='ocr_line' id='line_1_101' title="bbox 1866 4270 3444 4344; baseline 0.008 -20"><span class='ocrx_word' id='word_1_746' title='bbox 1866 4274 2055 4325; x_wconf 88' lang='lat' dir='ltr'><strong>eadem</strong></span> <span class='ocrx_word' id='word_1_747' title='bbox 2086 4270 2283 4326; x_wconf 76' lang='lat' dir='ltr'><strong>habent</strong></span> <span class='ocrx_word' id='word_1_748' title='bbox 2313 4288 2376 4327; x_wconf 91' lang='lat' dir='ltr'><strong>ac</strong></span> <span class='ocrx_word' id='word_1_749' title='bbox 2412 4277 2513 4331; x_wconf 90' lang='lat' dir='ltr'><strong>iste</strong></span> <span class='ocrx_word' id='word_1_750' title='bbox 2542 4276 2712 4344; x_wconf 89' lang='lat' dir='ltr'><strong>liber,</strong></span> <span class='ocrx_word' id='word_1_751' title='bbox 2765 4276 3062 4333; x_wconf 86' lang='lat' dir='ltr'><strong>indubitata</strong></span> <span class='ocrx_word' id='word_1_752' title='bbox 3105 4293 3223 4334; x_wconf 77' lang='lat' dir='ltr'><strong>esse</strong></span> <span class='ocrx_word' id='word_1_753' title='bbox 3273 4284 3444 4337; x_wconf 68' lang='lat' dir='ltr'><strong>sant-ti</strong></span> 
     </span>
    </p>
   </div>
   <div class='ocr_carea' id='block_1_102' title="bbox 1866 4363 3447 4444">
    <p class='ocr_par' dir='ltr' id='par_1_102' title="bbox 1866 4363 3447 4444">
     <span class='ocr_line' id='line_1_102' title="bbox 1866 4363 3447 4444; baseline 0.008 -26"><span class='ocrx_word' id='word_1_754' title='bbox 1866 4363 2103 4419; x_wconf 86' lang='lat' dir='ltr'><strong>Anselmi</strong></span> <span class='ocrx_word' id='word_1_755' title='bbox 2127 4364 2405 4434; x_wconf 87' lang='lat' dir='ltr'><strong>opuscula.</strong></span> <span class='ocrx_word' id='word_1_756' title='bbox 2437 4366 2587 4430; x_wconf 84' lang='lat' dir='ltr'><strong>Unde</strong></span> <span class='ocrx_word' id='word_1_757' title='bbox 2605 4381 3019 4428; x_wconf 87' lang='lat' dir='ltr'><strong>consectaneum</strong></span> <span class='ocrx_word' id='word_1_758' title='bbox 3071 4371 3242 4444; x_wconf 88' lang='lat' dir='ltr'><strong>magis</strong></span> <span class='ocrx_word' id='word_1_759' title='bbox 3266 4382 3349 4429; x_wconf 89' lang='lat' dir='ltr'><strong>est</strong></span> <span class='ocrx_word' id='word_1_760' title='bbox 3378 4390 3447 4430; x_wconf 79' lang='lat' dir='ltr'><strong>ex</strong></span> 
     </span>
    </p>
   </div>
   <div class='ocr_carea' id='block_1_103' title="bbox 2993 2727 3450 2798">
    <p class='ocr_par' dir='ltr' id='par_1_103' title="bbox 2993 2727 3450 2798">
     <span class='ocr_line' id='line_1_103' title="bbox 2993 2727 3450 2798; baseline 0.002 -17"><span class='ocrx_word' id='word_1_761' title='bbox 2993 2727 3234 2798; x_wconf 86' lang='lat' dir='ltr'><strong>quintam</strong></span> <span class='ocrx_word' id='word_1_762' title='bbox 3263 2743 3450 2783; x_wconf 55' lang='lat' dir='ltr'><strong>nume»</strong></span> 
     </span>
    </p>
   </div>
   <div class='ocr_carea' id='block_1_104' title="bbox 1798 4455 3445 4539">
    <p class='ocr_par' dir='ltr' id='par_1_104' title="bbox 1798 4455 3445 4539">
     <span class='ocr_line' id='line_1_104' title="bbox 1798 4455 3445 4539; baseline 0.008 -32"><span class='ocrx_word' id='word_1_763' title='bbox 1798 4465 1845 4523; x_wconf 84' lang='grc' dir='ltr'><strong>ι)</strong></span> <span class='ocrx_word' id='word_1_764' title='bbox 1871 4455 2040 4509; x_wconf 89' lang='lat' dir='ltr'><strong>sancti</strong></span> <span class='ocrx_word' id='word_1_765' title='bbox 2071 4456 2311 4512; x_wconf 85' lang='lat' dir='ltr'><strong>Ansclmi</strong></span> <span class='ocrx_word' id='word_1_766' title='bbox 2335 4456 2673 4525; x_wconf 85' lang='lat' dir='ltr'><strong>orationibus</strong></span> <span class='ocrx_word' id='word_1_767' title='bbox 2708 4460 2913 4539; x_wconf 81' lang='lat' dir='ltr'><strong>librum</strong></span> <span class='ocrx_word' id='word_1_768' title='bbox 2939 4463 3084 4519; x_wconf 91' lang='lat' dir='ltr'><strong>hunc</strong></span> <span class='ocrx_word' id='word_1_769' title='bbox 3129 4479 3250 4520; x_wconf 90' lang='lat' dir='ltr'><strong>esse</strong></span> <span class='ocrx_word' id='word_1_770' title='bbox 3294 4473 3445 4520; x_wconf 88' lang='lat' dir='ltr'><strong>tran-</strong></span> 
     </span>
    </p>
   </div>
   <div class='ocr_carea' id='block_1_105' title="bbox 1874 4550 3449 4623">
    <p class='ocr_par' dir='ltr' id='par_1_105' title="bbox 1874 4550 3449 4623">
     <span class='ocr_line' id='line_1_105' title="bbox 1874 4550 3449 4623; baseline 0.01 -23"><span class='ocrx_word' id='word_1_771' title='bbox 1874 4556 2142 4617; x_wconf 80' lang='lat' dir='ltr'><strong>sumptum</strong></span> <span class='ocrx_word' id='word_1_772' title='bbox 2195 4565 2357 4619; x_wconf 88' lang='lat' dir='ltr'><strong>quam</strong></span> <span class='ocrx_word' id='word_1_773' title='bbox 2401 4563 2466 4603; x_wconf 82' lang='lat' dir='ltr'><strong>ex</strong></span> <span class='ocrx_word' id='word_1_774' title='bbox 2497 4564 2561 4605; x_wconf 89' lang='lat' dir='ltr'><strong>eo</strong></span> <span class='ocrx_word' id='word_1_775' title='bbox 2587 4550 2804 4619; x_wconf 85' lang='lat' dir='ltr'><strong>libello,</strong></span> <span class='ocrx_word' id='word_1_776' title='bbox 2860 4553 3012 4623; x_wconf 86' lang='lat' dir='ltr'><strong>cujus</strong></span> <span class='ocrx_word' id='word_1_777' title='bbox 3042 4565 3231 4613; x_wconf 77' lang='lat' dir='ltr'><strong>auctor</strong></span> <span class='ocrx_word' id='word_1_778' title='bbox 3271 4558 3449 4616; x_wconf 67' lang='lat' dir='ltr'><strong>nullus</strong></span> 
     </span>
    </p>
   </div>
   <div class='ocr_carea' id='block_1_106' title="bbox 1875 4636 3445 4715">
    <p class='ocr_par' dir='ltr' id='par_1_106' title="bbox 1875 4636 3445 4715">
     <span class='ocr_line' id='line_1_106' title="bbox 1875 4636 3445 4715; baseline 0.01 -26"><span class='ocrx_word' id='word_1_779' title='bbox 1875 4647 2000 4693; x_wconf 86' lang='lat' dir='ltr'><strong>ante</strong></span> <span class='ocrx_word' id='word_1_780' title='bbox 2024 4636 2331 4694; x_wconf 84' lang='lat' dir='ltr'><strong>Anscimum</strong></span> <span class='ocrx_word' id='word_1_781' title='bbox 2358 4652 2508 4697; x_wconf 87' lang='lat' dir='ltr'><strong>certo</strong></span> <span class='ocrx_word' id='word_1_782' title='bbox 2538 4641 2729 4710; x_wconf 78' lang='lat' dir='ltr'><strong>scitur,</strong></span> <span class='ocrx_word' id='word_1_783' title='bbox 2757 4651 2812 4697; x_wconf 87' lang='lat' dir='ltr'><strong>et</strong></span> <span class='ocrx_word' id='word_1_784' title='bbox 2851 4645 2942 4715; x_wconf 86' lang='lat' dir='ltr'><strong>qui</strong></span> <span class='ocrx_word' id='word_1_785' title='bbox 2975 4660 3077 4700; x_wconf 91' lang='lat' dir='ltr'><strong>non</strong></span> <span class='ocrx_word' id='word_1_786' title='bbox 3108 4649 3209 4703; x_wconf 78' lang='grc' dir='ltr'><strong>ηῗεὶ</strong></span> <span class='ocrx_word' id='word_1_787' title='bbox 3239 4648 3292 4702; x_wconf 92' lang='lat' dir='ltr'><strong>in</strong></span> <span class='ocrx_word' id='word_1_788' title='bbox 3314 4664 3445 4705; x_wconf 84' lang='lat' dir='ltr'><strong>mss.</strong></span> 
     </span>
    </p>
   </div>
   <div class='ocr_carea' id='block_1_107' title="bbox 1874 4730 3447 4809">
    <p class='ocr_par' dir='ltr' id='par_1_107' title="bbox 1874 4730 3447 4809">
     <span class='ocr_line' id='line_1_107' title="bbox 1874 4730 3447 4809; baseline 0.008 -26"><span class='ocrx_word' id='word_1_789' title='bbox 1874 4730 2260 4788; x_wconf 71' lang='lat' dir='ltr'><strong>recentioribus</strong></span> <span class='ocrx_word' id='word_1_790' title='bbox 2282 4732 2489 4804; x_wconf 81' lang='lat' dir='ltr'><strong>legitur,</strong></span> <span class='ocrx_word' id='word_1_791' title='bbox 2526 4735 2958 4809; x_wconf 76' lang='lat' dir='ltr'><strong>istas&#39;orationes</strong></span> <span class='ocrx_word' id='word_1_792' title='bbox 2982 4737 3146 4793; x_wconf 81' lang='lat' dir='ltr'><strong>fuisse</strong></span> <span class='ocrx_word' id='word_1_793' title='bbox 3173 4740 3240 4794; x_wconf 88' lang='lat' dir='ltr'><strong>ab</strong></span> <span class='ocrx_word' id='word_1_794' title='bbox 3262 4742 3447 4799; x_wconf 80' lang='lat' dir='ltr'><strong>Anscl-</strong></span> 
     </span>
    </p>
   </div>
   <div class='ocr_carea' id='block_1_108' title="bbox 1872 4813 3445 4889">
    <p class='ocr_par' dir='ltr' id='par_1_108' title="bbox 1872 4813 3445 4889">
     <span class='ocr_line' id='line_1_108' title="bbox 1872 4813 3445 4889; baseline 0.008 -16"><span class='ocrx_word' id='word_1_795' title='bbox 1872 4833 1963 4874; x_wconf 89' lang='lat' dir='ltr'><strong>mo</strong></span> <span class='ocrx_word' id='word_1_796' title='bbox 1988 4817 2302 4889; x_wconf 85' lang='lat' dir='ltr'><strong>descriptas.</strong></span> <span class='ocrx_word' id='word_1_797' title='bbox 2352 4823 2463 4879; x_wconf 81' lang='lat' dir='ltr'><strong>Nec</strong></span> <span class='ocrx_word' id='word_1_798' title='bbox 2512 4825 2658 4880; x_wconf 89' lang='lat' dir='ltr'><strong>enim</strong></span> <span class='ocrx_word' id='word_1_799' title='bbox 2705 4826 2751 4882; x_wconf 92' lang='lat' dir='ltr'><strong>is</strong></span> <span class='ocrx_word' id='word_1_800' title='bbox 2810 4818 2925 4882; x_wconf 81' lang='lat' dir='ltr'><strong>erat</strong></span> <span class='ocrx_word' id='word_1_801' title='bbox 2977 4813 3148 4884; x_wconf 78' lang='lat' dir='ltr'><strong>sai.cti</strong></span> <span class='ocrx_word' id='word_1_802' title='bbox 3208 4830 3445 4885; x_wconf 88' lang='lat' dir='ltr'><strong>Anselmi</strong></span> 
     </span>
    </p>
   </div>
   <div class='ocr_carea' id='block_1_109' title="bbox 1875 4910 2587 4981">
    <p class='ocr_par' dir='ltr' id='par_1_109' title="bbox 1875 4910 2587 4981">
     <span class='ocr_line' id='line_1_109' title="bbox 1875 4910 2587 4981; baseline 0.001 -17"><span class='ocrx_word' id='word_1_803' title='bbox 1875 4910 2125 4980; x_wconf 11' lang='lat' dir='ltr'><strong>animus.»</strong></span> <span class='ocrx_word' id='word_1_804' title='bbox 2582 4978 2587 4981; x_wconf 88' lang='lat'>_</span> 
     </span>
    </p>
   </div>
   <div class='ocr_carea' id='block_1_110' title="bbox 1943 5000 3443 5068">
    <p class='ocr_par' dir='ltr' id='par_1_110' title="bbox 1943 5000 3443 5068">
     <span class='ocr_line' id='line_1_110' title="bbox 1943 5000 3443 5068; baseline 0.008 -12"><span class='ocrx_word' id='word_1_805' title='bbox 1943 5001 2182 5056; x_wconf 84' lang='lat' dir='ltr'><strong>Adverto</strong></span> <span class='ocrx_word' id='word_1_806' title='bbox 2205 5000 2266 5055; x_wconf 71' lang='grc' dir='ltr'><strong>2η</strong></span> <span class='ocrx_word' id='word_1_807' title='bbox 2298 5002 2490 5061; x_wconf 88' lang='lat' dir='ltr'><strong>librum</strong></span> <span class='ocrx_word' id='word_1_808' title='bbox 2519 5007 2665 5063; x_wconf 89' lang='lat' dir='ltr'><strong>hunc</strong></span> <span class='ocrx_word' id='word_1_809' title='bbox 2687 5007 3090 5066; x_wconf 81' lang='lat' dir='ltr'><strong>Meditationum</strong></span> <span class='ocrx_word' id='word_1_810' title='bbox 3146 5010 3277 5065; x_wconf 91' lang='lat' dir='ltr'><strong>nihil</strong></span> <span class='ocrx_word' id='word_1_811' title='bbox 3301 5011 3443 5068; x_wconf 89' lang='lat' dir='ltr'><strong>aliud</strong></span> 
     </span>
    </p>
   </div>
   <div class='ocr_carea' id='block_1_111' title="bbox 1873 5100 3446 5170">
    <p class='ocr_par' dir='ltr' id='par_1_111' title="bbox 1873 5100 3446 5170">
     <span class='ocr_line' id='line_1_111' title="bbox 1873 5100 3446 5170; baseline 0.006 -23"><span class='ocrx_word' id='word_1_812' title='bbox 1873 5106 1993 5147; x_wconf 77' lang='lat' dir='ltr'><strong>esse</strong></span> <span class='ocrx_word' id='word_1_813' title='bbox 2015 5108 2174 5160; x_wconf 88' lang='lat' dir='ltr'><strong>quam</strong></span> <span class='ocrx_word' id='word_1_814' title='bbox 2209 5103 2459 5151; x_wconf 88' lang='lat' dir='ltr'><strong>centones</strong></span> <span class='ocrx_word' id='word_1_815' title='bbox 2486 5113 2871 5167; x_wconf 78' lang='lat' dir='ltr'><strong>nonnunquam</strong></span> <span class='ocrx_word' id='word_1_816' title='bbox 2922 5100 3099 5155; x_wconf 90' lang='lat' dir='ltr'><strong>minus</strong></span> <span class='ocrx_word' id='word_1_817' title='bbox 3119 5110 3242 5170; x_wconf 87' lang='lat' dir='ltr'><strong>apte</strong></span> <span class='ocrx_word' id='word_1_818' title='bbox 3292 5118 3446 5157; x_wconf 87' lang='lat' dir='ltr'><strong>assu-</strong></span> 
     </span>
    </p>
   </div>
   <div class='ocr_carea' id='block_1_112' title="bbox 1876 5182 3447 5257">
    <p class='ocr_par' dir='ltr' id='par_1_112' title="bbox 1876 5182 3447 5257">
     <span class='ocr_line' id='line_1_112' title="bbox 1876 5182 3447 5257; baseline 0.008 -21"><span class='ocrx_word' id='word_1_819' title='bbox 1876 5192 1976 5237; x_wconf 84' lang='lat' dir='ltr'><strong>tos.</strong></span> <span class='ocrx_word' id='word_1_820' title='bbox 2008 5182 2062 5237; x_wconf 88' lang='lat' dir='ltr'><strong>In</strong></span> <span class='ocrx_word' id='word_1_821' title='bbox 2104 5184 2437 5241; x_wconf 88' lang='lat' dir='ltr'><strong>orationibus</strong></span> <span class='ocrx_word' id='word_1_822' title='bbox 2493 5201 2623 5242; x_wconf 87' lang='lat' dir='ltr'><strong>vero</strong></span> <span class='ocrx_word' id='word_1_823' title='bbox 2666 5189 2838 5257; x_wconf 89' lang='lat' dir='ltr'><strong>sancti</strong></span> <span class='ocrx_word' id='word_1_824' title='bbox 2865 5189 3101 5242; x_wconf 86' lang='lat' dir='ltr'><strong>Anselmi</strong></span> <span class='ocrx_word' id='word_1_825' title='bbox 3145 5195 3447 5249; x_wconf 60' lang='lat' dir='ltr'><strong>&quot;sententia</strong></span> 
     </span>
    </p>
   </div>
   <div class='ocr_carea' id='block_1_113' title="bbox 1875 5275 3447 5349">
    <p class='ocr_par' dir='ltr' id='par_1_113' title="bbox 1875 5275 3447 5349">
     <span class='ocr_line' id='line_1_113' title="bbox 1875 5275 3447 5349; baseline 0.007 -20"><span class='ocrx_word' id='word_1_826' title='bbox 1875 5275 2156 5329; x_wconf 75' lang='lat' dir='ltr'><strong>sententis</strong></span> <span class='ocrx_word' id='word_1_827' title='bbox 2187 5285 2240 5330; x_wconf 92' lang='lat' dir='ltr'><strong>et</strong></span> <span class='ocrx_word' id='word_1_828' title='bbox 2266 5287 2445 5347; x_wconf 81' lang='lat' dir='ltr'><strong>partes</strong></span> <span class='ocrx_word' id='word_1_829' title='bbox 2465 5278 2703 5348; x_wconf 88' lang='lat' dir='ltr'><strong>partibus</strong></span> <span class='ocrx_word' id='word_1_830' title='bbox 2749 5279 2922 5349; x_wconf 86' lang='lat' dir='ltr'><strong>magis</strong></span> <span class='ocrx_word' id='word_1_831' title='bbox 2943 5279 3232 5336; x_wconf 60' lang='lat' dir='ltr'><strong>cohaerent.</strong></span> <span class='ocrx_word' id='word_1_832' title='bbox 3259 5282 3447 5340; x_wconf 81' lang='lat' dir='ltr'><strong>Pmius</strong></span> 
     </span>
    </p>
   </div>
   <div class='ocr_carea' id='block_1_114' title="bbox 1876 5364 3447 5445">
    <p class='ocr_par' dir='ltr' id='par_1_114' title="bbox 1876 5364 3447 5445">
     <span class='ocr_line' id='line_1_114' title="bbox 1876 5364 3447 5445; baseline 0.007 -26"><span class='ocrx_word' id='word_1_833' title='bbox 1876 5364 2058 5435; x_wconf 88' lang='lat' dir='ltr'><strong>itaque</strong></span> <span class='ocrx_word' id='word_1_834' title='bbox 2098 5366 2187 5422; x_wconf 92' lang='lat' dir='ltr'><strong>ille</strong></span> <span class='ocrx_word' id='word_1_835' title='bbox 2235 5383 2301 5423; x_wconf 79' lang='lat' dir='ltr'><strong>cx</strong></span> <span class='ocrx_word' id='word_1_836' title='bbox 2350 5369 2466 5424; x_wconf 89' lang='lat' dir='ltr'><strong>istis</strong></span> <span class='ocrx_word' id='word_1_837' title='bbox 2488 5410 2504 5437; x_wconf 98' lang='lat'><strong>,</strong></span> <span class='ocrx_word' id='word_1_838' title='bbox 2535 5386 2695 5441; x_wconf 90' lang='lat' dir='ltr'><strong>quam</strong></span> <span class='ocrx_word' id='word_1_839' title='bbox 2722 5370 2838 5425; x_wconf 84' lang='lat' dir='ltr'><strong>istae</strong></span> <span class='ocrx_word' id='word_1_840' title='bbox 2874 5384 2940 5425; x_wconf 80' lang='lat' dir='ltr'><strong>ex</strong></span> <span class='ocrx_word' id='word_1_841' title='bbox 2963 5370 3051 5426; x_wconf 92' lang='lat' dir='ltr'><strong>illo</strong></span> <span class='ocrx_word' id='word_1_842' title='bbox 3074 5412 3089 5438; x_wconf 93' lang='lat'><strong>,</strong></span> <span class='ocrx_word' id='word_1_843' title='bbox 3120 5376 3447 5445; x_wconf 89' lang='lat' dir='ltr'><strong>compositus</strong></span> 
     </span>
    </p>
   </div>
   <div class='ocr_carea' id='block_1_115' title="bbox 1874 5464 3177 5531">
    <p class='ocr_par' dir='ltr' id='par_1_115' title="bbox 1874 5464 3177 5531">
     <span class='ocr_line' id='line_1_115' title="bbox 1874 5464 3177 5531; baseline 0.004 -21"><span class='ocrx_word' id='word_1_844' title='bbox 1874 5464 1977 5510; x_wconf 87' lang='lat' dir='ltr'><strong>est.</strong></span> <span class='ocrx_word' id='word_1_845' title='bbox 2008 5524 2009 5531; x_wconf 13' lang='grc' dir='ltr'><strong>κ</strong></span> <span class='ocrx_word' id='word_1_846' title='bbox 3174 5486 3177 5489; x_wconf 96' lang='grc'><strong><em>-</em></strong></span> 
     </span>
    </p>
   </div>
   <div class='ocr_carea' id='block_1_116' title="bbox 2091 5538 3236 5614">
    <p class='ocr_par' dir='ltr' id='par_1_116' title="bbox 2091 5538 3236 5614">
     <span class='ocr_line' id='line_1_116' title="bbox 2091 5538 3236 5614; baseline 0.007 -11"><span class='ocrx_word' id='word_1_847' title='bbox 2091 5538 2333 5603; x_wconf 62' lang='lat' dir='ltr'><strong>lentatum</strong></span> <span class='ocrx_word' id='word_1_848' title='bbox 2382 5565 2521 5604; x_wconf 80' lang='lat' dir='ltr'><strong>unm</strong></span> <span class='ocrx_word' id='word_1_849' title='bbox 2550 5566 2638 5614; x_wconf 81' lang='lat' dir='ltr'><strong>om</strong></span> <span class='ocrx_word' id='word_1_850' title='bbox 2689 5551 2943 5608; x_wconf 79' lang='lat' dir='ltr'><strong>Manuale</strong></span> <span class='ocrx_word' id='word_1_851' title='bbox 2999 5570 3236 5612; x_wconf 76' lang='lat' dir='ltr'><strong>DlCl&#39;ﬂJR.</strong></span> 
     </span>
    </p>
   </div>
   <div class='ocr_carea' id='block_1_117' title="bbox 1947 5634 3448 5714">
    <p class='ocr_par' dir='ltr' id='par_1_117' title="bbox 1947 5634 3448 5714">
     <span class='ocr_line' id='line_1_117' title="bbox 1947 5634 3448 5714; baseline 0.007 -24"><span class='ocrx_word' id='word_1_852' title='bbox 1947 5634 2102 5690; x_wconf 78' lang='lat' dir='ltr'><strong>Hunc</strong></span> <span class='ocrx_word' id='word_1_853' title='bbox 2131 5636 2324 5691; x_wconf 86' lang='lat' dir='ltr'><strong>librum</strong></span> <span class='ocrx_word' id='word_1_854' title='bbox 2354 5653 2456 5692; x_wconf 85' lang='lat' dir='ltr'><strong>non</strong></span> <span class='ocrx_word' id='word_1_855' title='bbox 2485 5655 2603 5695; x_wconf 91' lang='lat' dir='ltr'><strong>esse</strong></span> <span class='ocrx_word' id='word_1_856' title='bbox 2630 5642 2912 5714; x_wconf 84' lang='lat' dir='ltr'><strong>Augustini</strong></span> <span class='ocrx_word' id='word_1_857' title='bbox 2950 5651 3160 5699; x_wconf 88' lang='lat' dir='ltr'><strong>constat</strong></span> <span class='ocrx_word' id='word_1_858' title='bbox 3201 5663 3215 5699; x_wconf 92' lang='lat'><strong>:</strong></span> <span class='ocrx_word' id='word_1_859' title='bbox 3263 5645 3339 5698; x_wconf 54' lang='lat' dir='ltr'><strong>is</strong></span> <span class='ocrx_word' id='word_1_860' title='bbox 3379 5661 3448 5701; x_wconf 77' lang='lat' dir='ltr'><strong>ex</strong></span> 
     </span>
    </p>
   </div>
   <div class='ocr_carea' id='block_1_118' title="bbox 1877 5727 3448 5807">
    <p class='ocr_par' dir='ltr' id='par_1_118' title="bbox 1877 5727 3448 5807">
     <span class='ocr_line' id='line_1_118' title="bbox 1877 5727 3448 5807; baseline 0.006 -25"><span class='ocrx_word' id='word_1_861' title='bbox 1877 5743 1940 5782; x_wconf 89' lang='lat' dir='ltr'><strong>co</strong></span> <span class='ocrx_word' id='word_1_862' title='bbox 1989 5727 2133 5799; x_wconf 65' lang='grc' dir='ltr'><strong>(ξιιοά</strong></span> <span class='ocrx_word' id='word_1_863' title='bbox 2180 5729 2232 5783; x_wconf 92' lang='lat' dir='ltr'><strong>in</strong></span> <span class='ocrx_word' id='word_1_864' title='bbox 2300 5730 2689 5799; x_wconf 87' lang='lat' dir='ltr'><strong>antiquioribus</strong></span> <span class='ocrx_word' id='word_1_865' title='bbox 2734 5753 2833 5791; x_wconf 87' lang='lat' dir='ltr'><strong>ms.</strong></span> <span class='ocrx_word' id='word_1_866' title='bbox 2885 5754 2989 5793; x_wconf 89' lang='lat' dir='ltr'><strong>non</strong></span> <span class='ocrx_word' id='word_1_867' title='bbox 3032 5734 3261 5807; x_wconf 83' lang='lat' dir='ltr'><strong>legatur,</strong></span> <span class='ocrx_word' id='word_1_868' title='bbox 3292 5736 3349 5790; x_wconf 78' lang='lat'><strong>‘2-</strong></span> <span class='ocrx_word' id='word_1_869' title='bbox 3381 5753 3448 5791; x_wconf 71' lang='lat' dir='ltr'><strong>ex</strong></span> 
     </span>
    </p>
   </div>
  </div>
