4068 6286
557 274 625 329 59
1560 269 1617 325 S.
1659 268 2026 325 ANSELMUS
2058 265 2407 322 CANTUAR.
2453 263 2773 320 ARClllEP.
3741 266 3811 323 ιι)

558 386 727 455 ipsius
752 381 989 461 prologo,
1043 380 1131 435 ubi
1191 389 1383 437 auctor
1425 380 1684 451 prastatnr
1729 397 1788 437 se
1815 396 1880 436 ex
1930 381 2143 450 elegan-
2170 383 2217 440 Α
2249 378 2410 431 niam.
2448 376 2678 447 Equius
2718 386 2898 430 tamen
2947 377 3246 431 censuerim
3296 375 3348 429 id
3397 375 3579 445 operis
3608 390 3708 431 nec
3751 380 3818 433 ab

560 473 788 530 tioribus
815 474 972 528 dictis
999 472 1099 528 SS.
1131 473 1349 527 Patrum
1394 472 1637 526 Manuale
1678 473 1779 526 hoc
1809 471 2086 541 collegisse
2116 511 2131 537 ,

550 566 614 619 5-
643 580 709 619 ex
736 580 802 619 eo
826 564 968 634 quod
999 580 1089 618 sex
1128 565 1313 618 ultima
1342 562 1563 631 hujusce
1589 564 1711 617 libri
1742 563 1976 632 capitula
2009 578 2129 617 ver-

554 653 723 709 batim
751 653 920 707 sancti
947 652 1183 725 Auselmi
1215 651 1493 721 Proslogio
1522 660 1858 720 transumpta
1897 651 2025 703 sint.

626 744 708 797 An
730 758 859 798 vero
888 743 974 798 hic
1024 742 1161 798 liber
1189 742 1261 798 sit
1309 742 1552 798 Auselmi
1578 756 1682 795 non
1707 749 1791 795 est
1821 740 1963 795 unde
2002 738 2133 795 deli-

2239 469 2559 539 Augustiuo,
2590 484 2689 523 nec
2720 468 2788 523 ab
2809 468 3061 523 Ansclmo
3112 468 3394 537 prodiisse,
3427 468 3519 522 sed
3544 471 3611 522 ab
3637 469 3819 539 alique

2241 557 2371 626 ipsis
2410 556 2726 619 recentiore,
2759 557 2850 626 qui
2877 570 2941 610 ex
2996 556 3222 611 diversis
3256 565 3311 610 et
3344 556 3579 610 maxime
3615 556 3673 610 S.
3705 558 3819 611 Au»

2240 647 2438 715 gustini
2461 656 2515 701 et
2540 647 2711 701 sancti
2745 647 2983 702 Auselmi
3005 646 3287 702 sententiis
3313 656 3369 702 et
3392 647 3642 718 capitulis
3673 648 3819 703 hunc

2240 738 2437 794 librum
2461 755 2581 793 con.
2617 739 2929 793 sarcinavit.

1633 888 2170 980 CENSURA
2231 886 2731 979 OPERUM

1311 1057 1525 1126 ρυλε
1588 1055 1656 1112 ΙΝ
1710 1056 2303 1114 APPENDICE
2366 1059 2664 1115 EDITA
2727 1061 3004 1119 SUNT.

1050 1193 1294 1248 CENSUBA
1340 1191 1657 1245 Elttcidarii.

626 1288 847 1347 Oxonize
878 1287 930 1342 in
964 1302 1066 1341 ms.
1096 1286 1203 1339 223
1233 1284 1363 1340 bibl.
1394 1284 1750 1339 Mertonensis
1772 1282 1910 1337 liber
1931 1283 2031 1338 iste
2058 1282 2137 1337 sic

557 1382 847 1449 inscriptus
902 1379 1139 1447 legitur:
1185 1376 1338 1430 Liber
1401 1377 1489 1446 qui
1535 1385 1745 1428 vocatur
1800 1373 2136 1427 Elncidarius

554 1477 622 1531 B.
656 1475 906 1530 Auselmi.
936 1472 1275 1542 Cantabrigze
1297 1472 1349 1526 in
1379 1485 1481 1524 lllS.
1530 1469 1649 1532 125,
1686 1467 1876 1538 colleg.
1910 1466 2133 1531 Bened.,

558 1566 925 1620 Etucidarium
949 1563 1198 1617 Auselmi.
1243 1562 1298 1615 lu
1344 1561 1585 1631 pluribus
1612 1559 1732 1613 aliis
1756 1574 1883 1613 mss.
1933 1566 2131 1623 exstat,

557 1658 651 1712 sed
684 1658 799 1711 sine
851 1654 1065 1709 nomine
1112 1651 1369 1705 auctoris.
1404 1649 1459 1704 In
1516 1666 1619 1704 ms.
1647 1646 1922 1715 cujusdam
1956 1647 2141 1701 biblio-

555 1749 725 1802 theca:
748 1745 1052 1814 Anglicanas
1077 1751 1256 1797 exstat
1286 1741 1447 1795 etiam
1471 1742 1571 1795 hoc
1588 1755 1722 1809 opus
1746 1738 1954 1793 Gallice
2002 1738 2139 1793 scri-

555 1847 725 1907 ptum,
757 1844 816 1889 ut
848 1844 998 1890 certo
1026 1833 1156 1887 mihi
1187 1833 1255 1886 ab
1295 1832 1492 1897 amico,
1544 1846 1655 1901 pra:
1692 1828 1844 1898 cujus
1894 1830 2140 1883 manibus

556 1937 695 1992 erat,
722 1926 1088 1982 renuntiatum
1128 1933 1232 1979 est.

627 2017 781 2072 Hunc
813 2017 1007 2071 librum
1038 2014 1278 2069 Auselmi
1324 2013 1540 2068 nomine
1571 2011 1883 2082 insignitum
1934 2010 2139 2080 Espen-

557 2126 701 2164 emus
738 2108 886 2179 prelo
910 2109 1117 2178 primus
1143 2107 1414 2161 commisit
1436 2106 1657 2159 Parisiis
1684 2121 1771 2158 an.
1804 2105 1963 2168 1560,
2000 2105 2143 2159 unde

559 2212 743 2271 postea
766 2201 908 2255 inter
933 2199 1104 2254 sancti
1143 2198 1383 2253 Auselmi
1417 2198 1589 2269 Opera
1642 2212 1902 2253 excusum
1936 2204 2020 2251 est
2042 2196 2143 2251 Co-

558 2292 715 2347 lon’ia:
743 2308 832 2345 an.
884 2290 1037 2345 1575.
1068 2288 1507 2358 Quandoquidem
1550 2303 1679 2342 vero
1710 2288 1761 2342 in
1802 2303 1868 2343 eo
1914 2286 2141 2357 plurima

556 2383 962 2452 vana,inepta,
1004 2390 1059 2437 et
1128 2380 1560 2435 sanctiAnselmi
1607 2378 1863 2434 doctrinae
1917 2378 2143 2432 adversa

555 2474 1053 2545 deprehenduntur,
1086 2472 1362 2542 indignum
1387 2486 1613 2542 prorsus
1643 2471 1784 2540 quod
1819 2469 1960 2524 illius
1997 2468 2140 2540 Ope-

555 2567 707 2622 ribus
734 2567 1202 2632 adnumeraretur,
1234 2565 1537 2635 judicatum
1581 2573 1685 2618 est.
1720 2562 1849 2629 Qua:
1897 2563 2040 2617 enim
2078 2562 2143 2616 de

557 2656 702 2712 luctu
730 2656 922 2722 Adam,
969 2656 1101 2710 Abel
1135 2656 1338 2719 occiso,
1383 2656 1636 2711 dicuntur
1689 2655 1742 2708 in
1796 2654 1831 2707 I.
1866 2670 1901 2717 ι,
1927 2669 1976 2707 c.
2004 2654 2071 2708 15
2089 2663 2145 2708 et

556 2748 622 2803 de
646 2746 918 2802 miraculis
960 2746 1052 2814 qui
1116 2746 1343 2800 Domino
1368 2753 1626 2800 nascente
1674 2743 1964 2813 contigisse
2018 2757 2144 2796 nar-

557 2847 748 2892 rantur
782 2838 835 2891 in
893 2835 1016 2892 eod.
1045 2836 1107 2900 l.,
1139 2852 1190 2890 c.
1228 2836 1315 2900 l9,
1350 2850 1446 2889 nec
1476 2833 1742 2903 theologo,
1783 2848 1883 2887 nec
1906 2847 2035 2886 sano
2056 2846 2143 2884 ca-

554 2927 668 2997 pite
696 2928 853 2998 digna
906 2936 1031 2982 sunt
1065 2946 1077 2981 :
1109 2929 1323 2983 Etcum
1372 2926 1652 2982 arbitrium
1698 2925 2030 2997 dcliniturtl.
2057 2941 2140 2990 ιιι,

2246 1195 2379 1249 nihil
2411 1195 2681 1267 loquitur;
2717 1199 2772 1251 1ο
2802 1208 2855 1254 et
2877 1202 3107 1255 maxime
3144 1217 3257 1272 pra:
3293 1201 3495 1265 fabulis
3518 1214 3569 1260 et
3600 1207 3820 1277 puerili-

2240 1284 2342 1340 bus
2364 1287 2519 1357 nugis
2541 1288 2737 1358 quibus
2764 1288 3009 1361 dialogus
3040 1290 3141 1347 iste
3161 1291 3405 1362 oppletus
3430 1302 3532 1349 est.

2441 1377 2688 1434 (Sensum
2731 1395 2870 1434 Ltnnt
2912 1380 2991 1435 De
3017 1382 3400 1437 mensuratione
3446 1385 3636 1439 crucis.

2310 1466 2366 1521 ln
2397 1468 2646 1537 omnibus
2666 1470 2903 1538 quidem,
2933 1471 3099 1525 etiam
3136 1473 3551 1542 antiquioribus,
3605 1478 3819 1531 excusis

2243 1560 2558 1629 S.Anselmi
2585 1559 2849 1631 Operibus
2899 1563 3033 1618 liber
3074 1565 3176 1619 iste
3227 1565 3441 1634 legi’ur.
3472 1564 3670 1620 Verum
3695 1582 3817 1621 cum

2242 1653 2293 1707 in
2325 1652 2482 1707 nullis
2510 1653 2811 1722 reperiatur
2850 1669 2982 1709 mss.
3031 1663 3088 1708 et
3138 1663 3328 1709 auctor
3363 1655 3416 1709 in
3468 1671 3589 1726 cap.
3622 1656 3656 1711 5
3690 1656 3817 1710 Bel"

2241 1745 2466 1799 nardum
2499 1744 2650 1809 citet,
2693 1743 2870 1813 palam
2893 1753 2975 1799 est
3019 1760 3142 1800 cum
3196 1761 3317 1801 esse
3350 1746 3603 1801 Anselmo
3637 1756 3819 1816 poste-

2243 1836 2462 1903 riorem,
2490 1836 2581 1905 qui
2606 1851 2749 1890 anno
2778 1835 2916 1890 1109
2964 1836 3293 1903 decesserat,
3338 1846 3629 1907 antequam
3683 1838 3819 1892 Ber-

2244 1926 2450 1980 nardus
2501 1924 2586 1979 vel
2634 1924 2956 1980 monachum
3008 1925 3286 1982 induisset.
3340 1926 3493 1993 Quod
3538 1926 3700 1981 etiam
3754 1927 3821 1982 de

2243 2017 2437 2071 merito
2462 2032 2530 2071 ex
2559 2015 2824 2087 condigno
2872 2015 3113 2086 loquitur
3141 2016 3195 2071 in
3242 2032 3292 2072 c.
3342 2017 3393 2083 1,
3444 2015 3648 2071 indicat
3714 2016 3821 2072 hoc

2242 2122 2377 2178 opus
2405 2122 2509 2162 non
2536 2106 2799 2177 prodiisse
2821 2115 2947 2163 ante
2973 2106 3225 2162 saeculum
3262 2106 3529 2162 decimum
3580 2106 3819 2162 tertium.

2350 2200 2593 2256 CENSUBA
2623 2215 2763 2255 LIBRI
2793 2199 2868 2253 Dc
2892 2200 3221 2269 conceptione
3258 2200 3421 2253 beatae
3458 2198 3710 2270 Virginis.

2314 2291 2548 2362 Hujusce
2575 2291 2911 2347 tractationis
2940 2290 3243 2361 fragmenta
3294 2306 3418 2346 cum
3474 2290 3574 2345 hac
3607 2290 3824 2360 epigrao

2242 2381 2366 2450 phe,
2417 2379 2496 2434 De
2531 2389 2779 2451 conceptu
2828 2380 3072 2451 virginali
3126 2380 3351 2449 passivo,
3396 2379 3603 2449 primus
3652 2378 3825 2433 edidit

2244 2471 2303 2526 P.
2329 2472 2675 2544 Raynaudus,
2709 2474 2799 2542 qui
2825 2481 2968 2529 totus
2993 2473 3273 2529 contendit
3296 2474 3504 2528 huncce
3528 2481 3823 2527 tractatum

2243 2579 2272 2617 a
2301 2565 2358 2618 S.
2390 2564 2643 2619 Auschno
2661 2579 2782 2621 esse
2804 2564 3182 2634 compositum.
3230 2564 3491 2635 Equidem
3537 2565 3650 2634 ipse
3692 2565 3827 2619 scio-

2244 2655 2296 2709 in
2322 2670 2421 2710 ms.
2446 2654 2546 2711 271
2574 2655 2705 2712 bibl.
2749 2655 2980 2712 Menon.
3028 2657 3082 2711 in
3125 2655 3479 2725 Anglia,ante
3531 2665 3824 2712 tractatum

2243 2746 2320 2799 De
2340 2746 2642 2801 excellentia
2677 2747 2742 2801 B.
2789 2747 2976 2803 Maria:
3002 2748 3143 2804 hunc
3190 2748 3295 2819 legi
3337 2750 3417 2803 sic
3448 2749 3767 2820 inscriptum
3805 2766 3820 2802 :

2242 2837 2517 2892 Anselmus
2541 2838 2604 2892 de
2650 2839 2981 2908 conceptione
3026 2838 3091 2893 Β.
3134 2839 3323 2894 Μαι-ἕω
3350 2856 3369 2895 :
3396 2848 3450 2895 et
3488 2840 3543 2895 in
3595 2855 3696 2895 ms.
3754 2841 3826 2895 22

2242 2930 2372 2986 bibl.
2399 2931 2606 2987 Lincol.
2640 2931 2781 2986 inter
2812 2931 2916 2985 alia
2979 2931 3036 2987 S.
3088 2933 3325 2989 Anselmi
3376 2948 3537 3003 opera
3568 2934 3695 2989 illud
3723 2936 3823 2990 hac

557 3030 604 3073 c.
635 3017 690 3088 5)
724 3036 741 3070 ι
788 3019 1009 3073 libertas
1063 3018 1292 3090 eligendi
1342 3019 1542 3073 bonum
1594 3017 1677 3071 vel
1733 3016 1957 3082 malum,
1996 3036 2013 3067 ι
2070 3016 2138 3069 ab
2165 3018 2209 3077 (Σ
2243 3024 2354 3078 heri
2380 3022 2454 3077 De
2483 3023 2826 3092 Conceptione
2869 3022 2935 3077 B.
2973 3023 3220 3095 Virginis.
3270 3025 3609 3094 Cantabriga:
3636 3028 3688 3081 in
3717 3043 3821 3083 ms.

554 3109 792 3165 Auselmi
816 3110 1061 3165 doctrina
1107 3110 1377 3166 receditur
1405 3127 1418 3164 :
1446 3109 1601 3180 cujus
1647 3110 1807 3165 etiam
1860 3109 2139 3164 sententia:

557 3212 821 3274 repugnat
850 3203 992 3272 quod
1022 3202 1059 3257 l.
1088 3218 1148 3269 ιι,
1194 3218 1245 3261 c.
1292 3202 1382 3267 15,
1417 3203 1484 3258 de
1531 3202 1751 3257 seminis
1799 3201 2138 3256 immunditia

557 3294 961 3366 pronuntiatur.
991 3295 1192 3349 Deinde
1229 3302 1452 3348 sanctus
1502 3292 1789 3348 Anselmus
1820 3292 1872 3346 in
1920 3290 2139 3361 prologo

564 3386 633 3440 ad
668 3386 937 3456 dialogum
967 3385 1044 3440 De
1074 3386 1286 3440 veritate
1318 3386 1430 3456 ipse
1455 3394 1687 3455 quatuor
1716 3400 1745 3438 a
1790 3398 1847 3438 se
1876 3384 2139 3453 composi-

562 3488 646 3531 tos
661 3478 898 3547 dialogos
919 3478 1161 3533 scribens
1198 3486 1253 3532 et
1290 3491 1642 3539 enumerans,
1678 3475 1839 3545 hujus
1888 3490 1992 3529 non
2024 3490 2140 3529 me-

558 3570 736 3623 minit.
779 3568 887 3624 Nec
909 3568 1031 3638 quis
1057 3570 1201 3624 dicat
1229 3583 1291 3622 ea
1334 3578 1493 3623 actate
1520 3568 1788 3637 dialogum
1833 3567 1975 3622 hunc
2011 3583 2142 3621 non-

562 3657 689 3712 dum
721 3660 790 3714 ab
836 3673 901 3713 eo
944 3658 1149 3714 editum
1199 3658 1391 3723 fuisse;
1426 3674 1551 3714 nam
1600 3673 1663 3712 ex
1695 3656 1983 3712 Elucidarii
2011 3672 2142 3726 prae-

562 3751 765 3807 fatione
802 3752 969 3822 liquet
1000 3752 1174 3822 ipsum
1198 3752 1265 3806 ab
1291 3751 1472 3821 aliquo
1498 3752 1589 3820 qui
1622 3753 1672 3805 in
1721 3750 1919 3806 scholis
1966 3752 2142 3805 adhuc

566 3853 769 3913 ageret,
796 3854 850 3900 et
875 3843 1109 3898 nondum
1130 3852 1276 3897 esset
1300 3843 1573 3913 praelatus,
1598 3857 1718 3897 esse
1747 3841 2098 3910 compositum
2124 3854 2138 3893 :

558 3933 813 3987 Anselmo
832 3942 1013 3986 autem
1046 3932 1328 3986 Beccensis
1356 3931 1587 3987 caanobii
1614 3932 1852 3999 regimen
1887 3928 2000 3998 jam
2029 3938 2139 3983 tum

559 4022 827 4094 obtigerat
848 4038 970 4077 cum
1002 4022 1068 4076 ad
1102 4038 1231 4076 suos
1252 4021 1494 4091 dialogos
1519 4021 1798 4091 prologum
1832 4018 2066 4089 scripsit.

636 4115 874 4170 llonorio
894 4114 1369 4186 Augustodunensi
1408 4113 1459 4167 id
1490 4114 1670 4183 operis
1718 4112 1971 4180 ascripsit
2018 4110 2140 4164 Tri-

564 4208 797 4261 themius
823 4206 857 4258 l.
892 4207 964 4259 De
995 4206 1140 4260 Eccl.
1172 4204 1363 4275 script.
1395 4204 1680 4259 Guillelmo
1729 4203 2141 4259 Conventrieusi

562 4298 887 4360 Carmelitze,
918 4297 1007 4366 qui
1044 4298 1177 4349 vixit
1212 4299 1357 4351 circa
1390 4312 1480 4349 an.
1535 4296 1693 4359 1560,
1725 4295 1784 4348 Ρ.
1812 4295 2141 4364 TlieOphilus

2242 3115 2345 3171 558
2380 3115 2568 3186 eollvg.
2598 3114 2656 3170 S.
2682 3116 2957 3173 Bcnedict.
2987 3126 3103 3187 Post
3130 3118 3382 3173 Eadmeri
3418 3120 3593 3189 Opera
3616 3121 3827 3190 pariter

2242 3208 2479 3263 occurrit
2509 3216 2771 3262 tractatus
2792 3207 2869 3261 De
2896 3210 3227 3278 conceptione
3261 3208 3320 3264 S.
3351 3210 3559 3265 Mariae.
3613 3211 3721 3266 Sed
3770 3221 3827 3266 et

2242 3300 2296 3354 in
2349 3315 2450 3354 ms.
2506 3298 2745 3353 Cluniae.
2804 3298 3042 3369 legitur:
3076 3299 3353 3355 Tractatus
3391 3300 3457 3354 Β.
3497 3302 3730 3356 Auselmi
3759 3304 3825 3357 dc

2241 3389 2568 3456 conceptione
2594 3386 2657 3443 Β.
2694 3386 2881 3442 Maria:
2918 3387 3063 3459 Virg.
3122 3388 3191 3444 Et
3244 3389 3298 3444 in
3357 3406 3459 3444 ms.
3487 3390 3651 3445 Corb.
3680 3391 3825 3445 inter

2242 3478 2411 3533 sancti
2441 3478 2680 3534 Auselmi
2708 3476 2883 3548 Opera
2913 3479 3001 3534 hic
3025 3479 3190 3534 etiam
3242 3488 3507 3535 tractatus
3533 3483 3821 3551 reperitur,

2241 3570 2318 3624 I)e
2340 3570 2667 3638 conceptione
2698 3568 2760 3623 Β.
2813 3568 2959 3641 Virg.
3011 3570 3200 3625 Maria:
3244 3585 3312 3626 ex
3366 3573 3563 3642 quibus
3614 3575 3824 3630 duobus

2243 3674 2345 3713 ms.
2372 3659 2579 3713 huncce
2604 3666 2896 3713 tractatum
2957 3660 3225 3731 integrum
3278 3662 3568 3718 edidimus.
3598 3664 3711 3718 Non
3744 3674 3824 3720 ta-

2241 3766 2363 3805 men
2389 3750 2527 3805 inter
2547 3750 2718 3806 sancti
2752 3751 2993 3806 Auselmi
3036 3751 3211 3821 Opera
3261 3754 3695 3825 quandoquidem
3726 3757 3824 3811 ho-

2242 3857 2361 3895 rum
2396 3856 2522 3894 mss.
2555 3856 2674 3910 qua:
2706 3841 2959 3910 pauciora
3002 3851 3148 3908 sunt,
3201 3852 3257 3897 et
3291 3843 3425 3897 alios
3455 3859 3617 3914 quam
3649 3845 3821 3900 sancti

2242 3926 2478 3982 Auselmi
2535 3937 2794 3983 tractatus
2834 3930 3132 3995 continent,
3185 3932 3344 3986 ﬁdem
3403 3933 3618 4001 penitus
3666 3934 3823 3987 abro-

2242 4019 2490 4090 gantalia
2518 4020 2797 4074 innumera
2827 4018 3060 4090 Operam
3102 4022 3160 4076 S.
3188 4022 3422 4077 Auselmi
3458 4038 3589 4077 mss.
3618 4038 3738 4092 qua:
3767 4021 3822 4077 in

2244 4112 2432 4182 Regia,
2466 4110 2762 4177 Victorina,
2795 4112 3050 4177 Thuana,
3107 4122 3162 4168 et
3217 4113 3461 4182 pluribus
3488 4114 3606 4168 aliis
3636 4113 3824 4169 biblio-

2246 4205 2416 4257 thecis
2460 4203 2509 4255 in
2540 4202 2733 4270 Gallia,
2775 4202 2825 4255 in
2854 4202 3042 4273 Anglia
3072 4212 3125 4256 et
3152 4203 3205 4257 in
3230 4202 3410 4271 Belgio
3445 4212 3820 4256 asservantur.

2243 4295 2299 4348 In
2340 4296 2422 4349 his
2460 4295 2603 4348 enim
2646 4294 2897 4350 omnibus
2927 4311 2994 4349 ne
3031 4294 3387 4365 fragmentum
3431 4293 3646 4362 quidem
3693 4294 3824 4348 ista-

564 4388 619 4441 in
645 4387 915 4441 Eromatis
956 4387 1325 4456 adjudicavit:
1379 4386 1533 4456 cujus
1584 4395 1760 4439 tamen
1818 4387 2142 4440 sententiam
2179 4380 2220 4433 D
2248 4403 2364 4441 rum
2397 4387 2778 4440 tractationum
2808 4388 3044 4456 reperire
3094 4395 3196 4441 est.
3251 4387 3357 4444 Sed
3402 4400 3501 4440 nec
3544 4386 3659 4440 scio
3704 4388 3825 4455 quis

566 4474 625 4529 P.
658 4476 838 4530 Labbe
887 4476 1132 4531 coufutat
1169 4490 1234 4529 ex
1262 4490 1363 4529 ms.
1389 4474 1573 4529 codice
1602 4473 1728 4528 coll.
1770 4474 2027 4539 Clarom.,
2051 4475 2140 4543 qui

566 4566 790 4636 hujusce
826 4564 1132 4621 Carmelita:
1152 4574 1364 4619 aetatem
1388 4575 1624 4634 superat.
1666 4563 1850 4618 Neutri
1887 4579 1985 4635 ego
2017 4564 2144 4620 illud

565 4674 702 4728 opus
732 4671 996 4722 asseram,
1030 4661 1123 4712 sed
1150 4658 1363 4712 cuidam
1413 4658 1586 4712 sancti
1635 4656 1874 4711 Auselmi
1905 4657 2144 4711 studioso

564 4752 656 4823 qui
686 4767 750 4806 ex
779 4752 944 4821 ipsius
986 4752 1220 4807 maxime
1275 4752 1559 4809 sententiis
1602 4751 1742 4806 hanc
1798 4750 2141 4820 Christianm,

563 4851 623 4897 ut
645 4842 737 4905 ait,
771 4841 1051 4913 theologia:
1076 4857 1339 4898 summam
1368 4842 1732 4897 concinnavit.
2123 4830 2125 4839 1

785 4934 1027 4990 (ΣεΝειιιιΑ
1057 4950 1266 4989 DIALOGI
1299 4934 1376 4989 De
1424 4931 1679 4988 Passione
1702 4932 1932 4987 Dom’ni.

635 5026 826 5082 Exstat
859 5027 946 5082 hic
962 5027 1204 5098 dialogus
1258 5027 1312 5080 in
1363 5042 1465 5081 ms.
1512 5025 1615 5081 519
1638 5025 1767 5081 bibl.
1802 5025 2012 5079 Thuan.
2046 5025 2147 5080 sub

565 5119 668 5173 hoc
694 5121 885 5176 titulo:
922 5119 1171 5173 Planctus
1191 5119 1353 5173 beata:
1393 5118 1584 5173 Maria:
1615 5117 1680 5172 ι’.
1730 5117 1798 5170 ad
1824 5116 2145 5182 Ansefmum,

566 5209 632 5261 de
666 5211 905 5276 passione
932 5209 1144 5264 Christi.
1177 5210 1366 5265 Exstat
1396 5208 1520 5264 etin
1551 5208 1800 5262 omnibus
1842 5208 2019 5261 editis.
2052 5207 2146 5261 Ni-

569 5300 860 5356 hilominus
917 5312 1092 5358 tamcn
1133 5304 1275 5358 hunc
1332 5318 1437 5357 non
1471 5316 1591 5356 esse
1636 5299 1977 5368 SHAnselmi
2017 5298 2147 5353 mihi

569 5402 804 5456 constat,
840 5394 898 5447 1ο
927 5408 988 5447 ex
1030 5396 1269 5463 prologo,
1323 5395 1411 5448 ubi
1470 5392 1583 5446 haec
1629 5391 1879 5461 leguntur
1911 5407 1924 5443 :
1954 5388 2148 5443 Beatus

566 5482 1023 5549 Auselmus,clc.;
1052 5484 1109 5537 2ο
1135 5486 1256 5553 quia
1274 5486 1317 5539 is
1347 5500 1451 5538 non
1472 5490 1554 5537 est
1576 5498 1641 5537 ex
1670 5491 1899 5549 quatuor
1923 5480 2149 5548 dialogis

568 5591 707 5646 quos
729 5592 757 5628 a
784 5592 841 5630 se
869 5577 1197 5646 compositos
1228 5577 1512 5631 Anselmus
1536 5576 1650 5645 ipse
1679 5583 1917 5628 recenset
1940 5573 1991 5627 in
2015 5588 2149 5642 prm-

572 5668 773 5725 falionc
802 5669 868 5723 ad
894 5670 1017 5723 dial.
1049 5670 1123 5725 De
1152 5670 1390 5736 veritate;
1425 5670 1481 5722 5ο
1510 5668 1632 5737 quia
1666 5666 1815 5740 de_eo
1854 5666 2149 5722 Eadmerus

2250 4487 2510 4532 tractatus
2540 4477 2626 4532 ille
2652 4479 2745 4543 sit,
2773 4492 2931 4547 quem
2981 4488 3091 4534 tres
3146 4478 3427 4550 Anglicani
3475 4478 3563 4533 isti
3610 4481 3826 4534 codices

2248 4568 2589 4624 inscribunt:
2622 4569 2701 4623 De
2750 4572 3081 4639 conceptione
3123 4570 3190 4625 B.
3248 4568 3517 4639 Virginis;
3574 4569 3661 4625 hic
3680 4571 3825 4624 enim

2249 4659 2435 4713 titulus
2464 4659 2602 4715 libro
2642 4659 2718 4714 Dc
2740 4670 2989 4732 conceptu
3021 4660 3265 4732 virginali
3299 4661 3368 4717 ab
3395 4661 3828 4732 exscriptoribus

2248 4752 2447 4822 puellgi
2479 4753 2674 4822 potuit.

2320 4843 2543 4913 Insuper
2567 4854 2752 4899 sancto
2791 4845 3044 4901 Anselmo
3069 4845 3213 4900 hunc
3242 4844 3440 4900 librum
3467 4843 3603 4899 falso
3625 4845 3823 4901 ascribi

2252 4942 2361 4989 tota
2391 4935 2560 5005 ipsius
2579 4935 2826 4991 doctrina
2857 4937 3140 5001 reclamat,
3167 4944 3225 4989 ut
3257 4936 3409 4990 novit
3438 4937 3685 5006 quisquis
3711 4936 3828 5004 ejus

2250 5027 2443 5081 librum
2474 5042 2511 5080 ιι
2544 5026 2652 5080 Cur
2679 5027 2817 5082 Deus
2840 5029 3025 5093 homo,
3083 5036 3134 5083 et
3180 5027 3413 5084 maxime
3460 5043 3511 5084 c.
3543 5028 3610 5083 16
3653 5037 3709 5082 et
3737 5028 3825 5091 17,

2249 5116 2376 5187 legit
2403 5127 2460 5171 ut
2490 5118 2831 5189 intelligeret.
2864 5119 2925 5173 P.
2960 5118 3291 5190 Raynaudus
3334 5119 3387 5172 in
3454 5133 3549 5173 sua
3602 5115 3827 5185 hujusce

2252 5208 2413 5263 libelli
2446 5208 2668 5279 Syntaxi
2697 5210 2809 5264 vult
2834 5210 3145 5265 Anselmum
3197 5226 3262 5266 eo
3288 5210 3414 5275 loci,
3458 5208 3830 5264 sicutetalios

2250 5298 2353 5353 PP.
2387 5300 2623 5354 locutum
2660 5300 2725 5355 de
2774 5303 2945 5370 prima
2984 5303 3331 5371 conceptione
3361 5317 3482 5371 quas
3526 5302 3576 5353 in
3612 5300 3828 5369 paterni

2252 5390 2473 5445 seminis
2524 5394 2868 5460 susceptione
2929 5393 3198 5458 consistit,
3248 5402 3305 5447 et
3359 5392 3501 5445 unde
3532 5392 3831 5445 incurritur

2252 5482 2486 5537 debitum
2518 5483 2867 5538 contrahendi
2919 5493 3197 5552 peccatum
3236 5483 3486 5551 origtnis.
3512 5480 3712 5535 Verum
3744 5479 3831 5533 his

2253 5583 2397 5629 totus
2421 5575 2737 5630 adversatur
2775 5574 3063 5629 Anselmus
3110 5574 3290 5629 citatis
3320 5571 3557 5627 maxime
3587 5570 3640 5623 in
3675 5568 3830 5630 locis,

2255 5669 2341 5721 ubi
2370 5668 2559 5736 probat
2584 5667 2785 5721 nullam
2816 5682 2935 5721 esse
2962 5668 3013 5720 iu
3038 5666 3247 5724 semine
3274 5662 3673 5722 immunditiam
3712 5674 3830 5719 (tua:
