4068 6286
229 316 285 369 Η
428 360 431 363 .
616 340 619 343 <
1285 321 1604 379 CENSUBA
1638 323 1922 380 OPERUM
1963 327 2021 380 S.
2062 326 2384 384 ANSELMI.
3377 344 3445 396 η

224 428 555 483 Inundationc
579 436 777 498 egeat;
837 438 890 483 et
946 429 1034 483 ubi
1085 446 1183 485 suo
1226 431 1418 486 Bosoni
1470 435 1800 489 demonstrat
1828 443 1874 497 Α
1905 435 2213 494 festivitatis
2255 441 2596 498 institutione
2638 453 2731 498 aut
2779 446 3067 504 abolitione
3112 466 3178 507 eo
3223 460 3467 523 tempore

220 532 433 572 necesse
460 516 627 572 fuisse
653 519 819 572 Deum
875 520 1145 574 hominem
1189 521 1304 576 fieri
1340 530 1399 575 ut
1438 522 1595 577 beata
1626 525 1789 593 Virgo

220 606 577 671 mundaretur,
606 606 884 677 ipsamque
900 622 928 660 a
959 609 1163 678 Spiritu
1189 620 1377 667 sancto
1398 627 1492 680 per
1516 613 1788 668 Christum

216 710 329 750 esse
356 695 982 766 mundatam.0ppouunt
1012 699 1102 753 alii
1131 711 1372 756 sanctum
1394 704 1703 758 Anselmum
1734 705 1787 759 in

214 787 635 852 coartationibus
668 788 781 843 suis
811 790 863 842 in
887 790 1058 844 sancti
1111 791 1265 845 Pauli
1305 793 1575 862 Epistolas
1596 799 1786 851 eadem

213 877 438 931 sensisse
478 894 615 946 quae
660 880 713 933 in
774 880 877 933 isto
924 881 1063 934 libro
1093 882 1330 937 deducit.
1378 885 1432 937 In
1481 886 1583 939 ista
1632 889 1779 941 enim

213 964 445 1033 Apostoli
486 969 712 1035 verba,
789 970 852 1023 de
912 981 1120 1038 peccato
1194 972 1459 1027 damnavit
1518 988 1786 1045 peccatum

212 1052 542 1125 (Romuli),
558 1057 638 1112 sic
661 1060 736 1112 ait
764 1076 776 1112 :
806 1058 981 1113 Maria
1007 1076 1071 1113 ea:
1094 1061 1259 1115 Adam
1283 1076 1487 1117 mortua
1518 1068 1620 1120 nisi
1648 1068 1783 1121 divi-

213 1141 347 1195 nitus
374 1154 611 1213 exempta
631 1146 834 1213 fuisset,
880 1156 1023 1213 etc.;
1079 1157 1133 1202 et
1182 1149 1327 1204 ista:
1364 1151 1553 1205 Omnes
1593 1155 1784 1207 mortui

203 1242 316 1282 sunt
344 1230 431 1301 (II
455 1229 579 1287 Cor.
620 1236 693 1303 v),
727 1236 805 1289 sic
844 1235 1130 1305 explanat:
1163 1236 1354 1292 Omnes
1389 1243 1567 1309 itaque
1592 1254 1783 1296 mortus

214 1329 329 1372 sunt
372 1322 429 1375 in
451 1325 700 1391 peccatis,
754 1327 959 1379 nemine
1017 1343 1233 1395 prorsus
1284 1340 1527 1399 excepto,
1573 1332 1782 1401 dempta

1892 527 2126 594 scripsit,
2163 544 2285 582 cum
2319 540 2495 587 tamen
2544 534 2764 603 hujusce
2791 538 2966 591 aetatis
3009 550 3157 609 gesta
3180 550 3279 595 ‘tot
3320 543 3464 598 Scri-

1894 622 2040 669 tores
2063 617 2219 673 nobis
2247 621 2586 676 tradiderint.
2630 624 2868 695 Denique
2897 629 2988 696 qui
3020 629 3122 684 dici
3154 640 3329 700 potest
3358 634 3468 703 pri-

1891 705 1999 760 scis
2028 711 2358 778 temporibus
2402 712 2646 769 instituta
2672 715 2958 785 festivitas,
2982 723 3307 789 praevalente
3336 739 3462 778 con.

1891 804 1973 851 Ira
2021 798 2340 854 charitatem
2388 803 2709 872 simplicium
2741 810 3062 865 auctoritate
3106 817 3464 878 quorumdam

1888 887 1979 954 qui
2026 888 2392 946 ecclesiastica
2444 893 2706 963 dignitate
2751 902 3204 969 prmeminebant,
3264 908 3465 962 abolita

1885 990 2006 1031 esse
2044 978 2159 1048 ipsa
2202 991 2362 1038 aetate
2400 984 2663 1053 Anselmi,
2695 990 2785 1057 qui
2835 1002 2955 1058 post
2982 994 3215 1061 priorem
3245 1013 3401 1052 suum
3432 1013 3465 1051 e

1884 1068 2105 1124 civitate
2126 1071 2471 1140 Lugdunensi
2503 1078 2615 1147 (ubi
2646 1080 2714 1133 ab
2740 1093 2805 1135 eo
2828 1080 3075 1139 instituta
3101 1084 3295 1158 fertur)
3322 1089 3464 1146 redi-

1886 1164 1998 1209 tum
2022 1160 2115 1212 vix
2139 1160 2323 1216 decem
2351 1178 2524 1220 annos
2556 1166 2896 1235 impleverit?

1952 1244 2070 1300 Non
2097 1262 2227 1315 ergo
2265 1251 2530 1318 Anselmi,
2566 1256 2660 1310 sed
2689 1257 2949 1314 Bernardi
2977 1268 3109 1318 tetas
3152 1264 3268 1319 haec
3314 1267 3454 1323 tulit.

1883 1333 1959 1388 Ea
1992 1337 2258 1405 siquidem
2296 1350 2634 1413 tempestate,
2680 1347 2930 1405 videlicet
2955 1350 3103 1407 circa
3141 1369 3272 1409 ann.
3299 1357 3460 1420 1140,

198 1410 364 1465 Matre
396 1412 514 1479 Dei,
569 1415 674 1469 sive
721 1417 1065 1486 originalibus
1089 1459 1105 1483 ,
1161 1420 1265 1473 sire
1304 1423 1461 1475 etiam
1511 1421 1779 1478 voluntate
1878 1410 2509 1494 LugdunensisEeclesia
2534 1434 2782 1491 festivam
2815 1440 3055 1496 recolere
3088 1444 3262 1500 voluit.
3287 1446 3461 1502 beata:

195 1500 407 1555 additis.
902 1580 905 1581 ν
1881 1510 2117 1582 Virginis
2139 1520 2568 1587 conceptionem.
2593 1522 2747 1589 Quod
2767 1541 2890 1581 cum
2911 1538 3131 1586 sanctus
3149 1500 3459 1589 Bernardus

260 1591 340 1644 Ad
369 1591 501 1661 quid
533 1594 681 1649 haec?
707 1599 969 1652 noucnim
997 1599 1131 1654 istas
1156 1603 1535 1658 enarrationes
1560 1606 1777 1674 scripsit
1877 1610 1930 1653 el
1956 1600 2137 1670 plures
2163 1605 2255 1659 alii
2281 1609 2459 1665 minus
2484 1626 2638 1681 aeque
2664 1612 2893 1683 ferrent,
2933 1632 3127 1689 graves
3164 1621 3290 1678 inde
3324 1638 3457 1679 con-

192 1677 495 1746 Anselmus,
525 1687 616 1739 sed
647 1686 900 1742 Hervaeus
967 1688 1388 1760 Burgidoleusis,
1421 1701 1479 1746 ut
1500 1693 1599 1764 ipsi
1650 1693 1773 1749 Bel-
1802 1763 1850 1782 h
1878 1693 2157 1749 iroversite
2172 1677 2573 1767 motmsuntﬁis
2593 1677 3290 1782 contendentibus,I.quod
3311 1714 3458 1770 nulla

191 1767 448 1824 larminus
491 1784 543 1827 et
571 1772 749 1830 Labbc
779 1777 830 1830 in
860 1777 897 1831 I.
931 1777 1004 1832 De
1033 1780 1226 1850 script.
1279 1782 1415 1836 eccl.
1462 1763 1771 1851 observant,
1802 1763 1852 1824 Β
1878 1789 2021 1837 esset
2047 1783 2189 1839 hanc
2212 1790 2620 1859 conceptionem
2648 1795 2959 1863 specialiter
2992 1799 3262 1856 recolendi
3282 1803 3452 1870 ratio;

190 1867 242 1912 et
268 1860 428 1916 nobis
448 1874 661 1918 constat
696 1882 763 1919 ex
787 1868 972 1923 codice
1003 1884 1102 1925 ms.
1124 1872 1215 1941 qui
1249 1887 1413 1941 penes
1448 1889 1548 1929 nos
1584 1885 1686 1943 est,
1720 1888 1759 1929 et

1875 1869 1934 1924 2.
1963 1874 2106 1940 quod
2138 1875 2184 1928 si
2212 1886 2339 1932 ante
2363 1878 2565 1936 Christi
2591 1860 2807 1950 partum
2828 1885 2890 1939 B.
2923 1886 3086 1957 Virgo
3110 1860 3453 1960 decessisset,

188 1961 252 2000 es
278 1946 437 2015 cujus
469 1952 632 2007 etiam
667 1953 771 2010 fide
796 1966 945 2011 certo
1008 1958 1178 2028 liquet
1210 1961 1310 2015 has
1346 1961 1635 2031 clausulas,
1672 1968 1773 2021 nisi
1873 1961 2155 2032 originalis
2200 1967 2409 2035 peccati
2456 1978 2660 2026 sortem
2702 1987 2808 2027 non
2855 1976 3138 2044 evasisset,
3182 1989 3241 2034 ut
3286 1980 3456 2037 refert

186 2036 430 2094 divinitus
470 2054 706 2111 exempta
753 2045 958 2113 fuisset,
996 2058 1051 2101 et
1078 2051 1287 2120 dempta
1309 2050 1482 2107 Matre
1502 2053 1619 2119 Dei,
1650 2070 1772 2112 esse
1871 2052 1988 2121 ipse
2008 2063 2203 2110 auCIOI‘
2233 2057 2457 2128 hujusce
2485 2059 2627 2116 libri.
2659 2062 2756 2117 His
2781 2074 2961 2119 autem
2990 2068 3318 2126 subindicari
3342 2087 3453 2141 prae

185 2126 249 2180 ab
286 2129 398 2186 alio
427 2132 663 2189 insertas
709 2146 767 2190 ut
816 2138 997 2193 Estius
1047 2139 1223 2195 fuerat
1247 2142 1359 2212 jam
1392 2144 1766 2201 subodoratus.

186 2214 308 2271 Haec
341 2221 488 2275 enim
523 2223 577 2275 in
603 2239 707 2277 IIIS.
742 2227 960 2282 minime
989 2229 1261 2296 leguntur.

250 2306 377 2362 Non
403 2320 488 2364 est
504 2326 635 2381 ergo
655 2301 795 2367 unde
820 2310 1140 2372 concilietur
1169 2334 1353 2373 secum
1365 2338 1611 2392 pugnans
1642 2341 1769 2381 san-

180 2401 241 2454 cti
264 2402 523 2459 Anselmi
556 2406 823 2474 doctrina,
854 2410 900 2464 si
930 2411 1068 2467 liber
1091 2412 1194 2468 iste
1236 2412 1305 2467 ab
1359 2429 1425 2469 eo
1455 2415 1527 2473 sit
1557 2417 1764 2484 editus;

182 2494 316 2549 unde
340 2496 517 2565 magis
559 2513 683 2553 eum
710 2500 966 2557 Auselmo
990 2507 1240 2576 supponi,
1262 2523 1426 2576 quam
1450 2510 1767 2566 Anselmum

180 2583 272 2637 sibi
316 2600 424 2639 non
462 2598 712 2643 constare
731 2607 837 2646 non
884 2593 1066 2663 inique
1091 2599 1414 2654 censuerim.
1442 2599 1556 2656 Hoc
1577 2604 1767 2658 eodem

180 2678 485 2745 argumenti
535 2694 734 2747 genere
777 2685 1014 2754 Angelus
1060 2686 1263 2755 Rocca,
1310 2691 1762 2762 Augustinianus,

181 2780 295 2819 cum
319 2772 501 2825 sancti
533 2773 924 2832 Bonaventuraa
952 2778 1128 2849 Opera
1181 2781 1367 2838 Romae
1392 2787 1584 2841 excudi
1609 2802 1764 2843 cura-

182 2864 277 2924 ret,
302 2873 615 2917 sermonem
643 2868 939 2923 secundum
968 2869 1033 2924 de
1052 2871 1208 2926 beata
1239 2872 1433 2939 Maria,
1459 2877 1550 2944 qui
1574 2878 1760 2933 eadem

178 2952 393 3018 exponit
430 2966 494 3008 ac
530 2954 632 3010 iste
658 2956 792 3013 liber
814 3000 830 3025 ,
862 2960 928 3015 ad
960 2962 1257 3033 marginem
1290 2965 1359 3034 (t.
1388 2965 1479 3031 III,
1504 2968 1560 3022 in
1589 2985 1750 3024 serm.

1868 2143 2083 2199 caneris
2124 2159 2189 2200 ac
2224 2148 2474 2218 redargui
2505 2151 2721 2206 videtur
2748 2151 2923 2210 Potho
2959 2155 3327 2226 Prumiensis,
3357 2163 3452 2230 qui

1869 2246 2014 2288 anno
2060 2235 2191 2290 1151
2240 2238 2293 2291 in
2331 2238 2426 2294 lib.
2458 2254 2518 2295 III
2562 2241 2637 2309 De
2680 2252 2824 2298 statu
2864 2245 3056 2301 domus
3097 2248 3189 2303 Dei
3241 2251 3305 2320 (t.
3333 2250 3448 2319 XII,

1867 2332 2011 2391 part.
2042 2338 2082 2389 I,
2109 2324 2248 2381 Bibl.
2272 2324 2440 2397 PP.),
2472 2330 2571 2385 sub
2595 2331 2778 2396 finem,
2803 2334 2881 2389 ait
2898 2335 3135 2391 maxime
3155 2338 3448 2394 absurdum

1868 2411 2039 2467 videri
2068 2416 2212 2483 quod
2236 2416 2435 2473 festum
2457 2420 2841 2492 Conceptionis
2859 2436 3061 2483 sancta:
3082 2429 3264 2486 Maria:
3286 2431 3451 2487 fuerit

1869 2500 1937 2555 de
1962 2517 2103 2557 novo
2135 2504 2439 2574 inductum,
2465 2525 2567 2565 nec
2603 2521 2781 2569 tamen
2810 2531 2871 2570 se
2899 2517 3169 2575 devotioni
3208 2521 3447 2578 fidelium

1868 2590 2154 2661 derogare,
2178 2596 2224 2651 si
2260 2598 2419 2668 hujus
2445 2599 2755 2657 festivitatis
2786 2607 3047 2662 rationem
3085 2621 3310 2679 quaerat.
3341 2613 3443 2669 Ubi

1865 2681 2039 2737 Potho
2067 2684 2288 2742 se‘nsum
2317 2703 2381 2743 ac
2420 2691 2585 2746 verba
2627 2694 2833 2761 profert
2868 2698 3044 2753 sancti
3079 2699 3340 2757 Bernardi
3390 2702 3445 2757 in

1863 2774 2025 2842 epist.
2060 2776 2162 2831 174
2184 2778 2252 2832 ad
2279 2781 2572 2838 canonicos
2598 2782 3003 2856 Lugdunenses.

1931 2862 2338 2924 Adverteudum
2362 2885 2584 2942 quoque
2612 2882 2697 2929 est
2723 2878 2865 2946 quod
2892 2877 2947 2932 in
2974 2892 3038 2934 ea
3065 2880 3292 2949 epistola
3319 2898 3443 2939 san-

1861 2958 1981 3007 ctus
2027 2952 2342 3012 Bernartius
2391 2959 2538 3015 dicat
2581 2977 2641 3018 se
2675 2961 2791 3031 jam
2828 2975 3120 3038 antequam
3150 2985 3269 3023 eam
3309 2972 3445 3027 scri-

181 3039 239 3091 de
258 3042 480 3108 sanctis,
507 3062 558 3114 p.
587 3046 690 3102 389
718 3050 889 3105 edict.
919 3050 1101 3121 Rom),
1153 3055 1433 3111 concludit
1474 3058 1618 3113 hunc
1646 3073 1760 3113 ser-
1786 3088 1833 3151 ο
1861 3039 2037 3107 heret.
2077 3043 2223 3146 {nunc
2247 3046 2432 3151 (veri)al
2452 3050 2581 3151 filis
2616 3053 3035 3151 sqnllsrrorem
3057 3058 3200 3151 apud
3230 3059 3442 3129 aliquos

181 3141 385 3184 monem
422 3131 484 3185 S.
514 3132 906 3193 Bonaventurte
935 3154 1041 3194 non
1065 3156 1208 3206 esse,
1262 3158 1382 3196 eum
1427 3146 1537 3213 ipse
1577 3146 1757 3201 multis

182 3217 293 3274 aliis
329 3223 382 3275 in
434 3223 562 3278 locis
600 3228 892 3295 opinionem
926 3230 979 3285 in
1023 3230 1062 3283 ι.
1129 3245 1190 3285 ιιι
1248 3230 1397 3287 Sent.
1448 3236 1759 3305 aﬁrmatam

180 3314 382 3367 omnino
422 3326 471 3368 et
509 3328 805 3372 constanter
831 3321 1098 3389 defendat.

242 3400 515 3460 Baronius
534 3406 651 3475 ipse
678 3408 731 3461 in
761 3410 906 3465 notis
930 3412 997 3464 ad
1026 3411 1308 3484 Martyrol.
1332 3414 1585 3469 observat
1608 3418 1756 3485 quod

182 3506 242 3545 an
274 3503 540 3551 tractatus
575 3497 651 3552 De
683 3514 908 3569 concep.
952 3500 1014 3556 Β.
1050 3501 1115 3556 V.
1164 3505 1237 3558 sit
1282 3504 1526 3560 Anselmi
1564 3506 1757 3561 merito

180 3581 383 3639 ducitur
417 3587 477 3641 in
507 3591 969 3659 controversiam,
1019 3608 1141 3647 cum
1196 3596 1364 3649 multa
1416 3595 1756 3667 habeatquze

182 3672 342 3728 eidem
363 3679 578 3731 auctori
604 3691 921 3750 repugnent,
942 3690 1001 3736 ut
1022 3692 1172 3737 notat
1216 3682 1375 3738 Joan.
1407 3684 1751 3757 Turrecrem.

184 3763 231 3815 in
257 3776 411 3823 tract.
439 3768 515 3823 De
538 3779 782 3839 concept.
802 3772 862 3825 Β.
889 3770 977 3838 V.,
1006 3783 1160 3841 parte
1186 3789 1281 3840 xu,
1304 3789 1354 3828 ο.
1382 3773 1437 3828 5.
1455 3773 1568 3830 Hoc
1587 3776 1755 3846 ipsius

184 3854 387 3912 Baronii
419 3858 708 3926 judicium.

243 3946 355 4017 Ipse
374 3964 598 4020 quoque
623 3960 904 4019 tractatus,
944 3953 1028 4008 hic
1069 3969 1179 4009 sua:
1232 3955 1528 4024 integritati
1556 3970 1620 4010 ac
1649 3972 1753 4025 pu-

184 4032 317 4089 ritati
340 4037 462 4107 jam
492 4038 751 4104 redditus,
778 4054 838 4094 se
867 4056 972 4096 non
999 4042 1104 4095 nisi
1152 4052 1275 4111 post
1327 4042 1567 4097 Anselmi
1616 4052 1753 4096 terno

185 4138 302 4191 pora
325 4128 533 4183 editum
583 4140 934 4201 protestatur.
984 4130 1198 4185 Etenim
1229 4133 1297 4186 ab
1318 4131 1435 4200 ipso
1486 4133 1753 4188 sermonis

185 4219 391 4275 exordio
427 4220 759 4287 declaratur,
786 4224 837 4276 I.
870 4225 1015 4291 quod
1058 4221 1244 4276 multis
1262 4223 1313 4276 in
1335 4222 1468 4278 locis
1484 4222 1599 4291 jam
1635 4233 1748 4278 tum

186 4301 360 4361 festiva
417 4318 540 4362 erat
589 4311 903 4366 solemnitas
981 4310 1364 4381 Conceptionis
1392 4311 1453 4365 Β.
1525 4312 1746 4379 Mariae;

1861 3134 2223 3201 comperisse;
2287 3137 2382 3192 sed
2433 3140 2827 3199 dissimulando
2878 3148 3189 3216 pepercisse
3236 3151 3441 3220 simpli-

1860 3220 2003 3274 cium
2031 3222 2323 3291 devotioni,
2345 3242 2506 3296 quem
2527 3230 2780 3299 iniquiori
2803 3234 2985 3289 animo
3010 3237 3130 3290 tulit
3151 3238 3204 3292 in
3226 3240 3441 3308 sapien-

1861 3310 2006 3365 tibus
2030 3312 2163 3372 viris
2190 3324 2245 3368 et
2273 3315 2327 3369 in
2365 3317 2564 3388 insigni
2613 3319 2875 3376 Ecclesia.
2905 3322 2983 3377 Es
3011 3325 3205 3392 quibus
3237 3328 3297 3380 fit
3324 3345 3439 3381 Illa-

1858 3399 2140 3468 nil'estum,
2173 3404 2227 3457 1.
2260 3403 2364 3459 hoc
2390 3408 2562 3461 sancti
2590 3407 2852 3464 Bernardi
2892 3421 3165 3480 tempore,
3194 3415 3283 3483 qui
3318 3429 3439 3484 post

1857 3493 2169 3549 Anselmum
2195 3494 2395 3561 ﬂoruit,
2433 3498 2642 3567 aliquos
2666 3500 2932 3555 duntaxat
2958 3502 3338 3573 simpliciores,
3370 3509 3438 3562 de

1857 3584 2054 3651 quibus
2085 3586 2137 3639 in
2164 3586 2390 3654 praefato
2416 3597 2647 3644 tractatu
2674 3589 2883 3645 dictum
2920 3601 3024 3658 est,
3057 3596 3229 3650 beata:
3254 3595 3437 3652 Mariae

1856 3677 2269 3745 conceptionem
2302 3679 2468 3735 fuisse
2494 3690 2815 3747 veneratos;
2848 3682 2903 3736 2.
2928 3699 3028 3739 nec
3055 3683 3181 3739 dum
3221 3688 3436 3755 publice

1853 3781 1921 3822 ac
1962 3766 2277 3825 solemniter
2324 3768 2394 3823 ab
2442 3769 2702 3825 Ecclesiis
2758 3771 2920 3827 recoli
2972 3774 3219 3842 solitam;
3269 3776 3326 3830 5.
3377 3787 3437 3831 et

1854 3857 2080 3925 proinde
2108 3857 2250 3911 hanc
2292 3856 2642 3915 festivitatem
2671 3861 2742 3915 ab
2777 3860 3018 3917 Ecclesia
3062 3864 3431 3934 Lugdunensi,

1853 3961 1960 4001 non
1988 3960 2054 3999 ex
2080 3946 2320 4001 Anselmi
2347 3948 2615 4013 instituto,
2642 3964 2742 4003 nec
2763 3949 2882 4017 ejus
2906 3960 3067 4005 astate
3095 3953 3261 4008 fuisse
3285 3953 3431 4009 cele-

1852 4035 2088 4100 bratum,
2115 4052 2238 4092 cum
2264 4048 2483 4092 sanctus
2504 4039 2806 4093 Bernardus
2828 4041 2969 4095 illius
2993 4041 3248 4098 Ecclesiae
3269 4059 3432 4100 cano-

1853 4125 2004 4179 nicos
2022 4123 2182 4192 hujus
2199 4125 2526 4181 celebritatis
2550 4126 2887 4198 redarguerit
2911 4130 3096 4184 statim
3123 4139 3286 4201 atque
3304 4148 3427 4190 eam

1852 4213 2229 4282 deprehendit.
2258 4212 2661 4283 Superstitione,
2694 4216 2888 4287 inquit,
2928 4220 3275 4291 deprehensa,
3315 4236 3426 4281 etc.

1851 4302 1986 4358 Eam
2034 4311 2215 4358 autem
2244 4318 2351 4359 non
2389 4303 2692 4375 ignorasset
2733 4307 2779 4361 si
2815 4306 2886 4363 ab
2912 4309 3153 4365 Anselmi
3188 4323 3431 4384 tempore

184 4391 233 4448 2.
262 4399 396 4465 quod
429 4392 652 4469 priscis
680 4402 1009 4470 temporibus
1067 4401 1418 4470 frequentiori
1481 4417 1578 4456 usu
1605 4403 1747 4458 cele-

1863 4400 1998 4447 esset
2024 4392 2269 4448 instituta
2302 4396 2355 4448 in
2377 4409 2441 4449 ea
2470 4395 2731 4460 Ecclesia,
2762 4397 2918 4467 cujus
2949 4400 3092 4468 ipse,
3130 4411 3189 4455 ut
3218 4403 3291 4457 ibi
3321 4407 3427 4475 ait,

186 4483 443 4557 braretur,
469 4494 593 4546 dum
621 4508 753 4563 pura
781 4493 1102 4565 simplicitas
1122 4493 1354 4564 vigebat;
1380 4493 1431 4547 5.
1460 4494 1603 4562 quod
1631 4509 1747 4563 per-

185 4581 405 4649 spicacia
468 4594 523 4640 et
559 4588 888 4643 examinatio
935 4589 1315 4644 modernorum
1368 4588 1744 4657 quorumdam,

186 4670 271 4736 qui
292 4673 539 4728 saeculari
602 4684 658 4729 et
709 4676 1075 4732 ecclesiastica
1130 4676 1476 4742 auctoritate,
1532 4676 1749 4730 divitia-

185 4773 396 4833 rumque
426 4766 754 4820 abundantia
808 4768 1252 4835 praéeminebaut,
1311 4769 1454 4823 hanc
1489 4769 1749 4824 solemni.

189 4857 338 4907 tatem
369 4856 526 4924 quasi
566 4858 774 4912 ratione
802 4867 1082 4913 vacantem
1131 4859 1199 4914 de
1244 4858 1422 4914 medio
1469 4859 1747 4916 sustulerit

183 4949 234 4994 et
256 4944 521 5015 redegerit
568 4947 620 4999 in
652 4947 918 5012 nihilum;
970 4947 1027 5001 4.
1090 4948 1234 5016 quod
1262 4947 1509 5002 charitas
1540 4948 1745 5017 simpli-

184 5032 313 5086 cium
342 5038 408 5091 de
436 5045 603 5091 tantae
630 5037 941 5093 festivitatis
993 5039 1288 5094 abolitione
1338 5048 1448 5093 tum
1483 5048 1740 5108 gemeret.

242 5128 308 5181 At
335 5130 440 5184 ista
485 5145 609 5185 cum
640 5131 878 5185 Anselmi
900 5141 1061 5185 aetate
1087 5141 1235 5186 stare
1264 5139 1563 5201 nequeunt;
1604 5130 1746 5185 sicut

184 5233 275 5274 nec
297 5233 664 5279 commentum
694 5224 823 5279 illud
849 5240 956 5293 quo
994 5225 1097 5281 ista
1138 5224 1405 5280 festivitas
1442 5225 1640 5279 dicitur
1674 5225 1743 5278 ab

180 5310 425 5370 Anselmo
457 5314 708 5369 instituta
744 5315 871 5369 dum
908 5314 1155 5386 Lugduni
1200 5324 1527 5370 moraretur.
1563 5313 1742 5381 Quan-

179 5398 459 5471 doquidem
491 5406 555 5459 de
584 5405 652 5459 iis
674 5404 833 5475 plane
857 5405 1006 5460 siluit
1031 5404 1349 5468 Eadmerus,
1379 5404 1471 5473 qui
1510 5403 1740 5473 singula,

180 5492 255 5547 vel
298 5495 683 5561 minutissima,
729 5511 849 5565 quae
894 5493 1137 5566 Lugduni
1178 5494 1246 5550 ab
1291 5491 1546 5548 Auselmo
1592 5502 1740 5562 gesta

178 5593 314 5651 sunt,
345 5588 756 5643 accuratissime
798 5585 1055 5641 describit
1100 5595 1208 5639 tam
1258 5583 1311 5637 in
1340 5582 1492 5637 libris
1520 5582 1586 5636 de
1623 5581 1740 5650 ejus

181 5674 287 5729 Vita
315 5691 477 5747 quam
506 5678 560 5731 in
588 5676 821 5731 Historia
852 5687 1135 5729 novorum.
1174 5670 1284 5728 Nec
1312 5670 1450 5727 ullus
1486 5670 1554 5728 de
1583 5670 1738 5727 istius

488 5765 762 5825 ΡΑτιιοι..
806 5760 1078 5825 CLVIII.

1849 4484 2158 4553 specialiter
2180 4496 2300 4540 erat
2326 4486 2487 4542 filius.
2519 4484 2654 4540 Cum
2685 4502 2814 4557 ergo
2843 4488 2959 4543 haec
2993 4505 3116 4559 quae
3142 4492 3198 4545 in
3226 4507 3293 4549 eo
3320 4504 3431 4549 trao

1847 4584 1997 4629 ctatu
2027 4575 2096 4629 de
2136 4574 2449 4630 festivitatis
2479 4575 2624 4630 illius
2653 4576 2993 4633 institutione
3038 4589 3094 4634 et
3133 4581 3429 4638 abolitione

1849 4669 2051 4736 scripta
2080 4666 2328 4735 legimus,
2364 4669 2537 4723 sancti
2558 4670 2796 4724 Anselmi
2835 4670 3169 4740 temporibus
3203 4674 3428 4729 minime

1847 4769 2162 4827 congruant,
2191 4765 2448 4814 tractatus
2470 4760 2559 4817 hic
2586 4776 2692 4816 non
2716 4762 2786 4816 ab
2808 4762 3081 4828 Anselmo,
3113 4764 3207 4819 sed
3227 4765 3298 4820 ab
3319 4764 3427 4819 alio

1850 4851 2149 4906 recentiore
2178 4852 2513 4921 compositus
2535 4862 2639 4908 est.

2348 4983 2591 5039 Cessuna
2634 5000 2905 5041 ertsroue

1950 5087 2063 5127 sm:
2103 5087 2360 5129 SEILIONIS
2397 5075 2473 5127 De
2503 5075 2833 5144 conceptione
2860 5062 3023 5130 beatis
3060 5074 3313 5143 Virginis.

1914 5205 2074 5259 Pater
2111 5204 2436 5276 Raynaudus
2473 5221 2778 5262 sermonem
2814 5207 2958 5263 hunc
2986 5222 3053 5261 ex
3094 5222 3198 5263 ms.
3219 5224 3411 5264 mona-

1843 5296 1993 5349 sterii
2037 5293 2220 5349 Sancti
2272 5295 2598 5364 Ragueberti
2641 5296 2886 5351 Jurensis
2909 5297 3076 5352 edidit
3115 5299 3419 5355 sicinscri-

1841 5394 1991 5454 ptum
2025 5402 2038 5438 :
2070 5383 2306 5453 Epistula
2341 5386 2509 5439 sancti
2537 5386 2767 5441 Anselmi
2797 5386 2862 5439 de
2879 5390 3213 5456 conceptione
3246 5389 3412 5444 beata:

1842 5479 2050 5533 Maria}.

1914 5569 2187 5623 Anselmus
2223 5565 2620 5621 Cantuariensis
2658 5566 3075 5637 archiepiscopus
3124 5577 3173 5622 et
3219 5568 3417 5639 Anglo-e

1843 5681 1957 5718 rum
2011 5674 2193 5733 pastor
2244 5660 2555 5730 coepiscopis
2615 5661 2725 5713 suis
2766 5668 2813 5713 et
2849 5659 3088 5714 omnibus
3118 5657 3185 5712 Β.
3224 5657 3414 5713 Maria
