4068 6286
277 322 352 382 ιε
1358 333 1679 390 causam
1720 332 1831 387 0P!

1933 331 2002 387 ΞΜ
2035 333 2093 388 8.
2136 334 2447 389 ANSELML
3455 347 3527 402 46

280 439 482 507 ceptio,
510 438 651 494 sicut
676 446 729 495 et
750 438 866 509 ejus
892 442 1166 510 nativitas,
1197 442 1323 511 quia
1352 438 1452 498 nisi
1489 440 1578 519 illa
1607 443 1856 512 concipe-
1886 450 1932 504 Α
2030 444 2102 498 De
2144 445 2361 498 homilia
2414 455 2591 502 autem
2638 447 2688 502 in
2723 447 2873 515 ill-~l,
2927 450 3145 505 Docebat
3193 454 3352 518 enim,
3390 466 3525 527 etc.,

280 538 455 594 retur,
494 542 600 583 non
652 539 987 605 nasceretur,
1019 547 1047 585 a
1094 530 1154 585 8.
1204 531 1481 585 Bernardo
1518 515 1751 584 refertur
1795 545 1859 583 ac

281 616 552 670 refellitur
583 619 756 686 (epist.
795 619 951 689 l7i):
984 620 1125 689 quod
1157 629 1476 689 argumento
1512 629 1596 675 est
1622 619 1856 675 fabulata

278 706 421 760 hanc
446 721 508 760 ea
537 716 695 761 aetate
722 708 887 763 fuisse
914 712 1220 764 conﬁctam.

352 795 441 848 11.
471 787 691 851 Λυςιοι·’
714 798 766 852 ἱη
794 813 886 853 eos
914 801 1005 867 qui
1032 800 1173 854 hanc
1206 799 1549 855 festivitatem
1581 799 1856 855 celebrare

1961 534 2088 601 quid
2138 537 2464 591 censendum
2516 539 2587 592 sit
2625 539 2737 592 dixi
2794 540 2846 593 in
2898 542 3123 597 aliarum
3180 545 3525 603 bomiliarum

1961 638 2214 679 censura.

2276 718 2521 774 Causam
2552 736 2769 777 ouonuu
2800 742 3195 785 manumanu.

2026 805 2080 858 ln
2114 821 2215 859 ms.
2253 808 2749 866 San-Germanensi
2786 814 2889 870 608
2913 817 3018 871 duo
3048 819 3161 873 haec
3189 820 3448 875 miracula
3488 836 3517 876 a

276 885 619 951 abnuebant,
664 896 917 957 tanquam
947 890 1000 943 in
1030 890 1251 945 insanos
1284 900 1339 944 et
1376 888 1681 945 insensatos
1706 892 1855 946 inve-
1953 904 2142 948 sancto
2186 896 2443 952 Anselmo
2483 900 2625 954 edita
2656 902 2922 958 dicuntur.
2958 907 3109 961 Unde
3139 924 3205 963 ne
3231 911 3356 978 quid
3382 910 3521 979 Ope-

279 974 450 1027 hitur.
485 975 637 1042 Quod
677 990 838 1047 quam
863 980 931 1033 ab
950 978 1189 1033 Anselmi
1219 981 1480 1034 modestia
1504 996 1567 1035 ac
1598 997 1852 1036 mansue-

275 1066 464 1120 tudine
491 1066 862 1135 alienum,sit,
910 1070 1059 1124 novit
1102 1070 1347 1140 quisquis
1375 1070 1493 1139 ejus
1530 1072 1727 1141 scripta
1767 1072 1849 1127 vel

274 1158 479 1212 cursim
510 1160 728 1214 evolvit.

344 1250 501 1305 Circa
526 1252 861 1308 miraculum
909 1254 975 1309 de
1010 1256 1366 1325 conceptione
1401 1254 1460 1311 8.
1496 1254 1676 1310 Maria:
1704 1258 1847 1327 quod

266 1355 335 1393 ex
364 1356 466 1393 ms.
492 1339 757 1397 Gemmet.
779 1342 936 1408 eum,
960 1344 1099 1398 idem
1128 1354 1345 1400 ceuseto
1365 1346 1508 1415 quod
1528 1346 1594 1401 de
1620 1346 1844 1416 epistola

265 1430 625 1497 pnecedente.

341 1520 437 1574 llis
467 1528 644 1577 autem
670 1523 724 1577 in
754 1525 1002 1580 omnibus
1031 1526 1084 1580 id
1113 1542 1276 1581 unum
1319 1529 1402 1599 egi
1436 1537 1494 1583 ut
1534 1526 1696 1585 hasce
1735 1540 1843 1584 tra-

264 1613 536 1667 c;atioues
579 1628 682 1667 non
725 1628 844 1669 esse
875 1617 1046 1670 sancti
1090 1616 1332 1671 Anselmi
1378 1619 1836 1685 demonstrarent,

262 1700 510 1769 nihilque
533 1704 599 1755 ad
628 1701 1009 1773 Conceptionis
1048 1708 1402 1762 festivitatem
1433 1725 1495 1765 ac
1524 1713 1837 1780 mysterium

1955 996 2071 1034 rum
2102 999 2222 1052 qua:
2252 986 2349 1055 ipsi
2379 989 2744 1057 ascribuntur,
2788 993 2841 1045 in
2885 994 2987 1049 hoc
3014 997 3280 1052 volumine
3307 1001 3519 1055 deside-

1950 1080 2183 1135 raretur,
2212 1087 2296 1139 ea,
2325 1080 2668 1143 quantumvis
2689 1078 2929 1135 fabulosa
2960 1092 3015 1136 et
3041 1084 3181 1138 nulla
3210 1087 3313 1141 fide
3335 1089 3514 1156 digna,

1949 1159 2265 1228 adjeeimus.
2294 1165 2545 1234 Ejusdem
2576 1172 2788 1237 generis
2818 1172 2931 1226 haec
2967 1182 3093 1227 sunt
3121 1176 3272 1245 cujus
3297 1186 3352 1231 et
3381 1194 3518 1247 pra:-

1947 1249 2043 1305 fati
2074 1262 2337 1310 tractatus
2354 1258 3201 1327 Deconceptione,etmiraculum
3229 1268 3515 1324 abbatissae

1944 1352 2064 1408 qua:
2090 1343 2290 1412 angelis
2321 1345 2794 1404 obstetricantibus
2823 1361 3031 1420 partum
3059 1354 3247 1409 edidit.

2157 1432 2405 1491 CENSURA
2442 1453 2583 1493 metu
2621 1439 2699 1493 De
2735 1454 3063 1497 sacramento
3102 1445 3309 1501 altaris.

2015 1520 2072 1575 In
2112 1539 2213 1579 ms.
2249 1524 2639 1583 Cambronensi
2673 1532 2759 1586 hic
2785 1532 2923 1587 liber
2968 1545 3145 1591 exstat
3191 1540 3270 1593 sic
3310 1539 3507 1596 inscri-

1940 1621 2102 1681 ptus}:
2140 1612 2335 1683 Incipit
2362 1616 2490 1670 liber
2516 1621 2712 1672 domini
2730 1621 2959 1676 Anselmi
2988 1626 3053 1679 de
3072 1640 3395 1684 sacramento
3425 1632 3512 1685 al-

1940 1703 2089 1757 taris.
2148 1703 2260 1760 Sub
2310 1709 2495 1762 eodem
2555 1709 2707 1765 titulo
2762 1710 2958 1782 legitur
3012 1716 3064 1770 in
3128 1733 3228 1773 ms.
3260 1720 3506 1776 Atrebat.

261 1789 443 1857 attigi,
487 1791 553 1844 de
593 1792 789 1860 quibus
818 1809 1031 1864 semper
1057 1796 1108 1850 id
1149 1797 1374 1852 sentiam
1419 1800 1561 1869 quod
1580 1773 1840 1859 Ἐωιεείω
1868 1773 2384 1863 Βνριιίιιιαοίιυίάθιη
2406 1811 2533 1851 vero
2552 1811 2617 1852 eo
2648 1798 2700 1852 in
2719 1773 2884 1866 opere
2913 1800 3089 1870 aliqua
3117 1807 3511 1876 redarguuutur

252 1878 465 1946 judicio
490 1882 678 1935 stabit.

391 1990 637 2047 Causam
675 2009 939 2050 mssroxts
983 2007 1283 2052 sanctorum
1308 1997 1576 2070 Guigneri,
1599 2009 1706 2056 etc.

337 2080 399 2136 Ι).
426 2080 663 2140 Joannes
698 2085 958 2141 Picardus
1005 2089 1143 2143 hanc
1184 2091 1490 2158 historiam,
1524 2094 1567 2146 si
1611 2094 1836 2149 historia

255 2168 491 2224 dicenda
538 2183 639 2238 est,
703 2188 769 2228 ex
826 2191 929 2229 ms.
978 2176 1225 2230 biblioth.
1292 2177 1579 2235 Victorinaa
1631 2184 1839 2252 primus

255 2259 453 2324 edidit,
485 2270 538 2315 et
566 2272 753 2316 sancto
776 2264 1032 2318 Anselmo
1053 2267 1323 2334 ascripsit.
1347 2268 1519 2336 Ipsam
1548 2281 1727 2326 tamen
1750 2274 1838 2327 vix

254 2352 528 2406 Anselmo
573 2354 734 2423 digna
772 2355 1155 2423 judicavimus,
1205 2359 1331 2425 quia
1378 2360 1433 2411 in
1477 2376 1540 2413 ea
1586 2362 1841 2432 leguntur

252 2440 433 2494 multa
466 2458 586 2511 qua:
620 2459 749 2499 vero
790 2445 1013 2499 minime
1059 2446 1254 2500 similia
1287 2450 1522 2509 sensatis
1548 2452 1660 2506 visa
1691 2463 1837 2520 sunt,

250 2542 315 2584 et
366 2547 489 2599 qua:
540 2533 708 2587 risum
761 2536 933 2605 magis
975 2546 1229 2591 excutere
1281 2553 1443 2606 quam
1474 2540 1540 2594 ad
1576 2540 1838 2611 pietatem

251 2639 348 2676 ῑ110
356 2639 478 2677 vere
504 2639 700 2692 pOSSUﬂ

616 2737 861 2793 CENSURA
893 2739 1085 2809 iudicii
1108 2740 1175 2794 de
1195 2740 1497 2796 stabilitate.

232 2898 233 2901 η
332 2845 474 2900 Nihil
514 2857 703 2901 sancto
751 2847 1007 2903 Anselmo
1046 2849 1320 2920 indignum
1352 2849 1543 2915 habet;
1591 2865 1690 2905 nec
1726 2851 1838 2906 dis-

249 2946 420 2992 sonat
449 2938 515 2991 ab
542 2939 607 2993 iis
632 2954 751 3008 qua:
774 2948 998 2994 sanctus
1026 2941 1314 2995 Anselmus
1342 2940 1584 2996 Lanzoni
1615 2942 1839 3014 scripsit

250 3028 314 3080 in
345 3027 570 3095 cpistola
601 3044 721 3096 qua:
748 3039 832 3082 est
855 3029 926 3083 29
956 3030 1076 3084 libri
1116 3046 1153 3084 ι.

368 3116 613 3170 Clausum
642 3117 1026 3187 Disputationis
1053 3120 1230 3173 .Iuda'i
1266 3137 1383 3173 cum
1407 3120 1724 3177 Christiano.

337 3207 724 3274 Disputationis
782 3209 936 3263 istius
996 3221 1271 3265 auctorem
1338 3220 1395 3265 et
1456 3221 1830 3282 argumentum

226 3308 445 3363 .aperte
469 3297 670 3351 indicat
697 3298 924 3366 epistola
947 3313 1063 3366 quae
1086 3298 1206 3354 loco
1233 3299 1435 3369 prologi
1466 3300 1828 3370 praemittitur.

247 3383 533 3439 Hactenus
565 3387 760 3441 inedita
794 3387 1003 3452 fuerat,
1037 3389 1225 3447 elsiin
1264 3389 1508 3458 pluribus
1545 3406 1644 3444 ms.
1681 3408 1835 3462 repe-

248 3472 427 3536 ritur,
476 3474 725 3529 videlicet
776 3475 829 3528 in
881 3492 983 3531 ms.
1036 3476 1163 3531 bibl.
1213 3476 1430 3542 Elnon.,
1483 3479 1611 3533 bibl.
1662 3480 1830 3551 Longi

246 3562 466 3626 Pontis,
490 3562 619 3618 bibl.
645 3565 889 3620 ecclesite
909 3567 1121 3622 cathed.
1139 3568 1392 3631 Tornac.,
1416 3580 1470 3623 et
1491 3568 1619 3623 bibl.
1644 3561 1829 3626 Sancti

218 3652 563 3719 -Laniberti;
596 3667 794 3725 praeter
821 3674 924 3711 ms.
954 3659 1086 3714 bibl.
1120 3659 1181 3714 S.
1214 3660 1439 3731 Remigii
1476 3662 1657 3725 Rem,
1697 3664 1825 3719 bibl.

223 3739 399 3794 .Vict.
449 3752 503 3796 et
552 3744 681 3797 bibl.
734 3745 1289 3816 Sane-Germattensis;
1330 3764 1397 3804 ex
1441 3751 1637 3820 quibus
1682 3752 1825 3808 illam

238 3829 389 3899 juris
411 3832 606 3900 publici
632 3834 880 3890 fecimus.

795 3947 1038 4003 CENSURA
1077 3951 1290 4004 Annali.

322 4022 601 4103 Dialogqu
632 4036 795 4102 hunc,
824 4040 915 4108 qui
949 4055 977 4092 a
1009 4041 1312 4110 quingentis
1336 4042 1490 4096 annis
1514 4051 1569 4096 et
1596 4042 1826 4112 amplius

244 4122 305 4175 in
364 4124 810 4182 bibliothecarum
857 4130 1073 4184 scriniis
1126 4131 1445 4192 delituerat,
1499 4146 1529 4185 e
1574 4131 1823 4186 Lteticnsi

240 4213 483 4269 feliciter
506 4218 955 4288 deprompsimus.
981 4222 1023 4273 A
1051 4220 1286 4289 Ruperlo
1324 4221 1615 4276 Tuiliensis
1641 4237 1825 4276 coeno-

242 4304 322 4358 bii
360 4305 549 4360 abbate
576 4308 845 4363 Annulum
869 4310 1010 4364 hunc
1032 4326 1150 4366 esse
1174 4313 1550 4381 compositum,
1574 4321 1629 4367 et
1652 4312 1824 4367 tribus

1942 1895 2061 1947 quae
2089 1879 2314 1951 legimus
2350 1884 2400 1936 in
2444 1885 2594 1938 libris
2640 1886 2714 1939 De
2752 1887 2947 1941 divinis
2975 1888 3159 1945 olliciis
3186 1932 3201 1956 ,
3229 1910 3367 1962 quos
3396 1896 3508 1949 Ru-

1939 1978 2127 2036 pertus
2154 1969 2446 2026 Tuitiensis
2471 1988 2612 2027 anno
2643 1975 2773 2029 1111
2807 1980 3043 2048 scripsit,
3071 1981 3357 2039 Anselmus
3383 1980 3509 2041 vero

1939 2062 2191 2117 humanis
2220 2076 2504 2135 exemptus
2534 2066 2603 2122 sit
2634 2084 2777 2125 anno
2810 2060 2972 2137 1109,
3016 2074 3183 2143 liquet
3219 2077 3346 2132 illud
3372 2094 3506 2148 opus

1940 2152 2009 2207 ab
2033 2153 2290 2209 Anselmo
2320 2172 2424 2210 non
2452 2160 2738 2227 prodiisse.
2762 2162 2914 2229 Quod
2944 2174 2998 2219 et
3028 2166 3081 2219 in
3110 2167 3335 2237 Ruperti
3358 2173 3504 2240 Apo-

1937 2242 2076 2313 logia
2101 2244 2271 2301 fusius
2290 2250 2530 2316 exposui.
2560 2249 2712 2305 Hunc
2736 2252 2915 2322 itaque
2939 2254 3130 2312 librum
3153 2274 3250 2313 suo
3274 2265 3505 2328 auctori,

1939 2333 2223 2391 Guillelmo
2252 2337 2436 2394 Sancti
2484 2341 2805 2398 Theudorici
2826 2328 3028 2413 {cujus
3060 2364 3252 2405 nomen
3286 2355 3506 2422 praefert

1941 2423 1994 2477 in
2024 2440 2126 2479 ms.
2158 2425 2543 2497 Longi-Paulis
2578 2441 2632 2483 et
2659 2431 2710 2484 in
2741 2433 2892 2497 aliis,
2932 2435 3291 2503 dimittentes,
3329 2441 3500 2509 ipsum

1940 2512 2030 2565 hic
2049 2516 2418 2571 excudendum
2441 2519 2661 2572 minime
2684 2524 3013 2590 censuimus,
3042 2541 3162 2579 cum
3195 2528 3336 2581 inter
3352 2529 3501 2583 Guil-

1942 2599 2086 2654 lelmi
2128 2602 2338 2659 abbatis
2378 2605 2435 2659 8.
2483 2608 2804 2665 Theudorici
2855 2612 3028 2681 Opera
3072 2616 3125 2669 iu
3172 2617 3500 2674 Bibliotheca

1938 2690 2284 2749 Cisterciensi
2312 2695 2489 2752 editus
2508 2697 2790 2753 habeatur.

1937 2770 2183 2841 CENSURA
2222 2803 2363 2842 LIBRI
2402 2790 2480 2844 De
2501 2792 2739 2846 membris
2766 2804 2816 2848 et
2853 2796 3054 2850 aclibus
3085 2797 3189 2851 Deo
3219 2800 3499 2857 attributis.

2008 2874 2109 2929 llic
2133 2874 2269 2933 .‘iber
2297 2877 2350 2930 in
2384 2886 2513 2931 tom.
2544 2876 2612 2933 IV
2641 2894 2863 2951 operum
2891 2882 2950 2938 8.
2997 2886 3278 2955 Augustini
3313 2890 3504 2944 inseri-

1935 2972 2063 3035 ptus
2088 2967 2305 3038 legitur,
2340 2968 2417 3022 De
2444 2971 2663 3025 essentia
2690 2972 3033 3041 Divinitatis;
3071 2987 3126 3032 et
3161 2978 3214 3032 in
3253 2989 3360 3035 tom
3390 2981 3497 3038 ‘lX.

1935 3056 2169 3125 Operum
2202 3056 2261 3112 S.
2288 3057 2598 3129 Hieronymi
2624 3069 2708 3115 est
2727 3062 2953 3131 epismla
2986 3066 3071 3131 l5,
3107 3067 3180 3120 De
3208 3069 3272 3122 iis
3296 3084 3412 3139 quia
3437 3072 3502 3126 de

1934 3147 2045 3201 Deo
2078 3150 2132 3202 in
2163 3149 2454 3219 Scripturis
2481 3154 2676 3205 sanctis
2711 3158 3103 3213 attribuuntur:
3137 3173 3310 3217 exstat
3334 3166 3499 3220 etiam

1933 3236 2075 3291 inter
2104 3238 2163 3293 8.
2195 3238 2586 3295 Bonaventurze
2608 3245 2884 3310 opuscula.
2918 3245 3088 3312 Unde,
3117 3249 3241 3303 licet
3274 3254 3323 3305 in
3353 3254 3498 3320 prio—

1933 3327 2084 3381 ribus
2119 3328 2275 3381 editis
2307 3330 2478 3383 saneti
2504 3330 2741 3386 Anselmi
2773 3335 3026 3401 Operibus
3052 3338 3333 3403 habeatur,
3373 3357 3497 3397 cum

1932 3416 1987 3470 in
2016 3417 2163 3471 nullo
2192 3432 2295 3471 ms.
2318 3418 2438 3473 eod.
2470 3420 2708 3473 Auselmi
2740 3436 2931 3476 nomen
2959 3423 3221 3492 Obtineat,
3248 3428 3394 3482 illum
3418 3431 3499 3484 di—

1930 3506 2196 3561 misimus.

2127 3599 2370 3655 Csusuna
2409 3612 2674 3656 Lienonuu
2705 3602 2782 3657 De
2810 3605 3033 3675 imagine
3062 3609 3263 3662 mundi.

2001 3689 2112 3745 Hoc
2135 3707 2268 3761 opus
2291 3700 2464 3746 exstat
2494 3694 2543 3745 in
2570 3710 2670 3747 ms.
2692 3695 2756 3747 14
2777 3696 2905 3749 bibl.
2936 3696 3143 3767 collegii
3171 3698 3492 3764 Ovialensis.

1928 3780 2008 3836 sic
2031 3782 2348 3851 inscrithm
2377 3804 2390 3836 :
2426 3782 2676 3853 Epilogus
2704 3800 2905 3855 mappa:
2935 3789 3117 3841 mundi
3142 3806 3233 3856 per
3258 3793 3498 3846 eumdem

1930 3868 2171 3939 (Petrum
2202 3872 2266 3924 de
2287 3870 2494 3923 Alliaeo
2521 3871 3017 3942 Cameracensem).
3041 3875 3095 3927 In
3121 3890 3221 3927 ms.
3248 3876 3312 3929 12
3335 3877 3499 3931 colle-

1926 3959 1996 4027 gii
2024 3959 2277 4028 Corporis
2304 3954 2541 4023 Christi,
2584 3960 2724 4014 inter
2754 3960 2992 4031 Hugonis
3032 3963 3226 4031 Opera,
3261 3964 3336 4017 De
3364 3967 3498 4018 ima-

1924 4049 2041 4118 gine
2066 4049 2245 4102 mundi
2274 4049 2392 4101 libri
2420 4049 2544 4100 duo.
2585 4049 2640 4101 In
2667 4066 2766 4102 tns.
2801 4050 2831 4101 7
2857 4051 3046 4117 colleg.
3086 4052 3296 4105 Sanctae
3317 4052 3498 4106 Trini-

1926 4140 2093 4191 tatis:
2133 4136 2287 4191 Liber
2319 4137 2534 4190 Ilenriei
2572 4136 2939 4206 Hnntingdon,
2969 4140 3057 4215 qui
3089 4140 3280 4192 dicitur
3307 4140 3493 4211 Imago

1924 4226 2043 4280 Dei.
2070 4226 2125 4280 lu
2151 4242 2253 4280 ms.
2277 4225 2379 4280 567
2409 4225 2617 4296 collegii
2645 4225 2703 4280 S.
2736 4225 3012 4282 Benedicti
3041 4246 3053 4281 :
3096 4228 3280 4299 Imago
3310 4233 3492 4285 mandi

1925 4321 2206 4386 composita
2232 4335 2322 4386 per
2350 4316 2421 4371 II.
2454 4306 2779 4372 canonicum.
2811 4317 2923 4373 ibid
2959 4320 3010 4373 in
3036 4336 3137 4375 ms.
3163 4320 3232 4375 '52
3262 4339 3274 4375 :
3306 4321 3492 4391 Imago

243 4396 407 4450 libris
430 4401 581 4466 quasi
615 4400 832 4455 totidem
877 4404 1105 4472 gemmis
1140 4404 1450 4459 distinctum
1495 4406 1563 4459 ab
1595 4406 1821 4473 ipsomet
1851 4415 1895 4469 D
1922 4410 2099 4461 mundi
2127 4422 2244 4461 cum
2273 4408 2486 4477 prologo
2518 4405 2751 4461 doctoris
2768 4408 3047 4461 clarissimi
3076 4411 3305 4464 Anselmi
3337 4428 3494 4480 super

242 4484 510 4538 discimus
559 4488 612 4541 in
645 4488 761 4558 ejus
788 4490 1009 4560 prologo
1039 4493 1104 4545 ad
1146 4491 1313 4548 libros
1341 4493 1415 4547 De
1445 4493 1823 4563 glori/icatione

241 4569 305 4624 S.
326 4570 597 4627 Trinitatis
619 4586 665 4628 et
683 4580 1007 4645 processione
1030 4578 1254 4649 Spiritus
1276 4584 1464 4645 sancti,
1489 4582 1577 4636 ubi
1600 4598 1657 4637 se
1680 4583 1822 4637 hunc

242 4659 543 4724 Annulum,
572 4675 856 4733 expetente
905 4667 1122 4727 Conone
1155 4671 1423 4738 quondam
1458 4671 1652 4725 abbate
1684 4671 1825 4741 Syn-

241 4749 591 4818 geberuensi,
626 4761 735 4805 tum
786 4755 1161 4825 Ratisponeusi
1207 4760 1477 4826 episcopo,
1514 4768 1633 4827 post
1670 4773 1818 4812 com-

243 4839 425 4905 pletos
456 4842 712 4895 tredecim
762 4844 969 4898 libellos
1024 4846 1094 4898 De
1140 4846 1309 4915 gloria
1336 4846 1465 4899 Filii
1495 4848 1739 4915 hominis,
1767 4856 1822 4902 et

241 4936 377 4981 ante
405 4942 686 5002 susceptos
713 4933 879 4988 libros
910 4934 984 4987 De
1020 4936 1419 5004 gloriﬁcatione,
1451 4946 1555 4992 etc.
1587 4937 1714 5007 (hoc
1737 4947 1821 4992 est

243 5015 394 5069 circa
436 5034 526 5072 an.
574 5021 731 5091 “27)
777 5023 1160 5091 conscripsisse
1200 5040 1261 5077 se
1298 5025 1571 5093 puniatur.
1616 5026 1690 5079 De
1735 5028 1818 5083 bis

241 5104 399 5173 plura
431 5108 659 5163 disserui
690 5112 741 5164 in
765 5112 1019 5183 Apologia
1049 5130 1146 5182 pro
1169 5114 1427 5183 Ruperti).

334 5226 583 5283 Causam
619 5245 825 5286 manu
863 5248 1219 5354 cutlat'wws
1250 5252 1263 5287 :
1300 5235 1552 5301 Quadam
1581 5236 1722 5290 dicta

882 5313 957 5354 ιιιι
983 5320 1054 5354 ια.
1084 5313 1187 5354 etc.

882 5313 1055 5369 utilia,
1084 5313 1187 5358 etc.

311 5385 390 5438 Ea
420 5384 479 5438 P.
512 5387 682 5458 Rayn.
712 5404 776 5443 ex
802 5406 933 5444 mss.
959 5391 1089 5445 bibi.
1120 5392 1297 5447 Vatic.
1328 5393 1535 5462 primus
1564 5393 1617 5447 in
1642 5392 1813 5447 lucem

237 5477 429 5530 misit:
462 5487 517 5532 et
542 5480 654 5533 haec
677 5480 890 5547 quidem
928 5482 1240 5537 Anselmum
1282 5484 1514 5553 sapiunt.
1549 5484 1811 5538 Nonnulla

233 5582 305 5620 ex
357 5583 462 5621 ms.
495 5568 811 5625 Corbeiensi
867 5571 951 5626 bis
999 5572 1395 5643 subjunximus,
1436 5588 1556 5643 quze
1600 5588 1700 5629 nec
1744 5574 1813 5629 ab

232 5658 497 5713 Auselmo
526 5658 699 5712 aliena
728 5669 869 5715 sunt.

1925 4498 2113 4551 librum
2144 4498 2293 4565 cujus
2336 4507 2519 4550 auctor
2551 4507 2625 4550 est
2656 4496 2813 4565 Creg.
2864 4486 3231 4567 Huntingdon.
3276 4500 3330 4554 In
3387 4518 3489 4557 ms.

1924 4590 2028 4644 280
2057 4589 2312 4643 Bibliotb.
2343 4587 2526 4657 Regia:
2552 4601 2566 4639 :
2595 4586 2788 4656 Incipit
2819 4587 3065 4657 prologus
3096 4589 3230 4643 beati
3256 4591 3492 4647 Anselmi

1922 4680 2146 4749 episcopi
2178 4694 2333 4744 super
2373 4678 2566 4729 librum
2603 4678 2691 4746 qui
2720 4677 2954 4730 dicitur:
2985 4678 3169 4748 Imago
3199 4684 3400 4735 mundi.
3431 4683 3489 4737 In

1923 4783 2027 4825 ms.
2060 4768 2163 4821 512
2191 4776 2390 4821 nostra:
2437 4765 2685 4820 bibliotb.
2714 4763 3111 4821 San-German.
3146 4780 3324 4824 exstat
3352 4772 3491 4825 liber

1923 4854 2265 4908 intitulatus:
2315 4853 2596 4923 Speculum
2641 4854 2716 4907 vel
2756 4852 2941 4924 Imago
2989 4860 3191 4924 mundi,
3237 4862 3407 4913 editus
3453 4878 3489 4915 α

1919 4946 2082 5014 fratre
2123 4944 2395 4999 Vincentio
2431 4944 2630 4997 ordinis
2660 4942 2756 4997 Fr.
2793 4944 3007 5012 Pra’d.;
3040 4949 3133 5002 sed
3162 4950 3207 5003 is
3244 4951 3380 5003 alius
3402 4960 3486 5004 est

1920 5036 1987 5088 ab
2014 5050 2079 5088 eo
2123 5034 2212 5104 qui
2267 5034 2407 5087 inter
2455 5034 2515 5086 8.
2562 5032 2797 5086 Anselmi
2830 5034 3001 5104 Opera
3041 5037 3142 5090 fuit
3188 5039 3382 5091 editus.
3424 5039 3482 5094 In

1919 5125 2160 5193 ejusdem
2214 5125 2344 5179 bibl.
2376 5140 2476 5177 ms.
2508 5124 2610 5177 515
2636 5123 2772 5178 alius
2801 5124 2936 5177 liber
2967 5125 3161 5194 legitur
3186 5141 3252 5180 eo
3283 5128 3436 5185 titulo
3462 5147 3477 5185 :

1919 5216 2193 5284 Speculum
2226 5215 2301 5269 vel
2340 5215 2510 5283 imago
2546 5216 2746 5279 mundi,
2790 5216 2935 5272 nullo
2963 5216 3198 5270 auctoris
3224 5219 3474 5284 nomine;

1918 5308 2011 5361 sed
2040 5322 2141 5361 nec
2167 5306 2212 5360 is
2239 5315 2321 5359 est
2349 5305 2484 5361 idem
2517 5320 2640 5359 cum
2668 5305 2804 5360 aliis.

1992 5397 2047 5450 In
2091 5395 2340 5451 omnibus
2380 5410 2538 5460 vero,
2593 5394 2753 5447 etiam
2802 5393 3212 5463 antiquioribus,
3264 5399 3481 5457 excusis

1916 5488 2089 5543 sancti
2115 5486 2351 5540 Anselmi
2380 5485 2643 5555 Operibus
2667 5492 2880 5538 exstant
2905 5485 2958 5542 bi
2990 5486 3094 5542 duo
3117 5487 3262 5543 libri.

1983 5578 2233 5633 Attamen
2263 5577 2331 5632 ab
2366 5577 2469 5631 isto
2515 5572 2784 5633 volumine
2814 5577 2960 5649 ipsos
2997 5579 3345 5645 exclusimus,
3378 5593 3478 5636 nec

1913 5666 2128 5735 quidem
2156 5666 2208 5719 in
2234 5663 2537 5733 Appendice
2559 5663 2639 5719 eis
2659 5664 2899 5720 dedimus
2920 5666 3116 5734 locum,
3144 5678 3477 5738 utpotequos
