4068 6286
615 381 684 438 ιη
896 444 899 448 ἓ
1282 410 1291 413 ν
1691 357 2082 419 sumsum
2120 355 2467 413 cuman.
2504 352 2817 409 menter.
3070 439 3083 448 _
3445 437 3458 448 ι
3558 435 3573 448 _
3674 436 3710 448 __
3796 347 3872 403 ts

616 435 856 527 hnselmi
881 444 1000 523 esse
1040 479 1147 519 non
1187 468 1417 525 constat,
1453 466 1507 512 et
1558 470 1693 525 quos
1733 453 1882 519 alibi,
1916 452 2183 515 videlicet,
2215 450 2501 509 Aeasdetn
2542 448 2593 500 in
2638 446 2745 501 isto
2794 439 3216 502 Similitudinum
3239 438 3379 495 libro
3413 435 3575 493 simul
3604 436 3871 495 collectas

616 564 759 617 inter
778 560 996 616 ﬂoaorli
1024 550 1520 625 Angustodunensis
1542 549 1715 620 Opera
1741 558 2030 616 expressos
2058 542 2184 613 legi-

615 668 738 708 mus
761 652 815 706 in
842 659 972 705 tom.
1005 648 1096 702 Xli
1118 643 1461 700 Bibliothecw
1498 639 1603 694 PP.

721 744 967 797 Clausum
993 752 1133 792 Ltsnt
1166 734 1243 789 De
1271 732 1587 786 beatitudine
1608 725 1825 782 caelestis
1860 724 2079 778 Patriae.

680 834 739 888 ιιι
778 847 878 885 ms.
921 827 1169 884 biblioth.
1222 820 1520 879 Clarasvall.
1570 820 1625 873 8.
1672 815 1953 885 Ebrulphi,
2017 812 2186 882 Longi

610 921 797 976 Pontis
830 928 884 973 et
910 917 969 972 8.
1013 913 1229 970 Martini
1264 912 1496 965 Tornac.
1532 908 1658 963 huic
1699 906 1836 960 libro
1873 903 2048 959 sancti
2073 902 2188 957 An-

610 1008 765 1064 selmi
792 1020 985 1061 nomen
1018 1002 1298 1073 praeﬁxum
1335 1007 1439 1054 est.
1469 998 1669 1053 Verum
1709 996 1763 1050 in
1796 1010 1900 1049 ms.
1930 992 2092 1047 Corb.
2122 991 2188 1046 E.

610 1099 678 1152 10
704 1096 831 1152 etin
860 1111 963 1149 ms.
991 1095 1115 1148 Bec.
1135 1090 1401 1147 Eadmero
1427 1087 1739 1151 ascribitur,
1762 1084 1995 1141 etsimul
2012 1091 2192 1139 exstat

620 1189 739 1259 ejus
768 1187 837 1241 ad
862 1185 1206 1240 Guillelmum
1252 1181 1577 1237 monachum
1606 1178 1833 1248 epistola
1857 1184 2000 1247 ‘qute
2029 1174 2190 1232 simul

614 1295 739 1333 cum
775 1276 995 1347 prologo
1029 1281 1250 1329 enarrat
1287 1271 1629 1327 describendi
1654 1270 1877 1340 hujusce
1912 1266 2078 1322 libelli
2106 1281 2192 1321 ra-

613 1370 840 1432 tionem,
872 1377 924 1422 et
947 1367 1271 1421 Eadmerum
1302 1363 1419 1432 ejus
1448 1371 1724 1416 auctorem
1766 1368 1951 1429 aperte
1980 1358 2191 1411 denun-

612 1456 735 1510 tiat.
764 1455 925 1510 Plura
954 1456 1118 1510 etiam
1149 1468 1217 1508 ex
1259 1467 1324 1507 eo
1350 1451 1696 1521 proferuntur
1729 1450 1784 1504 in
1831 1448 1867 1502 l.
1896 1448 1973 1503 De
2001 1446 2193 1501 simili.

614 1549 890 1605 Iudicibus
939 1563 970 1601 a
1005 1562 1057 1602 c.
1099 1545 1169 1598 47
1216 1544 1281 1598 ad
1322 1559 1371 1599 c.
1399 1544 1485 1597 71.
1517 1541 1721 1597 Nomen
1753 1549 1935 1595 autem
1989 1539 2047 1593 8.
2080 1537 2198 1592 An-

614 1638 771 1695 selmi
803 1652 909 1693 non
939 1636 1211 1691 immerito
1241 1634 1459 1703 praefert
1498 1632 1551 1686 in
1598 1631 1846 1702 pluribus
1894 1644 2027 1684 mss.
2067 1643 2192 1683 cum

611 1745 794 1785 sermo
821 1730 891 1783 sit
915 1743 1076 1797 quem
1106 1735 1331 1781 sanctus
1378 1723 1665 1778 Anselmus
1693 1721 1936 1777 Cluniaci
1980 1719 2191 1785 habuit,

2285 538 2531 608 legimus.
2563 536 2735 603 Quod,
2769 535 2908 590 sicut
2933 542 2991 588 et
3018 540 3164 593 totus
3198 530 3355 586 istius
3398 528 3526 583 libri
3553 536 3869 595 contextus,

2284 636 2436 683 certo
2465 626 2594 683 mihi
2621 633 2937 696 argumento
2971 632 3046 677 est
3079 623 3252 692 ipsum
3292 621 3361 677 ab
3384 620 3571 675 eodem
3601 618 3871 674 Eadmero

2286 735 2409 775 esse
2443 720 2800 787 compositum
2836 732 2901 771 ex
2938 716 3005 771 iis
3028 730 3163 783 quas
3187 712 3350 767 simul
3396 711 3637 783 collegit,
3670 710 3729 766 8.
3753 711 3869 764 An-

2287 811 2439 867 sclmi
2491 826 2598 865 non
2641 806 3083 865 similitudinibus
3118 806 3279 861 modo
3331 805 3424 860 sed
3467 814 3523 860 et
3563 803 3871 868 sententiis,

2287 901 2521 956 maxime
2542 900 2608 955 de
2636 898 2931 962 voluntate,
2966 896 3035 950 de
3071 894 3378 950 humilitate
3416 907 3482 948 ac
3518 892 3585 948 de
3630 891 3874 945 beatitu-

2287 988 2414 1043 dine
2436 996 2492 1042 et
2515 987 2755 1041 miseria.
2780 983 2933 1040 Unde
2979 999 3084 1037 una
3116 983 3260 1037 illius
3300 996 3427 1052 pars
3479 994 3872 1048 nonnunquam

2288 1079 2544 1148 inscripta
2562 1079 2829 1149 reperitur
2853 1094 2867 1130 :
2896 1075 3048 1129 Liber
3070 1075 3134 1128 de
3156 1073 3353 1143 triplici
3379 1071 3645 1126 voluntate
3658 1088 3678 1136 ;
3700 1070 3874 1125 altera

2288 1167 2367 1223 De
2391 1178 2562 1222 monte
2581 1167 2892 1221 humilitatis
2916 1182 2934 1231 ;
2960 1175 3015 1220 et
3041 1164 3222 1229 tertia,
3251 1163 3316 1217 de
3336 1162 3731 1234 quatuordecim
3751 1160 3875 1214 bea-

2289 1259 2603 1313 titudinibus
2641 1268 2689 1312 et
2728 1258 2942 1311 totidem
2968 1255 3214 1309 miseriis.

2378 1359 2625 1414 CENSURA
2658 1374 2798 1413 nam
2835 1357 2913 1411 De
2937 1354 3242 1412 excellentia
3262 1353 3505 1426 gloriosw
3529 1351 3786 1422 Virginis.

2359 1458 2419 1513 In
2455 1458 2690 1512 editione
2727 1453 3181 1525 Nurembergensi
3209 1467 3316 1508 non
3347 1460 3528 1508 exstat
3572 1451 3661 1507 hic
3691 1450 3870 1515 liber;

2292 1550 2346 1606 in
2374 1551 2495 1606 aliis
2525 1558 2729 1614 tamen,
2768 1549 2932 1604 etiam
2963 1546 3234 1610 Golhicis,
3267 1544 3464 1614 legitur
3498 1543 3643 1598 inter
3695 1542 3877 1598 sancti

2291 1639 2530 1695 Anselmi
2550 1639 2723 1708 Opera
2751 1653 2767 1691 :
2790 1637 2937 1692 hunc
2957 1650 3087 1690 vero
3105 1651 3171 1691 ex
3194 1649 3281 1689 ms
3297 1633 3460 1689 Becc.
3486 1633 3529 1688 E
3550 1632 3618 1686 11)
3639 1631 3873 1687 Eadme-

2295 1745 2357 1787 ro
2385 1731 2745 1795 restituimus,
2781 1728 2934 1799 cujus
2962 1726 3102 1798 ston
3132 1725 3470 1794 conscriptus
3496 1732 3600 1780 est.

621 1826 678 1873 et
703 1832 863 1887 Quem
915 1816 1219 1873 individuus
1264 1814 1381 1884 eius
1425 1828 1606 1868 comes
1630 1813 1931 1867 Eadmerus
1982 1810 2037 1867 in
2070 1806 2272 1872 libri'B
2333 1822 2579 1877 Ceasuns
2602 1835 2743 1875 unm
2773 1819 2851 1872 De
2879 1815 3402 1889 quatuorrirtutibus
3439 1817 3601 1869 beata:
3626 1812 3838 1867 Mariae.

610 1905 787 1962 forma
817 1905 1127 1975 descripsit.

898 1996 1144 2051 CENSURA
1172 2010 1314 2050 nam
1340 1992 1419 2047 De
1445 1993 1895 2047 similitudinibus.

681 2085 845 2141 Liber
866 2085 955 2141 hic
984 2087 1038 2140 in
1064 2101 1165 2139 ms.
1192 2084 1391 2138 Lirano
1423 2095 1476 2139 et
1500 2084 1553 2138 in
1583 2100 1684 2139 ms.
1717 2084 1854 2138 aulae
1875 2082 2194 2139 Pembroeh.

613 2175 970 2232 inscribitur:
1002 2174 1080 2229 De
1110 2174 1342 2227 moribus
1380 2174 1656 2241 humanis;
1699 2174 1839 2229 inter
1868 2174 1926 2229 8.
1957 2174 2196 2231 Anselmi

612 2282 779 2337 opera
807 2275 986 2323 exstat
1008 2268 1062 2321 in
1086 2266 1338 2322 omnibus
1362 2267 1579 2321 excusis
1608 2275 1663 2321 et
1695 2267 1749 2320 in
1800 2265 2042 2334 pluribus
2066 2280 2195 2321 mss.

548 2429 555 2434 ν
616 2357 772 2413 Unde
808 2356 867 2412 8.
934 2357 1190 2422 Thomas,
1240 2357 1297 2411 8.
1344 2357 1567 2421 Bonav.,
1612 2366 1831 2411 sanctus
1898 2357 2202 2411 Antoninus

617 2456 673 2503 et
698 2447 786 2501 alii
816 2448 989 2517 ipsum
1038 2446 1095 2503 S.
1130 2446 1386 2502 Anselmo
1420 2447 1817 2516 adjudicavere.
1864 2447 2013 2502 Unus
2040 2446 2200 2501 Pater

613 2536 959 2608 Theophylus
991 2537 1042 2592 id
1059 2552 1195 2606 opus
1221 2537 1364 2592 inter
1396 2538 1559 2590 notha
1588 2536 1898 2601 recensuit;
1935 2549 2037 2589 nec
2059 2533 2200 2601 inju-

611 2625 714 2680 ria.
746 2623 900 2680 Hunc
923 2625 1065 2679 enim
1094 2624 1291 2679 librum
1317 2625 1384 2678 ab
1412 2624 1668 2679 Anselmo
1693 2640 1799 2683 non
1833 2639 1955 2679 esse
1976 2637 2199 2691 compo-

613 2713 778 2769 situm
802 2713 1163 2780 convincitur,
1202 2713 1253 2766 1.
1302 2727 1367 2768 ex
1420 2721 1624 2782 septem
1661 2712 1909 2781 capitulis
1939 2711 2197 2775 186-192,

615 2819 738 2875 qua:
772 2804 825 2858 in
856 2813 1013 2858 antea
1043 2803 1206 2858 editis
1241 2811 1513 2872 postrema
1553 2811 1709 2866 sunt;
1744 2803 1837 2856 sed
1866 2800 1957 2856 eis'
1978 2816 2102 2856 cum
2130 2816 2199 2855 ex

616 2909 723 2948 ms.
758 2892 814 2948 8.
853 2892 1110 2947 Germani
1136 2901 1249 2946 tum
1270 2906 1338 2946 ex
1374 2906 1476 2946 ms.
1519 2891 1797 2956 Beccensi,
1831 2892 1937 2946 duo
1978 2889 2200 2960 subjun-

614 2983 937 3053 ximusqua:
964 2982 1018 3053 in
1056 2982 1330 3053 prioribus
1358 2983 1572 3037 excusis
1611 2998 1716 3037 non
1757 2981 2092 3051 legebantur.
2141 2982 2199 3036 In

613 3072 685 3127 iis
708 3078 890 3126 autem
916 3078 1119 3140 septem
1160 3069 1413 3140 capitulis
1456 3079 1644 3125 auctor
1675 3070 1741 3125 de
1761 3068 1820 3125 8.
1846 3070 2101 3124 Anselmo
2122 3068 2201 3122 lo-

2364 1911 2519 1965 Hunc
2557 1909 2752 1963 librum
2774 1908 2938 1962 Pater
2976 1906 3308 1976 llaynaudus
3355 1904 3563 1974 primus
3609 1902 3782 1958 edidit
3824 1909 3876 1957 et

2295 1999 2356 2055 8.
2376 1999 2631 2055 Anselmo
2643 1996 2989 2066 adjudicavit.
3005 1994 3446 2064 Quandoquidem
3474 2007 3604 2048 vero
3632 1993 3683 2046 in
3714 1990 3877 2046 nullis

2294 2103 2428 2143 mss.
2457 2096 2550 2141 aut
2578 2095 2736 2141 antea
2763 2083 2923 2139 editis
2960 2082 3134 2137 sancti
3161 2081 3402 2137 Anselmi
3428 2081 3683 2150 operibus
3719 2081 3869 2135 illum

2294 2177 2675 2248 compererim,
2708 2177 2763 2230 in
2793 2190 2859 2230 eo
2894 2181 3074 2228 tamen
3118 2172 3293 2227 sancti
3321 2171 3558 2226 Anselmi
3591 2173 3877 2226 sententia:

2296 2267 2795 2339 deprehendantur,
2830 2263 3065 2319 maxime
3099 2263 3192 2317 ubi
3230 2262 3296 2317 de
3336 2261 3426 2315 Dei
3464 2260 3709 2331 potentia
3743 2263 3872 2331 agit,

2296 2360 2432 2414 adeo
2457 2367 2513 2412 et
2540 2356 2724 2413 verbis
2746 2364 2801 2411 et
2830 2369 2989 2409 sensu
3019 2353 3160 2408 libro
3180 2350 3506 2422 praecedenti
3537 2349 3714 2406 aliinis
3741 2351 3874 2406 mihi

2295 2451 2447 2505 visus
2468 2456 2576 2513 est,
2601 2456 2661 2501 ut
2686 2456 2741 2502 et
2764 2444 3037 2508 Eadmeri,
3071 2444 3160 2513 qui
3190 2441 3248 2497 S.
3278 2441 3516 2497 Ansehni
3545 2441 3758 2512 placitis
3782 2441 3876 2495 lir-

2296 2541 2460 2596 miter
2489 2546 2907 2607 constanterque
2937 2535 3187 2601 adhaesit,
3213 2541 3429 2604 partum
3459 2548 3578 2588 esse
3608 2548 3714 2587 non
3742 2532 3876 2587 levi-

2299 2641 2382 2686 ter
2408 2630 2696 2697 conjiciam
2725 2646 2740 2681 :
2778 2628 2947 2698 ipsius
2977 2634 3157 2680 tamen
3196 2639 3393 2678 nomen
3427 2624 3555 2679 huic
3579 2622 3731 2692 Operi
3770 2623 3876 2678 hac

2296 2737 2403 2777 una
2438 2722 2648 2775 ratione
2683 2719 2959 2790 prtetigere
2989 2733 3097 2773 non
3129 2726 3291 2771 ausus
3320 2732 3462 2772 sum.

2368 2809 2425 2863 lu
2460 2821 2593 2862 mss.
2625 2807 2755 2861 bibl.
2776 2807 3030 2862 Alnensis
3049 2814 3227 2861 exstat
3250 2813 3511 2860 tractatus
3540 2804 3834 2874 inscriptus
3856 2822 3873 2857 :

2298 2897 2577 2953 Anselmus
2617 2899 2682 2952 de
2723 2897 2921 2967 duplici
2960 2895 3118 2952 stola.
3169 2896 3225 2950 In
3259 2910 3343 2950 ms
3370 2895 3508 2950 G.'6
3533 2894 3876 2949 bibliotheca

2298 2987 2599 3043 Bodleianze
2626 2988 2768 3042 inter
2794 2987 2965 3042 sancti
2998 2986 3242 3041 Anselmi
3267 2984 3442 3054 Opera
3469 2984 3704 3039 occurrit
3735 2984 3877 3039 liber

2303 3078 2378 3132 De
2405 3078 2541 3132 stola
2569 3078 2768 3146 duplici
2789 3087 2905 3147 post
2936 3077 3386 3131 resurrectionem.
3414 3074 3583 3143 Hujus
3612 3076 3792 3144 operis
3818 3085 3876 3130 ut

612 3161 828 3232 quitur;
861 3160 1004 3236 unde
1035 3161 1341 3216 necessario
1381 3161 1734 3230 consequitur
1757 3176 1880 3216 eum
1924 3175 1952 3213 a
2003 3158 2060 3214 S.
2091 3160 2195 3213 An-

2302 3168 2518 3240 aliquod
2554 3168 2807 3223 haberem
2834 3166 3133 3236 exemplar,
3163 3167 3215 3220 in
3243 3180 3329 3220 me
3358 3180 3463 3220 non
3495 3164 3626 3228 fuit;
3654 3164 3747 3218 sed
3774 3178 3878 3218 nec

612 3249 783 3305 selmo
806 3248 970 3305 alium
1010 3263 1149 3306 esse.
1182 3248 1294 3304 Nec
1331 3250 1454 3320 quis
1484 3264 1547 3304 ea
1588 3249 1729 3304 dicat
1764 3247 1973 3319 adjecta
2006 3247 2192 3313 fuisse,

613 3335 756 3391 sicut
795 3351 985 3393 revera
1022 3338 1076 3392 in
1126 3337 1365 3393 editione
1390 3338 1747 3408 Nuremherg.
1773 3353 1879 3394 non
1904 3338 2193 3402 habentur,

614 3427 671 3481 in
702 3428 954 3483 omnibus
993 3430 1138 3484 enim
1171 3444 1303 3484 mss.
1340 3443 1403 3483 ea
1430 3429 1702 3501 leguntur,
1735 3439 1792 3483 et
1839 3445 2003 3484 unum
2055 3430 2195 3498 ipso-

615 3529 738 3570 rum
764 3518 866 3572 sub
888 3517 1129 3573 Anselmi
1156 3521 1320 3573 etiam
1346 3500 1564 3573 nomine
1585 3535 1613 3571 a
1655 3519 1711 3573 S.
1744 3519 1946 3572 Bonav.
1972 3500 2192 3573 citatur'.

684 3605 824 3663 Hinc
844 3617 1027 3665 autem
1055 3624 1209 3664 error
1231 3618 1392 3665 natus
1414 3619 1497 3666 est
1526 3613 1669 3679 quod
1693 3610 1829 3665 liber
1852 3611 1952 3665 iste
1980 3625 2196 3680 compo-

616 3700 755 3756 situs
791 3700 863 3756 sit
914 3715 982 3754 ex
1032 3701 1477 3756 similitudinibus
1521 3716 1656 3771 quas
1709 3700 1769 3755 S.
1821 3701 2106 3756 Anselntus
2128 3701 2194 3755 ad

618 3802 802 3845 mores
853 3787 1011 3845 facile
1059 3790 1462 3859 componendas
1496 3791 1753 3845 adhibere
1802 3799 2194 3845 consueverat:

614 3883 758 3938 utide
811 3881 950 3937 liber
997 3881 1423 3938 Similitudinum
1469 3882 1713 3937 Ansclmi
1764 3891 1911 3937 recte
1958 3882 2062 3937 dici
2104 3897 2197 3950 po-

614 3970 736 4035 tuit,
793 3970 879 4027 vel
932 3971 1152 4027 inscribi
1206 3971 1264 4026 S.
1312 3973 1543 4027 Anselmi
1576 3971 1981 4027 Similitudines.
2025 3971 2197 4039 Quam

616 4061 882 4129 plurimas
918 4064 1063 4118 enim
1089 4077 1156 4118 ex
1204 4064 1270 4119 iis
1298 4066 1495 4134 quibus
1537 4064 1595 4119 8.
1621 4065 1908 4121 Anselmus
1935 4080 2064 4120 usus
2090 4074 2196 4130 est,

615 4153 919 4210 Eadmerus
946 4154 1154 4223 profert
1180 4155 1234 4208 in
1262 4155 1298 4208 l.
1332 4156 1407 4211 De
1434 4155 1552 4224 ejus
1582 4156 1699 4212 Vita
1728 4176 1744 4210 :
1783 4172 1975 4227 nempe
2005 4156 2198 4211 simili-

626 4243 870 4296 tudinem
906 4243 1139 4307 Ursarii,
1186 4244 1290 4298 col.
1338 4244 1751 4310 58;Cerae,59;
1810 4246 2035 4312 Plantae,
2084 4245 2196 4310 67;

624 4328 854 4395 Vivarii,
868 4329 966 4395 76;
992 4330 1247 4398 Bubonis,
1264 4331 1333 4385 83
1348 4348 1363 4397 ;
1380 4332 1691 4399 Molendini,
1707 4332 1805 4398 85;
1838 4332 2080 4402 Leporis,
2097 4334 2159 4386 91
2181 4349 2196 4397 ;

623 4419 896 4492 Avicuke',
935 4422 1069 4488 92.;
1138 4420 1324 4478 Militis
1376 4422 1650 4489 solidarii,
1719 4423 1820 4478 col.
1892 4424 2003 4497 94;
2066 4439 2203 4493 quas

2296 3261 2365 3314 ab
2395 3258 2648 3314 Anselmo
2679 3257 3061 3313 Cantuariensi
3096 3255 3226 3311 illud
3256 3256 3615 3324 compositum
3648 3268 3874 3319 censeo,

2296 3347 2448 3418 cujus
2476 3349 2772 3403 Eadmerus
2793 3354 2888 3402 aut
2906 3347 3045 3402 alius
3074 3347 3197 3416 quis
3222 3361 3328 3400 non
3358 3344 3624 3400 meminit.

2370 3440 2443 3494 De
2468 3439 2790 3493 Antichrislo
2812 3440 2943 3492 liber
2966 3455 3100 3492 unus
3126 3437 3383 3492 Anselmo
3407 3436 3663 3490 tribuitur
3684 3434 3740 3489 in
3766 3449 3873 3489 ms.

2297 3530 2398 3584 122
2435 3540 2490 3584 ct
2521 3528 2622 3585 154
2651 3529 2784 3584 bibl.
2830 3528 2953 3584 coll.
2990 3529 3049 3583 8.
3093 3527 3295 3583 Bened.
3326 3524 3696 3594 Cantabrigae;
3738 3534 3793 3578 et
3819 3524 3874 3577 in

2297 3636 2400 3674 ms.
2422 3620 2526 3675 205
2550 3619 2686 3673 aulae
2707 3618 3025 3675 Pembroch.
3045 3618 3197 3674 Hunc
3217 3618 3412 3674 librum
3434 3614 3664 3685 coniicio
3682 3630 3878 3670 execr-

2298 3720 2447 3782 ptum
2492 3726 2559 3765 ex
2591 3725 2641 3765 c.
2689 3710 2759 3763 30
2792 3719 2847 3765 et
2895 3724 3014 3780 seq.
3062 3708 3380 3774 Elucidarii,
3424 3707 3571 3777 quod
3612 3706 3873 3762 Anselmo

2297 3798 2608 3864 ascribitur,
2641 3798 2741 3852 etsi
2770 3798 2925 3852 falso.

2371 3882 2591 3937 Librum
2620 3883 2782 3937 etiam
2814 3883 2886 3936 De
2908 3884 3043 3937 bona
3066 3883 3402 3952 occupatione
3421 3881 3677 3938 Anselmo
3700 3885 3874 3936 ascri-

2299 3975 2436 4030 bunt
2458 3988 2560 4029 ms.
2598 3973 2703 4027 154
2736 3973 2947 4042 praefati
2983 3973 3194 4044 collegii
3225 3973 3283 4027 S.
3310 3972 3514 4028 Bened.
3547 3980 3603 4028 et
3631 3987 3733 4026 ms.
3766 3972 3861 4026 16.

2297 4063 2432 4119 bibl.
2467 4063 2682 4135 collegii
2711 4062 3007 4133 Magdalen.
3043 4061 3388 4118 Oxoniensis.

2370 4154 2447 4209 De
2476 4155 2672 4224 quibus
2697 4168 2828 4209 vero
2854 4153 2942 4207 hic
2975 4152 3112 4207 liber
3143 4161 3269 4222 agat
3310 4151 3518 4207 rescire
3557 4164 3663 4204 non
3697 4151 3867 4219 potui.

2297 4244 2479 4313 ipsum
2505 4244 2754 4312 denique,
2782 4251 2914 4297 utet
2934 4240 3067 4297 alios
3088 4242 3178 4310 qui
3205 4240 3443 4295 Anselmi
3466 4253 3660 4293 nomen
3681 4237 3872 4307 praefe-

2300 4340 2448 4396 runt,
2473 4331 2615 4386 fetus
2647 4340 2796 4386 tanto
2824 4330 2971 4384 Patri
2999 4330 3303 4399 suppositos
3321 4328 3526 4398 judico,
3551 4325 3748 4395 quibus
3786 4338 3870 4379 ne-

2300 4422 2588 4478 censendis
2614 4435 2720 4476 non
2746 4434 2959 4489 equum
2988 4426 3073 4474 est
3097 4418 3298 4474 diutius
3320 4414 3625 4473 immorari.
