4068 6286
559 351 623 410 δι
1609 348 1668 404 s.
1701 346 1996 404 ANSELMI
2039 341 2388 401 caurum.
2419 339 2730 396 summer.
2814 297 2820 302 ’

3741 339 3877 394 52‘

560 460 886 528 ascendere,
929 462 1064 517 vidit
1092 461 1147 518 in
1181 461 1399 532 planitie
1429 475 1533 531 qua
1559 461 1816 535 pergebat
1846 459 1908 512 ad
1945 459 2131 528 pedem
2161 462 2204 517 Α
2237 453 2368 530 chus
2409 452 2523 506 fieri
2555 458 2792 519 cuperet.
2830 449 3077 504 Studium
3117 461 3331 518 quoque
3369 443 3681 502 litterarum
3704 490 3720 515 ,
3761 449 3815 503 in

558 554 762 612 montis
796 553 1080 619 mulieres,
1114 569 1234 622 quae
1276 552 1416 622 regis
1444 561 1600 606 erant
1637 550 1845 604 ancillae
1874 590 1888 614 ,
1925 559 2134 625 segetes

559 654 786 711 metere,
822 645 915 701 sed
943 645 1044 700 hoc
1072 643 1232 698 nimis
1263 643 1592 713 negligenter
1619 641 1884 694 faciebant
1914 649 1967 694 et
1995 639 2135 694 desi-

559 737 729 792 diose.
757 735 995 802 Quarum
1021 749 1155 806 puer
1181 733 1440 788 desidiam
1473 733 1660 787 dolens
1688 747 1751 786 ac
1782 727 2131 799 redarguen‘s,

555 829 837 900 proposuit
871 829 1051 883 animo
1080 842 1138 882 se
1163 825 1300 896 apud
1337 825 1612 880 dominum
1660 839 1836 893 regem
1871 822 2013 892 ipsas
2041 837 2134 875 ac-

559 929 892 975 cusaturum.
927 918 1130 974 Dehinc
1158 926 1341 971 monte
1366 926 1700 981 transcenso,
1727 913 1927 983 regiam
1957 911 2132 965 aulam

555 1012 722 1066 subit.
753 1011 1037 1068 Dominum
1067 1026 1187 1065 cum
1217 1009 1330 1064 solo
1355 1024 1453 1063 suo
1478 1007 1716 1078 dapifero
1747 1006 1970 1062 invenit.
2001 1004 2134 1059 Nam

555 1100 818 1157 familiam
843 1115 1018 1166 suam,
1038 1109 1098 1157 ut
1119 1099 1222 1159 sibi
1244 1100 1548 1164 videbatur,
1572 1098 1823 1168 quoniam
1847 1106 2137 1153 autumnus

558 1201 700 1258 erat,
728 1194 794 1247 ad
825 1193 1154 1262 colligendas
1186 1205 1388 1246 messes
1418 1190 1660 1246 miserat.
1694 1188 2138 1259 Ingrediensita-

556 1299 664 1354 que
685 1298 838 1353 puer,
866 1299 897 1338 a
925 1283 1142 1338 domino
1169 1290 1409 1338 vocatur.
1433 1281 1675 1344 Accedit,
1698 1288 1858 1349 atque
1881 1280 1947 1334 ad
1975 1281 2138 1349 pedes

557 1374 676 1445 ejus
705 1376 876 1430 sedet.
906 1375 1274 1446 lnterrogatur
1293 1373 1530 1443 jucunda
1557 1372 1872 1428 affabilitate
1897 1372 2020 1442 quis
2044 1371 2135 1438 sit,

559 1466 645 1521 vel
677 1467 818 1521 unde
842 1467 1036 1535 quidve
1063 1466 1210 1520 velit.
1242 1465 1552 1535 Respondet
1576 1465 1661 1519 ille
1691 1465 1759 1518 ad
1789 1465 2135 1534 interrogata,

553 1556 707 1625 juxta
738 1558 879 1626 quod
913 1573 1024 1612 rem
1055 1573 1173 1612 esse
1199 1558 1422 1612 sciebat.
1455 1557 1605 1611 Tunc
1632 1556 1697 1610 ad
1731 1555 2014 1624 imperium
2046 1555 2140 1609 do-

557 1651 691 1705 mini
730 1651 886 1721 panis
929 1651 976 1703 ei
1013 1650 1367 1704 nitidissimus
1411 1665 1508 1719 per
1548 1647 1851 1718 dapiferum
1894 1646 2136 1712 affertur,

559 1756 731 1811 eoque
760 1757 940 1796 coram
967 1742 1082 1810 ipso
1109 1741 1367 1797 reficitur.
1396 1741 1548 1795 Mane
1572 1741 1736 1810 igitur
1757 1755 1876 1793 cum
1904 1738 2030 1808 quid
2056 1737 2138 1791 vi—

560 1833 702 1889 derit
729 1843 852 1889 ante
884 1834 1070 1888 oculos
1102 1834 1298 1888 mentis
1330 1835 1645 1896 reduceret,
1678 1833 1817 1886 sicut
1847 1846 1979 1900 puer
2007 1831 2138 1884 sim-

557 1922 678 1993 plex
725 1931 780 1976 et
821 1923 1080 1976 innocens
1116 1936 1172 1975 sc
1217 1922 1484 1975 veraciter
1526 1921 1575 1973 in
1625 1921 1760 1974 coelo
1793 1928 1846 1974 et
1889 1935 1955 1973 ex
2002 1934 2140 1989 pane

557 2011 771 2067 Domini
801 2009 1064 2065 refectum
1094 2010 1258 2064 fuisse
1281 2008 1553 2074 credebat,
1584 2009 1792 2078 hocque
1810 2021 1993 2076 coram
2021 2008 2140 2061 aliis

559 2106 635 2162 ita
664 2122 784 2162 esse
814 2105 1027 2175 publice
1063 2105 1361 2161 asserebat.

631 2200 687 2253 5.
726 2198 907 2253 Crevit
948 2211 1077 2267 ergo
1112 2211 1245 2266 puer
1281 2203 1334 2250 et
1379 2195 1448 2250 ab
1495 2195 1745 2250 munibus
1797 2194 2137 2266 diligebatur.

560 2285 740 2341 Mores
765 2285 961 2340 etenim
991 2284 1141 2354 probi
1168 2285 1220 2339 in
1248 2299 1312 2339 eo
1337 2293 1520 2351 erant,
1549 2284 1640 2352 qui
1668 2298 1992 2354 magnopere
2016 2298 2138 2338 eum

562 2376 713 2447 diligi
745 2375 1032 2430 faciebant.
1070 2375 1328 2429 Traditur
1355 2374 1582 2440 litteris,
1610 2374 1797 2439 discit,
1826 2382 1880 2428 et
1905 2374 1959 2428 in
1988 2374 2137 2430 brevi

559 2467 852 2539 plurimum
897 2467 1125 2535 proficit.
1163 2465 1402 2522 Necdum
1443 2466 1691 2538 attigerat
1732 2466 1908 2521 aetatis
1938 2481 2136 2520 annum

559 2557 807 2630 quintum
835 2558 1133 2622 decimum;
1171 2565 1225 2613 et
1247 2556 1360 2625 jam
1388 2557 1620 2626 qualiter
1646 2558 1938 2612 secundum
1971 2557 2138 2612 Deum

558 2648 726 2703 vitam
755 2645 946 2704 melius
973 2646 1256 2702 instituere
1285 2655 1500 2716 posset,
1534 2658 1712 2702 mente
1743 2646 2027 2711 tractabat,
2059 2646 2141 2700 id-

559 2751 665 2805 que
699 2736 947 2805 concepit
986 2737 1126 2806 apud
1157 2751 1250 2801 se,
1287 2736 1421 2792 nihil
1461 2736 1514 2792 in
1543 2736 1822 2792 hominum
1853 2749 2143 2790 conversa-

559 2831 710 2904 tione
766 2830 1155 2884 monachorum
1204 2829 1313 2882 vita
1368 2828 1712 2896 praestantius
1769 2842 1912 2882 esse.
1965 2825 2137 2893 Quam

560 2919 775 2988 assequi
797 2920 1038 2988 cupiens,
1069 2921 1216 2973 venit
1241 2919 1308 2972 ad
1330 2921 1614 2988 quemdam
1641 2919 1741 2974 sibi
1767 2928 1949 2973 notum
1973 2918 2142 2975 abba«

561 3019 691 3069 tem,
724 3024 920 3078 rogans
949 3009 1098 3062 illum
1130 3017 1198 3062 ut.
1217 3023 1274 3062 se
1306 3009 1628 3063 monachum
1662 3008 1885 3064 faceret.
1915 3008 2018 3064 Sed
2047 3009 2166 3062 ab--

559 3099 678 3160 bas,
705 3098 979 3154 voluntate
1005 3098 1146 3152 illius
1167 3099 1368 3168 agnita,
1399 3100 1540 3168 quod
1565 3097 1779 3168 petebat
1801 3098 1966 3153 inscio
1987 3107 2139 3168 patre

561 3186 724 3247 illius,
757 3202 826 3243 ne
853 3186 1149 3242 offenderet
1176 3188 1415 3242 animum
1446 3186 1591 3256 ejus,
1634 3189 1814 3244 facere
1843 3189 2129 3246 recusavit.

560 3277 633 3336 At
660 3276 745 3331 ille
781 3277 832 3331 in
863 3277 1264 3348 suoproposito
1292 3288 1541 3348 perstans
1567 3281 1744 3336 oravit
1772 3279 1968 3345 Deum,
2001 3297 2135 3350 qua-

562 3375 718 3422 tenus
756 3365 1017 3421 infirtnari
1063 3376 1384 3434 mereretur,
1416 3378 1475 3422 ut
1507 3369 1586 3422 vel
1623 3369 1703 3424 sic
1746 3370 1810 3424 ad
1859 3370 2134 3426 monachi-

560 3472 681 3511 cum
712 3472 870 3527 quem
901 3458 1265 3523 desiderabat,
1299 3460 1544 3513 ordinem
1575 3460 1958 3529 susciperetur.
2000 3459 2136 3513 Mira

563 3548 676 3599 res!
714 3545 775 3600 Ut
805 3546 946 3600 enim
977 3547 1116 3603 Deus
1137 3549 1437 3604 declararet
1461 3559 1720 3619 quantum
1747 3549 1911 3603 etiam
1941 3549 1992 3602 in
2017 3549 2137 3603 aliis

562 3637 629 3690 de
655 3637 766 3690 suae
793 3637 1009 3704 pietatis
1037 3638 1223 3692 auditu
1250 3639 1522 3694 confidere
1548 3647 1750 3707 posset,
1783 3654 1972 3706 preces
1997 3637 2137 3693 illius

561 3727 867 3791 exaudivit,
897 3742 960 3782 ac
992 3727 1063 3780 illi
1094 3729 1339 3796 protinus
1365 3729 1596 3784 validam
1625 3729 1868 3800 corporis
1896 3728 2139 3786 debilita-

562 3824 669 3878 tem
706 3815 945 3875 immisit.
984 3816 1198 3871 Acriter
1241 3817 1405 3888 igitur
1440 3817 1742 3872 infirmatus
1785 3819 1851 3874 ad
1888 3819 2136 3873 abbatem

561 3905 751 3972 mittit,
780 3915 1008 3967 mortem
1037 3923 1096 3964 se
1126 3909 1316 3976 timere
1339 3911 1651 3980 pronuntiat
1670 3951 1685 3976 ,
1717 3921 1838 3966 orat
1867 3921 1927 3966 ut
1955 3927 2141 3966 mona-

561 3994 697 4055 chus
716 3995 841 4050 fiat:
864 3997 1087 4067 praefato
1111 4000 1302 4055 timore
1321 4000 1568 4056 obstante
1589 4017 1697 4057 non
1721 4001 1780 4055 fit
1797 4002 1938 4072 quod
1959 4011 2141 4071 postu-

561 4088 755 4154 labat,
787 4091 989 4156 ethoc
1027 4092 1243 4161 quidem
1290 4102 1548 4163 quantum
1594 4096 1661 4150 ad
1692 4096 1986 4150 humanum
2022 4109 2141 4164 spe-

560 4191 674 4242 ctat
699 4182 819 4253 [al.,
851 4192 1059 4243 tantum
1077 4185 1383 4257 aspectabat]
1411 4200 1657 4240 examen.
1685 4186 1950 4242 Cancrum
1977 4186 2137 4250 Deus,

539 4285 723 4345 ,qnem
761 4271 939 4326 futura
974 4289 1081 4327 non
1127 4273 1346 4338 fallunt,
1385 4289 1601 4329 servum
1638 4289 1793 4329 suum
1843 4275 2010 4342 ipsius
2039 4273 2141 4328 loci

563 4361 978 4416 conversatione
1011 4363 1183 4422 noluit
1209 4363 1503 4432 implicari,
1532 4373 1816 4434 propterea
1841 4365 1983 4433 quod
2011 4364 2144 4418 alios

2236 555 2343 610 quo
2379 555 2439 594 se
2483 553 2806 608 magnopere
2845 536 3054 591 solebat
3097 551 3386 602 exercere,
3435 536 3636 590 sensim
3670 546 3821 607 post-

2234 644 2452 699 ponere,
2488 643 2551 681 ac
2569 625 2899 695 juvenilibus
2927 625 3068 680 ludis
3092 627 3255 695 cmpit
3279 641 3498 696 operam
3531 626 3684 682 dare.
3719 629 3823 684 Ve-

2234 728 2538 774 rumtamen
2575 718 2662 788 pia
2709 717 2924 772 dilectio
2962 725 3018 771 et
3057 715 3286 786 diligens
3334 716 3539 785 pietas,
3588 732 3725 787 quas
3764 719 3821 774 in

2235 822 2462 880 matrem
2485 828 2637 866 suam
2666 810 2920 874 habebat,
2946 809 3188 864 nonnihil
3211 824 3333 863 enm
3359 809 3427 864 ab
3451 811 3569 865 istis
3598 814 3826 866 restrin-

2235 901 2451 972 gebant.
2497 900 2758 957 Defuncta
2787 915 2918 954 vero
2955 899 3079 964 illa,
3126 899 3270 955 illico
3299 902 3455 956 navis
3495 903 3675 958 cordis
3703 903 3824 970 ejus

2235 993 2389 1062 quasi
2437 993 2670 1047 anchora
2718 992 2924 1062 perdita
2969 992 3022 1045 in
3063 990 3260 1048 fluctus
3309 993 3488 1048 saeculi
3533 1009 3672 1064 pene
3711 1003 3820 1049 tota

2235 1087 2440 1155 dilapsa
2469 1094 2573 1143 est.
2603 1084 2709 1140 Sed
2738 1083 3076 1154 omnipotens
3101 1084 3241 1138 Deus
3265 1085 3567 1153 praevidens
3593 1086 3721 1155 quid
3753 1087 3822 1139 de

2236 1177 2327 1232 illo
2366 1176 2608 1231 facturus
2637 1182 2774 1242 erat,
2801 1188 2869 1228 ne
2897 1174 3133 1229 animam
3162 1189 3314 1229 suam
3341 1189 3476 1244 pace
3507 1175 3821 1228 transitoria

2236 1268 2439 1337 potitus
2473 1269 2763 1336 perderet,
2797 1264 3052 1320 infestum
3085 1259 3142 1318 ei
3169 1272 3224 1318 et
3260 1263 3574 1318 intestinum
3620 1263 3821 1321 bellum

2237 1359 2536 1428 generavit.
2566 1357 2679 1413 Hoc
2708 1366 2820 1424 est,
2847 1357 3086 1412 animum
3118 1356 3288 1425 patris
3325 1354 3440 1424 ejus
3465 1356 3661 1410 acerbo
3689 1371 3822 1412 con-

2240 1456 2321 1501 tra
2352 1447 2501 1502 illum
2533 1447 2657 1502 odio
2691 1445 3041 1506 inflammavit
3071 1445 3368 1510 intantum,
3411 1452 3470 1499 ut
3499 1460 3684 1515 mque,
3726 1453 3824 1499 aut

2238 1547 2390 1591 certe
2414 1535 2585 1606 magis
2610 1549 2674 1590 ea
2704 1550 2823 1604 qua:
2845 1535 3005 1599 bene,
3033 1533 3174 1592 sicut
3201 1548 3320 1601 qua:
3347 1547 3630 1602 perperam
3665 1532 3824 1588 facie.

2237 1624 2354 1689 bat,
2380 1624 2776 1693 insequeretur.
2802 1620 2913 1676 Nec
2936 1621 3111 1689 aliqua
3143 1630 3352 1690 poterat
3375 1630 3585 1690 patrem
3609 1618 3826 1675 humili-

2241 1722 2352 1769 tate
2379 1714 2570 1777 lenire,
2596 1715 2690 1770 sed
2719 1721 2923 1783 quanto
2952 1711 3025 1766 illi
3051 1725 3109 1766 se
3134 1710 3422 1765 exhibebat
3451 1709 3821 1775 humiliorem,

2166 1795 2212 1853 Β
2241 1812 2392 1858 tanto
2427 1803 2577 1858 illum
2621 1803 2723 1858 sibi
2765 1802 3037 1858 sentiebat
3075 1801 3427 1871 asperiorem.
3468 1798 3619 1868 Quod
3657 1799 3824 1858 nimis

2240 1894 2576 1950 intolerabile
2609 1909 2839 1949 cernens
2865 1933 2880 1957 ,
2912 1901 2966 1948 et
3001 1907 3069 1947 ne
3103 1891 3344 1947 deterius
3369 1890 3497 1959 quid
3539 1890 3663 1945 inde
3694 1905 3824 1946 con-

2243 1985 2469 2055 lingeret
2493 1985 2709 2051 timens,
2732 1983 2896 2054 elegit
2915 1983 3093 2053 potius
3115 1981 3356 2052 paternis
3379 1980 3539 2036 rebus
3557 1990 3614 2035 et
3632 1982 3825 2051 patriae

2239 2073 2652 2137 abrenuntiare,
2685 2087 2848 2141 quam
2879 2071 3019 2140 patri
3050 2085 3148 2126 suo
3172 2069 3255 2124 vel
3286 2069 3387 2124 sibi
3414 2068 3710 2138 quamlibet
3739 2069 3826 2123 in-

2239 2163 2458 2220 famiam
2484 2179 2552 2219 ex
2577 2179 2675 2218 sua
2704 2162 3106 2218 cohabitatione
3131 2172 3443 2232 procreare.
3477 2159 3694 2214 Paratis
3719 2160 3826 2215 ita-

2239 2272 2345 2327 que
2373 2257 2479 2324 his,
2511 2270 2632 2326 qua:
2655 2253 2961 2310 necessaria
2983 2259 3141 2307 erant
3171 2252 3226 2306 in
3265 2251 3410 2306 viam
3435 2250 3611 2312 ituris,
3637 2251 3818 2320 patria

2241 2347 2362 2420 [al.,
2411 2345 2664 2418 patriam]
2715 2345 3014 2416 egreditur,
3060 2359 3168 2399 uno
3211 2343 3302 2413 qui
3343 2342 3445 2398 sibi
3484 2342 3826 2397 ministraret

2240 2440 2438 2496 clerico
2491 2440 2799 2494 comitatus.
2848 2436 3090 2506 Cumque
3141 2435 3339 2490 dehinc
3386 2434 3440 2488 in
3499 2442 3824 2488 transcensu

2238 2530 2437 2588 montis
2466 2529 2662 2584 Senisii
2691 2526 2768 2599 (3)
2813 2525 3157 2596 fatigaretur,
3196 2532 3251 2578 et
3291 2522 3490 2577 laboris
3537 2521 3826 2591 impatiens

2239 2635 2466 2690 corpore
2492 2619 2762 2679 deficeret,
2793 2617 2936 2675 vires
2966 2631 3094 2670 suas
3129 2615 3305 2670 nivem
3337 2612 3638 2667 mandendo
3667 2625 3825 2679 repa-

2240 2724 2363 2764 rare
2382 2708 2648 2764 tentabat.
2672 2705 2782 2761 Nec
2803 2706 2946 2761 enim
2971 2704 3115 2758 aliud
3138 2719 3245 2773 quo
3270 2701 3596 2763 vesceretur,
3621 2707 3822 2769 praesto

2239 2799 2361 2854 fuit.
2403 2797 2852 2865 Quodminister
2889 2795 3031 2850 illius
3077 2795 3406 2859 advertens,
3451 2790 3618 2847 doluit
3660 2799 3716 2845 et
3753 2805 3825 2844 ne

2239 2892 2378 2946 forte
2403 2890 2532 2959 quid
2559 2887 2824 2944 edendum
2870 2886 3163 2944 haberetur
3192 2884 3242 2938 in
3280 2882 3497 2938 sacculo
3524 2880 3616 2950 qni
3662 2880 3821 2934 asino

2239 2987 2454 3041 illorum
2489 2985 2806 3050 vehebatur,
2839 2982 3124 3051 diligenter
3163 2979 3484 3048 investigare
3528 2975 3722 3044 cmpit,
3757 2983 3818 3028 et

2243 3093 2368 3131 mox
2394 3083 2580 3130 contra
2607 3088 2756 3142 spem
2787 3087 2981 3141 panem
3015 3071 3066 3124 in
3098 3084 3164 3126 eo
3189 3067 3571 3123 nitidissimum
3601 3064 3823 3134 reperit.

2242 3167 2359 3234 Quo
2391 3166 2481 3220 ille
2517 3163 2756 3220 refectus
2781 3203 2796 3227 ,
2825 3171 3103 3219 recreatus
3141 3169 3254 3226 est,
3293 3169 3346 3214 et
3389 3160 3514 3212 vitae
3542 3156 3827 3212 incolumis

2235 3259 2530 3317 redonatus
2565 3255 2690 3327 [al.,
2726 3251 3056 3323 restitutus].

2305 3369 2357 3427 5.
2399 3367 2618 3422 Exactis
2641 3365 2834 3421 dehinc
2861 3363 3056 3434 partim
3087 3361 3142 3416 in
3170 3356 3502 3428 Burgundia,
3543 3355 3741 3425 partim
3770 3353 3828 3414 in

2234 3459 2463 3516 Francia
2518 3458 2690 3512 ferme
2745 3455 2918 3509 tribus
2966 3451 3152 3516 annis,
3207 3445 3622 3503 Nortbmaniam
3677 3443 3829 3498 vadit

2237 3547 2333 3620 [αι.
2376 3545 2570 3617 entia],
2607 3542 2894 3598 Abrincam
2936 3539 3105 3609 ipsius
3175 3535 3463 3610 provincia:
3500 3533 3689 3587 urbem
3731 3546 3829 3601 pe-

2240 3645 2324 3710 tit,
2353 3642 2444 3697 ubi
2476 3638 2786 3709 aliquandiu
2823 3636 3174 3690 demoratur:
3209 3637 3331 3700 post
3366 3629 3480 3682 haec
3509 3625 3658 3681 venit
3694 3623 3830 3678 Bec-

2238 3749 2382 3795 cum,
2441 3741 2496 3787 et
2563 3729 2879 3799 magistrum
2957 3721 3244 3792 quemdam
3301 3717 3517 3774 nomine
3561 3712 3831 3767 Lanfran-

2239 3813 2360 3879 cum
2385 3822 2482 3893 (4),
2508 3821 2684 3874 virum
2699 3815 2948 3872 videlicet
2963 3812 3115 3868 valde
3135 3811 3354 3872 bonum,
3382 3806 3657 3876 prestanti
3689 3802 3817 3858 reIi-_

2240 3915 2397 3986 gione
2425 3927 2487 3966 ac
2514 3908 2776 3978 sapientia
2812 3920 2938 3960 vere
2974 3901 3242 3964 nobilem,
3276 3897 3480 3961 videre,
3514 3893 3738 3962 alloqui,
3767 3903 3823 3947 et

2242 3984 2555 4061 cohabitare
2597 4000 2801 4055 volens.
2849 3994 3131 4052 Excellens
3175 3989 3440 4065 siquidem
3493 3986 3635 4040 fama
3681 3984 3834 4042 illius

2241 4095 2665 4162 circumquaque
2689 4087 3090 4159 percrebuerat,
3112 4091 3167 4138 et
3195 4078 3557 4134 nobilissimos
3579 4089 3828 4145 quosque

2242 4183 2560 4238 clericorum
2583 4181 2652 4234 ad
2675 4194 2797 4233 eum
2816 4176 2881 4230 de
2903 4173 3113 4229 cunctis
3133 4168 3316 4224 mundi
3340 4165 3586 4236 partibus
3606 4162 3830 4234 agebat.

2243 4272 2528 4328 Anselmus
2549 4269 2712 4340 igitur
2730 4267 2849 4321 viro
2869 4265 3035 4328 adito,
3058 4274 3289 4331 eumque
3311 4256 3569 4328 singulari
3592 4255 3828 4324 quadam

2245 4366 2510 4436 sapientia
2556 4361 2755 4432 pollere
2786 4356 2987 4429 agnito,
3034 4355 3150 4426 ejus
3193 4367 3251 4408 se
3281 4348 3592 4416 magisterio
3621 4345 3826 4408 subdit,

563 4450 826 4517 QUOSd‘Jm
854 4449 906 4504 ίιι
938 4451 1058 4505 Sim!
1091 4451 1477 4514 misericordia:
1502 4467 1612 4508 suae
1643 4453 1948 4508 reconditos
1976 4452 2142 4507 habe-
2173 4470 2217 4524 ι)
2244 4459 2404 4527 eique
2425 4464 2548 4526 post
2575 4453 2842 4509 modicum
2869 4447 3154 4503 familiaris
3184 4459 3294 4515 prae
3316 4441 3527 4498 caneris
3550 4437 3828 4506 discipulis

562 4541 685 4602 hat,
725 4555 860 4608 quos
902 4549 960 4594 ut
992 4542 1332 4610 post-modum
1379 4541 1574 4611 claruit
1618 4543 1819 4613 magis,
1860 4557 1959 4612 per
1992 4541 2139 4597 illum

563 4632 631 4687 ad
661 4647 812 4686 suam
845 4631 1174 4689 voluntatem
1210 4635 1264 4688 in
1303 4645 1579 4704 posterum
1615 4636 1933 4706 disponebat
1975 4633 2143 4688 infor-

562 4721 722 4776 mari.
764 4721 891 4777 Post
919 4723 1034 4777 haec
1075 4725 1278 4779 sanitas
1317 4724 1458 4781 redit
1481 4724 1704 4794 juveni;
1737 4726 1986 4796 quodque
2017 4735 2142 4780 tunc

563 4813 859 4882 nequibat,
902 4815 953 4868 in
999 4815 1181 4872 futuro
1221 4832 1280 4873 se
1325 4832 1423 4888 per
1458 4817 1688 4888 gratiam
1729 4819 1824 4874 Dei
1871 4817 2136 4877 facturum

562 4911 745 4958 tuente
773 4907 1044 4981 proponit.

631 4993 688 5048 4.
729 4995 934 5049 Exinde
949 5011 1071 5060 cum
1095 4998 1335 5066 corporis
1357 4997 1578 5065 sanitas,
1597 4996 1849 5066 juvenilis
1869 5007 2016 5063 mtas,
2038 5014 2138 5052 sa:-

563 5083 671 5138 culi
704 5086 1032 5155 prosperitas
1058 5087 1107 5141 ei
1137 5071 1431 5150 arrideret,
1474 5090 1638 5158 coepit
1663 5089 1916 5159 paulatim
1957 5088 2138 5143 fervor

562 5175 729 5233 animi
761 5176 874 5243 ejus
898 5194 926 5231 a
969 5179 1219 5247 religioso
1249 5181 1519 5248 proposito
1547 5189 1840 5250 tepescere,
1871 5180 2134 5233 intantum

563 5272 626 5332 ut
645 5267 826 5322 saeculi
857 5269 970 5324 vias
989 5271 1160 5354 magis
1187 5271 1415 5358 ingredi,
1444 5287 1604 5341 quam
1630 5272 1831 5340 relictis
1848 5271 1928 5326 eis
1955 5285 2137 5324 monae

2242 4550 2324 4604 fit.
2349 4547 2656 4615 Occupatur
2675 4543 2760 4597 die
2783 4549 3054 4609 noctuque
3078 4538 3132 4592 in
3162 4536 3463 4589 litterarum
3495 4529 3694 4594 studio,
3718 4543 3828 4582 non

2242 4639 2416 4694 solum
2443 4651 2562 4706 quae
2588 4634 2800 4688 volebat
2825 4647 2854 4685 a
2880 4629 3181 4684 Lanfranco
3210 4625 3456 4694 legendo,
3482 4622 3578 4676 sed
3607 4628 3662 4674 et
3689 4617 3827 4672 alios

2239 4746 2359 4802 qua:
2381 4729 2668 4800 rogabatur
2687 4723 2924 4780 studiose
2945 4719 3208 4775 docendo.
3230 4716 3459 4784 Pr0pter
3481 4709 3826 4802 quaestu-dia,

2239 4799 2361 4876 cum
2394 4799 2590 4887 corpus
2619 4814 2838 4884 vigiliis,
2875 4811 3077 4880 frigore
3110 4818 3164 4864 et
3199 4807 3377 4861 inedia
3413 4804 3666 4872 fatigaret
3696 4799 3828 4872 [al.,

2239 4906 2604 4980 fatigaretur],
2643 4904 2789 4959 venit
2832 4901 2880 4957 ei
2923 4901 2976 4954 in
3009 4907 3242 4954 mentem
3283 4896 3408 4964 quia
3451 4893 3496 4947 si
3532 4888 3830 4960 aliquando

2243 5002 2563 5062 monachus,
2588 5007 2648 5051 ut
2675 4996 2802 5051 olim
2835 4998 3208 5064 proposuerat,
3227 4996 3390 5051 esset,
3421 4983 3630 5039 acriora
3663 4994 3828 5050 quam

2245 5092 2570 5163 patiebatur,
2592 5102 2714 5142 eum
2739 5085 2848 5155 pati
2872 5099 2974 5138 non
2997 5087 3290 5150 oporteret,
3307 5075 3429 5148 [al.,
3449 5069 3707 5143 oportet],
3723 5083 3830 5123 nec

2245 5191 2373 5236 tunc
2402 5180 2485 5235 sui
2514 5178 2710 5239 laboris
2733 5174 2984 5230 meritum
3013 5171 3277 5242 perderet,
3301 5167 3442 5236 quod
3473 5177 3616 5218 nunc
3642 5170 3829 5218 utrum

2244 5272 2345 5328 sibi
2388 5277 2650 5334 maneret,
2696 5281 2803 5319 non
2851 5259 3210 5334 prospiciebat
3259 5256 3377 5329 [al.,
3417 5247 3826 5325 perspiciebat].

1844 5447 2259 5519 HENSCIIENII
2293 5446 2520 5515 NOTAE.

641 5607 719 5678 (5)
756 5606 852 5663 Est
881 5608 1193 5663 notissimus
1220 5623 1373 5664 mons
1400 5608 1660 5678 Senisius,
1694 5603 2137 5678 ejusque_di_ll_ici-

568 5674 924 5742 iis-aSCensus
954 5693 1050 5748 per
1077 5693 1236 5748 quem
1265 5680 1527 5733 transitur
1555 5693 1618 5731 ex
1644 5676 1796 5730 [talia
1829 5674 2134 5748 in_G_alliatn

568 5749 646 5816 uti
677 5748 766 5818 hic
794 5743 1029 5817 factum;
1072 5743 1166 5816 aut
1199 5749 1363 5812 etiam
1415 5748 1530 5803 vice
1571 5761 1722 5802 versa
1765 5762 1832 5800 ex
1871 5743 2044 5807 Gallia
2085 5745 2136 5798 in

2237 5601 2556 5741 hagfjmlirat
2595 5632 3026 5741 B.l_.nnfrancus
3050 5664 3265 5741 origine
3287 5659 3573 5741 Papiensis
3608 5673 3676 5714 ex
3715 5657 3824 5719 fta-

2238 5733 2327 5806 lia,
2360 5733 2546 5812 postea
2575 5733 3016 5816 archi'piscopus
3043 5733 3469 5792 Cantuaricnsis.
