4068 6286
230 357 296 414 ω
1205 350 1360 405 νιῑιι
1396 349 1722 406 AUCTORE
1753 349 1814 404 ΕΑ

1917 349 2098 406 IERO.
2130 381 2199 391 —
2239 350 2361 405 LIB.
2391 351 2428 405 Ι.
3381 351 3450 407 54

235 471 340 524 lloc
366 479 489 534 ergo
517 471 696 518 mente
720 470 1000 530 concepto,
1047 471 1210 516 totam
1243 462 1592 517 intentionem
1634 476 1788 516 suam
1817 474 1865 530 Α
1893 467 2039 530 volo,
2063 474 2155 518 aut
2184 465 2350 520 eremi
2377 463 2549 520 cultor
2579 477 2696 518 esse
2725 461 2996 525 desidero.
3028 471 3122 516 aut
3149 477 3214 518 ex
3247 469 3463 536 proprio

233 559 296 613 ad
346 555 655 626 placendum
707 552 814 606 Deo
864 551 1096 621 dirigere
1141 551 1338 620 coepit,
1391 560 1445 604 et
1492 551 1793 619 spernendo

233 648 480 705 tnundum
511 661 634 700 cum
677 645 1124 700 oblectaminihus
1167 643 1287 716 [al.,
1323 641 1794 715 oblectationibus]

226 741 360 802 suis,
394 753 580 792 revera
607 737 752 805 cupit
780 736 894 790 ﬁeri
928 736 1243 790 monachus.

296 831 348 885 ti.
387 829 522 896 Quid
549 827 735 898 plura?
758 827 968 896 Cogitat
994 822 1089 881 ubi
1109 827 1300 882 melius
1326 826 1586 896 prolicere
1611 833 1793 895 queat,

230 922 366 991 quod
397 921 578 975 facere
617 920 915 982 desiderat,
946 928 1002 973 et
1033 918 1105 972 ita
1148 933 1330 973 secum
1376 926 1591 972 tractat.
1635 917 1794 982 Ecce,

230 1012 421 1077 inquit,
464 1010 759 1065 monachus
807 1010 951 1062 fiam.
998 1008 1102 1062 Sed
1143 1009 1270 1062 ubi?
1321 1007 1378 1063 Si
1422 1006 1663 1063 Cluniaci
1711 1007 1796 1062 vel

229 1103 379 1158 Becci
413 1102 510 1172 (5),
551 1110 717 1155 totum
753 1109 966 1169 tempus
994 1100 1136 1170 quod
1185 1101 1237 1154 in
1287 1100 1554 1155 discendis
1602 1100 1798 1156 litteris

229 1194 398 1265 posui,
431 1192 660 1261 perdidi.
689 1190 821 1244 Nam
852 1199 906 1245 et
930 1190 1170 1244 Cluniaci
1202 1191 1466 1245 districtio
1490 1189 1718 1255 ordinis,
1745 1198 1800 1244 et

229 1282 381 1338 Becci
430 1280 836 1350 supereminens
866 1281 1146 1350 prudentia
1194 1279 1502 1344 Lanfranci,
1552 1280 1643 1348 qui
1692 1279 1801 1334 illic

229 1371 526 1426 monachus
551 1379 650 1433 est,
682 1383 768 1424 me
792 1368 911 1441 [al.,
943 1369 1098 1440 mihi]
1128 1377 1220 1422 aut
1248 1369 1378 1423 nulli
1410 1370 1684 1437 prodesse,
1709 1377 1803 1423 aut

229 1462 360 1516 nihil
395 1462 575 1517 valere
617 1461 1008 1531 comprobabit.
1050 1461 1235 1531 itaque
1275 1462 1328 1515 in
1373 1461 1463 1515 tali
1512 1461 1629 1516 loco
1675 1477 1802 1531 per-

229 1553 408 1607 ficiam
434 1551 574 1622 quod
603 1551 845 1621 dispono,
891 1552 943 1606 in
987 1565 1093 1619 quo
1121 1561 1176 1606 et
1213 1551 1354 1605 scire
1388 1566 1564 1604 meum
1602 1552 1802 1620 possim

225 1642 535 1706 ostendere,
573 1649 628 1695 et
668 1640 850 1695 multis
887 1641 1160 1708 prodesse.
1203 1639 1324 1694 “th
1365 1649 1424 1694 ut
1463 1641 1651 1694 ludens
1683 1639 1799 1712 [al.,

229 1734 441 1806 lubens]
470 1735 696 1803 ipsemet
721 1733 925 1805 referre
954 1733 1181 1798 solebat,
1207 1749 1387 1788 secum
1422 1733 1802 1799 meditabatur,

226 1827 566 1894 addebatque
604 1843 622 1879 :
668 1824 905 1878 Necdum
945 1839 1094 1879 eram
1135 1825 1430 1906 edomitus,
1478 1825 1704 1878 necdum
1751 1824 1803 1878 in

228 1933 315 1972 me
351 1917 568 1988 vigebat
599 1916 778 1969 mundi
826 1924 1186 1980 contemptus.
1237 1904 1388 1970 Unde
1430 1915 1570 1982 quod
1617 1929 1716 1984 ego
1751 1922 1808 1968 ut

226 2008 509 2078 putabam,
555 2006 724 2059 fretus
764 2005 992 2058 aliorum
1025 2005 1302 2059 acharitate
1343 2005 1612 2067 dicebam,
1644 2019 1806 2073 quam

227 2095 550 2149 damnosum
589 2101 729 2148 esset
769 2108 874 2148 non
910 2094 1274 2147 advertebam.
1318 2093 1663 2148 Postmodum
1707 2109 1808 2148 διιο-

226 2193 335 2239 tem
365 2185 421 2237 in
449 2199 508 2238 se
535 2197 802 2237 reversus.
828 2181 988 2248 Quid,
1016 2183 1220 2250 inquit?
1246 2197 1454 2251 essene,
1486 2183 1807 2239 monachum

223 2271 349 2343 [al.,
379 2271 699 2340 monachus]
732 2273 834 2325 hoc
864 2282 965 2334 est,
999 2271 1132 2325 velle
1161 2272 1368 2326 scilicet
1401 2273 1519 2327 aliis
1549 2275 1807 2343 praeponi,

223 2380 341 2434 prae
374 2364 498 2418 aliis
524 2364 797 2426 honorari,
827 2371 952 2416 ante
977 2362 1110 2418 alios
1137 2364 1505 2431 magnilicari?
1532 2364 1664 2419 Non.
1698 2366 1811 2421 Illic

223 2467 363 2521 ergo
418 2451 660 2520 deposita
707 2451 1043 2505 contumacia
1091 2452 1388 2504 monachus
1443 2452 1667 2518 deveni,
1721 2453 1811 2508 ubi

225 2541 373 2596 sicut
402 2555 617 2607 aequum
649 2549 752 2605 est,
782 2539 989 2594 cunctis
1013 2550 1227 2608 propter
1254 2539 1418 2594 Deum
1449 2543 1812 2610 postponaris,

227 2628 448 2683 cunctis
477 2627 739 2694 abjectior
778 2628 1050 2692 habearis,
1082 2644 1189 2698 prae
1217 2630 1426 2684 cunctis
1455 2632 1814 2700 parvipenda-
1860 2624 1862 2628 ³

230 2719 339 2782 ris,
384 2715 572 2772 et'ubi
619 2718 722 2772 hoc
766 2732 886 2772 esse
928 2718 1158 2788 poterit?
1204 2718 1463 2787 Equidem
1512 2721 1690 2776 Becci.
1737 2721 1813 2776 lbi

229 2807 502 2877 siquidem
545 2807 742 2863 nullius
791 2810 1045 2877 ponderis
1087 2826 1199 2875 ero,
1246 2812 1676 2881 quandoquidem
1723 2811 1814 2866 ille

235 2898 304 2952 ibi
347 2906 464 2956 est.
507 2898 596 2967 qui
638 2898 1036 2967 prmeminentis
1082 2901 1321 2956 scientiae
1365 2899 1485 2972 [al.,
1513 2900 1811 2974 sapientiae]

236 2987 351 3041 luce
394 2989 721 3057 conspicuus
749 2991 956 3046 cunctis
988 2990 1283 3058 subiciens,
1326 2993 1547 3048 etnictis
1580 2993 1813 3047 honora-

237 3079 358 3133 bilis
385 3088 448 3133 et
475 3089 746 3149 acceptus.
779 3079 889 3135 lllic
922 3095 1051 3152 ergo
1086 3084 1302 3152 requies
1342 3098 1483 3148 mea,
1523 3082 1633 3138 illic
1671 3083 1816 3137 solus

238 3168 378 3224 Dens
427 3170 653 3225 intentio
694 3185 834 3237 mea,
877 3170 984 3225 illic
1021 3172 1165 3227 solus
1207 3188 1359 3226 amor
1392 3172 1507 3241 ejus
1543 3175 1650 3227 erit
1688 3190 1818 3228 conv

242 3260 522 3328 templatio
550 3275 688 3327 mea,
726 3260 835 3316 illic
869 3262 1025 3316 beata
1060 3271 1115 3316 et
1154 3263 1368 3317 assidua
1415 3259 1675 3318 memoria
1702 3263 1819 3330 ejus

240 3347 364 3403 felix
398 3350 643 3405 solamen
674 3360 728 3406 et
770 3351 990 3406 satietas
1019 3368 1157 3406 mea.
1204 3353 1327 3408 Ht'ec
1371 3354 1659 3423 cogitabat,
1705 3355 1820 3410 haec

242 3438 608 3505 desiderabat,
642 3434 881 3496 haecvsibi
913 3442 1198 3511 provenire
1223 3445 1494 3512 sperabat.

311 3531 362 3584 7.
406 3529 742 3599 Raptabatur
767 3547 981 3601 quoque
1009 3547 1160 3588 mens
1191 3532 1309 3601 ejus
1345 3549 1442 3603 per
1480 3533 1534 3588 id
1567 3533 1822 3603 temporis

245 3619 298 3674 in
341 3621 483 3674 alias
528 3621 796 3674 sectandae
844 3622 1066 3694 semitas
1113 3623 1257 3688 vitta,
1303 3622 1398 3678 sed
1446 3623 1528 3678 vis
1570 3623 1820 3678 desiderii

248 3706 361 3775 ejus
395 3708 456 3762 in
489 3707 629 3761 hanc
656 3710 1058 3776 quammaxime
1084 3709 1468 3765 declinaverat.
1501 3710 1690 3766 Sciens
1716 3712 1821 3765 ita-

247 3813 349 3866 que
379 3797 646 3866 scriptum
671 3811 792 3851 esse
818 3817 832 3850 :
871 3796 1059 3852 Omnia
1096 3798 1181 3868 [ac
1213 3816 1329 3853 cum
1359 3799 1598 3865 consilio,
1630 3809 1678 3854 et
1707 3810 1822 3871 post

249 3889 450 3957 factum
489 3906 590 3942 non
627 3890 891 3959 pwnilebt's
921 3889 1110 3960 (Eccli.
1146 3908 1328 3956 χχχιι,
1362 3892 1479 3962 24),
1513 3894 1728 3949 nolebat
1765 3908 1824 3948 se

251 3981 404 4036 alicui
441 3981 532 4034 uni
558 3982 681 4037 vita:
703 3996 887 4036 earum
910 3998 1047 4052 quas
1079 3992 1257 4039 mente
1283 3985 1494 4039 volebat
1525 3987 1825 4041 inconsulte

251 4072 496 4137 credere,
526 4087 594 4126 ne
622 4072 675 4126 in
711 4071 890 4141 aliquo
918 4072 1192 4128 videretur
1221 4074 1512 4143 Scriptura:
1542 4077 1825 4145 praeceptis

253 4177 355 4238 non
380 4161 624 4217 obedire.
649 4161 869 4217 Amicos
899 4161 1116 4231 insuper
1138 4162 1333 4220 multos
1360 4163 1585 4229 habens,
1614 4165 1706 4219 sed
1738 4166 1824 4219 cui

255 4239 312 4306 se
340 4261 514 4306 totum
543 4250 595 4304 in
623 4251 738 4304 istis
766 4250 1129 4306 committeret
1161 4250 1526 4306 consiliarium
1553 4269 1740 4317 unum,
1762 4254 1827 4308 de

257 4343 396 4397 mille
425 4341 678 4396 videlicet
707 4340 988 4410 prazfatum
1027 4341 1390 4397 Lanfrancum
1419 4341 1644 4411 eligens,
1679 4345 1826 4398 venit

1896 554 2219 619 patrimonio
2247 555 2453 618 vivens,
2484 551 2813 621 quibuslibet
2847 550 3204 620 indigentibus
3245 565 3464 623 prepter

1897 647 2061 700 Deum
2085 661 2184 716 pro
2206 661 2326 700 meo
2349 660 2503 714 posse
2524 644 2718 699 exinde
2741 643 3071 708 ministrare,
3096 644 3141 697 si
3165 645 3462 710 consulitis,

1893 736 2068 803 cupio.
2099 732 2216 788 Jam
2242 734 2386 787 enim
2411 741 2564 802 pater
2594 732 2710 801 ejus
2736 731 2967 793 obierat,
2997 738 3054 784 et
3089 741 3198 786 tota
3235 733 3465 788 hteredi-

1898 833 1980 879 tas
2006 825 2072 878 ad
2101 824 2247 877 illum
2287 823 2624 892 respiciebat.
2658 823 2713 878 ln
2751 825 2856 891 his,
2886 826 3128 894 inquam,
3170 824 3342 878 tribus
3370 839 3466 876 vo-

1896 914 2154 968 luntatem
2182 929 2377 980 meam,
2404 913 2618 968 domine
2641 912 2958 979 Lanl‘rance,
2982 906 3243 969 ﬂuctuare
3263 914 3467 979 sciatis,

1897 1005 1990 1059 sed
2030 1019 2221 1072 precor
2259 1013 2318 1057 ut
2358 1019 2443 1058 me
2484 1002 2536 1056 in
2578 1003 2769 1057 horum
2813 1003 3092 1072 potissimo
3132 1002 3467 1058 stabilitatis.

1900 1091 2088 1146 Dill‘ert
2119 1091 2450 1146 Lanfrancus
2488 1091 2809 1146 sententiam
2846 1090 3012 1157 ferre,
3041 1092 3339 1160 suadetque
3377 1107 3472 1144 ne-

1900 1182 2101 1251 gotium
2150 1182 2218 1236 ad
2267 1181 2588 1236 venerabilis
2629 1179 2726 1251 (6)
2771 1179 3001 1236 Maurilii
3057 1180 3177 1252 [al.,
3225 1177 3470 1250 Maurici]

1905 1270 2346 1340 [iotbomagensis
2375 1271 2610 1340 episcopi
2649 1269 2768 1343 [al.,
2797 1267 3211 1339 archiepiscopi]
3253 1269 3475 1323 audien-

1905 1365 2033 1418 tiam
2078 1365 2250 1431 magis
2285 1364 2510 1419 referre.
2556 1364 2866 1435 Acquiescit
2907 1363 3193 1419 Anselmus
3225 1354 3472 1426 consilio.

1903 1461 1956 1508 et
1986 1452 2273 1508 comitatus
2312 1452 2619 1508 Lanfranco
2647 1454 2952 1523 pontificem
2993 1454 3145 1522 petit.
3177 1451 3349 1506 Tanta
3379 1467 3475 1506 au-

1907 1549 2013 1596 tem
2045 1541 2124 1595 vis
2153 1542 2452 1597 devotionis
2478 1552 2664 1611 pectus
2688 1543 2927 1598 Anselmi
2973 1552 3100 1599 tunc
3141 1541 3475 1612 possidebat,

1907 1641 2223 1702 tantumque
2253 1633 2365 1688 veri
2396 1634 2605 1688 consilii
2645 1633 2948 1689 Lanfranco
2978 1635 3157 1690 inesse
3195 1633 3477 1696 credebat,

1906 1733 1966 1777 ιιι
1993 1738 2114 1778 cum
2152 1724 2544 1793 llothomagnm
2593 1733 2866 1796 petentes,
2917 1740 3014 1795 per
3063 1740 3310 1796 magnam
3358 1737 3480 1793 quae

1907 1827 2069 1882 super
2103 1811 2330 1867 Beccum
2361 1822 2444 1868 est
2478 1814 2666 1868 silvam
2709 1823 3025 1885 pergerent,
3065 1815 3110 1870 si
3148 1813 3481 1868 Lanfrancus

1907 1903 1956 1957 ei
2001 1903 2222 1967 diceret,
2259 1903 2314 1956 in
2353 1903 2455 1957 hac
2500 1903 2633 1957 silva
2675 1919 2856 1968 mane,
2899 1912 2952 1958 et
2997 1919 3065 1959 ne
3107 1903 3231 1958 dum
3279 1903 3483 1958 vixeris

1908 1991 2035 2046 hinc
2055 2007 2219 2046 exeas
2249 2005 2402 2057 cave,
2435 1991 2621 2062 procul
2644 1991 2807 2047 dubio
2837 2001 2894 2046 ιιι
2921 1991 3190 2047 fatebatur
3219 1994 3482 2062 imperata

1909 2093 2170 2137 servaret.
2208 2082 2590 2139 Pervenientes
2630 2097 2756 2154 ergo
2785 2083 2852 2139 ad
2877 2083 3187 2153 episcopum
3220 2083 3484 2138 adventus

1909 2173 1990 2228 sui
2019 2188 2212 2228 causas
2250 2174 2298 2230 ei
2331 2185 2634 2245 exponunt,
2670 2176 2801 2246 quid
2836 2177 2958 2232 inde
2993 2176 3189 2232 sentiat
3215 2183 3481 2245 quierunt.

1909 2262 2020 2318 Nec
2050 2277 2230 2328 mora,
2273 2266 2622 2321 mouachicus
2653 2267 2787 2322 ordo
2823 2282 2935 2338 pra:
2969 2267 3183 2322 caeteris
3212 2265 3482 2331 laudatur,

1911 2352 2133 2424 ejusque
2164 2357 2495 2426 propositum
2524 2357 2776 2413 omnibus
2803 2357 2924 2413 aliis
2949 2355 3267 2413 antefertur.

2451 2496 2454 2498 η
2537 2465 2762 2522 CAPUT
2800 2465 2864 2523 ιι.

1921 2551 2042 2607 Vita
2081 2555 2390 2618 monastica,
2431 2555 2693 2620 prioratus
2727 2557 3141 2610 administratas.
3176 2553 3487 2610 Adolescens

2299 2623 2355 2676 in
2382 2625 2487 2676 vita
2512 2635 2558 2677 et
2588 2625 2643 2676 in
2673 2635 2838 2678 morte
2866 2625 3101 2695 adjutus.

1984 2709 2038 2764 8.
2077 2710 2364 2767 Anselmns
2397 2711 2512 2766 haec
2553 2712 2775 2768 audiens
2814 2721 2869 2768 et
2911 2713 3233 2784 approbans,
3271 2712 3490 2768 omissis

1915 2803 2061 2869 aliis,
2107 2803 2305 2860 saeculo
2350 2804 2561 2869 relicto,
2613 2804 2767 2860 Becci
2814 2805 3114 2881 monachus
3158 2803 3336 2860 factus
3383 2809 3488 2871 est,

1915 2907 2056 2948 anno
2093 2894 2269 2948 aetatis
2303 2908 2415 2949 suae
2452 2894 2708 2949 vicesimo
2743 2895 2975 2967 septimo
3007 2896 3110 2966 (7),.
3148 2893 3391 2965 Regebat
3424 2909 3491 2950 eo

1918 2994 2159 3055 tempore
2184 2987 2489 3044 cmnobium
2520 2985 2692 3057 ipsum
2720 2987 2968 3043 dominus
3009 2986 3176 3042 abbas
3201 2984 3492 3041 Herluinus

1919 3077 2156 3142 nomine,
2185 3077 2270 3130 vir
2297 3077 2634 3148 grandaevus,
2658 3086 2714 3132 et
2751 3092 2944 3148 magna
2981 3076 3247 3147 probitate
3279 3075 3496 3145 conspi-
3581 3061 3590 3074 ³

1920 3182 2073 3233 cuus,
2125 3169 2218 3237 qui
2271 3169 2476 3238 primus
2525 3169 2694 3238 ipsius
2738 3168 2840 3224 loci
2891 3168 3056 3223 abbas
3105 3166 3490 3222 monasterium

1920 3258 2095 3326 ipsum
2144 3275 2174 3311 a
2223 3255 2586 3313 fundamentis
2637 3258 2704 3312 de
2747 3253 2847 3313 suo
2893 3257 3216 3326 patrimonio
3265 3255 3492 3311 iecerat.

1921 3347 2074 3416 Saepe
2101 3348 2480 3402 dictus'autem
2512 3348 2844 3404 Laufrancus
2868 3349 3092 3420 gradum
3121 3347 3322 3417 prioris
3353 3346 3496 3400 obti-

1921 3439 2100 3492 nebat.
2138 3437 2424 3493 Anschuus
2453 3453 2580 3492 vero
2614 3453 2784 3493 novus
2818 3439 3112 3495 monachus
3149 3438 3345 3502 factus,
3376 3445 3493 3492 stu-

1921 3529 2073 3585 diose
2098 3529 2260 3584 vitam
2296 3529 2524 3583 aliorum
2558 3529 2857 3600 religiosius
2887 3530 3176 3585 viventium
3205 3527 3495 3584 mmulaba—

1924 3631 2030 3676 tur.
2066 3621 2179 3676 lmo
2209 3621 2325 3690 ipse
2355 3621 2434 3676 sic
2476 3620 2721 3689 religioni
2763 3635 2860 3692 per
2896 3621 3076 3676 omnia
3115 3619 3406 3686 serviebat,
3436 3626 3499 3674 ut
3547 3607 3549 3609 ’

1921 3711 2169 3781 quisquis
2203 3711 2450 3781 religiose
2481 3711 2534 3765 in
2573 3719 2681 3765 tota
2724 3711 2836 3780 ipsa
2873 3711 3290 3782 congregatione
3314 3711 3498 3764 vivere

1922 3803 2153 3866 volebat,
2177 3803 2231 3856 in
2261 3801 2378 3870 ejus
2403 3803 2510 3857 vita
2541 3803 2673 3858 satis
2700 3802 2966 3859 inveniret
2989 3805 3130 3874 quod
3170 3803 3496 3865 imitaretur,

1923 3901 1976 3946 et
2001 3893 2074 3946 ita
2099 3907 2197 3961 per
2223 3893 2515 3947 triennium
2544 3892 2608 3947 de
2632 3893 2719 3947 die
2745 3892 2798 3946 iu
2825 3885 2968 3948 diem
2995 3907 3207 3962 semper
3229 3893 3282 3946 in
3305 3891 3498 3946 melius

1923 3981 2232 4050 proﬁciens,
2262 3996 2487 4050 magnus
2515 3989 2570 4035 et
2598 3982 2941 4036 honorandus
2971 3983 3288 4036 habebatur.

1995 4071 2050 4124 9.
2093 4069 2398 4124 Venerabili
2426 4078 2605 4124 autem
2636 4069 2940 4125 Lanfranco
2968 4071 3019 4124 in
3044 4069 3392 4124 Cadomensis
3421 4068 3500 4137 (8)

1926 4160 2156 4215 coenobii
2203 4159 2302 4230 (9)
2347 4160 2584 4229 regimen
2628 4167 2906 4229 assumpto
2953 4159 3108 4227 (10),
3149 4159 3263 4230 ipse
3307 4157 3502 4228 prioris

1927 4248 2100 4304 ollicio
2131 4249 2349 4304 functus
2391 4256 2502 4310 est,
2551 4249 2736 4318 sicque
2785 4249 2894 4304 Deo
2941 4247 3210 4304 serviendi
3242 4246 3505 4317 ampliore

1929 4342 2177 4396 libertate
2209 4341 2432 4410 potitus,
2472 4347 2642 4395 totum
2681 4355 2758 4408 se,
2801 4349 2970 4395 totum
3011 4351 3221 4410 tempus
3243 4354 3398 4394 suum
3446 4338 3498 4392 in

256 4431 320 4485 ad
343 4447 467 4487 eum
484 4471 500 4497 ,
531 4431 776 4486 indicans
812 4431 1141 4487 voluntatem
1162 4447 1318 4486 suam
1347 4431 1412 4485 ad
1442 4431 1544 4486 tria
1574 4433 1827 4502 pendere,
1863 4449 1905 4504 ι)
1933 4433 2073 4488 illius
2095 4432 2352 4501 obsequia
2376 4434 2700 4502 expendere,
2725 4431 2976 4488 saeculum
3000 4441 3055 4488 et
3074 4440 3267 4487 cuncta
3289 4429 3502 4498 negotia

168 4533 170 4535 ’
259 4522 348 4576 sed
378 4537 478 4590 per
510 4520 794 4589 consilium
836 4519 951 4589 ejus
993 4521 1060 4576 ad
1105 4537 1270 4576 unum
1298 4522 1440 4592 quod
1489 4522 1827 4590 potissimum

254 4612 540 4682 judicaret,
573 4610 779 4666 duobus
811 4611 1032 4676 relictis,
1079 4627 1136 4666 se
1161 4611 1296 4668 velle
1337 4622 1544 4669 tenere.
1570 4611 1698 4678 Quae
1727 4614 1830 4669 tria

261 4704 336 4758 sic
373 4703 422 4758 ei
469 4701 737 4771 exposuit.
773 4699 883 4756 Aut
910 4702 1083 4768 enim,
1117 4702 1321 4773 inquit,
1368 4694 1672 4758 monachus
1712 4703 1827 4758 fieri

1934 4526 2050 4594 ejus
2093 4522 2214 4596 [al.,
2261 4524 2405 4578 omit.
2447 4522 2588 4592 ejus]
2633 4522 2701 4577 ab
2747 4523 3042 4578 intentione
3087 4536 3216 4587 sua,
3267 4518 3507 4600 funditus

1935 4620 2098 4689 cmpit
2127 4636 2396 4676 amovere.
2428 4614 2760 4684 Factumque
2787 4623 2870 4668 est
2899 4623 2958 4668 ut
2987 4612 3084 4667 soli
3115 4611 3246 4674 Deo,
3275 4607 3507 4665 ctelesti-

1935 4709 2142 4776 busque
2168 4708 2466 4779 disciplinis
2501 4705 2702 4776 iugiter
2728 4711 3042 4775 occupatus,
3081 4701 3346 4756 intantum
3387 4708 3506 4766 spe-

1547 4823 1956 4880 HENSCHENII
1985 4825 2212 4882 ΝΟΤτΕ.

331 4931 406 5000 (5)
447 4933 734 4990 Notissima
763 4937 1084 4992 monasteria
1112 4952 1127 4991 :
1159 4937 1226 4991 de
1253 4936 1508 4990 Cluniaco
1532 4949 1672 5001 saepe
1709 4935 1822 5002 egi-

265 5014 399 5073 mus,
432 5006 768 5073 potissimum
806 5007 871 5059 15
899 5005 1135 5060 Januarii
1179 5007 1244 5058 ad
1278 5007 1440 5058 vitam
1473 5005 1530 5058 Β.
1565 5004 1824 5073 liernouis

264 5071 676 5138 primi'abbatis.
710 5076 804 5129 Est
823 5075 1048 5129 Beccum
1078 5077 1128 5128 in
1157 5074 1372 5128 ditecesi
1408 5071 1827 5140 ltotbomageusi

266 5149 416 5211 t_rans
452 5142 756 5211 Sequanam
797 5145 862 5198 ad
909 5145 1081 5197 rivum
1127 5144 1352 5200 Beccam
1403 5158 1568 5211 prope
1613 5157 1826 5194 amnem

267 5208 482 5264 “illam.
531 5208 769 5266 dotatam
818 5229 848 5266 a
901 5214 1187 5267 Guilielmo
1234 5212 1372 5265 duce
1405 5208 1828 5264 'Northmannize

268 5291 354 5330 an.
386 5279 540 5334 1034.
576 5281 633 5334 lu
670 5289 900 5349 utroque
938 5282 1268 5337 monasterio
1306 5297 1392 5334 an.
1431 5281 1569 5334 1662
1597 5279 1832 5348 singula-

270 5357 380 5397 rem
413 5350 729 5404 cbaritatem
775 5352 980 5418 experti
1027 5367 1228 5410 sumus.
1261 5365 1326 5403 eo
1364 5351 1586 5416 profecti
1615 5349 1684 5403 ob
1712 5363 1826 5402 mo-

271 5426 522 5472 numenta
552 5421 618 5473 de
649 5418 784 5472 Vitis
811 5430 865 5472 et
897 5421 1239 5476 veneratione
1271 5430 1602 5474 sanctorum.

340 5483 733 5558 (ﬁiu‘iiaurilius
766 5489 979 5555 praefuit
1017 5489 1268 5545 Ecclesia:
1303 5487 1722 5558 Rothomagensi
1761 5487 1830 5541 ab

269 5564 359 5604 an.
396 5553 530 5608 1055
556 5559 624 5610 ad
656 5553 810 5612 1067.

343 5621 423 5689 (7)
463 5622 617 5678 Anno
640 5626 838 5682 Christi
868 5627 1024 5682 1060.

342 5692 424 5761 {8)
457 5692 724 5752 Cadomus
753 5699 881 5753 urbs
913 5698 1177 5767 prmcipua
1206 5697 1476 5753 inferioris
1512 5694 1826 5753 Nortlnnan-

1932 4937 2036 4992 nia:
2065 4936 2352 4991 ad'Ornam
2385 4935 2627 4999 ﬂuvium,
2653 4950 2774 4990 cum
2801 4932 2996 4989 celebri
3029 4926 3302 4985 academia
3332 4931 3387 4978 et
3413 4935 3506 4976 va-

1931 5008 2028 5060 riis
2065 5007 2471 5076 monasteriis,
2547 5073 2570 5076 ξ
2675 5073 2684 5076 Α
3205 5065 3216 5076 ,

2003 5075 2082 5146 (9)
2110 5075 2425 5146 Ctenobium
2454 5075 2511 5129 S.
2539 5073 2816 5142 Stephano
2840 5065 3216 5146 protomartyri
3245 5062 3502 5146 dicatum,

1931 5162 1961 5200 a
1987 5131 2273 5216 Cu'illelmo
2303 5131 2672 5216 Conquestore
2697 5131 3056 5216 rege'Anglize
3076 5131 3289 5216 et'du‘ce
3305 5131 3507 5216 North-

1933 5217 2165 5269 manuia:
2190 5202 2511 5282 fundatum,
2527 5219 2620 5267 sed
2659 5229 2687 5265 a
2733 5202 3166 5282 sceleratissimis
3198 5202 3507 5282 calvinistis

1933 5299 2178 5339 eversum
2205 5302 2219 5338 ι
2249 5285 2466 5338 chartas
2487 5272 2822 5352 fundationis
2842 5277 3008 5352 edidit
3031 5274 3203 5352 lateas
3222 5272 3504 5352 Acherites,

1937 5354 1990 5406 in
2031 5353 2182 5409 Notis
2221 5354 2288 5406 ad
2331 5353 2508 5407 Vitam
2554 5351 2614 5404 Β.
2662 5346 2946 5403 Laul‘ranci
2986 5345 3185 5399 editam
3229 5350 3354 5397 ante
3391 5345 3509 5411 ejus

1937 5439 2036 5478 one
2043 5439 2096 5476 ra
2105 5463 2118 5476 .

1972 5440 2124 5562 p30.)
2165 5493 2486 5560 Assumptus
2513 5499 2596 5542 est
2629 5488 2810 5562 abbas
2838 5486 3039 5562 primus
3173 5480 3511 5562 Laniranczts

1940 5554 2081 5618 anno
2110 5554 2268 5617 ’1062
2321 5554 2393 5614 ιιίί
2437 5573 2598 5626 supra
2644 5573 2710 5612 ex
2753 5554 3022 5612 Chronico
3065 5554 3315 5610 Becceusi
3359 5559 3508 5604 retu-

1943 5633 2120 5689 limus.
