4068 6286
514 324 588 380 55
1565 327 1625 379 S.
1655 326 1950 383 ANSELMI
1977 328 2328 388 CANTUAK.
2380 338 2689 393 ARCIIIM’.
3688 353 3767 398 ao

514 434 805 492 culationis
838 428 1034 491 divina
1073 433 1284 489 culmen
1315 434 1637 502 ascenderit,
1669 445 1728 490 ut
1762 438 2089 493 obscurissi-
2114 448 2162 507 Α
2190 444 2353 515 loqui.
2387 446 2525 514 Quid
2558 463 2790 518 namque
2823 450 2889 506 de
2919 450 3062 507 illius
3097 452 3307 522 jejunio
3346 453 3603 523 dicerem,
3635 474 3762 516 cum

515 542 659 591 mas,
689 536 743 581 et
777 533 901 580 ante
933 535 1144 595 tempus
1176 541 1330 582 suum
1370 525 1632 583 insolutas
1667 527 1790 601 [al.,
1823 531 2091 605 insolitas]

516 617 585 673 de
612 615 894 671 divinitate
924 614 1021 669 Dei
1049 623 1105 669 et
1131 623 1313 670 nostra
1358 614 1460 669 fide
1491 618 1836 686 quaestiones,
1869 622 1978 677 Deo
2010 637 2095 677 τε-

515 715 738 781 serente
781 708 1136 776 perSpiceret,
1179 720 1243 760 ac
1287 717 1596 777 perspectas
1629 710 1907 771 euodaret.
1939 726 2096 782 aper-

516 799 695 869 tisque
726 798 1022 854 rationibus
1047 812 1165 868 quae
1189 798 1404 853 dicebat
1439 807 1553 853 rata
1583 809 1640 855 et
1677 801 1943 857 catholica
1973 816 2094 858 esse

514 893 788 963 probaret.
840 888 1045 945 Divinis
1092 906 1324 961 namque
1371 891 1667 963 Scripturis
1697 902 1898 951 tantam
1935 895 2094 952 fidem

519 982 808 1038 adhibebat
850 992 909 1036 ut
952 982 1306 1037 indissolubili
1354 982 1608 1039 firmitate
1649 986 1831 1041 cordis
1856 987 2100 1043 crederet

515 1074 651 1128 nihil
681 1074 733 1129 in
763 1074 843 1131 eis
869 1090 1008 1138 esse,
1038 1076 1179 1145 quod
1209 1076 1392 1131 solidat
1416 1078 1662 1135 veritatis
1692 1081 1961 1135 tramitem
1989 1081 2099 1136 ullo

514 1167 678 1223 modo
706 1167 899 1222 exiret.
943 1167 1281 1236 Quapropter
1309 1183 1519 1225 summo
1549 1171 1727 1227 studio
1756 1174 1991 1228 animum
2028 1174 2096 1241 ad

515 1258 621 1312 hoc
664 1258 991 1323 intenderat,
1032 1267 1299 1328 quatenus
1330 1260 1483 1331 juxta
1518 1261 1676 1317 ﬁdem
1708 1278 1858 1318 suam
1900 1267 2099 1320 mentis

516 1348 727 1403 ratione
774 1357 1077 1404 mereretur
1119 1350 1428 1419 percipere,
1477 1368 1595 1420 qua:
1643 1353 1696 1406 in
1749 1354 1881 1423 ipsis
1927 1355 2100 1411 sensit

518 1438 685 1493 multa
730 1438 959 1509 caligine
1002 1448 1139 1494 tecta
1187 1439 1377 1495 latere.
1415 1439 1653 1512 Contigit
1688 1458 1818 1513 ergo
1862 1445 2095 1513 quadam

517 1538 677 1584 nocte
722 1539 782 1583 ut
826 1530 941 1598 ipse
982 1531 1036 1585 in
1082 1528 1385 1598 hujusmodi
1436 1540 1615 1587 mente
1660 1533 1927 1597 detentus,
1974 1543 2099 1589 ante

518 1629 811 1677 nocturnas
841 1622 1048 1692 vigilias
1089 1622 1314 1693 vigilans
1342 1622 1398 1677 in
1424 1622 1562 1678 lecto
1590 1622 1815 1692 iaceret.
1845 1631 1901 1679 et
1926 1624 2101 1679 med-

518 1712 684 1767 tando
713 1728 892 1767 secum
941 1713 1125 1767 rimari
1174 1724 1461 1769 conaretur
1487 1729 1722 1785 quonam
1770 1717 1929 1771 modo
1976 1731 2102 1785 pro-

2192 540 2260 593 ab
2285 539 2439 595 initio
2466 540 2575 611 (12)
2600 540 2870 609 prioratus
2895 543 2975 597 sui
3005 552 3151 598 tanta
3182 560 3381 615 corpus
3403 562 3557 602 suum
3580 549 3762 605 inedia

2192 634 2568 697 maceraverit,
2598 642 2654 687 ut
2676 649 2782 688 non
2810 635 2984 689 solum
3012 637 3191 712 omnis
3224 637 3473 694 illecebra
3502 641 3640 711 gula:
3667 657 3770 712 pe-

2192 722 2337 777 nitus
2367 723 2419 777 in
2448 738 2514 778 eo
2539 726 2874 791 postmodum
2899 727 3167 783 exstincta
3199 730 3290 795 sit,
3318 731 3410 785 sed
3440 748 3539 787 nec
3566 732 3765 789 famem
3815 712 3829 722 .

2191 812 2305 867 sive
2330 812 2739 868 delectationem
2764 817 3075 870 comedendi
3105 832 3203 887 pro
3225 819 3383 888 quavi
3414 820 3764 888 abstinentia,

2194 911 2252 957 ut
2282 902 2463 959 dicere
2490 914 2875 972 consueverat,
2917 906 3208 976 aliquando
3246 917 3541 977 pateretur.
3574 912 3770 965 Come-

2193 994 2355 1049 debat
2398 1002 2574 1049 tamen
2619 1004 2679 1049 ut
2716 995 2804 1050 alii
2853 996 3114 1062 homines,
3167 1000 3259 1053 sed
3306 1000 3529 1054 omnino
3573 1016 3766 1070 parce,

2192 1086 2372 1141 sciens
2410 1101 2605 1156 corpus
2636 1102 2790 1141 suum
2820 1087 2940 1142 sine
2976 1088 3100 1142 cibo
3142 1103 3247 1142 non
3280 1105 3435 1159 posse
3473 1091 3770 1145 subsistere

2197 1176 2315 1249 [αι.
2344 1178 2654 1249 sustinere].
2681 1179 2737 1232 lu
2762 1179 3098 1233 orationibus
3121 1188 3298 1234 autem
3321 1195 3455 1250 quas
3478 1180 3589 1250 ipse
3606 1181 3768 1250 juxta

2193 1270 2517 1327 desiderium
2566 1282 2618 1327 et
2665 1273 2973 1341 petitionem
3019 1274 3318 1327 amicorum
3361 1288 3581 1327 suorum
3629 1274 3769 1344 scri-

2194 1374 2314 1434 ptas
2350 1365 2461 1434 (l3)
2492 1365 2687 1428 edidit,
2720 1379 2826 1435 qua
2862 1364 3244 1427 sollicitudine,
3276 1378 3382 1434 quo
3412 1364 3624 1431 timore,
3662 1382 3767 1433 qua

2195 1471 2310 1526 spe,
2336 1471 2443 1526 quo
2461 1471 2648 1511 amore
2670 1456 2835 1511 Deum
2865 1466 2920 1511 et
2945 1466 3162 1511 sanctos
3182 1455 3297 1526 ejus
3319 1455 3769 1525 interpellaverit,

2198 1561 2297 1601 nec
2339 1562 2445 1601 non
2494 1546 2913 1616 interpellandos
2956 1546 3222 1608 docuerit,
3274 1544 3408 1598 satis
3453 1552 3537 1599 est
3582 1553 3636 1597 et
3684 1560 3770 1600 me

2199 1645 2411 1691 tacente
2450 1637 2675 1691 videre:
2709 1637 2781 1691 sit
2826 1637 2984 1691 modo
3031 1634 3120 1705 qui
3166 1636 3244 1689 eis
3284 1635 3371 1706 pie
3410 1635 3673 1698 intendat,
3715 1644 3773 1690 et

2199 1742 2356 1796 spem
2377 1727 2500 1796 quia
2531 1726 2708 1782 cordis
2733 1725 2850 1797 ejus
2874 1725 3148 1789 affectum,
3177 1741 3439 1795 suumque
3466 1725 3768 1794 profectum

516 1803 694 1872 pheta!
735 1802 1005 1871 praeterita
1052 1803 1211 1859 simul
1255 1813 1311 1859 et
1355 1805 1557 1870 futura,
1588 1804 1743 1874 quasi
1787 1806 2097 1875 amentia.
2129 1797 2172 1855 Β
2201 1820 2254 1873 in
2285 1819 2387 1873 illis
2412 1826 2466 1873 et
2491 1835 2587 1889 per
2614 1818 2733 1873 illas
2765 1819 3003 1889 gaudens
3043 1818 3320 1887 percipiet.
3361 1817 3500 1883 Quid
3538 1818 3606 1870 de
3637 1817 3771 1885 vigi-

517 1890 644 1945 olim
674 1891 1012 1960 agnoverint,
1043 1901 1097 1945 et
1125 1892 1496 1948 indubitanter
1523 1909 1585 1948 ea
1613 1895 1756 1950 dicto
1785 1896 1867 1951 vel
1898 1896 2101 1965 scripto

518 1981 857 2051 protulerint.
911 1981 978 2035 Et
1005 1997 1131 2038 ecce
1174 1998 1299 2038 cum
1348 1983 1402 2037 in
1445 1983 1531 2039 his
1576 1993 1719 2039 totus
1748 1995 1913 2052 esset,
1947 1994 2003 2042 et
2037 2001 2101 2043 ea

520 2072 821 2142 intelligere
862 2087 1186 2144 magnopere
1219 2073 1571 2138 desideraret,
1602 2075 1796 2130 defixis
1823 2075 2099 2131 oculorum

519 2179 742 2223 suorum
774 2164 960 2227 radiis,
988 2164 1122 2218 vidit
1150 2179 1248 2235 per
1274 2165 1478 2219 medias
1502 2167 1764 2221 maceries
1790 2167 2011 2222 oratorii
2036 2181 2102 2221 ac

521 2254 825 2309 dormitorii
859 2256 1172 2318 monachos,
1203 2270 1429 2323 quorum
1459 2257 1561 2311 hoc
1582 2256 1811 2311 officium
1837 2267 1972 2323 erat,
2006 2272 2104 2328 pro

523 2355 778 2416 apparatu
816 2347 1203 2401 matutinarum
1251 2346 1420 2401 altare
1467 2355 1523 2401 et
1565 2347 1667 2401 alia
1717 2346 1831 2403 loca
1861 2348 2105 2404 ecclesia:

523 2437 917 2504 cicumeuntes,
948 2436 1232 2491 luminaria
1274 2438 1650 2505 accendentes,
1677 2448 1733 2493 ct
1757 2440 1825 2494 ad
1860 2439 2101 2494 ultimum

522 2542 688 2605 unum
735 2542 922 2581 eorum
953 2534 1165 2596 sumpta
1211 2527 1267 2581 in
1301 2525 1548 2583 manibus
1587 2527 1788 2583 chorda
1831 2543 1931 2598 pro
1958 2527 2104 2587 excis-

523 2617 705 2671 tandis
749 2616 1007 2672 fratribus
1050 2617 1259 2671 scillam
1309 2617 1422 2689 (ll)
1468 2617 1793 2688 pulsantem,
1837 2618 1903 2673 ad
1950 2617 2106 2688 cujus

521 2707 757 2762 sonitum
786 2716 1051 2762 conventu
1090 2707 1319 2762 fratrum
1351 2708 1417 2761 de
1449 2707 1601 2763 lectis
1629 2718 1907 2779 surgente,
1936 2708 2103 2764 mira-

525 2807 609 2857 tus
636 2805 720 2852 est
756 2797 823 2853 de
860 2813 919 2852 re
944 2812 1066 2867 quae
1103 2797 1398 2852 acciderat.
1430 2797 1689 2867 Concepit
1713 2812 1843 2868 ergo
1872 2798 2014 2868 apud
2046 2811 2106 2853 se

521 2887 635 2943 Deo
677 2888 1008 2943 levissimum
1051 2902 1191 2953 esse,
1233 2888 1512 2958 pr0phetis
1554 2888 1609 2943 in
1647 2888 1839 2958 spiritu
1877 2898 2103 2944 ventura

521 2989 849 3045 monstrare,
881 2994 1005 3035 cum
1033 2980 1138 3036 sibi
1173 2980 1503 3036 concesserit
1531 2996 1651 3050 quae
1682 2981 1881 3036 ﬁebant
1904 2997 2001 3052 per
2028 2991 2106 3038 tot

522 3070 804 3127 obstacula
828 3072 1105 3139 corporeis
1130 3070 1299 3126 oculis
1324 3084 1481 3140 posse
1504 3072 1708 3127 videre.

599 3159 688 3213 10.
730 3158 868 3214 llinc
896 3135 1275 3228 perspicaciori
1300 3135 1525 3216 interius
1550 3161 1825 3230 sapientiae
1846 3160 1966 3217 luce
1982 3176 2103 3232 per-
2131 3135 2177 3198 Ο

522 3251 697 3313 fusus,
743 3266 921 3306 mores
946 3251 1125 3306 omnis
1163 3266 1325 3307 sexus
1363 3260 1418 3306 et
1457 3253 1632 3307 :etatis
1662 3253 1734 3307 ita
1764 3252 2106 3309 discretionis

525 3341 739 3397 ratione
773 3350 1109 3397 monstrante
1145 3342 1466 3411 penetravit,
1509 3352 1568 3397 ut
1604 3358 1727 3398 eum
1765 3343 1942 3413 palam
1983 3344 2107 3398 inde

523 3441 870 3497 tractantem,
904 3435 1218 3489 advertercs
1245 3434 1440 3504 cuique
1468 3434 1551 3489 sui
1576 3435 1757 3491 cordis
1786 3451 1985 3491 arcana
2014 3450 2106 3491 re-

522 3522 725 3578 velare.
763 3521 1013 3592 Origines
1052 3524 1271 3591 insuper
1308 3532 1362 3579 et
1398 3524 1536 3594 ipsa,
1571 3534 1631 3578 ut
1668 3524 1742 3579 ita
1779 3525 1978 3593 dicam,
2016 3538 2105 3580 se-

524 3613 675 3669 mina
700 3621 863 3682 atque
890 3613 1120 3679 radices,
1153 3628 1253 3670 nec
1280 3629 1383 3668 non
1413 3629 1699 3684 processus
1725 3616 1967 3670 omnium
1997 3615 2109 3668 vir-

525 3713 702 3759 tutum
733 3719 797 3759 ac
826 3705 1081 3759 vitiorum
1111 3706 1416 3775 detegebat,
1458 3716 1509 3760 et
1540 3706 1993 3775 quemadmodum
2021 3708 2108 3761 vel

524 3793 609 3857 ha:
641 3791 761 3863 [al.,
791 3792 926 3864 haec]
964 3793 1209 3863 adipisci,
1242 3793 1325 3848 vel
1364 3794 1480 3850 haec
1514 3794 1738 3850 devitari
1776 3804 1869 3850 aut
1896 3795 2105 3850 devinci

528 3895 749 3954 possent
784 3885 904 3942 luce
937 3886 1136 3941 clarius
1162 3886 1443 3942 edocebat.
1470 3885 1697 3940 Tantam
1724 3894 1904 3942 autem
1930 3886 2108 3945 omnis

530 3979 658 4034 boni
690 3978 900 4034 consilii
929 3979 1037 4033 vim
1069 3978 1123 4033 in
1158 3993 1224 4034 eo
1255 3978 1471 4035 elucere
1503 3993 1776 4046 cerneres,
1812 3988 1871 4034 ut
1901 3977 2105 4049 pectori

523 4070 640 4140 ejus
693 4072 944 4141 spiritum
1001 4072 1210 4128 consilii
1265 4071 1555 4142 praesidere
1613 4088 1719 4127 non
1780 4071 2103 4142 ambigeres.

524 4161 696 4229 Quam
734 4170 1017 4232 promptus
1052 4177 1181 4218 vero
1217 4172 1381 4233 atque
1408 4162 1661 4218 assiduus
1689 4163 1745 4217 in
1784 4163 1989 4217 sanctis
2013 4177 2108 4219 ex-

522 4253 919 4308 hortationibus
948 4253 1131 4322 fuerit,
1172 4268 1567 4324 supervacuum
1614 4263 1698 4308 est
1746 4255 1947 4317 dicere,
1984 4269 2105 4308 cum

523 4342 672 4398 illum
704 4358 918 4412 semper
944 4344 996 4399 in
1030 4343 1159 4413 ipsis
1187 4344 1569 4415 infatigabilem
1598 4358 1787 4400 omnes
1813 4345 1980 4399 ferme
2007 4360 2106 4397 au-

525 4432 739 4488 dientes
764 4441 977 4489 constet
1004 4432 1284 4503 fatigasse;
1325 4431 1575 4503 quodque
1602 4432 1799 4487 dicitur
1824 4433 1890 4486 de
1919 4440 2105 4487 sancto

525 4521 779 4587 Martiae,
832 4523 951 4592 ejus
996 4522 1079 4577 ori
1130 4536 1406 4593 nunquam
1454 4520 1623 4576 defuit
1670 4519 1943 4585 Christus,
1989 4522 2105 4576 sive

519 4615 756 4684 justitia,
787 4616 873 4671 vel
902 4613 1162 4685 quidquid
1195 4615 1263 4670 ad
1296 4628 1479 4669 veram
1519 4614 1685 4668 vitam
1725 4614 1978 4683 pertinet,
2018 4613 2103 4667 in-

526 4713 847 4761 cunctanter
891 4706 1273 4762 conlirmemns
1315 4706 1435 4761 sine
1477 4706 1757 4762 mendacio
1800 4720 1958 4775 posse
1996 4706 2103 4761 dici

524 4794 592 4848 de
622 4794 732 4849 illo.
763 4794 822 4849 ln
864 4796 948 4850 his
977 4795 1094 4850 leve
1121 4804 1203 4851 est
1225 4795 1480 4850 lectorem
1527 4796 1830 4863 advertere,
1872 4810 1996 4850 eum
2036 4795 2104 4850 de

525 4899 711 4939 mensa
750 4884 984 4952 Domini,
1013 4900 1122 4940 non
1159 4885 1276 4940 sine
1312 4887 1544 4956 quodam
1582 4887 1867 4956 przesagio,
1893 4901 1992 4955 per
2023 4888 2106 4941 vi-

525 4992 645 5030 sum
670 4977 780 5044 jam
807 4979 935 5034 olim
964 4978 1133 5034 nitido
1161 4979 1417 5033 refectum
1446 4994 1581 5048 pane
1606 4979 1790 5034 fuisse.

600 5066 688 5120 ll.
730 5067 806 5123 De
841 5067 1211 5138 corporalibus
1243 5067 1360 5137 ejus
1386 5066 1681 5133 exercitiis,
1710 5065 1932 5136 jejuniis
1958 5068 2101 5135 dico,

528 5155 858 5211 orationibus
882 5167 1044 5227 atque
1070 5154 1285 5226 vigiliis,
1308 5154 1500 5209 melius
1520 5156 1726 5210 aestimo
1750 5154 1913 5211 silere
1937 5171 2098 5225 quam

2129 4471 2182 4532 D

2200 1906 2522 1963 liis‘LTotus
2559 1907 2770 1962 dies'in
2817 1908 3005 1961 dandis
3049 1906 3287 1960 consiliis
3332 1906 3626 1974 saepissime
3662 1921 3769 1960 non

2199 1995 2517 2061 sulliciebat,
2560 1996 2857 2051 addebatur
2899 1997 2968 2050 ab
3009 1996 3113 2050 hoc
3146 2009 3271 2063 pars
3303 1996 3533 2049 maxima
3570 1992 3770 2052 noctis.

2197 2086 2462 2143 Praeterea
2490 2084 2676 2151 libros,
2700 2084 2788 2154 qui
2818 2093 2944 2137 ante
2969 2083 3021 2137 id
3052 2083 3309 2153 temporis
3341 2082 3502 2137 nimis
3529 2082 3771 2151 cormpti

2200 2177 2399 2246 ubique
2446 2186 2712 2230 terrarum
2755 2184 2946 2238 erant,
2987 2183 3147 2229 nocte
3190 2174 3520 2243 corrigebat,
3568 2173 3773 2228 sanctis

2202 2263 2638 2320 meditationibus
2659 2264 2960 2326 insistebat,
2985 2279 3050 2317 ex
3078 2263 3528 2333 contemplatione
3547 2277 3775 2316 summa:

2200 2353 2549 2409 beatitudinis
2591 2360 2647 2407 et
2690 2353 2959 2407 desiderio
3006 2353 3130 2407 vitae
3176 2353 3428 2421 perennis
3478 2353 3773 2407 immensos

2200 2444 2559 2515 lacrymarum
2586 2444 2784 2503 imbres
2803 2442 3130 2498 effundebat.
3161 2441 3327 2509 Hujus
3350 2442 3476 2496 viue
3501 2442 3771 2502 miserias.

2202 2549 2421 2606 suaque,
2446 2536 2490 2591 si
2515 2551 2635 2605 quae
2663 2543 2820 2589 erant
2845 2543 3085 2603 peccata,
3108 2542 3163 2588 et
3184 2533 3409 2587 aliorum
3437 2533 3776 2588 amarissime

2202 2626 2383 2690 flebat,
2415 2634 2471 2678 et
2498 2626 2589 2680 vix
2619 2640 2805 2694 parum
2848 2632 2975 2677 ante
3007 2623 3216 2693 vigilias
3258 2632 3569 2685 nocturnas,
3608 2637 3778 2691 sarpe-

2201 2729 2308 2788 que
2345 2714 2477 2769 nihil
2512 2713 2685 2769 somni
2722 2712 2987 2782 capiebat.
3031 2712 3248 2766 Talibus
3285 2711 3476 2766 studiis
3515 2712 3622 2764 vita
3659 2712 3777 2778 ejus

2201 2808 2515 2862 ornabatur.

2275 2898 2361 2954 l2.
2401 2895 2646 2964 Qualiter
2672 2903 2851 2950 autem
2880 2908 3007 2963 erga
3038 2893 3282 2948 subditos
3311 2906 3371 2947 se
3401 2893 3653 2956 habebat,
3684 2892 3775 2945 det

2203 2989 2346 3044 Deus
2374 2988 2458 3042 ad
2500 2985 2895 3042 :emulationem
2938 2984 3279 3053 prmlatorum
3322 2996 3480 3052 posse
3519 2981 3647 3050 quid
3692 2982 3777 3035 vel

2204 3081 2472 3135 modicum
2497 3078 2623 3133 diei.
2650 3078 2785 3132 Cum
2815 3075 3046 3146 primum
3076 3075 3239 3144 igitur
3268 3072 3418 3142 prior
3453 3073 3624 3127 factus
3649 3072 3760 3125 fuis

2205 3179 2307 3241 set,
2340 3168 2556 3239 quidam
2585 3167 2780 3225 fratres
2819 3166 2986 3236 ipsius
3007 3163 3238 3220 cmnobii
3279 3163 3404 3217 facti
3443 3170 3569 3217 aunt
3595 3161 3777 3216 remuli

2202 3261 2343 3330 ejus,
2372 3260 2614 3314 videntes
2649 3265 2704 3311 et
2734 3254 2960 3310 videndo
2989 3253 3288 3308 invidentes
3325 3252 3472 3307 illum
3512 3251 3774 3321 praeponi.

2202 3364 2360 3419 quem
2381 3347 2532 3417 juxta
2557 3342 2926 3401 conversionis
2946 3342 3189 3397 ordinem
3213 3340 3528 3409 judicabant
3554 3340 3654 3393 sibi
3686 3340 3769 3392 de-

2200 3439 2329 3493 bere
2375 3435 2641 3507 postponi.
2692 3433 2878 3501 Itaque
2916 3431 3142 3494 turbati,
3192 3431 3432 3500 aliosque
3480 3430 3778 3493 turbantes,

2202 3529 2451 3585 scandala
2493 3534 2737 3589 moveut,
2779 3524 3142 3579 dissensiones
3178 3522 3425 3591 pariunt,
3462 3529 3641 3574 sectas
3673 3535 3779 3573 nu-

2204 3622 2395 3685 triunt,
2440 3617 2561 3672 odia
2609 3615 2792 3671 fovent
2820 3632 2836 3668 :
2863 3622 2920 3668 at
2962 3615 3074 3684 ipse
3117 3629 3241 3667 cum
3292 3613 3376 3666 his
3412 3611 3501 3679 qui
3542 3611 3779 3665 oderunt

2202 3723 2413 3778 pacem,
2446 3715 2565 3762 erat
2588 3705 2844 3777 pacificus
2868 3703 3041 3772 (Paul.
3069 3717 3218 3766 cxrx,
3249 3702 3323 3771 7),
3351 3709 3407 3756 ct
3431 3700 3770 3755 detractioni-

2203 3800 2304 3855 bus
2326 3814 2512 3852 eorum
2546 3797 2803 3851 reddebat
2839 3794 3011 3850 cilicia
3049 3793 3301 3848 fraternae
3328 3791 3636 3855 charitatis,
3665 3806 3778 3845 ma-

2204 3891 2319 3946 lens
2348 3890 2562 3943 vincere
2599 3888 2857 3942 malitiam
2890 3887 2944 3940 in
2983 3888 3147 3949 bono,
3182 3899 3345 3953 quam
3384 3899 3414 3936 a
3447 3883 3651 3937 malitia
3688 3895 3778 3936 eo-

2205 3996 2323 4034 rum
2348 3980 2487 4034 vinci
2531 3979 2582 4033 in
2624 3977 2761 4032 malo
2790 3976 2967 4047 (Rom.
2996 3990 3094 4040 xu,
3119 3975 3234 4045 2t).
3275 3975 3452 4041 Quod,
3488 3974 3779 4028 miserante

2206 4071 2335 4137 Deo,
2368 4069 2566 4125 factum
2599 4076 2701 4133 est,
2735 4068 2999 4139 siquidem
3031 4066 3106 4121 illi
3137 4067 3628 4120 animadvertentes
3657 4079 3780 4119 eum

2203 4161 2527 4218 omnimodis
2552 4175 2685 4230 pure
2712 4174 2777 4213 ac
2802 4157 3117 4228 simpliciter
3159 4156 3211 4210 in
3240 4156 3452 4209 cunctis
3475 4152 3781 4209 actionibus

2206 4255 2320 4313 suis
2358 4253 2628 4314 incedere,
2657 4264 2830 4318 neque
2868 4247 3009 4318 quod
3045 4247 3167 4317 jure
3194 4245 3558 4315 blasphemari
3599 4250 3779 4313 posset

2208 4344 2262 4397 in
2293 4342 2382 4396 illo
2425 4342 2683 4404 residere,
2724 4339 2862 4393 mala
2893 4337 3169 4392 voluntate
3210 4337 3263 4390 iu
3302 4337 3498 4390 bonam
3538 4343 3779 4398 mutata;

2207 4433 2350 4487 dicta
2376 4431 2492 4499 ejus
2522 4440 2576 4485 et
2612 4430 2752 4486 facta
2788 4431 2841 4484 in
2871 4430 3013 4484 bono
3041 4427 3281 4483 aemulari
3312 4440 3547 4496 coepere.
3584 4423 3779 4478 Verum

2207 4533 2262 4578 ut
2299 4524 2505 4579 clareat
2541 4537 2649 4591 quo
2686 4531 2843 4591 pacto
2886 4521 2940 4576 id
2982 4519 3313 4591 provenerit,
3347 4532 3512 4571 unum
3553 4531 3619 4571 ex
3652 4515 3781 4584 ipsis

2203 4613 2434 4685 exempli
2477 4614 2649 4684 gratia
2695 4626 2921 4682 ponam,
2964 4619 3230 4681 quatenus
3275 4609 3457 4678 agnito
3503 4622 3611 4677 quo
3659 4604 3781 4660 dolo

2203 4706 2443 4762 Anselmi
2471 4721 2502 4760 a
2533 4720 2629 4762 sua
2655 4705 2920 4775 pravitate
2947 4702 3021 4758 sit
3049 4710 3310 4765 mutatus,
3335 4698 3568 4769 qualiter
3600 4708 3655 4752 et
3690 4697 3783 4753 alii

2202 4811 2302 4867 per
2325 4810 2446 4850 eum
2474 4795 2702 4850 correcti
2733 4793 2861 4855 sint,
2899 4791 3283 4860 perpendetur.

2278 4887 2365 4942 15.
2406 4886 2680 4942 Osbernus
2716 4884 2932 4954 quidam
2974 4881 3225 4944 nomine,
3264 4889 3425 4934 {etate
3463 4876 3781 4932 adolescen-

2203 4976 2377 5042 tulus,
2423 4975 2587 5046 ipsius
2627 4982 2745 5028 erat
2792 4970 3106 5027 monasterii
3156 4969 3451 5024 monachus
3495 4985 3509 5020 :
3564 4966 3783 5037 ingenio

2203 5068 2419 5139 quidem
2457 5081 2643 5135 sagax,
2673 5072 2729 5119 et
2765 5062 3074 5117 artificiosis
3112 5062 3178 5116 ad
3215 5060 3427 5115 diversa
3463 5073 3624 5129 opera
3665 5056 3781 5125 poi-

2203 5158 2319 5214 lens
2365 5150 2635 5221 manibus,
2688 5154 2883 5209 bonam
2930 5153 2983 5207 in
3032 5167 3091 5208 se
3137 5151 3290 5207 bonas
3336 5151 3449 5219 spei
3499 5148 3781 5203 materiam

1798 5289 2214 5346 HENSCHENII
2255 5290 2482 5347 ΝΟΤᾹΞ.

600 5405 710 5472 (ll)
752 5404 968 5464 Scillaa,
1000 5405 1101 5459 alia
1146 5403 1347 5472 Squilla
1390 5411 1442 5457 et
1481 5402 1657 5457 Skella
1696 5418 1758 5457 ex
1802 5404 2099 5459 Teutonica

526 5475 707 5545 lingua
732 5472 1013 5545 _SIgnificat
1062 5474 1272 5545 nolam;
1320 5484 1571 5528 auctores
1609 5475 1728 5545 vide
1765 5472 1833 5527 12
1874 5474 2001 5528 Feb.
2033 5475 2099 5528 ad

528 5541 703 5600 Vitam
728 5541 1075 5598 S.'Benedicti
1108 5543 1455 5611 Anianonsis,
1484 5560 1634 5600 nutu.
1657 5544 1748 5599 '58.

600 5612 713 5680 (l2)
751 5613 832 5665 Ab
861 5628 1003 5684 anno
1032 5612 1231 5684 Christi
1272 5613 1406 5666 1063
1436 5631 1603 5684 usque
1631 5616 1695 5669 ad
1723 5628 1925 5668 annum
1963 5612 2100 5669 £078

528 5698 627 5755 per
655 5696 826 5738 annos
854 5681 1182 5752 quindecim.

2280 5405 2391 5475 (l3)
2434 5404 2637 5457 Forsan
2673 5410 2799 5457 sunt
2826 5396 3315 5475 .fllloquie_c¢1’_lestia
3337 5412 3431 5475 seu
3456 5397 3646 5475 facula?
3670 5397 3782 5475 pio-

2210 5464 2325 5527 ruin
2355 5464 2637 5547 d/fecluum
2661 5489 2782 5541 erga
2818 5464 3009 5547 Deum,
3041 5465 3632 5547 CfrtzstumDontinum,
3659 5464 3781 5518 Dei-

2207 5536 2416 5667 ;iigram',
2442 5543 2631 5598 ctrlites
2661 5536 2969 5609 complures,
3012 5552 3043 5592 a
3072 5536 3352 5591 Raiuaudo
3382 5536 3539 5590 editae
3585 5549 3615 5587 a
3654 5548 3779 5605 pag.

2284 5632 2300 5665 4
2317 5654 2330 5667 .
