4068 6286
243 359 309 416 57
1217 354 1377 412 VITA
1405 353 1742 414 AUCTORE
1778 352 1788 406 l

1891 349 2128 409 ntsno.
2163 381 2232 415 ε-
2259 349 2387 404 LIB.
2423 349 2484 427 l._
3417 345 3488 408 εδ

241 468 570 541 ναίετεωι.
587 467 692 525 Sed
714 482 891 524 mores
910 468 1004 538 qui
1027 468 1170 524 ineo
1192 470 1342 523 valde
1359 469 1598 538 perversi
1622 476 1800 529 erant,
1831 466 1878 522 Α
1905 462 2055 525 mini,
2087 461 2182 532 [aL
2210 461 2384 534 omil.]
2414 476 2536 516 eum
2561 467 2651 514 aut
2697 474 2763 514 ex
2798 459 3080 531 languore,
3102 471 3197 517 aut
3223 477 3289 518 ex
3318 464 3486 521 nimia

240 563 336 618 ista
376 560 597 616 multum
636 559 1046 624 decolorabant,
1085 568 1141 614 et
1182 560 1400 629 insuper
1440 560 1622 614 odium
1661 557 1804 628 quod

236 653 450 709 omnino
491 667 643 708 more
681 652 875 706 canino
912 660 1100 708 contra
1140 650 1452 706 Anselnnnn
1491 651 1798 706 exercebat.

235 744 378 812 Quod
415 744 594 800 odium
634 751 894 812 quantum
932 743 999 798 ad
1044 757 1102 797 se
1141 741 1426 797 Anselmus
1465 756 1570 796 non
1622 739 1800 810 magni

232 835 491 907 pendens;
521 836 613 889 sed
645 842 824 888 tamen
853 849 1032 890 mores
1061 833 1204 888 illius
1225 833 1510 889 concinuere
1532 832 1651 905 [al.,
1675 849 1802 888 eon-

230 926 430 997 venire]
470 926 753 996 sagaeitati
797 925 997 995 ingenii
1035 925 1152 996 ejus
1194 939 1518 995 magnopere
1554 925 1796 996 cupiens,

227 1017 387 1085 erepit
412 1017 645 1086 quadam
684 1024 872 1072 sancta
911 1017 1206 1080 calliditate
1244 1031 1468 1085 puerum
1508 1017 1612 1086 piis
1646 1018 1801 1072 blan-

157 1114 194 1148 ῖί
225 1105 473 1162 dimentis
514 1106 762 1183 delinire,
793 1107 1017 1178 puerilia
1061 1107 1200 1163 facta
1240 1108 1359 1179 ejus
1396 1109 1626 1180 benigne
1668 1109 1800 1164 tole-

225 1211 364 1260 rare,
403 1197 570 1252 multa
614 1185 718 1252 nisi
759 1214 880 1266 qum
921 1200 1039 1254 sine
1065 1199 1274 1255 ordinis
1304 1199 1632 1254 detrimento
1662 1198 1796 1254 tole-

224 1287 327 1341 rari
375 1297 625 1357 poterant
664 1290 985 1352 concedere,
1019 1289 1070 1342 in
1100 1290 1296 1358 quibus
1322 1298 1376 1344 et
1403 1299 1537 1344 tetas
1560 1288 1675 1355 ejus
1700 1290 1797 1344 de-

219 1377 528 1444 luctaretur,
584 1388 640 1433 et
690 1377 909 1461 effrenis
954 1380 1167 1434 animus
1217 1379 1270 1433 in
1328 1378 1796 1434 mansuetudinem

145 1465 162 1486 "
218 1480 558 1524 curvaretur.
589 1469 799 1526 Gaudet
829 1485 962 1540 puer
1003 1472 1056 1527 in
1086 1472 1304 1537 talibus,
1331 1481 1385 1526 et
1411 1473 1611 1543 sensim
1637 1487 1667 1524 a
1698 1487 1795 1526 sua

217 1557 427 1614 feritate
467 1560 586 1633 [al.,
619 1561 866 1636 veritate]
907 1563 1078 1635 ipsius
1116 1565 1419 1620 demittitur
1447 1566 1680 1620 animus.
1713 1566 1798 1621 ln-

215 1650 339 1720 cipit
362 1653 685 1708 Anselmmn
710 1654 955 1726 diligere,
983 1654 1099 1724 ejus
1127 1655 1328 1710 monita
1355 1657 1650 1726 suscipere,
1681 1672 1799 1712 mo-

213 1756 298 1797 res
320 1758 454 1799 suos
481 1759 831 1816 componere.
875 1748 1027 1815 Quod
1057 1747 1146 1804 ille
1186 1748 1419 1813 intuens,
1449 1763 1560 1817 prae
1583 1751 1797 1806 caeteris

210 1849 328 1890 eum
360 1836 705 1894 familiariter
731 1840 1076 1910 ampleCtitur
1105 1840 1202 1913 [aL
1267 1841 1464 1913 0min],
1494 1842 1682 1906 nutrit,
1713 1842 1796 1896 fn-

209 1932 316 1990 vet,
343 1935 401 1982 et
433 1936 487 1981 ut
520 1943 738 1998 semper
765 1931 816 1984 in
845 1930 1038 1986 melius
1061 1930 1314 2001 proﬁciat
1338 1931 1589 1986 omnibus
1618 1932 1794 1986 modis

209 2014 462 2070 boratur
485 2025 541 2072 et
579 2019 820 2075 instruit.
865 2022 1068 2076 Dehine
1107 2021 1365 2092 paulatim
1411 2023 1459 2077 ei
1503 2038 1625 2093 quae
1663 2039 1795 2078 con-

207 2117 454 2163 cesserat
491 2110 738 2178 puerilia,
780 2112 1079 2175 subtrahit;
1121 2128 1356 2182 emnque
1398 2113 1464 2167 ad
1507 2113 1791 2169 honestam

125 2217 142 2233 ι
206 2212 419 2252 morum
451 2201 816 2255 maturitatem
848 2203 1144 2271 provehere
1171 2203 1390 2280 satagit.
1421 2201 1534 2257 Non
1564 2203 1793 2259 frustra-

206 2293 292 2341 tur
319 2287 414 2356 pia
458 2289 766 2344 sollicitudo
794 2291 934 2359 ejus,
966 2292 1257 2360 proﬁciunt
1291 2295 1342 2347 in
1371 2293 1570 2360 juvene
1604 2309 1668 2350 ac
1699 2309 1790 2349 ro-

205 2377 476 2432 borantnr
508 2372 660 2434 sacra
689 2381 889 2435 monita
935 2381 1071 2449 ejus.
1117 2382 1258 2453 Ergo
1297 2385 1386 2438 ubi
1429 2385 1496 2439 de
1541 2387 1792 2441 firmitate

203 2465 329 2522 Loni
369 2468 540 2521 studii
565 2467 928 2525 adolescentis
969 2486 1026 2526 se
1065 2486 1224 2540 posse
1251 2471 1522 2527 conﬁdere
1551 2473 1794 2527 animad-

206 2557 401 2621 vertit,
447 2573 568 2613 mox
609 2575 802 2617 omnes
838 2562 1075 2630 pueriles
1113 2572 1268 2617 actus
1297 2563 1351 2617 in
1385 2578 1450 2617 eo
1480 2572 1709 2630 resecat,
1737 2573 1794 2620 et

141 2657 162 2691 ί»
207 2645 250 2702 εἰ
273 2648 404 2716 quid
433 2651 872 2719 reprehensionis
893 2667 1017 2708 eum
1045 2654 1332 2708 admittere
1361 2657 1648 2737 comperit,
1681 2671 1789 2711 non

207 2737 362 2794 modo
409 2741 609 2806 verbis,
649 2744 744 2797 sed
783 2751 839 2798 et
879 2743 1198 2801 verberibus
1238 2747 1291 2800 in
1332 2760 1398 2801 eo
1443 2747 1643 2802 acriter
1669 2747 1788 2820 [al.,

208 2828 406 2902 actius]
443 2831 697 2887 vindicat.
721 2833 1000 2901 Quidille?
1026 2834 1428 2905 Eqnanimiter
1451 2846 1643 2892 cuncta
1671 2853 1790 2894 sns-

210 2917 370 2981 tinet,
420 2918 773 2975 confirmatur
826 2922 876 2976 in
933 2925 1212 2994 proposito
1263 2925 1442 2978 omnis
1490 2925 1786 2995 religionis,

209 3005 378 3063 fervet
409 3008 467 3062 in
498 3011 760 3066 exercitio
795 3012 1064 3068 discendae
1092 3013 1270 3068 omnis
1297 3021 1500 3068 sancta:
1535 3015 1784 3078 actionis,

1904 552 2184 620 sanguinis
2227 553 2526 608 munitione
2568 549 2729 606 fuerit
2771 550 3137 620 exanimatus,
3184 552 3252 608 ad
3294 569 3356 611 se
3402 571 3490 613 re-

1904 643 2108 698 deunti.
2138 643 2217 698 Ad
2236 659 2396 712 quem
2423 655 2576 714 pater
2600 661 2615 700 :
2642 646 2779 714 Quid
2805 654 2910 714 est,
2951 644 3060 700 fili?
3086 644 3366 712 Quomodo
3391 650 3488 705 es?

1901 730 2001 786 Cui
2031 732 2118 787 ille
2147 732 2263 787 hanc
2289 734 2448 788 verba
2489 721 2802 806 respondit:
2841 737 2932 792 Ille
2962 737 3220 808 antiquus
3260 753 3487 810 serpens

1904 835 1988 882 ter
2010 826 2304 882 insurrexit
2331 827 2384 880 in
2411 842 2519 893 me,
2547 837 2604 883 et
2629 837 2711 884 ter
2731 831 2930 886 cecidit
2957 830 3010 885 in
3034 830 3403 901 semetipsum,
3429 839 3487 884 et

1899 917 2147 974 ursarius
2178 917 2391 974 Domini
2422 918 2514 974 Dei
2542 918 2794 975 liberavit
2825 936 2930 976 me.
2968 920 3086 989 Quo
3113 922 3257 976 dicto
3283 921 3480 976 Ansel-
3527 937 3570 972 ’βξ

1916 990 2032 1002 μιν...
2043 995 2050 999 .
2057 996 2066 1000 ν,

1901 1028 2022 1067 mus
2050 1010 2239 1078 oculos
2265 1026 2293 1064 a
2318 1026 2510 1066 somno
2540 1012 2754 1077 levavit,
2787 1023 2842 1067 et
2867 1013 3143 1068 Osbernus
3186 1029 3292 1069 non
3328 1028 3482 1067 com-

1898 1103 2098 1170 paruit.
2150 1101 2226 1156 En
2271 1101 2636 1157 obedientiam
2670 1107 2933 1158 ‘ntortnns
2982 1105 3103 1160 vivo
3147 1105 3476 1171 exhibebat,

1898 1210 2058 1264 quam
2092 1194 2282 1250 vivens
2311 1194 2513 1250 viventi
2537 1195 2798 1252 exhibere
2826 1194 3015 1252 solitus
3040 1196 3309 1269 erat.[nl.,
3339 1197 3480 1254 sole-

1899 1284 2037 1356 bat].
2256 1311 2258 1314 ν
2303 1359 2306 1363 ἴ

1972 1378 2060 1434 15.
2101 1377 2254 1446 Quod
2280 1377 2324 1433 si
2351 1379 2618 1448 quispiam
2643 1379 2830 1434 attdire
2853 1379 3080 1435 voluerit
3109 1380 3340 1449 qualiter
3363 1381 3479 1436 haec

1896 1467 2201 1524 obedientis
2230 1469 2396 1524 verba
2425 1468 2686 1530 defuncti.
2725 1469 2839 1538 ipse
2878 1469 3165 1525 Anselmns
3199 1469 3362 1524 fuerit
3395 1470 3477 1524 in-

1899 1569 2248 1631 terpretatus,
2291 1562 2439 1618 brevi
2483 1565 2856 1619 accommodet
2886 1579 3067 1619 aures.
3105 1563 3232 1628 Ter,
3277 1565 3475 1634 inquit,

1896 1652 2152 1723 antiquus
2173 1668 2400 1724 serpens
2423 1655 2719 1710 insnrrexit
2750 1655 2802 1708 in
2827 1669 2969 1719 eum,
2994 1655 3118 1724 quia
3151 1657 3215 1710 de
3239 1656 3479 1724 peccatis

1895 1757 2014 1813 qum
2057 1751 2179 1812 post
2221 1743 2550 1811 baptismum
2598 1746 2912 1814 priusquam
2965 1760 2996 1798 a
3045 1745 3358 1815 parentibus
3406 1746 3475 1800 ad

1896 1833 2176 1889 servitium
2206 1833 2297 1889 Dei
2330 1834 2384 1889 in
2409 1835 2794 1890 monasterium
2820 1834 3108 1891 offerretur
3131 1833 3225 1907 [αι.
3277 1835 3474 1908 omit.].

1895 1925 2262 1999 commiserat,
2310 1925 2458 1980 illum
2503 1926 2746 1981 diabolus
2787 1926 3090 1993 accusavit;
3133 1927 3200 1982 de
3238 1929 3478 1997 peccatis

1894 2018 2056 2072 etiam
2083 2034 2202 2086 qua:
2227 2025 2347 2087 post
2366 2017 2690 2072 oblationem
2714 2026 2996 2087 parentmn
3021 2027 3149 2073 ante
3173 2033 3324 2074 suam
3348 2035 3475 2090 pro-

1897 2106 2182 2162 fessionem
2223 2106 2448 2170 fecerat,
2496 2107 2641 2162 illum
2685 2107 2993 2173 accusavit;
3027 2109 3092 2164 de.
3122 2110 3358 2178 peccatis
3392 2111 3476 2164 ni-

1895 2195 2204 2258 hilominus.
2231 2212 2350 2266 qua:
2377 2205 2496 2268 post
2519 2196 2905 2267 professionem
2933 2208 3060 2253 ante
3083 2200 3286 2254 obitum
3317 2216 3473 2256 suum

1893 2297 2098 2354 egerat,
2143 2287 2289 2343 illum
2326 2290 2625 2344 accusavit.
2674 2288 2779 2344 Sed
2828 2299 2910 2345 ter
2951 2290 3148 2346 cecidit
3178 2291 3230 2346 in
3276 2301 3476 2348 semet-

1895 2377 2092 2448 ipsmn,
2117 2379 2240 2447 quia
2268 2387 2488 2448 peccata
2528 2394 2650 2450 quae
2691 2380 2745 2434 in
2790 2380 2987 2435 saeculo
3021 2381 3348 2436 constitutus
3378 2382 3475 2437 ad-

1894 2467 2138 2529 miserat.
2175 2483 2272 2538 per
2299 2469 2455 2524 ﬁdem
2492 2480 2798 2539 parentum,
2829 2471 3047 2540 quando
3069 2486 3193 2527 eum
3233 2473 3344 2528 Deo
3377 2473 3475 2530 ob-

1896 2559 2152 2625 tulerunt,
2173 2559 2346 2617 deleta
2381 2562 2602 2616 invenit.
2627 2562 2694 2616 Et
2718 2570 2962 2630 peccata,
2985 2578 3104 2632 quae
3131 2565 3474 2634 postmodum

1895 2649 1948 2704 in
1981 2651 2312 2705 monasterio
2339 2652 2540 2720 degens
2565 2661 2688 2706 ante
2717 2667 2870 2706 suam
2901 2653 3295 2721 professionem
3332 2654 3476 2710 fece-

1895 2749 1998 2804 rat,
2023 2741 2076 2794 in
2109 2741 2222 2809 ipsa
2249 2740 2584 2808 professione
2605 2740 2776 2796 deleta
2805 2741 3028 2795 invenit.
3054 2741 3283 2796 Peecata
3307 2742 3472 2796 etiam

1891 2845 2012 2899 quae
2053 2839 2174 2899 post
2219 2829 2606 2900 professionem
2651 2839 2778 2884 ante
2818 2829 3026 2884 obitum
3065 2845 3223 2884 suum
3262 2839 3473 2900 egerat,

1891 2937 1988 2991 per
2014 2936 2195 2975 veram
2231 2920 2646 2986 confessionem,
2678 2929 2731 2976 et
2755 2920 3146 2990 'pcenitentiam
3187 2921 3360 2977 deleta
3391 2929 3476 2975 at-

1889 3029 1995 3082 que
2036 3013 2260 3069 dimissa
2307 3014 2360 3070 in
2404 3014 2522 3084 ipso
2563 3015 2680 3084 ejus
2722 3015 2870 3069 obitu
2912 3012 3169 3070 confusus
3214 3012 3467 3068 invenit:

210 3096 391 3152 suffert
445 3099 714 3167 patienter
761 3101 987 3156 aliorum
1037 3102 1422 3166 contumelias,
1470 3103 1784 3172 opprobria,
1815 3138 1859 3200 C
1890 3105 2076 3175 sicque
2117 3105 2385 3175 malignus
2428 3105 2550 3177 [al.,
2579 3105 2860 3178 malignas]
2901 3106 3167 3160 versutias
3197 3119 3323 3158 suas
3352 3104 3472 3173 qui-

211 3189 595 3254 detractiones,
635 3207 861 3247 servans
899 3207 1026 3262 erga
1066 3209 1255 3248 onmes
1280 3194 1530 3249 affectum
1560 3195 1787 3250 sincera:

210 3276 528 3334 dilectionis.
561 3279 798 3335 laetatur
839 3290 991 3351 pater
1035 3283 1088 3337 in
1137 3283 1244 3348 bis,
1290 3284 1430 3338 ultra
1474 3300 1636 3354 quam
1677 3285 1784 3340 dici

209 3367 398 3434 possit,
437 3376 493 3422 et
523 3367 697 3437 diligit
725 3369 892 3424 filium
929 3381 1118 3426 saneto
1145 3373 1430 3428 charitatis
1461 3374 1603 3444 igne,
1637 3374 1785 3444 plus-

207 3470 361 3525 quam
391 3456 546 3512 credi
577 3457 766 3528 possit.

275 3547 362 3603 Η.
401 3547 515 3604 Sed
540 3564 663 3604 cum
695 3550 809 3620 ipse
834 3552 916 3620 (ut
945 3549 1079 3606 flens
1109 3550 1400 3621 referebat)
1426 3567 1548 3607 eum
1577 3555 1644 3608 ad
1671 3569 1788 3608 ma~

211 3653 364 3703 gnum
424 3640 684 3697 Ecclesiae
737 3641 968 3698 fructum
1019 3643 1282 3714 proficere
1331 3653 1606 3713 speraret,
1652 3661 1785 3702 ecce

211 3731 347 3796 gravi
373 3732 626 3800 corporis
666 3733 981 3789 inﬁrmitate
1007 3735 1333 3805 praeripitur,
1359 3736 1607 3806 lectoque
1649 3739 1786 3792 reci-

210 3817 365 3884 pitur.
398 3819 627 3875 Videres
651 3819 772 3893 [al.,
802 3821 1010 3894 videns]
1043 3833 1169 3878 tunc
1199 3824 1398 3878 bonum
1430 3835 1638 3895 patrem
1667 3825 1784 3881 feli-

212 3909 283 3964 cis
314 3911 532 3980 jnvenis
584 3914 849 3980 amicum,
905 3914 1045 3969 lecto
1089 3916 1321 3986 jacentis
1371 3917 1458 3972 die
1513 3926 1782 3988 noctuque

211 4006 462 4073 assidere,
504 4007 684 4064 cibum
711 4017 766 4064 et
794 4018 976 4080 potum
1025 4011 1369 4078 ministrare;
1411 4012 1651 4066 omnium
1682 4013 1784 4066 mi-

212 4097 498 4154 nistrorum
539 4115 704 4172 super
731 4116 790 4156 se
821 4102 1118 4158 ministeria
1148 4105 1446 4173 suscipere,
1475 4103 1589 4157 veri
1620 4103 1782 4159 amici

215 4199 404 4241 morem
437 4188 492 4241 in
517 4188 767 4243 omnibus
789 4205 1006 4256 gerere;
1035 4190 1148 4260 ipse
1167 4205 1381 4259 corpus,
1409 4190 1524 4260 ipse
1546 4190 1782 4245 animam

214 4274 323 4344 ejus
347 4277 744 4334 studiosissime
771 4279 1065 4336 refovebat.
1098 4280 1563 4351 Appropinquanti
1603 4290 1782 4338 autem

216 4364 276 4419 ad
305 4367 505 4421 exitum
529 4368 779 4424 familiari
810 4373 1066 4441 praecepit
1086 4371 1344 4442 alloquio,
1371 4381 1639 4443 quatenus
1662 4381 1785 4443 post

1889 3195 1990 3248 bus
2017 3210 2139 3249 eum
2170 3196 2235 3249 ad
2269 3196 2601 3264 peccandum
2657 3195 2924 3260 illexerat,
2967 3194 3115 3262 justo
3153 3194 3243 3248 Dei
3264 3191 3472 3261 judicio

1889 3285 1941 3339 in
1971 3301 2030 3339 se
2073 3287 2140 3340 ad
2187 3285 2458 3339 cumulum
2509 3299 2619 3339 suae
2649 3285 3014 3339 damnationis
3042 3283 3343 3352 retorqueri
3390 3283 3471 3336 in-

1888 3375 2110 3444 gemuit.
2145 3375 2210 3428 Et
2245 3374 2489 3428 nrsarius
2524 3373 2736 3429 Domini
2770 3374 2860 3428 Dei
2895 3373 3144 3428 liberavit
3175 3387 3298 3426 eum
3331 3389 3344 3424 :
3379 3387 3472 3426 ur-

1888 3464 2014 3520 sarii
2056 3465 2186 3530 Dei,
2229 3465 2355 3519 boni
2393 3463 2568 3538 angeli
2600 3473 2746 3518 sunt.
2783 3463 2937 3518 Sicut
2971 3463 3113 3518 enim
3149 3462 3345 3518 ursarii
3379 3478 3470 3517 ur-

1887 3571 1998 3622 sos,
2052 3556 2124 3610 ita
2171 3556 2347 3627 angeli
2395 3555 2661 3626 malignos
2710 3550 2984 3611 daemones
3031 3571 3062 3609 a
3117 3571 3214 3610 sua
3263 3555 3472 3611 saevitia

1885 3659 2140 3703 coercent
2170 3656 2224 3702 et
2257 3648 2602 3717 opprimunt,
2635 3661 2704 3701 ne
2738 3646 2894 3702 nobis
2924 3654 3152 3702 noceant
3185 3644 3310 3716 [al.,
3344 3654 3468 3699 tan-

1888 3751 1999 3794 tum
2031 3737 2307 3811 noceant],
2335 3747 2595 3808 quantum
2622 3738 2828 3793 volunt.

1958 3829 2040 3884 l6.
2089 3829 2214 3884 Post
2244 3831 2358 3886 haec
2383 3829 2672 3885 Anselmus
2698 3837 2753 3883 ut
2787 3836 2990 3883 sancta:
3015 3824 3318 3881 dilectionis
3343 3839 3460 3878 mu-

1890 3935 1991 3976 nus
2017 3921 2158 3990 quod
2186 3921 2308 3976 vivo
2340 3920 2696 3991 impenderat,
2725 3929 2938 3974 mortuo
2961 3931 3068 3972 non
3099 3923 3342 3987 negaret,
3375 3929 3472 3984 per

1891 4013 2158 4081 integrum
2203 4027 2401 4066 annum
2446 4012 2663 4066 missam
2691 4025 2788 4079 pro
2817 4009 2996 4064 anima
3044 4005 3161 4074 ejus
3203 4004 3349 4058 omni
3383 4004 3472 4059 die

1885 4101 2200 4157 celebravit.
2243 4099 2395 4166 Quod
2425 4100 2470 4153 si
2519 4098 2807 4166 aliquando
2835 4112 2866 4150 a
2909 4094 3272 4151 celebratione
3302 4091 3472 4160 ipsius

1886 4189 2212 4244 sacramenti
2241 4187 2655 4257 impediebatur,
2687 4202 2782 4241 eos
2812 4185 2902 4254 qui
2937 4183 3129 4240 missns
3174 4181 3472 4237 familiares

1887 4278 2177 4346 debebant,
2207 4291 2359 4332 suam
2384 4291 2480 4346 pro
2504 4275 2682 4330 anima
2710 4275 2892 4330 fratris
2922 4274 3140 4330 missam
3170 4273 3350 4329 dicere
3388 4270 3473 4325 fa-

1887 4372 2095 4436 ciebat;
2121 4380 2176 4426 et
2198 4371 2310 4440 ipse
2339 4369 2535 4424 missas
2561 4381 2769 4432 eorum,
2794 4368 2918 4423 dum
2939 4377 3298 4437 opportunum
3329 4372 3466 4428 erat,

215 4455 404 4511 obitum
435 4473 591 4513 suum
622 4459 667 4514 si
698 4460 952 4530 possibile
979 4461 1137 4527 foret,
1169 4477 1328 4517 suum
1351 4477 1470 4518 esse
1497 4464 1598 4519 sibi
1628 4478 1784 4520 reve-
1812 4472 1861 4531 ι)
1885 4469 2012 4516 ante
2059 4460 2279 4514 missam
2332 4458 2414 4514 sui
2454 4456 2694 4514 defuncti
2741 4456 2843 4510 alia
2889 4458 3053 4511 missa
3101 4455 3466 4526 persolvebat.

216 4543 358 4603 laret.
406 4549 737 4620 Spopondit,
785 4561 840 4606 et
887 4554 1120 4608 transiit.
1171 4553 1380 4624 Corpus
1426 4555 1665 4610 defuncti
1713 4571 1779 4610 ex

216 4649 356 4694 more
398 4640 593 4706 lotum,
640 4643 926 4708 vestitum,
974 4644 1026 4697 in
1065 4642 1264 4699 feretro
1306 4645 1696 4713 compositum,
1728 4647 1780 4700 in

217 4727 486 4783 ecclesiam
515 4729 750 4785 delatum
778 4743 879 4788 cst.
912 4732 1388 4788 Circumsedernnt
1415 4734 1618 4790 fratres
1640 4736 1783 4806 psal-

217 4827 321 4869 mos
363 4833 462 4884 pro
507 4818 624 4885 ejus
668 4821 848 4876 anima
898 4823 1278 4887 decantantcs;
1322 4823 1609 4880 Anselmns
1654 4841 1783 4880 vero

216 4920 313 4974 quo
350 4909 575 4967 liberius
606 4928 702 4984 pro
727 4928 791 4968 eo
817 4929 1004 4984 preces
1048 4913 1316 4977 funderet,
1348 4915 1400 4969 in
1431 4917 1780 4971 secretiorem

215 4998 442 5056 ecclesia:
482 5001 657 5056 locum
703 5005 946 5058 secessit.
978 5005 1078 5072 Qui
1109 5019 1232 5059 cum
1262 5005 1404 5070 inter
1436 5005 1580 5076 ipsas
1610 5005 1782 5076 Iacry-

216 5103 322 5144 mas
347 5105 410 5146 ex
455 5096 603 5162 gravi
640 5095 820 5150 cordis
850 5096 1218 5150 mmstitndine
1243 5111 1473 5164 corpore
1502 5096 1639 5169 .[al.,
1673 5108 1782 5150 tor-

214 5183 352 5256 pore]
411 5185 701 5252 deﬁceret,
752 5199 808 5244 et
867 5189 1136 5259 paululum
1191 5188 1376 5244 oculos
1431 5189 1485 5244 in
1528 5205 1778 5244 somnum

213 5271 564 5345 deprimeret,
609 5280 742 5336 vidit
783 5281 836 5334 in
881 5280 1070 5350 spiritu
1120 5279 1318 5335 mentis
1365 5295 1476 5336 suae
1517 5281 1778 5351 quasdam

216 5371 485 5425 reverendi
537 5372 718 5427 vultus
771 5387 1030 5443 personas
1082 5371 1782 5442 candidissimisvestibns

213 5467 447 5526 ornatas,
474 5461 690 5521 domum
723 5465 773 5517 in
810 5479 914 5534 qua
956 5464 1096 5518 idem
1132 5464 1406 5519 Osbernus
1433 5463 1599 5520 vitam
1630 5463 1781 5518 ﬁnie-

214 5554 292 5599 rat
314 5537 586 5614 introisse,
605 5560 660 5607 et
680 5552 746 5607 ad
764 5554 1107 5622 judicaudum
1131 5555 1565 5614 circumsedisse.
1581 5554 1778 5608 Verum

211 5648 326 5690 cum
356 5639 543 5711 judieii
576 5645 896 5699 sententiam
929 5645 1218 5715 ignoraret,
1255 5661 1485 5716 eamque
1511 5645 1780 5700 sollicitus

213 5740 365 5786 nosse
405 5733 757 5801 desideraret,
787 5751 911 5793 ecce
935 5735 1208 5793 Osbernus
1235 5738 1399 5795 adest
1445 5737 1636 5793 similis
1683 5738 1776 5792 bo-

1884 4553 2068 4622 ltaque
2101 4567 2200 4622 per
2219 4551 2460 4622 singulos
2483 4551 2600 4607 dies
2630 4550 2795 4605 totius
2823 4549 2950 4604 anni
2987 4557 3081 4603 aut
3107 4549 3233 4618 ipse.
3253 4563 3350 4618 pro
3375 4545 3469 4603 illo

1873 4645 2107 4702 .missant
2131 4644 2445 4708 celebravit,
2471 4652 2565 4700 aut
2585 4643 2653 4698 ab
2679 4641 2785 4696 alio
2812 4641 3136 4696 celebratam
3167 4639 3271 4694 alia
3300 4639 3466 4695 missa

1884 4743 2160 4789 mutuatus
2183 4733 2304 4807 [al.,
2345 4733 2606 4804 mutatus]
2635 4741 2737 4787 est.
2781 4731 2956 4802 Super
2987 4731 3103 4785 hate
3149 4729 3328 4784 missis
3357 4729 3466 4784 cir-

1884 4840 2223 4894 cumquaque
2247 4825 2492 4895 epistolis
2527 4841 2626 4894 pro
2669 4823 2846 4877 anima
2876 4821 2958 4876 sui
2992 4819 3222 4877 Osberni
3265 4818 3464 4874 oratio-

1885 4929 1981 4970 nes
2025 4915 2140 4968 ﬁeri
2185 4915 2359 4985 petiit,
2390 4923 2445 4968 et
2469 4907 2720 4968 obtinuit.
2756 4911 2880 4966 llazc
2906 4911 3103 4966 fratres
3144 4909 3386 4963 videntes
3414 4913 3470 4961 et

1883 5005 2186 5061 socordiam
2239 5006 2320 5060 sui
2352 5004 2532 5060 cordis
2584 5007 2988 5073 redarguentes,
3021 5017 3080 5056 se
3128 4999 3360 5053 miseros
3403 5009 3468 5052 ac

1884 5096 2150 5161 infelices,
2179 5095 2482 5152 Osbernum
2532 5096 2747 5149 beatutn
2790 5093 3088 5164 prmdicant
3119 5103 3184 5144 ac
3231 5086 3463 5149 felicem,

1883 5188 1975 5257 qui
2009 5187 2166 5241 talem
2197 5202 2438 5242 amorem
2460 5227 2476 5253 ,
2505 5185 2665 5240 talem
2711 5185 2906 5240 meruit
2938 5181 3204 5236 invenisse
3233 5179 3469 5235 subven-

1887 5276 2108 5330 tionem.
2157 5273 2237 5330 Ex
2290 5275 2392 5330 hoc
2429 5290 2560 5346 ergo
2595 5273 2787 5344 singuli
2837 5272 3036 5341 quique
3079 5269 3212 5344 ιρι..
3244 5268 3466 5341 quippe]

1884 5380 2130 5436 corpore,
2157 5373 2210 5421 et
2240 5365 2422 5420 animo
2443 5380 2500 5420 se
2529 5364 2763 5420 subdunt
2788 5360 3064 5428 Anselmo,
3098 5361 3378 5432 cupientes
3409 5359 3466 5414 in

1884 5459 2176 5516 amicitiam
2208 5459 2325 5530 ejus
2352 5457 2694 5515 btereditario
2721 5453 2844 5525 jure
2877 5455 3169 5521 succedere
3197 5453 3466 5510 Osberno.

1883 5555 1952 5606 At
2000 5551 2088 5606 ille
2133 5553 2186 5607 in
2234 5551 2584 5610 conversione
2613 5551 2850 5620 ipsorum
2886 5547 2997 5605 Deo
3035 5547 3234 5620 gratias
3275 5559 3463 5614 agens,

1885 5639 2137 5699 omnibus
2166 5644 2346 5698 omnia
2380 5642 2554 5699 factus
2580 5650 2683 5707 est,
2723 5650 2784 5698 ut
2829 5632 3017 5699 omnes
3055 5639 3232 5696 salvos
3262 5636 3466 5694 faceret

1885 5735 1937 5805 (.l
1961 5736 2082 5790 Cor.
2113 5753 2186 5801 ιι,
2216 5735 2326 5805 ‘22).
2996 5737 2998 5739 ’
