4068 6286
550 349 619 407 59
1573 351 1629 408 S.
1672 349 1971 406 ANSELMI
2001 349 2350 405 CANTUAR.
2390 348 2707 404 ARCIIIEP.
3726 347 3795 402 60

622 463 706 516 Π.
749 461 1132 518 Verumtamen
1187 461 1618 517 adolescentibus
1649 471 1810 530 atque
1831 461 2119 530 juvenibus
2149 467 2191 522 Α
2224 459 2368 512 nitur
2391 473 2544 522 onus,
2570 458 2792 527 rejicere
2837 471 2940 511 non
2968 456 3158 511 audeo.
3193 456 3398 526 Repetit
3448 456 3642 526 praesul
3683 458 3795 516 edi.

546 557 816 628 praecipua
843 572 971 610 cura
1001 554 1122 628 [al.,
1145 555 1468 626 prmcipuam
1494 553 1700 625 curam]
1721 555 2052 620 intendebat,
2075 565 2129 608 et

550 644 944 719 inquirentibus
994 649 1060 702 de
1095 647 1526 710 hoc.rationem,
1570 645 1670 700 sub
1713 644 1960 714 exemplo
2009 644 2130 698 red-

549 741 730 794 debat.
767 737 1123 806 Comparabat
1151 736 1518 805 cermjuvenis
1538 745 1770 801 aetatem,
1799 751 1916 804 qtae
1952 736 2019 788 ad
2049 736 2130 788 in-

550 828 889 882 formandum
922 827 1152 897 sigillum
1181 837 1303 895 apte
1317 836 1400 882 est
1429 837 1746 896 temperata.
1768 824 1899 878 Nam
1919 826 1962 879 si
1980 842 2125 892 cera,

550 917 745 986 inquit,
785 915 942 970 nimis
967 917 1100 970 dura
1127 917 1211 971 vel
1232 917 1410 971 mollis
1433 916 1614 979 fuerit,
1648 915 1822 987 sigillo
1868 914 2127 984 impressa

547 1006 668 1079 [al.,
718 1007 1002 1079 impresso]
1037 1008 1153 1076 ejus
1192 1008 1418 1079 ﬁguram
1460 1010 1512 1063 in
1559 1024 1618 1064 se
1663 1023 2000 1079 nequaquam
2059 1009 2127 1064 ad

549 1097 763 1168 plenum
797 1099 1007 1167 recipit.
1042 1099 1097 1153 Si
1129 1114 1257 1154 vero
1289 1115 1355 1154 ex
1403 1099 1666 1168 utrisque,
1698 1098 1894 1152 duritia
1922 1099 2129 1154 scilicet

549 1199 713 1260 atque
747 1191 986 1254 mollitie,
1022 1191 1254 1246 discrele
1305 1191 1507 1246 habens
1554 1191 1727 1262 sigillo
1779 1192 2126 1262 imprimitur,

550 1290 677 1336 tunc
706 1282 875 1336 forma
907 1283 1062 1353 sigilli
1103 1283 1324 1337 omnino
1359 1283 1638 1359 perspicua
1673 1293 1725 1338 et
1765 1284 1973 1354 integra
2003 1283 2126 1337 red-

555 1373 720 1426 ditur.
775 1372 867 1428 Sic
915 1381 999 1428 est
1038 1372 1090 1426 in
1113 1366 1368 1428 aetatibus
1406 1376 1704 1428 hominum.
1735 1374 1930 1429 Videas
1958 1375 2129 1430 homi—

551 1479 674 1518 nem
714 1464 767 1518 in
807 1467 1044 1520 vanitate
1075 1466 1233 1536 hujus
1266 1467 1448 1522 saeculi
1479 1467 1546 1520 ab
1593 1466 1817 1520 infantia
1862 1482 2033 1536 usque
2060 1467 2127 1521 ad

551 1554 870 1623 profundant
888 1565 1218 1610 senectutem
1250 1557 1774 1620 convcrsatnm,sola
1805 1567 2016 1610 terrena
2041 1572 2131 1611 sa-

551 1646 807 1715 pientem,
844 1647 975 1702 etin
1009 1648 1092 1702 his
1120 1649 1334 1716 penitus
1367 1647 1862 1703 obduratum.Cum
1902 1648 2004 1702 hoc
2032 1664 2129 1718 age

553 1736 620 1789 de
645 1736 1034 1804 spiritualibus,
1059 1737 1183 1792 huic
1214 1737 1280 1791 de
1329 1737 1627 1793 subtilitate
1659 1738 2129 1806 contemplationis

2229 559 2394 615 ctum,
2422 559 2476 604 et
2503 557 2560 602 ut
2595 549 2770 618 primo
2799 545 2952 614 jubet
2973 563 3041 601 ne
3071 548 3511 618 trausgrediatur.

2827 638 3054 694 CAPUT
3090 636 3178 693 Ili.

2301 750 2600 820 Benignilas
2625 767 2746 821 erga
2779 766 2973 804 omnes.
2995 751 3145 832 οιῑὸτὶ
3166 750 3406 806 nonnulli
3429 761 3477 806 et
3499 751 3736 820 epistola:

2903 831 3130 888 scriptae.

2304 913 2386 966 19.
2413 911 2613 966 Dehinc
2635 912 2922 967 Anselmus
2947 913 3014 966 ad
3041 913 3428 967 monasterium
3454 928 3706 968 reversus
3729 923 3806 967 ta-

2229 1003 2334 1057 lem
2381 1019 2438 1058 se
2471 1004 2680 1058 cunctis
2727 1004 2993 1069 exhibuit,
3029 1013 3088 1058 ut
3116 1003 3184 1058 ab
3217 1005 3465 1060 omnibus
3514 1005 3630 1060 loco
3677 1008 3800 1061 cha-

2232 1092 2428 1146 rissimi
2459 1092 2634 1147 Patris
2662 1093 2994 1164 diligeretur.
3019 1093 3137 1163 Ipse
3165 1094 3309 1150 enim
3348 1109 3526 1150 mores
3562 1097 3804 1149 omnium

2228 1191 2283 1238 et
2309 1182 2650 1238 inﬁrmitates
2678 1185 3053 1254 aequanimiter
3071 1183 3394 1250 sull'erehat;
3429 1195 3484 1242 et
3520 1186 3809 1256 unicuique

2228 1275 2369 1329 sicut
2391 1275 2642 1344 expedire
2665 1276 2893 1340 sciebat,
2914 1278 3218 1332 necessaria
3241 1279 3578 1349 suggerebat.
3608 1278 3652 1334 0
3677 1289 3805 1347 quot

2230 1362 2284 1416 iu
2302 1378 2396 1418 sua
2421 1365 2531 1433 jam
2567 1365 2879 1420 inﬁrmitate
2905 1367 3173 1434 desperati
3204 1384 3302 1438 per
3322 1371 3464 1438 piam
3488 1369 3810 1425 sollicitudi-

2231 1475 2351 1514 nem
2403 1460 2519 1530 ejus
2566 1471 2692 1515 sunt
2739 1463 2803 1516 ad
2845 1463 3128 1533 pristinam
3158 1465 3465 1520 sanitatem
3521 1465 3805 1521 revocati!

2230 1551 2383 1619 Quod
2416 1564 2470 1607 tu
2505 1552 2842 1617 llerewalde.
2874 1555 3148 1626 decrepite
3173 1571 3360 1623 senex,
3395 1557 3448 1611 in
3496 1558 3669 1626 teipso
3690 1572 3812 1626 per-

2229 1645 2440 1714 cepisti,
2472 1647 2684 1713 quando
2728 1655 2982 1715 gravatus
3032 1661 3136 1700 non
3183 1648 3356 1702 solum
3404 1655 3563 1703 aetate
3611 1649 3706 1702 sed
3759 1656 3812 1702 et

2233 1733 2404 1787 valida
2430 1734 2764 1797 inﬁrmitate,
2799 1735 2872 1789 ita
2905 1744 2964 1790 ut
3017 1737 3151 1790 nihil
3192 1738 3282 1812 ‘tui
3337 1739 3581 1808 corporis
3616 1748 3814 1808 prater

551 1827 748 1882 divinae
795 1828 1036 1898 loquere,
1079 1829 1221 1884 hunc
1251 1838 1458 1883 secreta
1486 1829 1726 1884 coelestia
1762 1831 1894 1884 doce
1923 1830 2132 1893 rimari,
2167 1805 2209 1859 Β
2237 1821 2475 1891 linguam
2513 1823 2745 1878 haberes
2778 1824 2830 1876 in
2869 1833 2957 1877 tua
2983 1835 3274 1894 potestate,
3305 1843 3401 1896 per
3435 1844 3628 1882 manus
3670 1829 3812 1884 illius

550 1929 606 1972 et
649 1919 942 1988 perspicies
974 1935 1096 1973 eum
1142 1934 1243 1973 nec
1273 1919 1401 1988 quid
1431 1918 1562 1974 velis
1589 1919 1803 1988 quidem
1856 1934 2014 1986 posse
2051 1920 2133 1973 vi-

553 2007 702 2062 dere.
735 2007 845 2062 Nec
881 2009 1077 2062 mirum
1109 2008 1358 2062 indurata
1389 2024 1512 2063 cera
1549 2018 1651 2072 est,
1687 2009 1738 2062 iu
1770 2010 1886 2063 istis
1921 2018 2134 2064 mtatem

553 2114 659 2154 non
693 2101 841 2154 trivit
867 2099 988 2172 [al.,
1015 2100 1475 2172 nutrivit],aliena
1514 2102 1581 2155 ab
1607 2102 1724 2156 istis
1755 2101 1903 2170 sequi
1929 2101 2133 2156 didicit.

554 2190 875 2246 Econlrario
914 2193 1224 2247 consideres
1251 2208 1477 2262 puerum
1507 2201 1666 2247 aetate
1697 2209 1758 2247 ac
1789 2193 2013 2247 scientia
2059 2201 2139 2248 te-

554 2296 768 2346 nerum,
800 2296 898 2336 nec
927 2282 1126 2336 bonum
1157 2297 1256 2337 nec
1279 2282 1475 2336 malum
1506 2283 1813 2337 discernere
1848 2282 2135 2349 valentem,

554 2386 657 2424 nec
682 2380 731 2424 te
755 2371 970 2440 quidem
1001 2372 1300 2443 intelligere
1328 2373 1394 2428 de
1420 2372 1722 2440 lmjusmodi
1743 2374 2092 2428 disserentem
2119 2392 2133 2429 :

555 2462 820 2516 Nimirum
853 2463 1031 2518 mollis
1054 2479 1178 2518 cera
1209 2473 1292 2518 est
1323 2475 1376 2518 et
1413 2466 1566 2534 quasi
1597 2463 1827 2533 liquens,
1870 2480 1967 2518 nec
1998 2464 2135 2518 ima-

554 2555 734 2624 ginem
772 2554 929 2624 sigilli
962 2571 1178 2624 quoquo
1205 2555 1362 2610 modo
1394 2556 1682 2625 recipiens.
1710 2554 1918 2610 Medius
1944 2555 2135 2609 horum

555 2645 868 2701 adolescens
900 2655 954 2701 et
978 2645 1192 2714 juvenis
1226 2656 1330 2711 est,
1370 2663 1432 2702 ex
1464 2647 1824 2702 teneritudine
1855 2656 2016 2715 atque
2041 2647 2138 2701 du-

555 2737 676 2791 ritia
728 2753 963 2808 congrue
1003 2747 1354 2808 temperatus.
1383 2739 1437 2792 Si
1487 2739 1628 2793 hunc
1681 2739 2025 2802 instruxeris,
2073 2739 2139 2792 ad

555 2841 674 2895 quae
702 2827 848 2880 voles
892 2826 1183 2883 informare
1215 2827 1439 2880 valebis.
1465 2826 1617 2892 Quod
1654 2826 1769 2895 ipse
1801 2826 2140 2880 animadver-

559 2927 680 2972 tens
713 2917 1002 2984 juvenibus
1043 2918 1232 2986 majori
1271 2917 1630 2972 sollicitudine
1677 2917 1916 2987 invigilo,
1946 2933 2138 2986 procn-

558 3024 687 3063 rans
717 3015 909 3064 cuncta
942 3009 994 3062 in
1040 3009 1118 3063 eis
1159 3009 1414 3064 vitiorum
1447 3008 1688 3078 germina
1732 3009 2052 3076 exstirpare,
2085 3015 2142 3062 ut
2194 3011 2199 3016 '

2237 1924 2445 1983 pastus,
2476 1923 2532 1967 et
2563 1914 2688 1969 vino
2718 1915 2784 1969 de
2819 1917 3050 1972 racemis
3087 1933 3184 1986 per
3210 1933 3367 1971 uvam
3401 1918 3454 1972 in
3503 1918 3666 1972 aliam
3697 1918 3816 1988 ejus

2240 2019 2460 2058 manum
2488 2017 2768 2072 expresso,
2799 2006 2865 2060 de
2892 2007 3008 2075 ejus
3042 2007 3155 2076 ipsa
3193 2023 3350 2061 manu
3390 2007 3580 2062 bibens
3603 2022 3663 2062 es
3693 2007 3812 2079 [al.,

2237 2095 2312 2167 et]
2342 2095 2696 2159 refocillatus,
2730 2111 2794 2150 ac
2827 2098 3068 2166 pristina:
3103 2099 3324 2152 sanitati
3363 2099 3676 2153 redonatus.
3711 2099 3818 2154 Ne-

2239 2202 2344 2255 que
2380 2189 2527 2243 enim
2560 2189 2726 2244 alium
2758 2200 2851 2244 aut
2879 2191 3093 2246 aliunde
3125 2203 3306 2262 potum
3335 2207 3550 2247 sumere
3574 2201 3816 2262 poteras,

2238 2279 2328 2347 qui
2360 2281 2452 2333 tibi
2487 2281 2636 2352 cordi
2669 2289 2834 2344 esset,
2874 2293 2933 2335 ut
2984 2283 3276 2336 referebas.
3327 2281 3443 2351 Ipse
3475 2283 3672 2351 quippe
3699 2283 3814 2336 Au-

2241 2368 2442 2424 sclmus
2472 2371 2524 2424 in
2555 2386 2651 2424 usu
2684 2371 2918 2425 habebat
2941 2371 3276 2424 inﬁrmorum
3303 2373 3520 2425 domum
3559 2368 3821 2438 frequen-

2241 2467 2376 2524 tare,
2403 2461 2738 2530 singulorum
2781 2461 3008 2522 fratrum
3054 2461 3398 2515 inﬁrmitates
3427 2459 3714 2530 diligenter
3741 2460 3821 2513 in-

2238 2551 2527 2621 vestigare,
2541 2561 2596 2606 et
2609 2552 2748 2620 quod
2767 2551 3052 2605 inﬁrmitas
3064 2551 3322 2621 cujusque
3333 2550 3820 2621 eXpetehat,singu-

2239 2639 2305 2696 lis
2327 2643 2528 2710 absque
2554 2657 2703 2695 mora
2733 2656 2825 2696 seu
2857 2643 3014 2696 taedio
3040 2643 3476 2698 subministrare.
3511 2641 3710 2710 Sicque
3737 2656 3824 2695 sa-

2240 2733 2324 2787 nis
2364 2742 2537 2802 pater,
2567 2743 2622 2786 et
2654 2733 2881 2786 inﬁrmis
2907 2743 3026 2787 erat
3049 2744 3243 2799 mater,
3271 2738 3378 2788 imo
3415 2733 3560 2788 sanis
3585 2742 3640 2786 et
3667 2733 3824 2787 infir-

2241 2825 2344 2879 mis
2372 2833 2525 2893 pater
2549 2834 2605 2878 et
2634 2834 2806 2879 mater
2857 2824 2908 2877 in
2961 2841 3268 2879 commune.
3308 2825 3456 2880 Unde
3485 2834 3539 2879 et
3559 2826 3823 2895 quidquid

2241 2917 2434 2972 secreti
2452 2916 2589 2984 apud
2609 2931 2665 2970 se
2680 2916 2856 2985 quivis
2873 2916 3080 2970 illorum
3109 2917 3471 2980 habebat,non
3489 2930 3647 2970 secus
3661 2931 3826 2986 quam

2241 3009 2565 3063 dulcissimae
2577 3009 2735 3062 matri
2757 3009 2845 3063 ille
2871 3010 3110 3064 revelare
3135 3009 3826 3078 satagebatNerumlamen

561 3103 615 3156 iu
645 3112 954 3156 sanctarum
999 3101 1276 3155 exercitiis
1305 3101 1565 3155 virtutum
1610 3108 1793 3167 postea
1831 3110 2140 3168 competen-
2169 3135 2214 3196 Ο
2244 3100 2415 3154 solers
2445 3099 2718 3171 diligentia
2762 3098 3022 3166 juvcnum
3052 3101 3153 3152 hoc
3183 3101 3448 3168 praecipue
3470 3099 3784 3153 exercebat.

563 3203 644 3248 ter
672 3195 868 3261 edocti,
907 3192 1166 3264 spiritalis
1211 3194 1261 3247 in
1307 3209 1364 3249 se
1411 3194 1803 3250 transforment
1850 3191 2140 3262 imaginem

560 3287 686 3342 viri.

635 3381 719 3434 18.
765 3379 870 3434 Sed
902 3395 1023 3434 cum
1061 3379 1200 3433 inter
1229 3379 1342 3433 lucc
1387 3393 1509 3433 eum
1559 3377 1768 3432 diversa
1805 3376 2141 3430 diversorum

562 3471 774 3539 negotia
807 3471 1117 3540 fatigarent,
1162 3479 1215 3524 et
1241 3484 1624 3538 nonnunquam
1654 3468 1797 3522 illius
1835 3477 2068 3521 mentent
2113 3483 2143 3520 a

565 3575 661 3616 sua
709 3561 889 3629 quiete
925 3561 1222 3623 turbarent,
1274 3559 1562 3614 consilium
1603 3573 1765 3628 super
1798 3557 1882 3610 his
1912 3571 1940 3608 a
1981 3571 2142 3624 supra

564 3651 713 3704 dicto
745 3649 1060 3703 venerandae
1091 3648 1364 3702 memoria:
1397 3647 1810 3717 archiepiscopo
1853 3646 2144 3699 ltothoma-

565 3739 715 3809 gensi
734 3738 975 3792 Maurillo
1004 3737 1370 3806 postulaturus
1391 3737 1784 3803 Rothomagum
1801 3735 1966 3788 venit.
1985 3735 2148 3789 Cum-

566 3843 674 3898 que
728 3830 809 3883 sui
857 3830 1120 3883 adventus
1167 3843 1384 3883 causam
1436 3829 1671 3898 pontiﬁci
1716 3836 2027 3896 exponeret,
2085 3843 2149 3881 ac

568 3917 709 3972 inter
739 3917 902 3971 verba
936 3932 1035 3987 pro
1075 3917 1273 3971 amissa
1315 3926 1489 3972 status
1517 3917 1598 3972 sui
1633 3915 2024 3985 tranquillitate
2054 3931 2148 3970 ve-

569 4008 976 4064 hementissime
1012 4009 1186 4072 ﬁeret,
1216 4009 1283 4062 ab
1309 4023 1474 4064 onere
1511 4007 1840 4078 praelationis
1877 4008 2016 4078 quod
2047 4007 2148 4062 sibi

568 4099 836 4156 fatebatur
869 4099 1226 4170 importabile,
1258 4109 1312 4154 ut
1345 4099 1568 4155 relevari
1603 4108 1926 4161 mereretur,
1955 4113 2151 4169 magno

567 4205 732 4258 Opere
778 4191 943 4258 coepit
993 4204 1201 4259 rogare.
1245 4189 1312 4242 At
1354 4188 1440 4243 ille
1462 4188 1619 4243 sicuti
1653 4189 1734 4242 vir
1765 4203 1972 4256 magnae
2027 4203 2154 4242 san-

570 4280 772 4334 ctitatis
803 4295 816 4331 :
859 4278 995 4339 Noli,
1025 4280 1219 4347 inquit,
1266 4279 1335 4332 mi
1367 4279 1439 4332 ﬁli
1471 4280 1810 4343 charissime,
1837 4280 1979 4348 quod
2006 4295 2154 4347 quae-

571 4370 649 4425 ris
674 4384 938 4439 quzerere,
963 4385 1059 4425 nec
1083 4379 1132 4424 te
1157 4387 1186 4424 a
1209 4370 1560 4425 subvectione
1592 4370 1711 4441 [al.,
1733 4380 1781 4424 te
1797 4369 2151 4442 subjectionc]

2314 3191 2405 3245 20.
2442 3192 2514 3244 De
2550 3207 2776 3260 quorum
2811 3208 3036 3246 numero
3072 3193 3290 3261 quidam
3326 3192 3378 3246 in
3408 3193 3524 3260 ipso
3554 3199 3826 3246 conventu

2245 3281 2348 3335 hoc
2373 3281 2513 3349 apud
2543 3295 2601 3334 se
2645 3292 3040 3350 proposuerat,
3075 3291 3342 3351 quatenus
3371 3282 3513 3336 nulla
3543 3282 3828 3336 occasione

2247 3387 2482 3442 unquam
2521 3389 2673 3428 suam
2700 3390 2915 3427 manum
2947 3375 3060 3428 suis
3089 3374 3412 3443 genitalibus
3443 3372 3700 3428 membris
3731 3375 3828 3426 ad-

2259 3473 2525 3520 moveret.
2556 3464 2650 3518 Cui
2691 3466 2965 3532 proposito
2997 3465 3245 3518 invidens
3296 3464 3559 3529 diabolus,
3617 3471 3828 3517 tantum

2248 3555 2486 3609 dolorem
2524 3565 2579 3609 et
2609 3557 2912 3623 angustiam
2945 3557 2996 3608 in
3029 3558 3232 3610 eisdem
3263 3556 3522 3611 membris
3549 3555 3676 3610 fecit
3703 3569 3828 3609 eum

2249 3648 2468 3708 sentire,
2520 3655 2578 3700 ut
2628 3661 2687 3701 se
2717 3647 2932 3716 juvenis
2971 3647 3117 3700 nullo
3179 3648 3340 3702 modo
3404 3649 3549 3701 lerre
3597 3647 3823 3701 valeret.

2250 3735 2600 3790 Sentiebatur
2649 3736 2847 3790 etenim
2902 3753 3028 3790 caro
3076 3738 3191 3806 ipsa
3234 3737 3367 3791 tanti
3397 3737 3652 3804 ponderis
3677 3752 3823 3801 esse,

2243 3843 2312 3882 ac
2339 3826 2382 3881 si
2412 3826 2656 3895 quaedam
2687 3827 2888 3895 plumbi
2921 3829 3241 3896 gravissima
3271 3828 3438 3882 moles
3469 3828 3536 3881 ad
3568 3827 3671 3882 ima
3701 3841 3826 3880 eum

2251 3917 2570 3983 detrahens,
2591 3918 2644 3970 in
2679 3917 2767 3971 illa
2794 3918 2875 3971 sui
2913 3919 3156 3988 corporis
3183 3929 3334 3988 parte
3362 3918 3640 3987 penderet.
3667 3917 3833 3971 Cum-

2252 4023 2357 4079 que
2402 4009 2454 4062 in
2504 4009 2694 4065 habitu
2727 4025 2825 4064 suo
2855 4011 3148 4064 anxietatis
3200 4010 3623 4080 magnitudinem
3675 4009 3834 4064 dissi-

2255 4100 2460 4154 mulare
2499 4116 2605 4154 non
2646 4111 2864 4169 posset,
2934 4102 3229 4171 requisitns
3285 4102 3351 4154 ab
3405 4101 3660 4154 Auselmo
3704 4101 3832 4168 qttid

2252 4189 2501 4256 haberet,
2537 4206 2652 4246 rem
2703 4190 2881 4246 celare
2911 4206 3016 4244 non
3053 4192 3247 4260 potuit.
3296 4190 3618 4244 Admonitus
3649 4191 3835 4258 itaque

2257 4290 2316 4334 ut
2355 4286 2573 4336 modum
2622 4281 2961 4352 aegritudinis
2990 4282 3208 4335 admota
3243 4296 3403 4336 manu
3437 4283 3713 4350 probaret,
3743 4295 3838 4334 ve-

2260 4373 2586 4426 recundatus
2609 4373 2902 4435 recusavit,
2918 4373 3115 4427 timens
3141 4388 3207 4426 ne
3228 4372 3566 4442 propositum
3584 4371 3833 4426 violaret.

573 4463 802 4517 aliorum
850 4462 924 4516 tui
972 4462 1140 4517 solius
1185 4478 1371 4516 curam
1419 4477 1612 4532 gerens
1655 4462 1791 4516 velis
1839 4463 2150 4529 retrahere.
2185 4467 2232 4524 Ι)
2259 4463 2410 4518 Tmtc
2440 4463 2752 4526 Avaselmus,
2786 4473 3064 4532 assumpto
3090 4479 3271 4519 secum
3301 4464 3531 4530 quodam
3549 4463 3838 4532 grandva

575 4555 716 4610 Vere
766 4555 965 4610 etenim
997 4555 1119 4608 dico
1166 4555 1259 4609 tibi
1292 4570 1375 4608 me
1423 4555 1486 4609 de
1516 4554 1697 4608 multis
1743 4553 1980 4617 audisse,
2026 4553 2158 4607 mul-

575 4654 766 4715 tosque
791 4646 1009 4710 vidisse,
1059 4646 1147 4714 qui
1195 4647 1449 4713 quoniam
1478 4663 1641 4701 causa
1672 4661 1782 4700 sure
1811 4645 2006 4715 quietis
2038 4661 2157 4714 pro-

575 4738 844 4791 ximorum
886 4735 1102 4790 utilitati
1149 4751 1246 4804 per
1273 4735 1594 4805 pastoralem
1645 4751 1830 4790 curam
1879 4735 2158 4804 invigilare

576 4829 892 4896 noluerunt,
925 4843 1022 4898 per
1050 4828 1310 4882 desidiam
1339 4827 1679 4883 ambulantes
1703 4843 1917 4897 semper
1937 4830 2002 4882 de
2021 4827 2158 4881 malo

579 4921 631 4974 in
661 4919 812 4990 pejus
837 4919 1200 4990 profecerunt.
1224 4920 1565 4989 Quapropter
1593 4937 1659 4974 nc
1682 4921 1774 4974 tibi
1802 4921 1966 4989 (quod
1993 4920 2156 4990 absit)

578 5015 680 5069 hoc
717 5015 854 5069 idem
887 5014 1182 5083 contingat,
1229 5028 1326 5081 per
1354 5023 1598 5065 sanctam
1631 5011 1992 5065 obedientiam
2031 5027 2162 5080 pra:-

578 5108 720 5175 cipio
768 5115 1036 5175 quatenus
1071 5104 1435 5175 praelationem
1475 5119 1634 5170 quam
1674 5116 1816 5154 nunc
1855 5101 2021 5154 habes
2075 5116 2159 5154 re-

581 5200 771 5262 tineas,
808 5216 906 5254 nec
949 5215 1068 5254 eam
1110 5197 1230 5269 [al.,
1259 5194 1394 5267 jam]
1440 5195 1539 5250 nisi
1571 5205 1658 5249 tuo
1700 5195 1926 5262 jubente
1968 5193 2162 5247 abbate

580 5288 980 5356 quomodolibet
1009 5289 1257 5354 deseras;
1288 5297 1341 5340 et
1364 5287 1406 5340 si
1439 5285 1654 5357 quando
1682 5285 1849 5339 fueris
1879 5285 1944 5337 ad
1991 5285 2162 5353 majo-

584 5397 698 5436 rem
723 5389 968 5445 vocatus,
1001 5395 1118 5434 eam
1143 5380 1420 5448 suscipere
1448 5377 1754 5431 nullatenus
1782 5376 2007 5429 a‘bnuas.
2037 5374 2164 5429 Seio

582 5473 726 5526 enim
755 5472 897 5541 quod
927 5472 977 5525 in
1011 5471 1115 5526 hac
1136 5487 1293 5541 quam
1327 5481 1476 5525 tenes
1511 5483 1615 5524 non
1653 5467 1740 5522 diu
1772 5465 2035 5528 manebis,
2068 5481 2163 5519 ve-

585 5565 705 5618 rum
739 5562 804 5616 ad
835 5563 1079 5616 altiorem
1112 5561 1440 5630 prtelationis
1469 5560 1694 5631 gradum
1725 5573 1831 5613 non
1881 5566 2002 5627 post
2026 5557 2164 5611 mul-

587 5661 699 5706 tum
725 5652 1062 5724 proveheris.
1087 5652 1292 5718 Quibus
1315 5653 1536 5716 auditis,
1572 5666 1674 5717 va},
1721 5649 1914 5720 inquit,
1965 5648 2166 5703 misero

588 5741 740 5800 mihi.
773 5742 828 5799 In
859 5759 925 5800 eo
953 5743 1093 5812 quod
1119 5752 1276 5814 porto
1311 5741 1538 5808 deﬁcio;
1569 5750 1623 5797 et
1664 5741 1706 5797 si
1731 5741 1945 5812 gravius
1996 5739 2166 5810 impo-

2258 4555 2425 4609 fratre
2454 4565 2508 4608 ct
2539 4555 2814 4625 religioso,
2843 4555 3096 4623 juvenem
3125 4556 3438 4624 languidum
3473 4557 3524 4608 in
3576 4555 3840 4610 secretio-

2257 4663 2370 4701 rem
2404 4647 2580 4700 locum
2627 4647 2794 4711 ducit,
2829 4657 3014 4715 utpote
3064 4647 3282 4701 modum
3331 4645 3665 4699 inﬁrmitatis
3696 4645 3841 4699 illius

2259 4740 2578 4808 agniturus,
2619 4747 2673 4792 et
2720 4739 2979 4792 auxilium
3045 4753 3143 4808 pro
3199 4738 3556 4808 possibilitate
3607 4737 3839 4790 laturus.

2259 4833 2396 4899 Quid
2433 4832 2698 4902 amplius?
2723 4831 2863 4886 Caro
2894 4832 3186 4885 sanissima
3220 4831 3510 4899 reperitur,
3551 4837 3606 4882 et
3650 4829 3842 4881 adum-

2262 4925 2386 4978 dum
2413 4923 2590 4977 mirati
2623 4932 2768 4977 sunt.
2824 4923 2866 4976 E
2894 4924 3120 4992 vestigio
3138 4923 3349 4993 ‘quippe
3381 4921 3560 4976 omnis
3600 4919 3687 4972 illa
3723 4919 3844 4971 dia-

2263 5013 2435 5067 bolica
2465 5014 2678 5066 vexatio
2706 5013 2872 5076 cadit,
2907 5028 3006 5067 nec
3036 5013 3087 5066 in
3140 5012 3446 5082 hnjusmodi
3481 5011 3670 5080 fatigat
3703 5013 3842 5062 ulte-

2264 5103 2373 5156 rius
2407 5103 2681 5171 juvenem,
2733 5119 2892 5172 quem
2945 5102 3172 5170 simplex
3221 5102 3462 5156 Auseluti
3521 5088 3774 5170 aspectus
3808 5115 3845 5152 ιι

2265 5203 2409 5249 tanta
2441 5194 2595 5248 clade
2632 5194 2758 5248 fecit
2789 5195 3101 5247 imnmnem.

2330 5282 2706 5339 ‘2l.Pra2terea
2728 5285 2948 5353 quidam
2974 5300 3041 5339 ex
3069 5285 3462 5353 antiquioribus
3485 5284 3652 5352 ipsius
3667 5295 3851 5335 (τι-ηο-

2263 5378 2336 5432 hii
2373 5377 2651 5442 fratribus,
2680 5377 2768 5446 qui
2795 5376 2967 5432 veteri
2998 5379 3119 5430 odio
3146 5377 3431 5445 pluritnum
3466 5385 3575 5427 etut
3614 5374 3848 5429 iu'estus

2263 5469 2540 5536 Ansclmo,
2570 5485 2666 5522 nec
2691 5469 2957 5523 ullatenus
2985 5477 3199 5538 poterat
3228 5484 3390 5538 super
3416 5485 3540 5522 eum
3576 5467 3848 5536 respicere

2270 5559 2498 5628 simplici
2547 5561 2731 5623 oculo,
2765 5560 3082 5614 inﬁrmitate
3111 5576 3330 5628 pressus
3355 5561 3422 5614 ad
3450 5567 3693 5612 extrema
3724 5571 3850 5626 per-

2269 5652 2463 5707 ductus
2494 5661 2600 5706 est.
2646 5654 2780 5707 Cum
2814 5652 2996 5721 itaque
3034 5653 3232 5707 fratres
3289 5651 3586 5706 meridiana
3627 5650 3758 5704 hora
3794 5649 3846 5704 in

2272 5741 2424 5798 lectis
2462 5758 2526 5798 ex
2562 5757 2708 5796 more
2758 5741 3118 5812 quiescerent,
3156 5741 3266 5811 ipse
3314 5743 3364 5796 in
3410 5740 3571 5795 domo
3601 5739 3848 5793 inﬁrmi.-
