4068 6286
243 377 306 433 ﬂ
1225 383 1379 440 VITA
1421 384 1751 441 AUCTORE
1793 387 2138 445 EADMERO.
2179 422 2242 430 —
2275 392 2401 448 LIB.
2442 396 2480 449 1.
2582 463 2589 466 _
2670 463 2672 466 ν
3233 353 3237 360 ’
3401 413 3472 465 62

247 513 361 551 rum
397 495 446 549 in
471 510 577 566 qua
600 493 844 564 jacebat,
870 497 1034 565 erepit
1060 496 1400 553 miserandas
1430 516 1590 554 voces
1623 501 1814 564 edere,
1848 503 1896 558 Α
1923 492 2034 557 ram
2082 507 2402 577 declinabat,
2442 521 2498 566 et
2540 512 2838 584 principem
2865 516 2952 571 de
3006 518 3330 587 ιιοειιίωιιιιο
3377 524 3488 578 Au-

244 596 300 641 et
339 587 490 656 quasi
523 586 882 656 quorumdam
935 587 1188 642 horridos
1236 587 1356 658 (aL,
1388 589 1809 660 horrendorum]

245 688 490 748 aspectus
508 676 882 742 subterfugere
915 678 1161 746 gestiret,
1191 679 1398 748 pallens
1418 689 1472 734 et
1500 680 1662 734 anxie
1696 689 1806 734 tre-

242 784 394 823 mens
430 766 636 821 vultum
683 783 839 823 suum
871 768 1236 823 delitescendo
1267 769 1392 824 hinc
1423 770 1546 824 inde
1574 785 1813 825 commu-

243 867 369 912 tare.
402 857 601 912 Territi
631 857 832 914 fratres
861 859 950 929 qui
982 859 1233 924 aderant,
1264 861 1392 929 quid
1439 860 1663 914 haberet
1689 876 1812 929 per-

239 955 577 1000 cunctantur.
634 946 707 1000 At
754 946 842 1002 ille
873 964 887 1000 :
916 947 1173 1003 Geminos
1219 949 1484 1003 immanes
1541 947 1694 1018 lupos
1724 963 1811 1003 me

169 1083 177 1090 .
238 1037 379 1091 inter
427 1038 650 1092 brachia
698 1053 792 1093 sua
827 1054 1195 1109 compressum
1255 1049 1463 1105 tenere,
1521 1051 1576 1097 et
1624 1051 1811 1112 guttur

234 1143 412 1184 meum
442 1129 722 1198 impressis
745 1129 994 1185 dentibus
1037 1130 1261 1203 jamjam
1297 1131 1563 1187 suffocare
1592 1133 1806 1200 videtis,

233 1225 286 1271 et
313 1218 443 1286 quid
470 1218 599 1271 mihi
630 1218 692 1272 fit
715 1219 993 1287 quaeritis?
1022 1219 1142 1286 Quo
1186 1221 1391 1287 audito,
1416 1236 1555 1277 unus
1580 1237 1649 1276 ex
1695 1237 1812 1277 mo-

231 1308 424 1363 nachis
469 1307 769 1378 Riculphus
815 1311 1052 1373 nomine,
1104 1312 1171 1367 ad
1202 1313 1516 1368 Anselmum
1547 1315 1638 1384 qui
1681 1323 1808 1369 tunc

232 1401 286 1455 in
313 1401 558 1456 claustro
586 1403 944 1457 emendandis
970 1403 1125 1459 libris
1172 1405 1506 1474 intendebat,
1561 1407 1809 1461 concitus

228 1495 504 1564 perrexit;
553 1501 608 1547 et
645 1493 694 1547 ei
735 1492 855 1565 [al.,
893 1493 982 1566 eo]
1033 1505 1191 1550 extra
1244 1496 1542 1552 claustrum
1579 1499 1808 1564 educto,

229 1585 356 1653 quid
417 1585 560 1641 circa
607 1586 883 1640 infirmum
927 1586 1152 1643 fratrem
1202 1598 1486 1659 ageretur,
1527 1589 1805 1659 patefecit.

227 1671 426 1728 Jussus
479 1689 608 1744 ergo
661 1674 960 1745 Rieulphus
985 1677 1051 1730 ad
1084 1692 1285 1746 :egrum
1322 1679 1501 1742 rediit,
1534 1687 1589 1734 et
1619 1677 1809 1733 Ausci.-

227 1780 348 1819 mus
392 1765 448 1818 in
479 1766 834 1820 secretiorum
865 1766 1043 1821 locum
1073 1767 1222 1821 solus
1259 1767 1510 1822 secessit.
1533 1766 1660 1821 Post
1689 1781 1804 1820 mo-

1913 593 2082 648 selmo
2133 596 2275 650 nulla
2333 614 2462 653 cura
2516 599 2815 658 detinebat.
2878 605 3030 671 Quod
3097 608 3186 662 ubi
3236 608 3492 666 Anselmo

1912 685 2168 752 innotuit,
2196 689 2327 743 nihil
2361 706 2523 760 super
2549 709 2607 749 re
2648 693 2770 765 [al.,
2815 697 2896 769 se]
2941 698 3190 768 cuiquam
3240 699 3446 772 locutus
3473 741 3490 765 ,

1912 789 2132 848 accepta
2168 779 2382 836 licentia
2424 782 2542 838 loco
2568 785 2817 840 decessit.
2850 788 3009 842 Eunti
3054 799 3256 856 autem,
3285 799 3341 844 et
3384 807 3492 860 quo

1911 867 2200 923 diverteret
2227 871 2492 926 incertum
2530 873 2745 929 habenti
2778 875 3000 945 (Beccus
3036 879 3179 950 enim
3209 879 3364 950 longe
3397 881 3492 932 ah-

1910 954 2048 1027 erat)
2089 961 2327 1013 occurrit
2368 975 2507 1014 unus
2540 962 2606 1016 de
2632 965 2910 1019 monachis
2937 964 3114 1031 Becci,
3149 967 3334 1022 volens
3367 967 3491 1022 illuc

1911 1045 2014 1112 ire,
2047 1063 2153 1117 quo
2191 1065 2313 1105 eum
2359 1051 2566 1106 sciebat
2625 1054 2884 1123 principis
2924 1056 3190 1126 colloquio
3232 1040 3492 1113 detineri.

1909 1138 2210 1209 luterrogat
2236 1155 2365 1212 ergo
2384 1158 2504 1200 eum
2529 1143 2816 1200 Ansehuus
2841 1161 2946 1215 quo
2972 1135 3265 1212 tendat,ac
3295 1149 3488 1203 deinde

1910 1231 2038 1300 quid
2088 1233 2304 1288 consilii
2349 1233 2415 1288 de
2443 1250 2543 1289 suo
2593 1236 2826 1304 hospitio
2869 1237 3029 1291 ferat.
3061 1237 3396 1307 Respondit:
3423 1239 3491 1292 Et

1909 1321 2157 1388 quidem,
2191 1321 2710 1394 Pater,,hospitium
2751 1325 3123 1401 qualecunque
3178 1343 3282 1380 non
3332 1327 3490 1398 longe

1909 1411 2192 1478 habemus,
2217 1415 2311 1469 sed
2340 1415 2467 1483 quid
2496 1416 2647 1470 vobis
2687 1426 2741 1470 et
2772 1417 3029 1472 fratribus
3068 1428 3264 1488 praeter
3297 1433 3488 1486 panem

1909 1513 1964 1556 et
1999 1518 2217 1558 caseum
2263 1517 2580 1575 apponetur,
2625 1507 2756 1560 nihil
2809 1508 3087 1562 habemus.
3121 1510 3190 1562 At
3234 1508 3319 1562 ille
3363 1509 3490 1562 sub-

1910 1594 2091 1650 ridens
2124 1614 2136 1649 :
2167 1596 2311 1652 Bone
2357 1597 2459 1662 vir,
2517 1599 2612 1664 ait,
2659 1615 2725 1654 ne
2777 1601 2989 1667 timeas,
3044 1600 3153 1655 imo
3191 1601 3330 1656 citus
3357 1599 3481 1671 [al.,

1908 1683 2089 1756 citius]
2131 1687 2376 1754 procede,
2424 1695 2478 1741 et
2526 1689 2690 1742 misso
2732 1689 2832 1743 reti
2879 1690 2933 1743 in
2964 1689 3197 1744 vicinum
3250 1706 3486 1756 amnem,

1908 1776 2090 1829 statim
2128 1776 2373 1832 invenies
2404 1778 2604 1847 piscem
2630 1780 2719 1848 qui
2750 1779 2976 1834 sufficiet
3019 1781 3270 1836 omnibus
3311 1781 3487 1837 nobis.

225 1855 438 1920 dicum,
475 1857 690 1910 domum
721 1857 773 1912 in
811 1873 914 1927 qna
951 1857 1120 1914 frater
1161 1874 1220 1913 se
1250 1859 1389 1915 male
1419 1861 1652 1915 habebat
1681 1860 1804 1933 [al.,
1839 1838 1880 1895 Β
1909 1862 2002 1917 ille
2031 1874 2251 1935 accepto
2278 1838 2530 1922 mandato
2560 1838 2836 1937 praevolat,
2858 1870 3138 1938 accitoque
3183 1871 3464 1940 piscatori,

224 1951 316 2020 qui
351 1949 727 2022 patiebatur],
762 1951 1070 2022 ingrediens
1095 1993 1110 2018 ,
1151 1951 1328 2006 levata
1359 1968 1554 2019 manu,
1591 1954 1804 2024 signum

223 2047 435 2095 sancta:
477 2039 656 2094 crucis
689 2040 857 2095 edidit
891 2041 1077 2095 dicens
1115 2059 1128 2094 :
1164 2040 1231 2094 In
1272 2042 1480 2095 nomine
1512 2040 1720 2107 Patris,
1760 2052 1808 2096 et

225 2125 384 2193 Filii,
420 2139 467 2183 et
511 2128 739 2199 Spiritus
773 2133 960 2186 sancti.
1004 2132 1082 2186 Ad
1109 2133 1252 2202 quod
1281 2131 1482 2187 factum
1526 2134 1707 2187 statim
1737 2150 1810 2189 te-

221 2232 316 2288 ger
348 2220 687 2288 conquievit,
741 2230 796 2274 et
837 2221 1139 2276 exhilarato
1173 2223 1320 2276 vultu
1341 2264 1356 2286 ,
1407 2224 1599 2278 intimo
1626 2225 1808 2280 cordis

221 2307 433 2362 aliectu
463 2309 574 2364 Deo
597 2311 800 2379 gratias
825 2325 986 2380 agere
1023 2313 1206 2382 coepit.
1255 2314 1475 2368 Dicebat
1494 2315 1637 2369 enim
1663 2317 1808 2385 quod

218 2395 493 2450 Anseluio
534 2397 733 2450 ostium
781 2398 1116 2468 ingrediente
1139 2439 1155 2465 ,
1185 2409 1240 2454 et
1270 2412 1501 2455 extensa
1549 2418 1712 2458 manu
1739 2407 1813 2461 si-

220 2503 394 2556 gnum
462 2497 665 2543 sancta:
714 2491 893 2568 crucis
951 2491 1173 2556 edente,
1207 2492 1404 2549 viderit
1446 2513 1512 2550 ex
1540 2513 1634 2551 ore
1670 2496 1814 2551 illius

221 2576 504 2631 ﬂammam
529 2578 668 2648 ignis
699 2579 750 2633 in
783 2581 1002 2635 modum
1026 2583 1227 2639 lanceae
1255 2588 1658 2654 procedentem,
1690 2603 1812 2657 quin

225 2668 278 2725 in
326 2667 463 2738 lupo
494 2668 731 2739 jaculata
790 2685 884 2725 eos
936 2671 1223 2738 deterruit,
1253 2683 1308 2729 et
1335 2676 1496 2731 celeri
1526 2677 1647 2746 fuga
1673 2679 1812 2734 dila-

225 2774 352 2828 psos
399 2759 591 2830 procul
620 2762 818 2833 abegit.
852 2761 1002 2819 Tunc
1045 2766 1333 2822 Anselmus
1361 2769 1428 2823 ad
1458 2770 1684 2826 fratrem
1722 2786 1813 2827 ac-

225 2851 428 2904 cedens
453 2859 613 2923 atque
635 2867 757 2905 cum
787 2867 852 2907 eo
875 2853 942 2908 de
972 2854 1145 2910 salute
1171 2857 1364 2914 anima:
1403 2862 1813 2931 sutesecretius

226 2939 478 3008 loquens,
508 2941 574 2996 ad
600 2942 991 3011 paenitudinem
1019 2954 1074 3001 et
1109 2948 1500 3006 confessionem
1545 2953 1809 3019 omnium,

227 3030 278 3083 in
309 3032 513 3100 quibus
541 3047 599 3087 se
619 3033 787 3086 Deum
815 3033 1102 3091 offendisse
1133 3039 1406 3094 recordari
1447 3042 1685 3109 valebat,
1717 3059 1812 3099 cor

228 3120 340 3186 ejus
364 3121 670 3188 inclinavit,
711 3133 932 3192 paterna
961 3125 1154 3181 dehinc
1179 3130 1502 3188 auctoritate
1545 3148 1574 3185 a
1599 3134 1812 3189 cunctis

229 3214 559 3281 absolutum,
609 3215 904 3270 dixitcum
952 3219 1081 3272 hora
1127 3236 1232 3290 qua
1269 3220 1468 3278 fratres
1500 3227 1566 3278 ad
1611 3240 1809 3280 nouam

228 3312 537 3375 surgerent,
569 3306 818 3374 praesenti
855 3308 982 3362 vitae
1017 3309 1357 3365 decessurum
1388 3310 1507 3383 [al.,
1540 3315 1813 3370 discessu-

230 3397 395 3469 rum].
424 3395 581 3464 Quod
611 3409 660 3452 et
709 3398 909 3452 factum
953 3409 1055 3454 est.
1103 3399 1235 3455 Nam
1284 3405 1562 3460 monachis
1597 3422 1625 3460 a
1673 3407 1813 3463 lecto

230 3489 602 3560 surgentibus,
644 3491 757 3558 ipse
799 3489 884 3543 ad'
914 3499 1114 3545 terram
1159 3493 1434 3560 depositus
1467 3504 1572 3559 est,
1616 3505 1667 3550 et
1708 3495 1812 3552 illis

230 3578 368 3632 circa
401 3580 580 3648 ipsum
611 3582 710 3634 sub
741 3597 847 3635 uno
873 3581 1111 3637 collectis
1145 3583 1431 3640 defunctus
1461 3597 1563 3640 εει.

289 3672 379 3726 ‘22.
418 3671 689 3727 Prmfatus
733 3672 1032 3744 Riculphus
1075 3678 1356 3731 secretarii
1385 3678 1560 3734 oﬂicio
1611 3680 1662 3733 iu
1695 3680 1812 3750 ipso

234 3765 488 3818 coenobio
521 3764 865 3834 fungebatur.
884 3764 982 3820 Hic
1002 3767 1235 3834 quadam
1264 3779 1422 3824 nocte
1449 3770 1573 3823 dum
1601 3779 1811 3840 tempus

231 3865 282 3907 et
304 3856 496 3910 horam
533 3871 638 3926 qua
668 3855 864 3912 fratres
889 3858 955 3912 ad
994 3858 1202 3928 vigilias
1229 3861 1510 3927 excitaret,
1547 3877 1644 3930 per
1671 3861 1812 3916 clau-

235 3955 404 4002 strum
458 3949 575 4002 iens
615 3949 946 4014 observaret,
991 3949 1130 4004 forte
1172 3960 1299 4006 ante
1348 3953 1546 4007 ostium
1590 3953 1810 4022 capituli

235 4039 613 4107 pertransivit;
652 4040 1032 4110 introspiciens
1056 4057 1203 4105 vero,
1242 4043 1379 4097 vidit
1403 4043 1733 4098 Auselmum'
1756 4045 1811 4099 in

235 4131 479 4185 oratione
499 4139 760 4198 gstantem,
792 4133 994 4202 ingenti
1037 4132 1366 4202 splendentis
1398 4134 1630 4189 flamma:
1654 4135 1813 4205 globo

235 4223 707 4280 circumcinctum.
738 4226 985 4293 Miratur,
1013 4236 1070 4282 et
1095 4229 1238 4297 quod
1288 4228 1506 4284 videbat
1532 4230 1659 4299 quid
1691 4230 1811 4285 novi

236 4317 597 4386 praetenderet
631 4318 914 4386 ignorabat
943 4336 958 4385 ;
984 4319 1288 4374 aestimabat
1313 4321 1456 4374 enim
1499 4321 1810 4376 Anselmum

235 4423 293 4462 ea
319 4409 440 4482 [al.,
471 4426 539 4464 ex
564 4409 652 4481 ea]
679 4410 808 4464 hora
834 4411 1013 4478 sopori
1044 4411 1242 4479 potius,
1271 4429 1432 4482 quam
1459 4415 1690 4469 orationi
1717 4430 1812 4469 oc—

1909 1954 2036 2023 qnid
2077 1955 2362 2011 Anselmus
2382 1957 2628 2027 jusserit,
2655 1959 2885 2024 iutimat,
2911 1975 2974 2013 ac
3006 1968 3062 2013 ιιι
3107 1960 3345 2015 velocius
3377 1971 3490 2015 rete

1910 2046 1962 2101 in
1995 2045 2212 2100 lluvimn
2250 2048 2438 2117 jactet,
2480 2049 2652 2119 jubet,
2698 2050 2947 2104 hortatur
2978 2058 3031 2104 et
3062 2052 3332 2106 obsecrat.
3377 2051 3487 2104 Αιι-

1909 2135 2136 2190 miratus
2167 2135 2273 2201 ille,
2304 2151 2494 2206 parere
2526 2139 2730 2207 petenti
2764 2153 3030 2206 moratur,
3064 2141 3344 2194 ridendum
3389 2155 3486 2208 po-

1912 2225 2018 2280 tius
2048 2241 2208 2294 quam
2244 2227 2618 2281 attentandum
2650 2230 2790 2298 quod
2821 2230 3033 2284 dicebat
3075 2229 3213 2296 fore,
3238 2247 3488 2299 prmuuu-

1912 2319 2072 2372 tians.
2108 2319 2345 2373 Tandem
2379 2328 2557 2374 tamen
2585 2335 2613 2373 a
2647 2319 2814 2376 fratre
2853 2332 3094 2387 coactus,
3120 2334 3306 2376 contra
3339 2337 3490 2390 spem

1913 2419 2027 2464 rete
2059 2409 2213 2479 jecit,
2247 2421 2302 2466 et
2352 2411 2496 2467 illico
2547 2421 2778 2468 tructam
2832 2415 3058 2470 insolita:
3108 2413 3492 2484 magnitudinis

1912 2513 2032 2552 cum
2062 2498 2168 2552 alio
2214 2500 2446 2568 quodam
2491 2501 2748 2570 pisciculo
2793 2503 2954 2572 cepit.
2993 2503 3209 2557 Tettius
3250 2504 3490 2573 piseator

1913 2589 1981 2643 ad
2014 2587 2213 2642 factum
2248 2599 2304 2643 et
2328 2591 2753 2660 obstupefactus,
2797 2593 3022 2647 asseruit
3057 2609 3116 2648 se
3147 2593 3258 2660 jam
3289 2608 3384 2660 per
3409 2592 3489 2646 vi-

1913 2684 2046 2755 ginti
2091 2699 2263 2739 annos
2308 2699 2557 2740 recessus
2600 2701 2753 2755 aquze
2791 2685 2936 2740 illius
2986 2685 3234 2749 rimasse,
3261 2693 3314 2740 ‘et
3355 2701 3495 2753 nuu-_

1912 2789 2076 2842 quam
2107 2773 2411 2842 huiusmodi
2456 2784 2684 2830 tructatn
2729 2777 2780 2830 iu
2830 2791 2892 2830 ea
2944 2776 3186 2843 reperire
3230 2776 3492 2846 potuisse.

1910 2864 2107 2920 Parata
2161 2865 2325 2936 igitur
2368 2874 2422 2920 et
2469 2866 2584 2920 viro
2614 2868 2879 2937 apposita,
2927 2867 3080 2937 juxta
3114 2867 3335 2922 verbum
3373 2865 3491 2935 ejus

1912 2956 2014 3011 sibi
2041 2965 2095 3010 et
2122 2957 2236 3012 suis
2265 2957 2486 3027 copiose
2519 2957 2728 3013 suffecit
2763 2967 2817 3011 et
2850 2956 3324 3028 superabundavit.

1982 3043 2073 3098 24.
2093 3044 2208 3098 Alia
2238 3045 2372 3108 vice,
2389 3045 2473 3100 vir
2501 3045 3003 3114 quidamWalterus
3029 3047 3264 3110 nomine,
3291 3060 3492 3116 cogno-e

1839 3165 1884 3228 Ο
1914 3136 2060 3190 tuine
2087 3135 2338 3202 Tirellus,
2370 3137 2616 3192 eumdem
2657 3138 2927 3192 hominem
2959 3154 3054 3208 per
3097 3137 3296 3192 terram
3340 3155 3493 3193 suam

1914 3233 2289 3280 transeuntem
2344 3225 2598 3292 detinuit,
2631 3227 2818 3281 nolens
2853 3243 2976 3281 eum
3014 3243 3043 3281 a
3072 3242 3130 3281 se
3162 3228 3492 3296 impransum

1913 3314 2208 3369 dimittere.
2235 3315 2433 3369 Verum
2462 3331 2582 3371 cum
2618 3317 2730 3386 ipse
2759 3318 2825 3371 de
2852 3318 3075 3386 penuria
3105 3318 3330 3387 piscium
3360 3334 3488 3371 cou-

1913 3414 2255 3474 quereretur,
2271 3415 2324 3461 et
2353 3407 2494 3476 quod
2522 3415 2672 3458 tanto
2705 3407 2819 3460 viro
2842 3421 2903 3460 ac
2931 3407 3209 3460 monachis
3230 3396 3366 3475 ejus,
3390 3407 3492 3459 nisi

1914 3495 2037 3548 vilia
2069 3497 2313 3564 quaedam
2361 3511 2465 3550 non
2503 3496 2725 3550 haberet
2752 3511 2871 3566 quae
2899 3505 3320 3566 apponerentur,
3352 3496 3492 3550 allu-

1914 3583 2047 3638 detis
2075 3583 2210 3637 dixit
2240 3584 2287 3638 ei
2309 3584 2598 3638 Anselmus
2633 3598 2648 3636 :
2679 3583 2862 3640 Sturio
2897 3601 3036 3640 unus
3068 3601 3135 3640 en
3179 3586 3272 3639 tibi
3319 3585 3496 3640 defer-

1915 3683 2022 3740 tur,
2047 3683 2101 3729 et
2132 3676 2345 3730 animus
2379 3685 2499 3730 tuus
2544 3676 2628 3739 de
2649 3675 2962 3730 deliciarum
2997 3677 3172 3746 inopia
3200 3669 3442 3746 queritur
3471 3677 3496 3732 ἲ

1913 3763 2074 3820 Ridet
2103 3765 2209 3830 ille,
2253 3765 2411 3820 fidem
2443 3766 2527 3820 his
2556 3782 2676 3836 qua:
2702 3767 2954 3822 audiebat
2977 3771 3216 3837 praebere
3263 3768 3492 3822 nullate-

1916 3873 2017 3913 nus
2067 3857 2271 3913 valens.
2321 3858 2364 3912 E
2417 3858 2642 3928 vestigio
2683 3868 2862 3912 autem
2910 3861 3196 3914 verborum
3252 3860 3492 3914 Anselmi

1914 3949 2018 4004 duo
2040 3966 2104 4004 ex
2150 3950 2458 4004 hominibus
2497 3950 2597 4003 viri
2643 3949 2938 4004 attulerunt
2980 3951 3273 4004 stnrionem
3328 3967 3490 4004 nnuut

1916 4042 2284 4111 pnegrandem
2317 4055 2525 4108 :-quem
2559 4041 2611 4093 in
2641 4041 2754 4107 ripa
2784 4040 3019 4094 fluminis
3044 4040 3221 4105 Altijae
3257 4040 3366 4108 (li)
3412 4041 3494 4093 di-

1914 4138 2110 4184 xerunt
2139 4147 2167 4182 a
2209 4129 2518 4199 pastoribus
2563 4128 2675 4182 suis
2724 4129 3027 4193 inventum,
3079 4129 3287 4196 sibique
3319 4126 3495 4184 trans-

1915 4221 2160 4275 missum.
2205 4220 2262 4274 Si
2287 4219 2534 4289 spiritum
2574 4219 2867 4290 prophetia:
2902 4219 2954 4273 in
2983 4221 3067 4276 his
3099 4222 3214 4276 viro
3260 4220 3495 4278 adfuisse

1915 4312 2037 4381 quis
2083 4310 2307 4376 dubitat,
2339 4318 2503 4380 gestae
2540 4309 2617 4364 rei
2657 4309 2857 4364 veritas
2885 4311 3012 4380 quid
3062 4311 3154 4377 sit,
3199 4311 3490 4366 tenendqu

1917 4403 2178 4458 declarat.

237 4511 509 4570 cupatum.
558 4497 724 4555 Ocius
765 4500 949 4570 itaque
993 4501 1370 4555 dormitorium
1427 4504 1692 4569 ascendit,
1742 4505 1810 4560 ad
1844 4494 1890 4555 Ι)
1984 4497 2076 4552 25.
2116 4497 2210 4552 His
2253 4496 2586 4566 temporibus
2628 4495 2850 4566 scripsit
2898 4504 3157 4551 tractatus
3194 4503 3306 4552 tres
3343 4497 3490 4567 (i5),

237 4587 430 4644 lectum
455 4590 698 4645 Anselmi
729 4590 893 4652 vadit,
929 4591 1022 4645 sed
1044 4605 1168 4644 eum
1212 4591 1286 4645 ibi
1339 4606 1678 4661 nequaquam
1729 4593 1811 4646 in-

237 4683 393 4736 venit.
447 4683 749 4752 Regressus
779 4682 972 4751 igitur,
1020 4682 1292 4736 hominem
1319 4682 1369 4735 in
1393 4683 1640 4752 capitulo
1659 4697 1813 4753 repe-

239 4770 325 4834 rit,
349 4771 444 4826 sed
477 4770 693 4841 globum
716 4771 858 4840 ignis
890 4785 1050 4840 quem
1089 4771 1406 4840 reliquerat,
1437 4786 1543 4825 non
1586 4771 1808 4826 invenit.

300 4862 391 4916 25.
431 4864 556 4918 Alio
579 4865 812 4932 quodam
837 4872 1079 4932 tempore
1101 4863 1276 4917 eidem
1303 4862 1562 4917 Anselmo
1584 4864 1810 4916 manda;

240 4961 345 5009 tum
372 4956 442 5010 ab
483 4970 592 5010 uno
622 4956 689 5010 de
722 4953 1057 5024 principibus
1093 4952 1502 5009 Northmannia:
1542 4963 1647 5020 est,
1677 4968 1811 5024 qua-

240 5055 394 5104 tenus
418 5049 488 5102 ad
511 5064 572 5104 se
611 5049 666 5102 in
695 5047 944 5118 Angliam
987 5047 1218 5101 transire
1243 5046 1509 5101 volentem
1538 5045 1658 5117 [al.,
1696 5045 1810 5099 vel—

239 5135 350 5207 let],
384 5153 508 5191 cum
540 5146 762 5206 propter
784 5136 887 5189 alia
915 5136 1149 5203 negotia,
1177 5143 1287 5189 tum
1319 5146 1378 5187 ut
1403 5150 1496 5189 sua
1522 5148 1685 5204 prece
1712 5133 1812 5187 iter

241 5225 378 5280 illius
401 5242 501 5295 per
529 5227 740 5280 marina
784 5225 1022 5295 pericula
1068 5234 1330 5288 tueretur,
1357 5224 1453 5299 [al.
1498 5223 1671 5295 omit.]
1726 5238 1813 5278 ve-

240 5317 396 5373 niret.
418 5319 698 5384 Ascendit,
738 5316 850 5386 jam
879 5318 994 5371 dies
1027 5317 1194 5371 mutui
1235 5316 1489 5386 colloquii
1540 5315 1591 5368 in
1625 5327 1814 5383 vespe-

1912 4592 2120 4647 scilicet
2148 4590 2219 4644 De
2267 4591 2497 4654 veritate,
2526 4589 2605 4642 De
2645 4588 2882 4643 libertate
2912 4590 3148 4655 arbitrii,
3180 4597 3234 4644 et
3263 4587 3339 4642 De
3367 4606 3493 4643 casu

1914 4683 2152 4747 diaboli;
2179 4682 2231 4736 in
2269 4682 2465 4752 quibus
2517 4680 2648 4734 satis
2681 4687 2827 4750 patet
2869 4679 2955 4734 ubi
3003 4680 3240 4734 animum
3289 4679 3492 4744 ﬁxerit,

1915 4775 2162 4844 quamvis
2186 4775 2253 4829 ab
2281 4774 2362 4830 eis
2392 4790 2513 4845 qua:
2557 4774 2786 4828 aliorum
2827 4791 2953 4829 cura
2979 4775 3262 4844 expetebat
3304 4775 3492 4828 talium

1917 4879 2098 4918 rerum
2144 4863 2578 4919 consideratione
2620 4865 2765 4918 nullo
2815 4880 2874 4919 se
2924 4866 3082 4920 modo
3137 4863 3489 4919 subtraxerit.

1917 4953 2146 5023 Scripsit
2168 4962 2221 5008 et
2248 4961 2500 5023 quartum
2526 4970 2683 5022 quem
2714 4953 3001 5008 intitulavit
3023 4954 3098 5007 De
3125 4953 3486 5023 grammatico.

1914 5041 1971 5096 In
1994 5057 2100 5111 quo
2146 5057 2268 5096 cum
2297 5041 2559 5112 discipulo
2594 5058 2755 5112 quem
2787 5057 2972 5096 secum
3004 5042 3366 5110 disputantem
3406 5038 3492 5091 in-

1920 5134 2173 5195 troducit,
2205 5133 2490 5205 disputans
2526 5132 2648 5206 [al.,
2679 5132 2938 5202 disputat]
2969 5147 3089 5186 cum
3121 5131 3314 5185 multas
3341 5145 3490 5200 quie-

1918 5227 2124 5281 stiones
2150 5225 2462 5282 dialecticas
2491 5225 2743 5296 proponit
2764 5232 2819 5277 et
2839 5223 3017 5283 solvit,
3053 5230 3163 5275 tum
3202 5223 3494 5291 qualitates

1919 5325 1972 5371 et
1998 5317 2201 5386 qualia,
2234 5317 2504 5387 quomodo
2525 5317 2632 5371 sint
2661 5316 2891 5370 discrete
2929 5312 3243 5384 accipienda
3274 5311 3495 5383 exponit

1510 5423 1918 5494 HENSCIIENII
1962 5426 2193 5482 ΝΟΤᾸΕ.

237 5535 246 5538 Ὗ
309 5557 423 5626 (14)
463 5556 657 5610 Althea
715 5555 918 5611 rivulus
977 5555 1279 5620 Picardim,
1331 5571 1498 5679 prope
1544 5555 1801 5636 oppidum

243 5627 526 5679 Dourlens.
554 5627 620 5679 de
641 5641 748 5679 uuo
779 5627 831 5679 in
856 5627 1007 5679 Actis
1033 5627 1108 5679 S.-
1133 5627 1317 5679 Fursei
1348 5627 1412 5679 lli
1468 5643 1701 5679 antutrtt.

243 5627 526 5706 hauriens,
554 5627 620 5706 de
641 5641 750 5706 quo
776 5627 831 5706 in
856 5627 1007 5706 A_ctis
1033 5627 1317 5706 δῖ’-,Ἐννειὴ
1348 5627 1412 5680 16
1435 5627 1701 5706 Januarii.

309 5696 422 5764 (I5)
463 5699 702 5763 Quatuor
738 5697 790 5751 hi
824 5696 1030 5767 priores
1071 5697 1193 5755 libri
1225 5712 1320 5768 per
1355 5697 1571 5752 modum
1608 5695 1802 5767 dialogi

1918 5561 2060 5615 inter
2089 5561 2404 5630 magistrum
2440 5568 2494 5615 et
2521 5555 2840 5630 discipulum
2874 5557 3074 5630 scripti
3112 5559 3481 5626 continentur,

1917 5641 2070 5692 parte
2094 5627 2264 5700 prima
2289 5631 2438 5684 inter
2465 5627 2722 5698 opuscula
2752 5627 3039 5685 dida'ctica.
