4068 6286
552 335 622 391 63
1601 330 1658 385 S.
1691 328 1992 385 ANSELMI
2026 327 2380 385 CANTUAR.
2419 327 2736 384 ARCHIEP.
3307 396 3310 400 Α
3730 332 3800 389 Μ»

551 459 606 503 et
637 449 878 503 instruit.
909 450 1058 504 Fecit
1091 463 1304 518 quoque
1334 446 1566 502 libellum
1609 461 1772 499 unttm
1801 459 1961 514 quem
2004 443 2126 498 Ho-
2157 447 2199 500 Λ
2230 439 2352 492 dam
2378 439 2635 501 venisset.
2683 447 2737 494 et
2784 438 2830 494 is
2879 438 2930 493 in
2977 438 3266 509 quamdam
3308 440 3475 508 ipsius
3510 444 3691 513 operis
3718 458 3807 501 ar‘

556 537 820 605 nologiunt
848 538 957 609 (l6)
991 537 1297 608 appeHavit.
1332 535 1490 591 Solus
1520 536 1663 590 enim
1695 535 1749 589 in
1780 550 1846 591 eo
1868 543 1923 590 et
1938 550 2121 591 secum

555 626 825 696 loquitur,
870 642 933 682 ac
979 628 1138 681 tacita
1177 628 1323 681 omni
1373 627 1696 681 auctoritate
1740 624 1935 680 divina:
1979 624 2125 680 Scri-

555 728 727 787 pturze
750 720 875 789 quid
905 720 1042 774 Deus
1068 720 1132 774 sit
1181 721 1291 775 sola
1334 718 1457 792 [al.,
1499 717 1671 790 omit.]
1724 717 1933 781 ratione
1978 733 2126 788 qum-

556 808 628 861 rit
675 818 731 863 et
784 810 984 863 invenit
1025 820 1122 874 ;et
1152 812 1293 880 quod
1335 826 1464 867 vera
1507 811 1640 866 ﬁdes
1684 810 1752 866 de
1793 810 1903 865 Deo
1937 810 2123 877 sentit,

559 897 855 952 invincibili
906 899 1115 957 ratione
1165 900 1245 955 sic
1281 915 1382 955 nec
1437 899 1594 955 aliter
1657 915 1777 957 esse
1824 900 2018 973 probat
2071 908 2126 955 et

557 989 773 1043 astruit.

624 1078 713 1133 26.
754 1080 884 1135 Post
921 1082 1034 1137 h:ec
1075 1081 1261 1138 incidit
1299 1083 1397 1138 sibi
1433 1084 1485 1137 in
1518 1092 1750 1139 mentem
1801 1083 2131 1152 investigare

555 1179 737 1225 tttrttm
773 1189 878 1227 uno
908 1176 1025 1230 solo
1053 1184 1107 1229 et
1149 1176 1296 1229 brevi
1339 1184 1655 1245 argumento
1702 1178 1920 1246 probari
1951 1183 2132 1246 posset

559 1260 610 1314 id
638 1264 780 1331 quod
818 1266 885 1318 de
935 1265 1043 1319 Deo
1093 1266 1334 1320 creditur
1379 1276 1433 1321 et
1482 1266 1847 1335 praedicatur:
1884 1266 2131 1322 videlicet

554 1352 699 1420 quod
730 1353 800 1407 sit
830 1363 1085 1420 aeternus,
1118 1356 1596 1422 incommutabilis,
1625 1358 1988 1427 omnipotens,
2012 1358 2131 1413 ubi-

558 1456 664 1510 que
704 1451 867 1509 totus,
895 1445 1477 1517 incomprehensibilis,
1509 1447 1708 1516 justus,
1737 1450 1878 1518 pius,
1914 1449 2129 1504 miseri-

557 1545 700 1600 cors,
751 1548 937 1599 verax.
969 1539 1190 1603 veritas,
1227 1540 1460 1603 bonitas,
1503 1538 1735 1606 iustitia,
1772 1550 1826 1596 et
1875 1542 2131 1598 nonnulla

559 1623 682 1689 alia,
710 1634 765 1678 et
782 1629 1049 1694 quomodo
1077 1630 1191 1683 hinc
1210 1631 1387 1683 omnia
1411 1630 1461 1684 in
1484 1631 1599 1701 ipso
1624 1648 1786 1686 unum
1811 1634 1919 1687 sint
1946 1631 2128 1703 (Joan.

556 1728 687 1780 xvtt,
716 1716 827 1786 2t).
871 1718 999 1784 Quae
1044 1735 1162 1789 res,
1209 1720 1348 1776 sicut
1374 1721 1487 1791 ipse
1533 1723 1823 1789 referebat,
1881 1740 2127 1790 magnam

2225 530 2685 600 gumentationem
2724 544 2830 584 non
2879 544 3071 599 parum
3122 528 3453 597 offendisset,
3491 542 3644 588 ratus
3676 534 3797 607 [al.,

2226 617 2416 691 iratus]
2472 626 2556 673 est
2597 620 2840 675 eamdem
2891 622 3412 691 argumentationem
3471 634 3643 678 ratam
3695 644 3802 682 non

2225 722 2345 764 esse
2376 726 2389 761 :
2418 724 2578 778 quam
2602 708 2845 765 refellere
2867 710 3122 780 gestiens,
3154 711 3423 781 quoddam
3443 722 3633 767 contra
3656 713 3801 769 illam

2229 800 2348 872 [al.,
2396 799 2567 872 illum]
2601 800 2859 870 scriptum
2907 802 3228 871 composuit,
3274 809 3330 857 et
3360 802 3490 857 illud
3526 803 3617 858 lini
3663 804 3805 873 ejus-

2228 890 2349 944 dem
2383 889 2562 959 operis
2588 890 2848 958 scriptum
2897 889 3007 960 (l8)
3052 890 3319 960 apposuit.
3348 891 3500 957 Quod
3531 908 3654 947 cum
3701 894 3804 948 sibi

2228 997 2259 1035 a
2287 983 2518 1051 quodam
2545 981 2721 1036 amico
2751 998 2849 1036 suo
2886 982 3263 1036 transmissum
3306 981 3595 1038 Anseltnus
3629 985 3808 1040 consi-

2230 1071 2499 1132 derasset,
2532 1070 2748 1140 gavisus
2788 1078 2898 1134 est;
2942 1079 2997 1123 et
3040 1070 3416 1138 reprehensuri
3457 1086 3556 1125 suo
3601 1072 3805 1143 gratias

2230 1174 2412 1229 agens,
2441 1174 2594 1212 suam
2644 1159 2709 1212 ad
2750 1159 2852 1213 hoc
2894 1160 3293 1228 responsionem
3340 1160 3532 1225 edidit,
3578 1176 3807 1232 eamque

2230 1249 2409 1305 libello
2436 1251 2537 1305 sibi
2564 1250 2773 1305 directo
2812 1251 3173 1319 subscriptam
3223 1251 3324 1306 sub
3352 1267 3457 1306 uno
3486 1252 3534 1306 ei
3568 1253 3658 1322 qui
3704 1254 3809 1309 mi-

2230 1348 2376 1394 serat
2404 1340 2579 1395 amico
2610 1339 2839 1396 remisit.
2877 1338 2989 1395 Hoc
3023 1341 3091 1393 ab
3134 1354 3200 1395 eo
3238 1352 3294 1393 et
3335 1340 3403 1394 ab
3428 1340 3568 1404 aliis,
3600 1342 3693 1411 qui
3739 1341 3807 1397 li-

2230 1427 2426 1482 bellum
2467 1428 2613 1482 illum
2646 1428 2845 1482 habere
2875 1427 3165 1496 dignantur
3209 1428 3437 1495 petitum
3484 1428 3549 1481 iri
3597 1429 3810 1483 deside-

2232 1533 2379 1582 rans,
2408 1527 2675 1586 quatenus
2700 1518 2750 1571 in
2786 1517 2890 1571 line
2923 1518 3091 1586 ipsius
3117 1518 3298 1584 operis
3325 1515 3475 1587 (vide
3497 1534 3609 1571 var.
3639 1518 3807 1589 lect.),

2232 1626 2342 1664 sua:
2366 1610 2846 1679 argumentationis
2880 1608 3263 1677 reprehensio;
3294 1616 3348 1664 et
3395 1609 3809 1680 reprehensioni

2232 1717 2326 1756 sua
2360 1703 2640 1771 responsio
2684 1700 3079 1755 subscribatur.
3358 1714 3360 1717 '

556 1804 656 1857 sibi
702 1809 904 1875 peperit
933 1808 1318 1868 difﬁcultatem.
1348 1812 1481 1866 Nam
1507 1815 1621 1868 haec
1653 1815 1910 1886 cogitatio
1929 1771 2124 1885 piirtim

2300 1792 2388 1845 27.
2428 1791 2573 1845 Inter
2612 1792 2727 1845 htec
2771 1788 3167 1859 scripsitetiam
3209 1788 3557 1859 quamplures
3593 1789 3798 1860 episto«

556 1896 631 1949 illi
682 1898 884 1963 cibum,
932 1912 1202 1969 potumoet
1255 1919 1502 1959 somnum
1559 1906 1798 1971 tollebat,
1848 1909 2043 1976 partim
2074 1916 2131 1962 et

553 1990 697 2055 quod
749 1992 918 2059 magis
958 2007 1079 2045 eum
1128 1996 1415 2062 gravabat.
1451 1996 1805 2053 intentionem
1857 1999 1974 2069 ejus
2025 2015 2129 2067 qua

558 2080 845 2134 matutinis
889 2092 944 2135 et
993 2083 1082 2137 al'ri
1131 2086 1351 2141 servitio
1401 2087 1491 2141 Dei
1543 2088 1819 2143 intendere
1867 2089 2129 2153 debebat,

555 2166 931 2230 perturbabat.
958 2169 1109 2236 Quod
1146 2172 1258 2240 ipse
1294 2175 1749 2243 animadvertens,
1799 2192 1898 2232 nec
1958 2179 2134 2233 adhuc

557 2255 700 2320 quod
731 2260 1004 2326 quaerebat
1033 2261 1099 2315 ad
1135 2262 1349 2330 plenum
1381 2279 1572 2332 capere
1606 2266 1813 2331 valens,
1870 2276 2021 2322 ratus
2050 2277 2135 2321 est

566 2345 870 2412 huiusmodi
903 2351 1304 2421 cogitationem,
1334 2356 1529 2410 diaboli
1582 2372 1704 2412 esse
1754 2359 2132 2422 tentationem,

563 2436 819 2508 nisusque
854 2449 934 2494 est
966 2455 1083 2496 eam
1121 2444 1306 2511 procul
1340 2446 1598 2515 repellere
1623 2463 1651 2501 a
1675 2463 1770 2502 sua
1814 2448 2132 2503 intentione.

564 2526 761 2581 Verum
793 2541 996 2597 quanto
1037 2532 1157 2601 plus
1191 2534 1245 2587 in
1286 2536 1387 2590 hoc
1425 2536 1745 2603 desudabat,
1782 2546 1933 2592 tanto
1984 2537 2133 2593 illum

559 2619 821 2686 cogitatio
848 2621 1180 2694 ipsa_magis
1214 2640 1277 2681 ac
1322 2628 1493 2698 magis
1546 2628 1857 2685 infestabat.
1896 2629 1963 2683 Et
2008 2646 2135 2686 ecce

556 2707 786 2774 quadam
844 2721 1003 2766 nocte
1057 2713 1202 2769 inter
1243 2724 1537 2771 nocturnas
1569 2717 1803 2787 vigilias,
1838 2718 1931 2771 Dei
1964 2719 2135 2788 gratia

558 2794 731 2852 illuxit
766 2799 819 2854 in
860 2803 1023 2856 corde
1068 2804 1206 2873 ejus,
1232 2814 1287 2860 et
1316 2821 1403 2860 res
1451 2809 1622 2875 patuit
1668 2808 1985 2887 intellectui,
2038 2811 2139 2863 im-

560 2903 855 2956 mensoque
899 2894 1093 2957 gaudio
1127 2906 1180 2948 et
1204 2893 1524 2962 jubilatione
1573 2898 1793 2966 replevit
1825 2900 2003 2953 omnia
2054 2900 2139 2955 in-
2174 2958 2181 2961 ,

559 2974 692 3029 tima
726 2976 860 3042 ejus.
887 2978 1157 3048 Reputans
1184 2995 1311 3052 ergo
1332 2984 1472 3052 apttd
1497 3000 1554 3039 se
1583 2986 1686 3041 hoc
1723 2986 1917 3058 ipsum,
1941 2997 1994 3043 et
2020 2989 2139 3045 ali’s

559 3066 605 3121 si
638 3066 871 3123 sciretur
898 3086 1056 3141 posse
1086 3072 1320 3142 placere.
1357 3074 1523 3128 livore
1568 3092 1781 3143 carens,
1829 3093 1937 3132 rem
1999 3077 2139 3133 illico

562 3158 781 3228 scripsit
828 3160 880 3215 in
931 3162 1155 3230 ta'bulis',
1191 3181 1393 3236 easque
1432 3167 1715 3223 sollicitius
1765 3170 2142 3226 custodiendas

562 3248 654 3303 uni
682 3264 747 3303 ex
798 3254 1110 3309 monasterii
1143 3255 1401 3312 fratribus
1434 3260 1673 3314 tradidit.
1705 3261 1833 3316 Post
1880 3262 1995 3317 dies
2045 3264 2142 3316 ali-

561 3348 714 3409 quot,
754 3343 959 3399 tahulas
985 3348 1178 3415 repetit
1214 3329 1514 3406 a.custode.
1556 3352 1884 3419 Qumrttntttr
1926 3355 1977 3409 in
2026 3354 2143 3411 loco

564 3430 655 3483 ubi
687 3434 937 3499 reposita
969 3434 1200 3503 fuerant,
1227 3455 1326 3494 nec
1366 3441 1736 3497 inveniuntur.
1772 3442 2145 3514 Reqttiruntur

564 3536 594 3573 a
625 3519 903 3585 fratribus.
939 3542 1006 3582 ne
1043 3527 1181 3583 forte
1225 3531 1422 3601 aliquis
1468 3548 1560 3589 eas
1595 3536 1883 3604 acceperit,
1920 3539 2013 3591 sed
2044 3554 2143 3593 ne-

565 3625 856 3679 quaquam.
882 3614 994 3671 Nec
1027 3618 1169 3671 enim
1194 3619 1488 3690 hucusque
1527 3624 1779 3680 inventus
1803 3633 1904 3688 est,
1932 3627 2023 3695 qui
2054 3643 2145 3682 re-

568 3705 884 3770 cognoverit
913 3722 972 3761 se
999 3709 1292 3777 quidquam
1328 3712 1452 3766 inde
1491 3715 1736 3770 scivisse.
1775 3715 2013 3787 Reparat
2036 3719 2146 3773 An-

568 3789 770 3847 selmus
809 3794 952 3850 aliud
983 3798 1049 3852 de
1095 3799 1283 3855 eadem
1332 3803 1554 3857 materia
1601 3805 1871 3860 dictamen
1924 3808 1975 3862 in
2023 3809 2145 3864 aliis

570 3880 789 3951 tabulis,
821 3893 874 3939 et
920 3885 1037 3941 illas
1074 3888 1250 3942 eidem
1286 3891 1384 3944 sub
1425 3892 1649 3947 cautiori
1695 3896 1935 3949 custodia
1986 3898 2147 3951 tradit

572 3973 972 4030 custodiendas.
1003 3976 1095 4032 llle
1129 3978 1181 4032 in
1229 3980 1525 4035 secretiore
1551 3993 1704 4050 parte
1736 3983 1915 4038 lectuli
1956 3985 2035 4040 sui
2068 3994 2149 4040 ta—

568 4060 724 4116 bulas
752 4066 985 4133 reponit,
1016 4074 1071 4121 et
1096 4071 1341 4138 sequenti
1367 4071 1455 4126 die
1483 4071 1555 4125 nil
1586 4073 1788 4129 sinistri
1819 4074 2143 4146 suspicatus,

567 4154 787 4208 easdem
816 4157 866 4210 iu
898 4159 1206 4227 pavimento
1234 4178 1472 4230 sparsas,
1519 4173 1643 4219 ante
1682 4166 1878 4221 lectum
1925 4168 2146 4237 reperit,

567 4256 695 4297 cera
720 4259 839 4312 quae
889 4246 941 4299 in
976 4249 1105 4316 ipsis
1157 4260 1276 4305 erat
1305 4252 1407 4305 hac
1440 4252 1559 4306 illac
1586 4250 1854 4307 frustatim
1882 4255 2146 4323 dispersa.

571 4331 844 4388 Levantnr
872 4338 1083 4405 tabuhe,
1110 4355 1231 4394 cera
1262 4340 1552 4410 colligitur,
1584 4353 1639 4397 et
1663 4344 1869 4417 pariter
1896 4344 2150 4398 Anselmo

2230 1883 2313 1936 las
2337 1883 2474 1952 (19),
2509 1898 2605 1951 per
2634 1898 2727 1936 eas
2751 1880 3022 1934 nonnullis
3050 1895 3143 1945 ea,
3175 1895 3294 1949 qua:
3317 1880 3608 1933 secundum
3633 1880 3813 1934 diver-

2231 1974 2446 2028 sitatem
2472 1987 2757 2027 causarum
2781 1986 2879 2024 sua
2903 1969 3020 2041 [al.,
3045 1967 3287 2039 suarum]
3326 1970 3658 2033 intererant,
3678 1983 3807 2038 pro-

2232 2080 2423 2120 curare
2440 2064 2720 2129 mandans,
2749 2072 2803 2116 et
2824 2061 3094 2115 nonnullis
3108 2060 3392 2114 consilium
3407 2060 3472 2112 de
3489 2060 3700 2129 negotio
3712 2074 3813 2114 suo

2232 2157 2620 2227 quaerentibus,
2638 2169 2733 2225 pro
2750 2154 2958 2207 ratione
2972 2151 3320 2222 respondens.
3337 2150 3401 2204 Et
3416 2150 3631 2218 quidem
3644 2149 3812 2203 dehis

2233 2264 2352 2320 qua:
2380 2248 2608 2302 diversae
2637 2260 2811 2301 causa:
2839 2243 3001 2299 scribi
3029 2244 3328 2313 cogebant,
3361 2241 3691 2296 mentionem
3723 2240 3807 2296 fa-

2233 2354 2357 2397 cere
2381 2339 2812 2409 supersedemus.
2835 2335 2971 2402 Quid
2996 2343 3177 2388 autem
3201 2333 3413 2389 consilii
3436 2331 3647 2386 cuidam
3670 2329 3817 2385 Lan-

2235 2433 2387 2497 zoni,
2416 2432 2627 2485 naviter
2654 2429 2805 2499 apud
2848 2426 3164 2481 Cluniacum
3197 2425 3341 2481 facto
3372 2425 3671 2489 monacho,
3717 2437 3817 2492 per

2234 2536 2399 2578 unam
2429 2519 2799 2584 mandaverit,
2828 2516 2956 2572 huic
2992 2517 3139 2587 operi
3177 2517 3416 2570 inserere
3440 2515 3653 2578 curavi,
3682 2528 3817 2582 qua-

2236 2623 2393 2669 tenus
2422 2613 2474 2667 in
2517 2613 2617 2667 bac
2644 2626 2748 2665 una
2778 2620 3141 2679 cognoscatur
3170 2607 3296 2677 quid
3327 2608 3393 2661 de
3425 2605 3545 2660 aliis
3578 2618 3816 2674 perpen-

2235 2703 2396 2759 datur
2423 2702 2559 2773 (20).
2590 2701 2819 2769 Scripsit
2860 2700 3044 2769 itaque
3071 2699 3211 2753 inter
3240 2697 3345 2751 alia
3378 2697 3458 2751 sic
3490 2714 3503 2750 :
3537 2694 3817 2765 Ingressus

2235 2811 2317 2857 es,
2350 2793 2676 2855 charissime,
2703 2791 3070 2861 professusque
3107 2789 3300 2842 Christi
3331 2786 3603 2849 militiam;
3629 2786 3684 2838 in
3710 2799 3817 2854 qua

2243 2901 2347 2938 non
2373 2884 2541 2937 solum
2570 2893 2743 2952 aperte
2765 2883 3063 2936 obsistentis
3110 2880 3273 2933 hostis
3318 2877 3557 2933 violentia
3585 2886 3660 2930 est
3694 2891 3819 2945 pro-

2238 2973 2508 3045 pellenda,
2544 2973 2633 3026 sed
2678 2981 2728 3027 et
2769 2971 2921 3041 quasi
2962 2970 3275 3025 consulentis
3327 2968 3523 3020 astutia
3561 2964 3815 3019 cavenda.

2241 3064 2388 3134 Saepe
2417 3080 2637 3134 namque
2666 3064 2791 3115 dum
2821 3062 3041 3114 tironem
3079 3058 3270 3114 Christi
3290 3058 3498 3111 vulnere
3528 3054 3682 3109 mala:
3713 3070 3811 3107 oo-

2243 3154 2466 3208 luntatis
2501 3161 2676 3222 aperte
2701 3150 2983 3204 malevolus
3025 3165 3128 3202 non
3157 3148 3291 3201 valet
3323 3146 3575 3214 perimere
3596 3186 3611 3211 ,
3636 3144 3821 3197 sitien-

2248 3255 2351 3299 tem
2385 3261 2501 3299 eum
2531 3243 2650 3315 [al.,
2689 3241 2884 3313 tamen]
2908 3242 3093 3309 poculo
3116 3254 3381 3294 venenosa:
3410 3237 3629 3291 rationis
3649 3235 3819 3288 male-

2243 3333 2355 3389 vole
2375 3332 2597 3386 callidus
2623 3341 2783 3386 tentat
2807 3330 3155 3399 exstinguere.
3190 3328 3332 3381 Nam
3356 3343 3474 3380 cum
3503 3326 3820 3379 monachum

2243 3424 2416 3493 nequit
2445 3423 2661 3476 obruere
2679 3462 2693 3484 ,
2734 3421 2852 3473 vita:
2875 3435 3030 3489 quam
3059 3417 3324 3488 professus
3348 3427 3425 3471 est
3454 3417 3604 3479 odio,
3636 3415 3822 3468 nititur

2243 3531 2361 3570 eum
2385 3514 2787 3567 conversationis
2837 3512 2889 3565 in
2940 3528 3040 3581 qua
3070 3521 3144 3564 est
3197 3511 3444 3563 subruere
3482 3508 3719 3577 fastidio.
3751 3504 3822 3560 Et

2249 3604 2368 3659 licet
2410 3603 2489 3658 illi
2537 3603 2899 3656 monachicum
2937 3601 3259 3670 propositum
3322 3598 3599 3653 tenendum
3657 3595 3813 3667 quasi

2247 3695 2528 3761 concedat,
2562 3704 2736 3747 tamen
2758 3694 2879 3764 quia
2907 3693 3004 3746 hoc
3026 3693 3119 3746 sub
3149 3693 3362 3756 talibus,
3394 3701 3483 3744 aut
3510 3690 3646 3744 inter
3666 3688 3821 3754 tales,

2246 3796 2337 3840 aut
2367 3787 2422 3839 in
2449 3801 2508 3838 eo
2536 3784 2649 3837 loco
2678 3785 2913 3853 incaepit,
2954 3783 3101 3836 illunt
3145 3782 3366 3835 stultum
3408 3780 3593 3847 nimis,
3624 3780 3827 3845 impru-

2246 3874 2549 3942 dentemque
2580 3871 2757 3926 multis
2787 3872 2954 3924 modis
2979 3871 3218 3925 versutiis
3246 3885 3467 3938 arguere
3491 3885 3592 3922 non
3622 3875 3822 3929 cessat,

2248 3976 2303 4019 ut
2330 3965 2455 4019 dum
2480 3963 2557 4017 illi
2582 3963 2855 4033 persuadet
2883 3963 3085 4030 incepto
3138 3959 3230 4012 Dei
3278 3958 3525 4026 bene/icio
3559 3958 3826 4025 ingratum

2247 4058 2495 4121 existere,
2516 4056 2663 4125 justo
2699 4054 2904 4124 judicio
2944 4069 3034 4105 nec
3063 4050 3132 4103 ad
3175 4050 3391 4103 meliora
3421 4047 3702 4117 proﬁciat;
3736 4061 3827 4100 nec

2248 4149 2386 4220 quod
2414 4148 2606 4217 accepit
2635 4156 2802 4201 teneat
2822 4184 2837 4209 ,
2867 4152 2957 4197 aut
2986 4144 3040 4195 in
3071 4157 3131 4195 eo
3156 4138 3410 4194 inutiliter
3436 4138 3562 4210 [al.,
3601 4134 3825 4209 utiliter]

2249 4244 2512 4313 persistat.
2569 4240 2767 4306 Quippe
2792 4238 2918 4290 dum
2949 4238 3271 4288 incessanter
3314 4230 3589 4284 laboriosis
3623 4229 3829 4296 cogita-

2254 4332 2477 4385 tionibus
2499 4332 2563 4383 de
2587 4329 2869 4391 mutando,
2895 4336 2985 4380 aut
3015 4324 3061 4378 si
3089 4323 3284 4377 mutari
3315 4338 3417 4375 non
3441 4320 3572 4385 valet
3596 4359 3611 4382 ,
3639 4319 3830 4372 saltem

570 4432 944 4493 repertantur;
973 4429 1173 4484 adunat
1224 4430 1338 4498 ipse
1366 4445 1569 4496 ceram,
1604 4410 1677 4498 et,
1721 4410 1846 4486 licet
1874 4432 1984 4493 vix,
2018 4433 2155 4487 scri-
2183 4430 2228 4488 D
2255 4423 2318 4476 άε
2362 4422 2698 4490 ξηιρνοθαηάο
2729 4419 2878 4472 ίηδιίο
2923 4418 3224 4481 medim".
3268 4427 3534 4481 "unquam
3570 4411 3639 4463 σά
3669 4410 3831 4476 βηεηι

572 4520 785 4582 pturam
839 4530 1141 4588 recuperat.
1188 4520 1404 4575 Veritus
1461 4532 1638 4576 autem
1675 4538 1743 4577 ne
1793 4537 1897 4591 qua
1941 4522 2146 4576 incuria

572 4604 790 4675 penitus
826 4610 1091 4676 perditum
1119 4619 1240 4675 eat,
1282 4625 1400 4665 eam
1432 4611 1482 4665 in
1524 4613 1740 4667 nomine
1783 4611 1991 4666 Domini
2032 4626 2153 4680 per-

586 4698 991 4765 gamenojubet
1032 4701 1189 4755 tradi.
1236 4701 1548 4772 Composuit
1579 4718 1709 4772 ergo
1755 4704 1877 4757 inde
1902 4702 2149 4757 volumen

574 4789 893 4860 parvulum,
942 4793 1035 4848 sed
1083 4794 1468 4849 sententiarum
1507 4809 1572 4850 ac
1621 4795 1981 4850 subtilissima:
2026 4809 2153 4848 con-

578 4880 943 4952 templationis
965 4885 1200 4954 pondere
1230 4901 1506 4955 magnum,
1528 4887 1669 4956 quod
1700 4885 2011 4955 Prostagion
2038 4884 2149 4954 (l7)

581 4977 899 5032 nominavit.
948 4977 1252 5049 Alloquitur
1291 4979 1489 5033 etenim
1539 4979 1590 5032 in
1618 4993 1684 5033 eo
1722 4992 1885 5047 opere
1930 4986 2022 5030 aut
2063 4991 2150 5029 se-

580 5067 778 5137 ipsum,
808 5076 900 5124 aut
920 5068 1108 5125 Deum.
1140 5067 1291 5136 Quod
1312 5083 1468 5140 opus,
1496 5084 1618 5124 cum
1656 5069 1707 5122 in
1737 5084 1927 5122 manus
1970 5067 2152 5133 cujus-

2253 4511 2581 4581 perfectionis
2611 4510 2817 4562 tendere
2855 4518 3094 4561 conatur.
3126 4503 3265 4558 Nam
3299 4503 3545 4572 quoniam
3586 4499 3665 4552 illi
3700 4500 3832 4567 fun-

2255 4603 2556 4656 damentum
2588 4600 2726 4669 quod
2752 4598 2920 4667 posuit
2947 4596 3214 4666 displicet,
3245 4593 3542 4647 nullatenus
3572 4589 3652 4642 illi
3687 4599 3837 4641 stru-

2257 4701 2458 4746 cturam
2497 4691 2644 4745 bona:
2690 4689 2806 4743 vitte
2847 4683 3267 4757 superwdiﬁcare
3287 4683 3426 4736 libet.
3478 4679 3626 4734 Unde
3668 4680 3727 4746 ﬁt
3780 4686 3835 4731 ut

2256 4781 2691 4853 quemadmodum
2718 4777 2996 4832 arbuscula
3021 4777 3066 4829 si
3092 4791 3227 4843 sa’pe
3266 4774 3676 4841 transplantetur
3701 4766 3784 4839 [al
3801 4808 3833 4833 .,

2259 4872 2688 4943 transportatur],
2730 4881 2819 4923 aut
2845 4886 3006 4939 nuper
3028 4868 3265 4936 plantala
3289 4868 3341 4918 in
3365 4864 3541 4918 eodem
3573 4861 3687 4914 loco
3720 4876 3836 4913 cre-

2259 4968 2351 5020 bra
2397 4964 2726 5019 convulsione
2765 4962 2883 5033 [al.,
2938 4956 3293 5028 conversione]
3344 4956 3681 5025 inquietetur,
3737 4967 3833 5004 ne-

2259 5075 2519 5130 quaquam
2565 5058 2802 5110 radicare
2847 5054 3051 5118 valens,
3104 5051 3399 5105 ariditatem
3442 5048 3543 5101 cito
3580 5044 3832 5107 attrahit,

1872 5171 2281 5231 llENSCllENIl
2324 5167 2552 5224 NOTAE.

658 5294 769 5364 (16)
800 5297 926 5367 Hoc
975 5298 1330 5367 Monologium
1375 5296 1426 5350 in
1467 5295 1651 5367 capita
1692 5294 1759 5348 77
1813 5292 2146 5355 distinctum,

584 5374 766 5422 exstat
797 5366 1107 5435 interdicta
1140 5364 1401 5421 didactica
1432 5364 1711 5435 opuscula.

660 5436 770 5504 (l7)
803 5435 913 5489 Hoc
941 5434 1280 5504 Prosologion
1307 5429 1649 5491 substituitur
1669 5434 1811 5488 dicto
1836 5429 2152 5501 Illonologio,

590 5506 644 5571 in
671 5504 741 5559 9.6
767 5507 938 5573 capita
966 5507 1298 5559 distinctum.

588 5606 590 5609 -
660 5574 769 5645 (l8)
811 5572 1169 5645 Substitttitttr
1212 5578 1310 5630 sub
1340 5577 1442 5630 hoc
1474 5574 1670 5628 titulo:
1714 5573 1867 5645 Liber
1897 5588 1989 5645 pro
2030 5572 2159 5624 insi-

590 5642 776 5714 piente,
804 5661 871 5699 aa
902 5643 968 5698 ll:
1002 5644 1233 5699 Anselmi
1272 5648 1323 5698 in
1362 5645 1662 5714 Prosologio
1690 5642 2156 5714 ratiocinationem,

588 5711 800 5771 auctore
820 5717 1013 5770 incerto
1042 5732 1061 5779 ;
1098 5724 1149 5769 et
1176 5715 1423 5770 additur:
1461 5711 1609 5769 Liber
1638 5714 1700 5768 Β.
1727 5712 1956 5768 Anselmi
1981 5711 2158 5765 aoolo—

2257 5284 2456 5354 gelicus
2506 5292 2683 5335 contra
2733 5279 3080 5347 insipientem,
3131 5272 3398 5346 capitibus
3458 5270 3524 5324 l0
3577 5282 3831 5339 compre-

2258 5355 2836 5493 hel‘lsilliliontinentur
2869 5417 2963 5493 li_b_.
2993 5432 3008 5470 t
3039 5414 3281 5493 epistola:
3306 5426 3443 5480 quas
3474 5406 3833 5493 necdum

2257 5477 2355 5549 bas
2382 5477 2617 5559 scripsit,
2648 5500 2704 5544 et
2739 5495 2863 5543 sunt
2894 5488 2981 5552 77,
3019 5477 3175 5541 simul
3214 5477 3336 5540 cuni
3375 5479 3563 5551 paucis
3588 5477 3656 5530 ad
3704 5490 3832 5531 eum

2261 5562 2503 5631 epistolis
2531 5561 2778 5614 aliorum.

2332 5615 2446 5703 (ἑο)
2489 5632 2580 5686 Est
2617 5626 2984 5703 Itazeepistola
3029 5626 3100 5681 29
3144 5625 3231 5681 ubi
3271 5623 3423 5695 plura
3464 5619 3564 5677 sub
3615 5615 3832 5672 initium

2264 5699 2351 5759 hic
2380 5699 2579 5769 omissa
2602 5699 2980 5757 cootinentur-
