4068 6286
250 372 318 427 ss
1241 367 1395 425 vm
1433 352 1757 424 sucront:
1795 365 2146 423 EADMERO.
2191 397 2260 406 --
2285 365 2413 421 un.
2452 364 2494 420 ι.
3423 347 3491 425 si:

250 502 336 539 nec
367 485 432 538 ad
457 481 686 553 aliquant
714 482 918 552 fructus
950 482 1275 552 fertilitatem
1306 484 1565 551 pervenit;
1593 485 1667 535 sic
1690 482 1820 550 infe-
1848 485 1892 540 Α
1919 479 2138 548 epistola
2175 483 2372 534 excessi
2390 522 2403 544 ,
2444 491 2491 534 et
2527 491 2688 534 torum
2719 482 2858 552 quod
2881 481 3002 534 hinc
3031 483 3171 549 dixi,
3204 494 3294 536 aut
3319 483 3495 538 dicen-

246 574 319 627 lia:
341 574 646 640 monachus,
682 574 727 627 si
755 575 945 642 sa'pius
973 574 1036 628 de
1061 574 1175 628 loco
1203 575 1270 628 ad
1301 574 1471 627 locum
1497 575 1706 642 praprio
1725 591 1818 640 ap-

245 664 400 732 petitu
424 673 675 726 tnutatttr,
709 673 801 716 aut
830 665 883 716 in
907 681 1009 717 uno
1037 666 1347 733 permanens
1386 663 1681 734 frequenter
1705 664 1818 732 ejus

244 750 360 804 odio
390 752 703 814 concutitur,
732 769 989 823 nusquam
1023 755 1219 808 amoris
1245 754 1507 807 stabilitas
1554 753 1818 806 radicibus

243 839 310 891 ad
335 855 482 892 ontne
511 841 635 893 utile
655 842 961 895 exercitium
984 843 1292 912 languescit,
1317 854 1363 896 et
1391 843 1536 896 nulla
1566 844 1819 896 bonorunt

243 943 451 994 operum
486 929 717 982 ubertate
750 931 974 984 ditescit.
1005 931 1238 1002 Cumque
1279 949 1335 987 se
1378 950 1709 1004 nequaquam
1749 935 1818 986 ad

243 1017 430 1069 bonum
451 1059 467 1083 ,
500 1018 590 1071 sed
621 1020 673 1071 in
699 1021 894 1072 ntalum
925 1022 1206 1090 proficere,
1239 1023 1286 1075 si
1314 1023 1450 1091 forte
1492 1024 1588 1076 hoc
1624 1024 1819 1093 recogi-

241 1114 314 1157 tat
342 1145 356 1166 ,
387 1107 691 1175 perpendit;
719 1125 924 1161 omnem
951 1126 1058 1162 suae
1081 1113 1306 1164 miseria:
1325 1128 1538 1165 causam
1565 1128 1666 1165 non
1687 1115 1818 1175 suis,

237 1195 328 1247 sed
355 1195 586 1248 aliorum
615 1197 847 1251 moribus
870 1199 1101 1269 injustas
1132 1201 1387 1266 intendit;
1429 1213 1584 1272 atque
1621 1203 1742 1256 inde
1767 1219 1822 1256 se

237 1290 406 1356 magis
437 1289 506 1341 ad
537 1290 714 1342 odium
745 1307 956 1354 eorum,
999 1293 1134 1346 inter
1181 1310 1310 1362 quos
1349 1305 1706 1360 conversatur,
1737 1295 1822 1347 in-

237 1377 463 1447 feliciter
483 1381 738 1434 accendit.
764 1381 1099 1452 Quapropter
1129 1385 1423 1454 quicunque
1447 1386 1820 1439 caenobitarum

235 1467 370 1537 forte
396 1473 719 1539 propositum
750 1473 1076 1540 aggreditur,
1101 1475 1306 1543 expedit
1337 1477 1383 1528 ei
1414 1485 1468 1528 ut
1498 1477 1550 1528 in
1581 1493 1820 1545 quocun-

235 1578 334 1629 que
365 1577 490 1613 mon
505 1563 687 1616 *sterio
714 1563 982 1632 professus
1010 1564 1199 1632 fuerit,
1228 1567 1328 1619 nisi
1354 1566 1459 1619 tale
1480 1569 1637 1635 fuerit
1672 1577 1724 1619 ttt
1749 1568 1821 1620 ibi

233 1651 438 1702 malum
467 1651 640 1718 facere
669 1653 860 1705 invitus
890 1662 1130 1722 cogatur,
1162 1665 1270 1708 tota
1316 1656 1505 1709 utentis
1535 1656 1822 1710 intentione

234 1743 437 1795 amoris
469 1743 730 1796 radicibus
759 1745 829 1797 ibi
860 1746 1100 1799 radicare
1127 1746 1369 1810 studeat,
1403 1757 1558 1817 atque
1590 1746 1819 1800 aliorum

232 1852 410 1888 mores
435 1849 524 1889 aut
553 1837 656 1888 loci
683 1838 1116 1900 consuetudines,
1162 1839 1207 1891 si
1251 1848 1432 1891 contra
1466 1839 1646 1892 divina
1677 1855 1818 1906 prte-
1852 1813 1896 1871 Β

233 1934 382 1988 cepta
417 1940 518 1976 non
547 1934 668 1977 sunt
692 1965 702 1987 ,
727 1926 936 1978 etiamsi
967 1926 1178 1978 inutiles
1209 1926 1500 1990 videantur,
1526 1925 1824 1994 dijudicare

234 2015 494 2083 refugiat.
520 2013 759 2069 Gaudeat
782 2033 836 2069 se
855 2017 971 2086 jam
999 2017 1209 2069 tandem
1238 2018 1492 2070 invenisse
1521 2016 1610 2069 ubi
1638 2032 1694 2069 se
1719 2033 1823 2070 non

231 2101 489 2166 invitum,
512 2103 602 2156 sed
631 2104 982 2158 voluntarium
1015 2114 1123 2157 tota
1170 2105 1272 2158 vita
1313 2122 1616 2158 tnansurunt
1637 2147 1654 2170 ,
1681 2105 1824 2158 ontni

230 2194 652 2262 transmigrandi
697 2193 1050 2249 sollicitudine
1106 2196 1385 2264 prapulsa,
1436 2196 1730 2260 deliberet:
1766 2206 1822 2250 ut

226 2282 446 2350 quietus
472 2283 540 2334 ad
569 2281 682 2335 sola
726 2283 826 2350 piae
855 2284 972 2336 vita:
1008 2285 1256 2337 exercitia
1285 2287 1604 2354 exquirenda
1639 2286 1823 2340 sedulo

225 2379 403 2423 vacet.

300 2458 402 2512 28.
433 2458 588 2522 Quod
608 2460 654 2514 si
677 2461 778 2515 sibi
803 2461 1008 2514 videtur
1029 2463 1234 2532 majora
1257 2464 1501 2532 qumdam
1522 2480 1583 2516 ac
1609 2463 1824 2517 utiliora

229 2547 505 2615 spirituali
517 2547 718 2616 fervore
727 2559 988 2618 appetere,
1011 2568 1167 2621 quant
1183 2551 1263 2606 illi
1283 2553 1552 2621 pra’sentis
1569 2564 1827 2606 monaste-

231 2635 298 2688 rii
319 2635 742 2691 institutionibus
755 2638 928 2702 liceat,
946 2643 1162 2694 testimet
1179 2651 1270 2694 aut
1288 2659 1342 2694 se
1366 2641 1485 2710 falli
1500 2643 1607 2696 sive
1631 2642 1820 2710 prtefe-

232 2726 397 2778 rendo
421 2727 574 2790 paria
603 2728 838 2795 paribus,
863 2729 940 2782 vel
964 2731 1169 2784 minora
1197 2731 1482 2800 majoribus
1511 2731 1629 2802 [al.,
1656 2733 1824 2785 mino-

232 2815 444 2889 ribus],
491 2818 594 2872 sive
645 2822 1008 2888 prtesumendo
1045 2839 1100 2876 se
1128 2840 1278 2892 posse
1318 2825 1457 2894 quod
1487 2841 1589 2878 non
1621 2827 1819 2893 possit,

233 2917 322 2960 aut
355 2917 499 2961 certe
519 2909 693 2962 credat
717 2927 772 2964 se
795 2927 897 2965 non
921 2914 1171 2967 meruisse
1193 2915 1332 2984 quod
1357 2915 1638 2972 desiderat.
1667 2915 1821 2981 Quod

233 3000 279 3052 si
305 3001 545 3069 fallitur,
572 3012 696 3072 agat
741 3006 938 3073 gratias
968 3004 1160 3058 divinte
1190 3005 1564 3060 misericordite
1584 3048 1597 3072 ,
1621 3023 1726 3075 qua
1753 3006 1820 3060 ab

234 3105 411 3144 errore
443 3107 538 3144 suo
562 3091 878 3161 defenditur,
911 3109 972 3147 ne
998 3095 1111 3147 sine
1139 3095 1507 3158 emoluntento,
1540 3108 1630 3148 aut
1659 3099 1816 3151 etiant

1917 572 2043 624 dum
2075 571 2202 640 fttit,
2232 574 2301 625 ad
2328 573 2722 626 custodiendam
2767 573 2954 628 mentis
2980 576 3202 644 quietem
3230 577 3492 645 pertinet,

1918 662 2077 732 hujus
2107 662 2227 734 [al.,
2267 662 2438 733 ornit.]
2478 665 2552 716 rei
2580 663 2744 718 brevis
2779 665 3070 718 exhortatio
3101 664 3373 735 epistolam
3402 681 3496 720 no-
3581 709 3586 714 .

1919 761 2082 804 strant
2107 752 2368 805 terminet.
2424 751 2536 805 Nec
2572 763 2751 820 putes,
2782 754 3123 820 charissime,
3148 756 3258 807 htvc
3298 769 3380 807 me
3415 751 3498 809 di-

1920 858 2036 894 cere
2059 841 2258 894 idcirco
2285 841 2425 910 quod
2451 843 2683 910 suspicer
2711 853 2760 894 te
2785 843 2962 914 aliqua
3007 843 3194 897 mentis
3233 845 3496 912 inquietu-

1919 931 2040 985 dine
2073 930 2336 985 laborare.
2368 931 2474 987 Sed
2497 933 2743 1001 quoniam
2788 933 3026 1008 dominus
3057 933 3212 988 Ursio
3249 933 3368 1006 [al.,
3395 933 3498 990 Ur-

1918 1021 2030 1094 sus]
2078 1024 2212 1092 cogit
2260 1040 2340 1076 nte
2384 1022 2616 1094 aliquam
2673 1008 3079 1078 admonitionem
3124 1025 3217 1079 tibi
3243 1026 3494 1088 scribere,

1921 1114 2093 1165 nescio
2123 1113 2250 1182 quid
2295 1115 2468 1182 potius
2511 1129 2783 1178 moneam,
2833 1130 2991 1178 quam
3033 1132 3214 1169 cavere
3257 1115 3353 1170 hoc
3401 1116 3496 1168 sub

1920 1203 2089 1271 specie
2120 1213 2274 1256 recta'
2295 1204 2578 1257 voluntatis
2596 1243 2611 1268 ,
2645 1203 2786 1273 quod
2817 1206 2924 1256 scio
2949 1205 3156 1258 novitiis
3181 1208 3494 1276 quibusdam

1920 1289 2085 1343 solere
2111 1292 2408 1360 subrepere.
2435 1290 2785 1361 Quapropter,
2832 1293 2996 1346 amice
3042 1294 3111 1346 mi
3139 1303 3186 1347 et
3215 1294 3380 1362 frater
3409 1295 3489 1347 di-

1921 1378 2228 1446 lectissime,
2257 1381 2513 1446 consulit,
2543 1393 2715 1434 monet
2733 1419 2749 1447 ,
2773 1395 3017 1451 precatur
3043 1394 3089 1436 te
3113 1394 3232 1436 tuus
3273 1385 3496 1439 dilectus

1920 1470 2140 1524 dilector
2161 1474 2284 1525 totis
2308 1474 2482 1526 cordis
2512 1474 2822 1538 visceribus,
2854 1485 2908 1527 ut
2937 1477 3060 1528 totis
3105 1476 3301 1528 viribus
3339 1478 3498 1544 quieti

1922 1560 2107 1613 mentis
2127 1561 2368 1627 studeas,
2402 1563 2513 1615 sine
2532 1579 2638 1632 qua
2665 1561 2800 1615 nulli
2827 1564 2945 1616 licet
2971 1563 3148 1617 callidi
3213 1567 3373 1619 hostis
3420 1566 3500 1618 it:-

1921 1648 2086 1702 sidias
2111 1651 2508 1718 circumspicere
2537 1651 2612 1703 vel
2639 1653 2850 1705 semitas
2891 1654 3141 1706 virtutum
3191 1653 3501 1722 angustissi-

1921 1753 2036 1790 mas
2098 1739 2415 1806 prospicere.
2471 1740 2550 1792 Ad
2595 1741 2731 1793 hanc
2789 1757 2905 1794 vero
2964 1745 3247 1797 monachus
3294 1744 3384 1814 qui
3443 1746 3500 1799 in

1925 1830 2244 1879 monasterio
2291 1839 2650 1893 conversatur,
2692 1832 2983 1899 pertingere
3029 1831 3328 1887 nullatenus
3365 1833 3501 1888 valet

1924 1917 2036 1968 sine
2084 1918 2379 1970 constantia
2432 1927 2478 1970 et
2528 1921 2960 1985 mansuetudine,
2993 1938 3110 1991 qua:
3152 1927 3500 1977 mansuetudo

1923 2007 2305 2061 indissolubilis
2345 2024 2516 2061 comes
2572 2020 2646 2062 est
2703 2011 3002 2078 patientia;
3049 2022 3096 2066 et
3159 2015 3261 2066 nisi
3317 2030 3502 2068 mona-

1923 2099 2071 2151 sterii
2137 2099 2218 2151 sui
2272 2098 2553 2162 instituta,
2603 2115 2720 2168 qua:
2763 2099 2951 2153 divinis
3014 2117 3117 2154 non
3167 2101 3503 2171 prohibentur

1924 2191 2222 2254 mandatis,
2272 2189 2479 2243 etiamsi
2529 2191 2781 2244 rationem
2821 2207 2999 2244 eorum
3047 2208 3149 2244 non
3182 2193 3496 2261 perviderit,

1924 2289 1980 2332 ut
2012 2280 2251 2348 religiosa
2273 2280 2530 2333 studuerit
2574 2281 2861 2335 observare.
2907 2280 3058 2347 Vale,
3087 2293 3133 2336 et
3167 2283 3489 2352 omnipotens

1923 2371 2184 2424 Dominus
2212 2372 2448 2440 perficiat
2475 2389 2680 2442 gressus
2711 2383 2826 2425 tuos
2856 2373 2909 2426 in
2937 2374 3132 2427 semitis
3154 2376 3285 2440 suis,
3313 2384 3367 2427 ut
3397 2391 3500 2428 non

1925 2471 2231 2513 moveantur
2287 2463 2502 2529 vestigia
2537 2471 2664 2526 tua,
2696 2471 2752 2514 ut
2799 2463 2852 2514 in
2885 2461 3098 2530 justitia
3143 2479 3399 2533 appaeas
3445 2465 3500 2516 in

1926 2556 2203 2613 conspectu
2246 2547 2493 2612 Domini,
2524 2561 2572 2602 et
2603 2550 2812 2602 satieris
2855 2565 2974 2602 cum
3003 2551 3300 2619 apparuerit
3330 2551 3500 2620 gloria

1925 2633 2062 2704 ejus.

2536 2789 2764 2846 CAPUT
2800 2790 2891 2845 1V.

1925 2947 2131 3003 Oblata:
2173 2950 2421 3004 divinitus
2470 2949 3044 3017 visiones,gconsilium
3085 2950 3225 3004 circa
3273 2950 3500 3019 regimen

2059 3035 2362 3088 puerorum,
2391 3036 2530 3074 atnot
2567 3022 2681 3074 vita:
2707 3019 2993 3074 communis
3019 3028 3066 3089 et
3095 3019 3353 3073 discretio.

444 3138 532 3144 η,
563 3138 878 3161 "Vnum",
911 3138 970 3147 ..-
998 3138 1108 3147 -..η
1139 3138 1507 3158 -...--_..--...-,
1659 3138 1816 3151 πη...

235 3195 348 3232 cum
372 3180 595 3249 jactura
641 3181 813 3235 locum
857 3184 937 3236 vel
982 3185 1101 3237 vita:
1149 3185 1382 3238 ordinem
1417 3187 1702 3249 mutando,
1735 3189 1819 3241 itt-

1991 3171 2081 3225 29.
2124 3172 2268 3226 Inter
2287 3176 2582 3239 hate,cutn
2604 3177 2717 3242 1am
2745 3183 2797 3230 et
2842 3176 3002 3231 dictis
3040 3184 3093 3230 et
3127 3174 3345 3246 scriptis
3384 3175 3502 3230 suis

235 3269 548 3322 constantia:
570 3269 891 3339 levitatisque
918 3271 1120 3340 frustra
1143 3273 1338 3326 crimen
1360 3275 1562 3338 subeat,
1593 3287 1682 3329 aut
1708 3294 1824 3332 nta—

227 3357 349 3426 jora
363 3359 482 3412 suis
497 3360 689 3414 viribus
710 3363 1020 3432 experiendo
1032 3363 1305 3433 fatigatus.
1321 3365 1545 3420 deterius
1559 3367 1609 3420 in
1621 3370 1820 3438 priora,

237 3457 322 3500 aut
348 3449 518 3502 etiam
549 3449 603 3504 in
625 3451 809 3520 pejora
832 3452 1093 3520 prioribus
1122 3453 1347 3521 deficiat.
1381 3452 1439 3509 Si
1487 3467 1660 3508 autent
1711 3473 1824 3512 vere

235 3538 459 3592 meliora
479 3537 584 3594 illis
593 3541 776 3607 qutein
787 3553 1027 3611 promptu
1040 3554 1157 3596 sunt
1167 3545 1403 3599 nondum
1425 3548 1638 3601 meritus
1655 3558 1820 3614 optat,

236 3630 498 3695 patienter
542 3630 723 3684 toleret
769 3633 1002 3686 divinum
1039 3632 1330 3702 judicium,
1380 3637 1519 3704 quod
1557 3639 1650 3690 ulli
1699 3637 1819 3707 [al.,

237 3715 338 3787 illi]
370 3717 577 3787 aliquid
603 3720 797 3788 injuste
828 3737 930 3775 non
965 3722 1204 3791 denegat,
1244 3721 1366 3795 [Ms.
1393 3727 1504 3781 huic
1544 3726 1679 3799 θυι]
1727 3744 1820 3782 ne-

236 3821 331 3875 que
355 3812 743 3865 murmurando
770 3823 860 3864 aut
889 3812 1213 3882 obloquendo
1242 3814 1408 3868 Deum
1436 3817 1667 3886 offendat
1688 3859 1704 3885 ,
1731 3819 1819 3873 sed

238 3901 609 3968 tequanimiter
656 3903 832 3956 omnia
877 3905 1129 3972 suﬂeret,
1162 3907 1338 3960 omnia
1372 3908 1441 3960 ad
1471 3908 1692 3964 meliora
1731 3927 1820 3964 co-

239 3999 388 4042 netur
419 3991 679 4046 deducere
725 3994 936 4061 ferendo
973 4012 1036 4049 ne
1057 4013 1150 4065 per
1185 3998 1560 4065 impatientiam
1582 4001 1819 4069 judicent

233 4077 438 4146 justum
472 4092 793 4150 exasperans
821 4093 1084 4137 mereatur
1104 4086 1243 4154 quod
1272 4102 1373 4139 non
1396 4087 1548 4140 habet
1591 4105 1695 4141 non
1729 4105 1820 4141 ac-

240 4169 435 4236 cipere,
470 4178 519 4222 et
545 4171 686 4239 quod
706 4173 903 4241 accepit
932 4174 1203 4238 amittere;
1235 4185 1326 4227 aut
1358 4177 1484 4244 quia
1511 4174 1628 4246 [al.,
1657 4177 1818 4249 quod]

240 4274 336 4311 non
362 4269 543 4326 amat,
567 4262 823 4317 inutiliter
849 4274 1040 4318 tenere.
1078 4265 1185 4320 Seu
1216 4283 1334 4320 vero
1367 4267 1782 4322 misericordiam
1801 4310 1817 4336 ,

238 4364 324 4402 seu
338 4350 608 4419 judicium
637 4369 761 4423 erga
790 4371 845 4407 se
871 4357 923 4408 in
950 4355 1058 4410 illis
1089 4373 1206 4426 qute
1237 4373 1339 4410 non
1366 4358 1516 4412 habet
1556 4369 1606 4412 et
1642 4371 1817 4430 optat,

1923 3278 2103 3318 mores
2131 3264 2213 3318 sui
2244 3265 2298 3317 in
2329 3263 2477 3318 nullo
2505 3266 2925 3330 discordarent,
2959 3274 3125 3319 totam
3155 3281 3267 3320 sua:
3299 3267 3498 3322 mentis

1924 3353 2280 3409 intentionem
2330 3355 2386 3408 in
2436 3365 2804 3432 contemptum
2836 3357 3022 3410 mundi
3073 3359 3495 3425 composuisset,

1923 3453 1979 3500 et
2008 3446 2094 3499 his
2119 3444 2248 3500 solis
2273 3461 2394 3514 qua:
2425 3445 2519 3500 Dei
2560 3455 2722 3500 erant
2761 3455 2933 3502 totum
2964 3447 3201 3502 studium
3232 3463 3387 3503 suum
3416 3449 3502 3504 in-

1924 3535 2162 3600 ﬁxisset,
2213 3536 2440 3605 contigit
2484 3546 2544 3589 ut
2578 3537 2896 3592 inﬁrmitate
2945 3548 3228 3609 correptus
3263 3541 3500 3613 graviter

1921 3625 2270 3698 aﬂligeretur.
2295 3627 2400 3682 Sed
2421 3628 2537 3698 ipse
2562 3630 2614 3683 in
2642 3628 2754 3685 Deo
2773 3645 2988 3700 semper
3010 3629 3104 3704 [at.
3161 3631 3334 3704 omit.]
3356 3632 3502 3688 idem

1920 3719 2189 3783 existens,
2237 3719 2494 3790 languore
2535 3720 2814 3791 paulisper
2857 3721 3075 3789 sedato,
3122 3731 3278 3778 extra
3308 3739 3368 3780 se
3401 3737 3501 3794 per

1922 3811 2119 3866 mentis
2140 3825 2420 3867 excessum
2444 3823 2628 3882 raptus
2651 3815 2786 3869 vidit
2805 3813 3023 3870 ﬂuvium
3054 3829 3220 3870 unum
3250 3816 3498 3886 rapidum

1921 3911 2081 3971 atque
2125 3903 2489 3973 praecipitem.
2533 3905 2589 3958 in
2640 3919 2798 3972 quem
2855 3903 3198 3960 conﬂuebant
3248 3905 3496 3960 omnium

1920 3990 2162 4044 ﬂuxuum
2193 3990 2316 4062 [al.,
2349 3991 2658 4063 ﬂuminum]
2688 4003 3017 4062 purgatum,
3047 4003 3103 4047 et
3129 4009 3498 4063 quarumcun-

1921 4099 2026 4151 que
2056 4100 2238 4138 rerum
2285 4093 2446 4138 terrae
2491 4085 2769 4138 lavatum.
2804 4085 3311 4154 Videbatur-itaque
3358 4100 3499 4154 aqua

1921 4172 2036 4240 ipsa
2068 4172 2232 4226 nimis
2262 4171 2476 4225 turbida
2503 4182 2559 4226 et
2587 4173 2896 4238 immunda,
2929 4181 2986 4227 et
3011 4172 3159 4226 omni
3205 4173 3500 4242 Spurcitia-

1921 4277 2041 4316 rum
2067 4263 2228 4316 sorde
2257 4262 2496 4317 horrida.
2531 4262 2797 4332 Rapiebat
2825 4263 2991 4333 igitur
3036 4265 3092 4319 in
3133 4280 3193 4320 se
3237 4265 3500 4336 quidquid

1920 4355 2187 4422 attingere
2230 4361 2477 4423 poterat,
2517 4361 2572 4408 et
2621 4353 2936 4408 devolvebat
2982 4363 3088 4408 tam
3137 4356 3286 4410 viros
3335 4371 3497 4425 quam

236 4443 514 4505 persentiat
535 4459 554 4506 ;
577 4443 729 4498 laetus
750 4460 814 4498 ex
834 4444 914 4498 his
937 4461 1054 4516 qua:
1073 4447 1291 4516 accepit,
1319 4447 1553 4516 largitati
1579 4467 1819 4520 supernae
1849 4460 1898 4521 ο
1927 4443 2214 4509 mulieres),
2244 4444 2440 4499 divites
2467 4454 2523 4499 et
2552 4446 2739 4514 inopes
2767 4444 2945 4499 simul.
2978 4444 3130 4511 Quod
3159 4460 3283 4500 cum
3310 4444 3504 4501 Ansel-

238 4534 432 4598 gratias
483 4533 674 4602 dignas
713 4534 992 4602 persolvat.
1042 4535 1111 4589 Et
1140 4539 1264 4607 quia
1300 4537 1372 4590 ad
1411 4539 1818 4611 qualemcunque

238 4633 440 4687 portum
465 4624 530 4676 de
558 4623 865 4692 procellosis
894 4626 1078 4678 mundi
1106 4627 1399 4680 turbinibus
1425 4629 1594 4696 potuit
1618 4632 1816 4699 pertin-

239 4727 380 4779 gere,
408 4727 592 4768 careat
621 4717 677 4768 in
703 4727 885 4784 portus
906 4717 1340 4782 tranquillitatem
1364 4730 1569 4772 ventum
1594 4721 1816 4775 levitatis

238 4811 283 4853 et
331 4804 676 4872 impatientia.-
726 4806 984 4860 turbinem
1041 4809 1322 4867 inducere;
1371 4821 1626 4878 quatenus
1671 4829 1815 4866 mens

239 4896 532 4948 constantia
573 4905 620 4948 et
657 4899 1055 4967 mansuetudine
1086 4900 1374 4953 tutantibus
1421 4901 1624 4970 quieta,
1655 4904 1815 4957 divini

239 4981 438 5036 timoris
462 4983 811 5038 sollicitudini
852 4996 900 5040 et
943 4989 1138 5041 amoris
1162 4987 1495 5044 delectationi
1533 4991 1599 5044 sit
1628 5009 1811 5046 vacua.

239 5067 378 5125 Nam
399 5074 557 5127 timor
580 5091 670 5144 per
697 5075 1099 5132 sollicitudinem
1128 5081 1386 5145 custodit,
1408 5098 1559 5134 amor
1585 5098 1702 5135 vero
1723 5100 1816 5153 per

238 5161 629 5218 delectationem
667 5167 890 5234 perficit.
939 5167 1063 5222 Scio
1105 5171 1230 5239 quia
1295 5169 1406 5224 haec
1441 5172 1693 5240 majorem
1721 5183 1814 5228 aut

239 5254 496 5308 scribendi
532 5267 624 5308 aut
674 5256 1003 5328 colloquendi
1041 5260 1251 5328 exigunt
1294 5259 1690 5329 amplitudinem
1713 5303 1729 5326 ,
1756 5275 1812 5318 ut

237 5339 436 5409 plenius
461 5345 812 5415 intelligatur,
836 5349 1024 5417 quibus
1046 5349 1243 5403 scilicet
1265 5349 1400 5404 dolis
1427 5353 1676 5422 antiquus
1701 5371 1812 5408 ser-

237 5446 360 5497 pens
387 5434 631 5503 ignarum
655 5439 968 5491 monachum
1000 5439 1057 5492 in
1081 5441 1179 5494 hoc
1202 5457 1386 5511 genere
1417 5445 1718 5498 tentationis
1739 5446 1808 5497 il-

238 5518 467 5589 laqueet,
495 5532 544 5576 et
565 5534 747 5578 contra
793 5527 978 5596 quibus
1021 5529 1310 5584 rationibus
1356 5533 1585 5600 prudens
1621 5549 1807 5587 mona-

237 5616 360 5666 cttus
385 5615 500 5682 ejus
522 5615 644 5687 [al.,
670 5616 784 5690 eas]
816 5619 1037 5674 callidas
1076 5623 1437 5691 persuasiones
1481 5623 1730 5678 dissolvat
1758 5636 1807 5679 et

237 5703 484 5758 annihilet
510 5721 531 5762 :
560 5707 651 5760 sed
687 5709 934 5778 quoniant
976 5711 1091 5780 jam
1137 5713 1434 5768 brevitatem
1458 5731 1616 5783 quant
1646 5717 1804 5787 exigit

1921 4551 2043 4592 mus
2075 4535 2328 4601 vidisset,
2361 4544 2416 4591 et
2446 4543 2554 4590 tam
2597 4537 2888 4591 obscenam
2937 4535 3327 4592 revolutionem
3377 4537 3497 4592 illo-

1919 4640 2037 4679 rum
2073 4625 2362 4680 miseratus
2408 4623 2552 4678 unde
2580 4624 2854 4690 viverent,
2883 4633 2976 4679 aut
2999 4625 3143 4680 unde
3165 4627 3313 4680 sitim
3342 4640 3498 4680 suam

1918 4713 2286 4769 refocillarent
2313 4713 2405 4783 qui
2455 4713 2536 4768 sic
2583 4711 2913 4778 ferebantur,
2955 4714 3285 4784 inquireret;
3339 4731 3500 4770 accc-

1917 4803 2192 4872 pissetque
2218 4817 2536 4872 responsum
2558 4843 2575 4867 ,
2605 4818 2701 4858 eos
2737 4818 2801 4858 ea
2832 4818 2938 4873 qua
2968 4805 3327 4860 trahebantur
3352 4821 3496 4872 aqua

1917 4893 2102 4946 vivere
2143 4892 2546 4962 delectarique,
2595 4893 2928 4962 indignantis
2975 4909 3108 4948 voce
3159 4896 3335 4963 inquit
3373 4893 3495 4965 [al.,

1915 4983 1961 5038 si
1996 4980 2192 5054 inquit]
2224 5001 2237 5036 :
2271 4981 2588 5048 Quomodo?
2610 4981 2724 5037 Tali
2754 5000 2823 5039 ne
2851 4984 3045 5053 aliquis
3069 4999 3228 5039 caeno
3257 4994 3495 5052 potatus.

1914 5073 2000 5129 vel
2029 5089 2128 5142 pro
2154 5074 2270 5142 ipso
2300 5073 2576 5127 hominum
2605 5074 2813 5142 pudore
2836 5088 2895 5128 se
2932 5073 3134 5127 ferret?
3160 5073 3240 5125 Ad
3271 5071 3374 5126 ltoc
3409 5075 3497 5127 itte

1913 5167 2005 5236 qui
2053 5166 2419 5220 comitabatur
2463 5179 2588 5219 eum
2632 5182 2646 5218 :
2694 5164 2774 5218 Ne
2821 5163 3071 5228 mireris,
3118 5163 3227 5227 ait;
3281 5171 3498 5219 lorrens

1913 5257 2098 5312 mundi
2124 5266 2208 5312 est
2236 5256 2379 5330 quod
2406 5255 2558 5312 vides
2576 5296 2591 5319 ,
2624 5272 2731 5326 quo
2759 5255 3046 5324 rapiuntur
3071 5262 3128 5309 et
3149 5253 3500 5309 involvuntur

1912 5351 2159 5405 homines
2185 5350 2400 5414 mundi;
2451 5357 2506 5403 et
2553 5349 2796 5419 adjecit:
2835 5347 3001 5403 Visne
3045 5348 3233 5403 videre
3267 5349 3396 5417 quid
3419 5349 3494 5402 sit

1909 5455 2072 5495 verus
2124 5438 2248 5512 [al.,
2299 5439 2448 5514 vere]
2513 5438 2902 5495 monachatus?
2956 5437 3298 5509 Respondit:
3333 5439 3489 5494 Volo.

1910 5531 2073 5587 Duxit
2093 5547 2222 5604 ergo
2244 5531 2393 5588 illum
2415 5533 2569 5602 quasi
2591 5533 2645 5586 in
2667 5539 2984 5602 conseptum
3005 5530 3283 5601 cujusdam
3305 5529 3487 5599 magni

1908 5633 1962 5679 et
1987 5625 2150 5694 ampli
2189 5624 2434 5690 claustri,
2467 5633 2521 5680 ct
2547 5623 2686 5680 dixit
2713 5622 3202 5694 ei:Circumspice.
3240 5621 3485 5691 Aspexit,

1907 5724 1962 5772 et
1989 5730 2114 5772 cccc
2137 5715 2370 5785 parietes
2411 5715 2641 5773 claustri
2664 5716 2807 5774 illius
2834 5717 3053 5773 obducti
3082 5723 3238 5771 erant
3260 5721 3484 5784 argento
