4068 6286
527 312 593 368 67
1603 301 1658 355 S.
1706 297 2003 354 ANSEMII
2040 296 2119 352 CA

2227 295 2390 352 ΗΑΒ.
2418 293 2732 350 ARCIIIEP.
2777 355 2782 362 ,
3713 298 3778 353 68

533 425 820 496 purissimo
852 423 974 494 [al.,
998 421 1146 476 omit.
1178 427 1232 476 ct
1255 392 1869 485 candidissimoJllerba
1898 425 2108 486 quoque
2140 415 2184 470 Α
2217 408 2437 472 amoris,
2467 407 2598 461 nihil
2627 405 2860 475 pietatis.
2903 405 3036 460 nihil
3066 404 3473 471 benevolentiae,
3504 407 3618 468 sive
3667 411 3782 464 dul-

531 517 722 571 ntediae
750 514 992 585 planitiei
1023 514 1205 567 virens
1241 519 1360 565 erat
1389 518 1444 563 et
1475 508 1587 576 ipsa
1617 515 1902 576 argentea,
1935 503 2111 556 mollis

531 608 746 676 quidem
777 615 831 661 et
879 605 1016 659 ultra
1066 605 1353 658 humanam
1402 598 1709 667 Opinionem
1759 595 2107 649 delectabilis.

534 698 659 752 Haec
689 696 818 768 [al.,
857 694 986 765 nec]
1021 708 1168 747 more
1213 691 1433 744 alterius
1462 689 1644 742 herbae
1672 687 1771 740 sub
1819 685 1902 740 his
1935 685 2024 754 qui
2058 683 2109 738 in

536 803 598 841 ea
644 788 977 857 pausabant,
1029 783 1219 836 leniter
1267 780 1584 835 flectebatur
1614 818 1629 843 ,
1675 787 1729 832 et
1770 776 2112 846 surgentibus

537 877 690 946 ipsis,
720 886 775 929 et
805 878 915 944 ipsa
949 874 1277 943 erigebatur.
1312 873 1497 937 Itaque
1525 869 1673 922 locus
1704 866 1792 921 ille
1821 875 1963 920 totus
1995 872 2113 918 erat

535 975 867 1029 ammnus,ct
887 964 1152 1034 prazcipua
1177 960 1510 1030 iucunditate
1535 957 1789 1028 repletus;
1823 957 1965 1011 hunc
1985 970 2113 1024 ergo

533 1058 600 1112 ad
633 1058 1039 1112 inhabitantium
1080 1054 1241 1124 elegit
1273 1051 1373 1106 sibi
1401 1049 1706 1126 Anselmus.
1744 1045 1895 1101 Tunc
1923 1045 2113 1098 ductor

532 1150 648 1218 ejus
685 1149 820 1201 dixit
865 1148 913 1200 ei
949 1165 962 1199 :
996 1145 1125 1199 Eia!
1186 1143 1266 1198 vis
1325 1142 1509 1195 videre
1559 1138 1685 1208 quid
1740 1137 1810 1191 sit
1855 1135 2110 1204 patientia

534 1241 704 1296 vera?
749 1241 828 1294 Ad
852 1239 993 1308 quod
1023 1251 1146 1290 cum
1178 1234 1264 1289 ille
1294 1249 1490 1302 magno
1522 1231 1704 1285 cordis
1729 1226 1924 1282 affectu
1949 1227 2113 1297 gesti-

534 1343 655 1399 ret,
718 1344 771 1386 et
799 1347 856 1386 se
887 1331 936 1384 id
965 1326 1370 1397 quatnmaxime
1398 1323 1531 1377 velle
1563 1320 1933 1390 responderet,
1967 1319 2032 1372 ad
2056 1332 2113 1373 se

534 1420 711 1478 subito
739 1435 1001 1484 reversus,
1031 1430 1086 1473 et
1114 1416 1399 1476 visionem,
1431 1421 1486 1468 et
1519 1412 1744 1466 visionis
1775 1411 2112 1464 demonstra-

536 1524 705 1568 torem
740 1511 925 1566 dolens
979 1525 1041 1563 ac
1073 1506 1437 1580 gemebundus
1483 1503 1688 1572 pariter
1734 1500 1940 1555 amisit.
1970 1501 2111 1580 Duas

535 1612 713 1656 autem
747 1615 882 1671 quas
913 1579 1122 1653 viderat
1150 1597 1384 1650 visiones
1433 1593 1734 1662 intelligens
1759 1629 1774 1655 ,
1801 1579 2113 1658 secumque

535 1693 915 1758 revolvens,eo
935 1689 1104 1758 magis
1131 1687 1288 1740 unius
1305 1685 1584 1738 horrorem
1610 1681 1814 1752 fugere,
1843 1696 1950 1750 quo
1980 1680 2112 1733 alte-

2214 499 2418 554 cedinis
2446 500 2590 553 circa
2615 514 2673 553 se
2704 499 2755 551 in
2788 497 2937 552 vobis
2973 497 3252 562 sentiunt,
3299 512 3397 552 nec
3439 498 3514 552 illi
3559 498 3784 570 alicujus

2215 587 2311 660 [αι.
2345 587 2515 660 omit.]
2556 590 2607 643 in
2661 587 2813 643 vobis
2841 588 2966 642 boni
3016 597 3200 657 postea
3223 589 3381 643 fidem
3411 589 3668 654 habeant,
3691 593 3784 646 sed

2213 681 2393 735 omnia
2418 689 2598 736 vestra
2623 697 2687 735 ex
2712 681 2835 734 odio
2870 688 2924 734 et
2951 679 3150 734 invidia
3194 689 3380 734 contra
3408 696 3467 737 se
3492 683 3786 750 procedere

2213 775 2457 827 credant.
2507 771 2889 842 Contiugitque
2942 772 3099 826 modo
3158 759 3489 834 miserabili,
3540 784 3598 827 ut
3646 774 3784 829 sicut

2213 862 2466 931 deinceps
2491 877 2717 931 corpore
2745 871 3016 925 crescunt,
3047 860 3125 916 sic
3155 862 3208 915 in
3235 862 3316 916 eis
3344 863 3524 916 odium
3557 873 3612 916 et
3660 878 3783 917 sus-

2213 951 2356 1019 picio
2383 951 2557 1005 omnis
2583 951 2707 1004 mali
2733 958 2961 1015 crescat,
2992 965 3204 1020 semper
3228 951 3381 1020 proni
3409 960 3463 1005 et
3489 952 3696 1005 incurvi
3718 952 3787 1008 ad

2215 1041 2363 1094 vitia.
2391 1021 2636 1109 .Cumque
2674 1042 2741 1095 ad
2770 1040 2974 1095 nullum
3005 1041 3204 1096 fuerint
3251 1043 3304 1095 in
3357 1057 3479 1097 vera
3522 1043 3788 1098 charitate

2215 1130 2424 1195 nutriti,
2472 1130 2674 1184 nullum
2719 1131 2820 1184 nisi
2873 1131 3144 1200 depressis
3189 1131 3532 1200 superciliis,
3563 1132 3786 1188 oculove

2213 1221 2431 1289 obliquo
2457 1221 2637 1275 valent
2664 1221 2884 1275 intueri.
3469 1209 3477 1216 ’

2216 1313 2218 1315 ’
2283 1313 2372 1367 51.
2432 1309 2538 1366 Sed
2599 1322 2816 1381 prepter
2861 1312 3027 1366 Deum
3073 1309 3262 1366 vellem
3310 1311 3564 1367 diceretis
3611 1312 3743 1366 mihi
3772 1353 3788 1376 ,

2213 1401 2340 1471 quid
2369 1417 2547 1456 causae
2574 1402 2646 1456 sit
2669 1403 2810 1471 quod
2835 1401 2915 1456 eis
2959 1410 3165 1456 tantum
3194 1401 3372 1457 infesti
3399 1402 3568 1457 estis?
3601 1401 3790 1456 Nonne

2216 1493 2492 1558 homines;
2554 1508 2734 1547 nonne
2773 1492 3012 1560 ejusdem
3060 1501 3267 1548 natura:
3313 1503 3440 1548 sunt
3487 1493 3639 1562 cujus
3694 1507 3790 1548 vos

2216 1583 2391 1637 estis?
2421 1581 2711 1637 \‘elletisne
2740 1583 2891 1637 vobis
2935 1582 3053 1636 fieri
3092 1584 3234 1653 quod
3271 1583 3374 1637 illis
3416 1581 3630 1636 infertis
3665 1580 3789 1653 [al.,

2219 1671 2449 1744 facitis]?
2480 1673 2535 1728 Si
2568 1673 2784 1742 quidem
2810 1674 2949 1742 quod
2982 1683 3128 1736 sunt,
3158 1689 3255 1728 vos
3275 1658 3490 1729 essetis?
3520 1673 3626 1728 Sed
3651 1683 3788 1728 esto.

535 1781 647 1836 rius
672 1741 982 1834 amoenitate
1007 1741 1209 1833 studuit
1254 1775 1530 1830 delectari.
1561 1773 1756 1828 Totum
1803 1787 1932 1842 ergo
1962 1771 2113 1826 dein-
2146 1741 2190 1804 Β
2220 1763 2359 1819 Solis
2389 1780 2483 1819 eos
2511 1765 2954 1833 percussionibus
2985 1773 3040 1820 et
3071 1763 3293 1833 ﬂagellis
3323 1766 3388 1819 ad
3417 1780 3595 1820 mores
3619 1765 3792 1827 bonos

533 1888 660 1942 ceps
684 1888 802 1928 sese
832 1873 976 1926 dedit
1020 1871 1072 1924 in
1103 1871 1224 1932 hoc,
1267 1877 1328 1922 ut
1372 1883 1532 1922 verus
1580 1867 1699 1939 [al.,
1734 1867 1881 1940 vere]
1929 1884 2116 1922 mona-

533 1963 670 2017 chus
713 1969 896 2022 esset,
945 1969 1001 2014 et
1029 1967 1088 2012 ut
1116 1959 1280 2011 vitam
1313 1957 1686 2011 monachicam
1717 1956 1871 2010 firma
1905 1957 2116 2011 ratione

534 2049 1035 2120 comprehenderet,
1072 2045 1296 2113 aliisque
1323 2043 1791 2114 pr0poueret[al.,
1831 2059 2110 2115 prmponc-

537 2141 666 2212 ret,]
696 2157 794 2195 nec
824 2149 907 2193 est
936 2139 1178 2206 privatus
1210 2136 1476 2190 desiderio
1515 2150 1628 2187 suo.
1674 2135 1826 2202 Qttod
1873 2136 2110 2205 quidem,

535 2240 593 2284 ut
622 2231 850 2294 tcstimo,
878 2228 1208 2294 aliquantum
1239 2225 1439 2294 percipi
1469 2225 1663 2294 poterit
1687 2241 1752 2278 ex
1778 2225 1956 2280 verbis
1976 2225 2112 2292 ejus,

537 2335 656 2387 qua:
679 2335 771 2388 per
797 2321 940 2372 vices
965 2317 1088 2370 huic
1115 2314 1372 2384 Opusculo
1395 2315 1578 2368 indere
1605 2316 1704 2368 rati
1729 2331 1933 2374 smnus.
1959 2315 2114 2384 juxta

539 2408 680 2476 quod
718 2409 888 2462 series
916 2415 1080 2476 gesta:
1131 2405 1207 2457 rei
1257 2419 1416 2473 quam
1476 2405 1807 2474 suscepimus
1859 2420 2115 2460 enarrare

538 2498 850 2567 postulabit.
891 2496 999 2550 Nec
1033 2496 1177 2550 enim
1224 2496 1352 2548 mihi
1402 2495 1611 2550 videtur
1666 2496 1898 2566 pleniter
1952 2513 2115 2566 posse

539 2588 770 2658 pertiugi
803 2586 868 2640 ad
901 2587 1144 2640 notitiam
1178 2585 1533 2640 institutionis
1588 2588 1710 2642 vitae
1749 2588 1909 2650 illius,
1939 2590 1985 2643 si
2021 2590 2112 2645 de-

538 2678 756 2748 scriptis
778 2677 986 2733 actibus
1003 2675 1120 2745 ejus
1143 2676 1263 2746 quis
1290 2675 1372 2731 vel
1394 2676 1566 2747 qualis
1595 2677 1756 2735 fuerit
1782 2680 1834 2734 in
1865 2696 2113 2736 sermone

539 2777 798 2824 taceatur.
1157 2827 1161 2834 ,

609 2857 697 2909 50.
726 2857 969 2922 Quodam
1021 2855 1186 2924 igitur
1235 2865 1478 2924 tempore
1525 2872 1648 2912 cum
1692 2859 1908 2927 quidam
1949 2861 2116 2916 abbas

541 2951 633 3020 qui
669 2949 958 3004 admodum
992 2949 1274 3018 religiosus
1304 2950 1604 3004 habebatur
1629 2990 1643 3015 ,
1692 2965 1874 3004 secum
1916 2950 1983 3004 de
2031 2952 2114 3005 his

2216 1854 2381 1910 vultis
2427 1857 2721 1911 informare
2776 1855 2900 1928 [al.,
2949 1855 3227 1928 minare]?
3282 1854 3503 1910 Vidistis
3554 1871 3790 1924 unquam

2216 1946 2476 2000 artificem
2509 1962 2573 2001 ex
2607 1947 2804 2001 lamina
2835 1947 2951 2001 auri
2984 1947 3067 2002 vel
3100 1947 3305 2017 argenti
3329 1947 3458 2002 solis
3486 1947 3792 2016 percussio-

2216 2033 2375 2089 nibus
2445 2031 2730 2104 imaginem
2779 2036 3080 2104 speciosam
3129 2035 3433 2090 formasse?
3479 2034 3595 2090 Non
3641 2045 3792 2106 puto.

2215 2127 2353 2193 Quid
2379 2129 2547 2183 tunc?
2581 2129 2856 2195 Quatenus
2885 2138 3064 2198 aptam
3096 2129 3318 2182 formam
3350 2143 3416 2182 ex
3449 2127 3647 2181 lamina
3680 2127 3797 2182 for-

2217 2225 2323 2272 mel
2351 2217 2471 2291 [al.,
2501 2218 2695 2290 aptet],
2730 2234 2870 2273 nunc
2899 2233 3020 2272 cam
3067 2236 3166 2273 suo
3210 2219 3572 2274 instrumento
3602 2219 3798 2273 leniter

2216 2314 2412 2382 premit
2451 2323 2506 2368 et
2541 2314 2815 2383 percutit,
2859 2327 3003 2366 [nunc
3033 2313 3267 2367 discreto
3311 2311 3574 2365 levaminc
3627 2311 3799 2364 lenius

2216 2403 2357 2457 levat
2383 2413 2436 2458 et
2462 2403 2678 2456 format.
2712 2402 2803 2457 Sic
2831 2413 2885 2457 et
2919 2417 3015 2457 vos
3044 2403 3088 2456 si
3123 2417 3320 2470 pueros
3351 2410 3561 2454 vestros
3591 2401 3794 2469 cupitis

2215 2493 2421 2546 ornatis
2452 2493 2690 2546 moribus
2729 2507 2848 2546 esse
2872 2533 2886 2557 ,
2937 2507 3156 2546 necesse
3202 2499 3287 2546 est
3333 2499 3392 2544 ut
3425 2505 3544 2544 cum
3574 2489 3798 2557 depres-

2215 2583 2460 2638 sionibus
2496 2584 2779 2637 verberum
2808 2583 3132 2653 impendatis
3176 2583 3255 2637 eis
3294 2591 3534 2651 paternae
3581 2583 3802 2650 pietatis

2215 2683 2270 2728 et
2300 2673 2728 2727 mansuetudinis
2759 2672 3000 2726 levamen
3031 2684 3194 2742 atque
3222 2672 3539 2726 subsidium.
3569 2671 3652 2724 Ad
3685 2673 3800 2724 hate

2213 2765 2383 2819 abbas
2414 2784 2426 2818 :
2467 2764 2616 2830 Quod
2647 2765 2924 2818 levamen?
2949 2766 3091 2833 quod
3129 2764 3472 2818 subsidium?
3499 2764 3578 2817 Ad
3607 2778 3803 2833 graves

2215 2864 2269 2909 et
2292 2866 2532 2910 maturos
2573 2855 2740 2910 moles
2767 2856 2887 2910 illos
2933 2857 3306 2927 constringere
3333 2856 3671 2934 laboramus.
3693 2855 3796 2912 Cui

2218 2945 2342 3000 ille:
2375 2947 2517 3001 Bene
2538 2947 2771 3015 quidem.
2801 2947 2863 3000 Et
2889 2947 3041 3015 panis
3075 2956 3129 3000 et
3157 2948 3384 3017 quisque
3414 2948 3615 3003 solidus
3637 2948 3788 3003 utilis
3856 2991 3859 2994 .

539 3056 659 3109 quze
692 3040 1004 3094 monasticm
1039 3039 1317 3108 religionis
1339 3049 1495 3094 erant
1519 3039 1850 3108 loqueretur,
1882 3057 1944 3095 ac
1975 3043 2114 3095 inter
2147 3072 2188 3129 Ο
2220 3047 2274 3092 et
2301 3039 2473 3093 bonus
2498 3048 2598 3101 est,
2628 3052 2692 3091 eo
2723 3037 2798 3091 uti
2840 3038 3060 3092 valenti.
3097 3036 3293 3092 Verum
3323 3038 3599 3094 subtracto
3651 3037 3792 3094 lacte

542 3131 643 3184 alia
684 3131 750 3184 de
779 3131 962 3200 pueris
989 3129 1041 3182 in
1071 3129 1307 3184 claustro
1353 3132 1571 3186 nutritis
1605 3134 2122 3188 verbaconsereret

545 3216 665 3289 [al.,
697 3217 1013 3290 conferret],
1036 3218 1260 3287 adjecit:
1284 3218 1447 3285 Quid,
1479 3221 1725 3288 obsecro,
1757 3222 1846 3276 tiet
1875 3223 1940 3278 de
1967 3224 2125 3278 istis?

544 3303 793 3364 Perversi
825 3317 955 3364 sunt
991 3319 1046 3363 et
1080 3309 1477 3380 incorrigibiles
1505 3351 1520 3375 ,
1571 3312 1658 3366 die
1705 3328 1768 3366 ac
1817 3322 1975 3368 nocte
2019 3330 2124 3370 non

541 3416 816 3455 cessamus
852 3415 945 3455 eos
971 3400 1340 3464 verberantes,
1368 3411 1423 3454 et
1449 3417 1662 3471 semper
1695 3402 1828 3457 fiunt
1861 3404 1960 3458 sibi
1997 3405 2124 3475 ipsis

549 3481 867 3546 deteriores.
897 3491 975 3543 Ad
1006 3505 1125 3558 qua:
1157 3489 1276 3560 [al.,
1309 3490 1493 3561 quem]
1527 3493 1752 3544 miratus
1793 3493 2122 3548 Ansclmus:

545 3582 660 3636 Non
692 3583 939 3644 cessatis,
978 3582 1171 3648 inquit,
1197 3596 1290 3634 eos
1322 3583 1653 3635 verberare?
1699 3583 1766 3636 Et
1804 3598 1926 3637 cum
1957 3584 2126 3639 adulti

545 3670 690 3730 Sunt.
725 3670 910 3738 quales
934 3671 1102 3724 sunt?
1133 3669 1384 3738 llehctes,
1423 3673 1619 3740 inquit,
1657 3681 1712 3726 ct
1759 3673 2029 3727 bestiales.
2057 3676 2128 3728 At

546 3761 636 3815 ille
667 3778 680 3814 :
715 3761 830 3828 Quo
860 3761 1000 3814 bono
1029 3762 1208 3815 omine
1241 3759 1630 3832 nutrimentum
1662 3773 1897 3818 vestrum
1927 3781 2127 3835 expet:-

553 3853 702 3914 tlitis,
739 3854 830 3920 qui
859 3853 923 3906 de
953 3852 1262 3908 hominibus
1292 3856 1494 3908 bestias
1523 3855 1865 3909 nutrivistis?
1913 3857 1978 3911 Et
2008 3874 2122 3924 nos,

553 3943 652 4005 ait,
682 3929 809 4012 quid
838 3943 1108 4011 possimus
1137 3945 1303 3998 inde?
1333 3945 1502 4000 Modis
1530 3946 1780 4000 omnibus
1805 3949 2128 4018 constringi-

548 4049 667 4088 mus
697 4049 790 4088 eos
819 4044 876 4087 ut
902 4035 1189 4105 proﬁciant
1217 4047 1272 4090 et
1296 4037 1428 4090 nihil
1457 4038 1793 4106 proficimus.
1844 4039 2128 4094 Constrin-

549 4123 711 4190 gitis?
742 4124 826 4177 dic
855 4124 1006 4190 mihi,
1034 4139 1216 4193 quasso
1240 4123 1358 4195 [al.,
1383 4127 1488 4190 dic,
1524 4142 1726 4195 qmeso,
1771 4127 1886 4200 mi],
1912 4129 2127 4184 domine

549 4215 708 4276 abba,
738 4214 779 4266 si
806 4214 1042 4282 plantam
1078 4216 1286 4270 arboris
1315 4216 1364 4269 in
1399 4217 1558 4270 horto
1591 4227 1680 4271 tuo
1705 4217 1976 4286 plantares
2001 4260 2017 4286 ,
2072 4230 2130 4275 et

552 4318 675 4355 mox
709 4303 851 4354 illam
882 4304 1026 4356 omni
1052 4318 1118 4357 ex
1147 4312 1298 4372 parte
1335 4305 1406 4357 ita
1435 4305 1805 4373 concludercs,
1857 4316 1908 4360 ut
1949 4325 2128 4364 ramos

2225 3129 2341 3183 ciba
2378 3128 2500 3181 inde
2529 3128 2811 3182 lactentem
2844 3127 3125 3194 infantem,
3154 3137 3208 3183 et
3235 3130 3444 3184 videbis
3473 3145 3594 3183 eum
3628 3131 3804 3200 magis

2224 3233 2290 3271 ex
2315 3218 2416 3271 hoc
2444 3217 2794 3287 strangulari,
2828 3232 2990 3286 quam
3022 3218 3279 3271 recreari.
3307 3216 3418 3272 Cur
3443 3217 3586 3271 hoc?
3616 3219 3805 3274 Dicere

2222 3299 2368 3369 nolo,
2394 3309 2645 3377 quoniam
2671 3308 2855 3362 claret.
2883 3308 3132 3363 Attamen
3161 3309 3263 3363 hoc
3291 3317 3486 3374 tenete,
3511 3309 3635 3378 quia
3663 3309 3806 3364 sicut

2227 3398 2415 3467 fragile
2434 3407 2488 3450 et
2511 3397 2652 3452 forte
2677 3413 2872 3466 corpus
2897 3413 2994 3467 pro
3019 3413 3115 3452 sua
3143 3399 3403 3469 qualitate
3430 3400 3591 3453 habet
3623 3399 3810 3454 cibum

2225 3505 2411 3555 suum;
2463 3490 2535 3545 ita
2585 3489 2789 3560 fragilis
2831 3498 2888 3544 et
2935 3488 3092 3542 fortis
3141 3489 3321 3542 anima
3370 3488 3531 3542 habet
3575 3502 3675 3556 pro
3716 3489 3801 3544 sui

2229 3597 2476 3636 mensura
2507 3582 2706 3635 victum
2739 3597 2917 3635 suum.
2950 3581 3128 3634 Fortis
3171 3581 3351 3634 anima
3395 3579 3700 3635 delectatur
3752 3591 3809 3636 et

2227 3673 2468 3740 pascitur
2497 3670 2669 3725 solido
2713 3670 2857 3735 cibo,
2903 3671 3162 3740 patientia
3215 3671 3424 3725 scilicet
3478 3671 3531 3724 in
3579 3671 3810 3726 tribula-

2230 3765 2485 3826 tionibus,
2509 3779 2614 3818 non
2636 3763 3026 3832 concupiscere
3055 3763 3255 3826 aliena,
3287 3762 3606 3830 percutienti
3640 3778 3806 3816 unam

2229 3852 2501 3906 maxillam
2547 3851 2790 3919 prazbere
2839 3851 3064 3904 alteram
3095 3891 3110 3916 ,
3166 3865 3325 3904 orare
3380 3865 3478 3919 pro
3529 3850 3806 3916 inimicis,

2227 3944 2467 3998 otlientes
2498 3942 2740 4011 diligere,
2769 3951 2823 3995 et
2859 3941 3024 3995 mttlta
3055 3943 3107 3994 in
3132 3942 3278 3995 hunc
3310 3943 3546 3997 modum.
3577 3941 3810 4013 Fragilis

2227 4043 2405 4088 autem
2433 4043 2488 4087 et
2515 4033 2689 4086 adhuc
2720 4032 2770 4085 in
2802 4031 2892 4085 Dei
2931 4033 3152 4086 servitio
3189 4040 3372 4085 tenera
3415 4031 3532 4103 [al.,
3569 4033 3808 4105 tenere],

2229 4125 2371 4182 lacte
2426 4125 2676 4194 indiget,
2743 4125 3155 4178 mansuetudine
3207 4125 3456 4179 videlicet
3527 4125 3760 4180 aliorum
3791 4168 3806 4192 ,

2227 4215 2576 4286 benignitate,
2611 4215 3000 4278 misericordia,
3034 4215 3190 4268 hilari
3219 4216 3595 4279 advocatione,
3623 4217 3811 4271 chari-

2230 4305 2392 4358 taliva
2459 4307 2900 4374 supportatione,
2955 4315 3009 4359 ct
3067 4305 3310 4374 pluribus
3365 4306 3693 4374 hujusmodi.
3747 4308 3809 4362 Si

552 4406 682 4446 suos
723 4392 1029 4446 nullatenus
1069 4394 1357 4448 extendere
1388 4403 1608 4462 posset,
1660 4410 1782 4449 cum
1836 4411 1952 4450 eam
2005 4409 2126 4468 post
2156 4399 2200 4453 D
2229 4395 2409 4447 taliter
2434 4397 2629 4448 vestris
2654 4404 2709 4448 et
2738 4393 2967 4448 fortibus
2998 4403 3053 4448 et
3090 4395 3319 4449 infirmis
3372 4411 3467 4450 vos
3495 4397 3764 4465 coaptatis
3790 4414 3806 4462 ;

553 4497 724 4536 annos
751 4482 1086 4550 excluderes,
1119 4483 1291 4552 qualis
1326 4484 1488 4538 arbor
1514 4485 1637 4538 inde
1664 4487 1945 4554 prodiret?
1996 4489 2126 4546 Pro-

553 4572 696 4629 ferto
717 4575 920 4629 initulis
939 4616 956 4641 ,
986 4576 1222 4629 incurvis
1247 4576 1408 4630 ramis
1434 4586 1483 4630 et
1520 4579 1806 4646 perplexis.
1841 4580 1906 4634 Et
1937 4581 2036 4637 hoc
2059 4599 2125 4637 ex

553 4659 708 4726 cujus
738 4665 893 4730 culpa
916 4663 1226 4730 procederet
1253 4663 1352 4716 nisi
1385 4673 1470 4717 tua
1496 4703 1511 4727 ,
1563 4667 1653 4733 qui
1702 4682 1820 4720 eam
1865 4670 2127 4726 immode-

555 4758 676 4803 rate
700 4750 1007 4804 conclusisti
1033 4751 1056 4803 ?
1086 4751 1246 4807 Certe
1278 4754 1379 4807 hoc
1403 4754 1581 4808 facitis
1602 4756 1668 4809 de
1689 4758 1872 4825 pueris
1901 4761 2122 4827 vestris;

552 4837 781 4907 plantati
811 4849 936 4891 sunt
984 4856 1081 4909 per
1128 4841 1454 4895 oblationem
1501 4843 1552 4896 in
1586 4845 1743 4898 horto
1785 4845 2040 4903 Ecclesiae
2071 4859 2126 4905 ut

555 4937 804 4982 crescant
849 4939 903 4982 et
952 4928 1276 4986 fructiﬁcent
1322 4933 1448 4987 Deo.
1481 4931 1586 4988 Vos
1629 4945 1804 4990 autem
1862 4939 2124 4995 intantum

561 5016 681 5088 [al.,
711 5016 974 5091 omnium]
1009 5021 1325 5086 terroribus,
1350 5023 1532 5088 minis,
1559 5034 1609 5078 et
1635 5028 1944 5082 verberibus
1975 5033 2130 5086 undi-

558 5124 664 5176 que
721 5109 839 5162 illos
881 5112 1212 5177 coarctatis,
1267 5123 1325 5166 ut
1367 5115 1508 5166 nulla
1552 5117 1650 5169 sibi
1702 5119 1912 5185 penitus
1967 5121 2129 5175 liceat

556 5197 809 5270 libertate
833 5203 1015 5270 potiri.
1050 5203 1232 5272 Itaque
1262 5205 1550 5260 indiscrete
1574 5211 1818 5276 oppressi
1850 5220 2045 5280 pravas
2075 5223 2130 5266 et

557 5289 836 5358 Spinarum
865 5307 1010 5346 more
1037 5295 1318 5363 perplexas
1348 5296 1485 5349 intra
1515 5294 1639 5366 [al.,
1665 5297 1827 5371 infra]
1878 5315 1937 5354 se
1980 5300 2126 5370 cogi-

561 5381 792 5434 tationes
824 5393 1140 5451 congerunt,
1172 5384 1373 5452 fovent,
1423 5389 1706 5455 nutriunt,
1753 5398 2007 5459 tantaque
2035 5405 2128 5446 eas

559 5471 612 5526 in
644 5471 929 5526 nutriendo
956 5472 1260 5530 suffulciunt
1287 5477 1423 5550 ·[αι.,
1474 5479 1793 5552 sufficiunt],
1843 5489 1901 5535 ut
1946 5483 2127 5537 omnia

560 5578 680 5631 qntc
707 5563 792 5616 ilia
805 5579 918 5616 rum
946 5568 1265 5621 correctioni
1297 5579 1518 5637 possent
1547 5571 1918 5626 adminiculari
1960 5573 2129 5626 obsti-

560 5655 686 5704 nata
711 5658 886 5705 mente
915 5650 1326 5722 subterfugiant.
1363 5653 1514 5709 Unde
1563 5654 1658 5719 fit,
1711 5664 1768 5710 ut
1818 5657 1943 5726 quia
1994 5657 2123 5711 nihil

2225 4500 2323 4554 per
2347 4483 2438 4538 Dei
2469 4483 2697 4552 gratiam
2733 4499 2942 4548 omnes,
2973 4495 3232 4554 quantum
3257 4492 3434 4538 vestra
3479 4485 3660 4547 refert,
3693 4485 3810 4541 Deo

2231 4574 2352 4645 [al.,
2395 4589 2523 4627 cura
2552 4571 2684 4644 Deo]
2717 4576 3028 4643 acquirctis.
3077 4574 3172 4628 His
3214 4575 3383 4630 abbas
3412 4576 3610 4630 auditis
3657 4577 3811 4647 inge-

2229 4665 2365 4718 muit
2424 4664 2660 4718 dicens:
2708 4665 2846 4719 Vere
2875 4665 3178 4720 erravimus
3218 4681 3248 4718 a
3297 4666 3563 4732 veritate,
3613 4677 3667 4721 et
3715 4667 3809 4724 lux

2228 4751 2569 4806 discretionis
2615 4767 2721 4805 non
2770 4753 2906 4806 luxit
2957 4753 3133 4806 nobis.
3167 4752 3232 4805 Et
3273 4753 3474 4808 cadens
3506 4755 3558 4807 in
3601 4764 3808 4809 terram

2227 4853 2350 4898 ante
2381 4844 2544 4912 pedes
2567 4844 2684 4913 ejus
2711 4859 2770 4898 se
2799 4859 3072 4912 peccasse,
3099 4860 3157 4899 se
3185 4859 3334 4900 reum
3363 4860 3485 4900 esse
3525 4847 3810 4902 confessus

2227 4945 2328 4997 est,
2358 4937 2675 5002 veniamque
2697 4936 2764 4989 de
2783 4936 3074 5003 praeteritis
3099 4937 3274 5004 petiit,
3297 4945 3348 4990 et
3371 4937 3806 4991 emendationem

2227 5024 2292 5078 de
2314 5025 2509 5078 futuris
2531 5025 2867 5091 repromisit.
2895 5025 3018 5080 llzec
3041 5027 3240 5081 idcirco
3265 5027 3518 5093 diximus,
3542 5038 3810 5096 quatenus

2228 5129 2322 5183 per
2342 5115 2453 5167 hrcc
2480 5128 2641 5180 quam
2666 5113 2766 5179 piae
2790 5113 3132 5168 discretionis
3157 5123 3211 5169 et
3239 5115 3486 5170 discreta:
3509 5117 3726 5185 pictatis
3754 5119 3808 5171 in

2227 5220 2415 5258 omnes
2445 5204 2608 5256 fuerit
2639 5219 3017 5274 agnoscamus.

2296 5295 2384 5348 52.
2416 5295 2635 5349 Talibus
2669 5296 2864 5349 studiis
2892 5297 3224 5363 intendebat,
3267 5299 3319 5352 in
3354 5297 3475 5354 istis
3519 5299 3632 5354 Deo
3683 5315 3805 5355 ser-

2228 5385 2426 5446 viebat,
2458 5399 2553 5452 per
2576 5385 2692 5438 haec
2715 5384 2872 5439 bonis
2895 5389 3146 5442 omnibus
3171 5387 3322 5444 valde
3352 5389 3622 5458 placebat.
3651 5388 3806 5446 Unde

2229 5477 2364 5528 bona
2398 5475 2538 5529 fama
2565 5474 2683 5543 ejus
2706 5492 2811 5530 non
2838 5480 2997 5532 modo
3025 5479 3413 5535 Northmannia
3448 5491 3557 5535 tota
3583 5491 3666 5536 est
3689 5496 3803 5536 res-

2227 5581 2403 5635 persa,
2453 5581 2638 5621 verum
2669 5569 2830 5622 etiam
2883 5568 3111 5624 Francia
3160 5580 3273 5626 tota
3305 5614 3318 5638 ,
3375 5572 3627 5627 Flandria
3665 5580 3797 5636 tota,

2228 5657 2596 5728 contiguzequc
2646 5659 2728 5714 his
2779 5669 2937 5714 terrm
2979 5676 3168 5717 omnes
3218 5660 3337 5731 [al.,
3384 5673 3526 5718 terra
3571 5663 3797 5733 omnis];
