4068 6286
554 306 615 363 7|
1613 302 1671 357 ὃ.
1709 300 2010 357 ANSELMI
2046 299 2397 356 CANTUAR.
2431 301 2744 358 ARClllEP.
3738 313 3810 366 7‘2

541 423 798 479 Herluino
827 421 963 492 (2|),
1009 436 1114 474 uno
1157 422 1394 476 omnium
1431 422 1552 493 [al.,
1587 421 1831 491 omnino]
1882 420 2107 473 fratrum
2141 422 2184 475 Α
2214 420 2330 472 llet'i
2378 419 2563 474 nollet.
2607 421 2743 475 llinc
2783 425 3106 491 procedebat
3136 426 3278 494 quod
3313 428 3453 482 inter
3484 429 3811 499 placitantes

540 514 888 571 Becceusium
918 527 1180 568 consensu
1214 514 1265 566 in
1293 512 1538 566 abbatem
1567 510 1802 581 eligitur.
1827 509 1977 576 Quod
2009 510 2119 577 ipse

540 603 689 658 omni
730 602 909 657 studio
953 599 1322 671 subterfugere
1360 600 1619 670 gestiens,
1648 599 1845 653 multas
1867 608 1923 653 et
1943 598 2120 651 diver-

541 708 632 749 sas
669 692 908 747 rationes
947 706 1014 745 ne
1062 691 1113 744 id
1158 690 1313 745 ﬁeret
1340 690 1685 745 obtendebat.
1733 688 1837 743 Sed
1883 687 1986 741 illis
2021 701 2121 741 nec

541 783 782 837 auditum
828 781 1044 850 quidem
1092 779 1397 835 rationibus
1441 777 1556 847 ejus
1603 778 1870 847 patienter
1908 791 2123 832 accom-

541 873 762 927 modare
791 856 1117 934 volentibus,
1148 871 1400 925 anxiatus
1428 879 1511 924 est
1549 870 1600 923 in
1630 884 1694 924 eo
1725 868 1947 936 Spiritus
1976 868 2116 935 ejus,

539 963 739 1031 etquid
772 971 955 1032 ageret
994 962 1297 1033 ignorabat.
1349 962 1708 1016 Transierunt
1750 961 1802 1013 iu
1846 960 1963 1013 istis
2004 959 2120 1013 dies

538 1050 777 1119 quidam.
819 1048 1017 1103 Verum
1049 1050 1137 1102 ubi
1165 1049 1449 1103 Ansehnus
1477 1049 1607 1102 vidit
1641 1064 1701 1103 se
1731 1048 2118 1100 monachorum

539 1141 847 1193 unanimem
895 1139 1257 1194 constantiam
1310 1155 1415 1193 non
1462 1153 1622 1207 posse
1666 1138 1847 1192 verbis
1886 1146 2118 1201 mutare,

540 1232 770 1286 tentavit
797 1231 841 1285 si
877 1232 1148 1300 quomodo
1183 1246 1305 1284 eam
1334 1230 1536 1285 valeret
1560 1229 1642 1283 vel
1673 1230 1923 1299 precibus
1967 1228 2121 1282 incli-

540 1337 692 1375 nare.
725 1320 817 1374 Eis
841 1321 1025 1388 itaque
1051 1321 1228 1389 priore
1250 1320 1349 1373 sub
1377 1335 1485 1373 uno
1513 1319 1842 1381 constitutis,
1874 1332 1938 1371 ac
1963 1317 2011 1371 ei
2040 1329 2118 1382 ut,

537 1411 754 1464 omissis
778 1408 1169 1477 objectiooibus
1192 1408 1387 1473 solitis,
1423 1410 1587 1463 abbas
1614 1407 1728 1462 fieri
1753 1406 2123 1475 acquiesceret

540 1502 931 1563 insistentibus,
955 1503 1039 1555 ille
1059 1499 1193 1555 flens
1215 1511 1269 1554 et
1292 1500 1625 1554 miserandos
1646 1499 1912 1570 singultus
1931 1499 2118 1562 edens,

538 1591 898 1660 prosternitur
948 1593 1001 1645 in
1038 1592 1228 1647 faciem
1283 1607 1466 1646 corazn
1518 1591 1793 1656 omnibus,
1851 1605 2017 1644 orans
2066 1597 2121 1643 et

538 1685 814 1737 obtestans
850 1697 942 1738 eos
971 1698 1068 1753 per
1104 1698 1297 1737 nomen
1344 1683 1434 1737 Dei
1483 1680 1888 1749 omnipotentis,
1936 1694 2032 1750 per
2072 1678 2117 1733 si

2225 511 2488 573 residens,
2519 526 2644 564 cum
2674 513 2973 566 adversarii
3017 515 3133 583 ejus
3162 531 3258 583 per
3287 532 3381 571 sua
3422 520 3649 575 consilia
3694 523 3813 577 dis:

2222 601 2500 670 quirerent
2526 616 2632 671 quo
2662 603 2896 673 ingenio,
2927 620 3103 674 quave
3132 606 3448 672 calliditate,
3480 626 3593 665 Siue
3626 628 3810 668 causa!

2221 692 2618 755 adminiculari,
2667 704 2721 747 et
2768 694 2911 749 illius
2953 696 3214 771 valerent.
3247 698 3629 755 fraudulenter‘
3670 703 3812 757 insi—

2221 783 2386 849 diari;
2431 784 2543 852 ipse
2573 784 2698 837 talia
2732 785 3038 839 nullatenus
3061 802 3280 853 curans,
3308 788 3387 843 eis
3411 790 3501 859 qui
3531 793 3631 845 sibi
3661 792 3813 847 voleo

2220 872 2351 927 bant
2384 874 2666 928 intendere
2699 885 2791 929 aut
2817 875 2883 929 de
2910 875 3218 944 Evangelio.
3254 888 3348 932 aut
3384 880 3450 933 de
3479 882 3655 950 aliqua
3698 881 3806 935 alia

2223 964 2400 1019 divina
2431 965 2731 1035 Scriptura,
2768 975 2859 1020 aut
2891 976 3040 1022 certe
3076 967 3277 1037 aliquid
3314 971 3380 1024 de
3420 969 3808 1027 informatione

2223 1070 2432 1109 morum
2479 1056 2744 1110 bonorum
2782 1056 3100 1111 disserebat.
3139 1057 3293 1128 Saepe
3337 1059 3499 1113 etiam
3532 1074 3654 1114 cum
3705 1061 3809 1113 lut-

2214 1146 2368 1214 jusce
2396 1148 2673 1201 auditores
2697 1148 2948 1211 deerant,
2979 1148 3217 1204 suaviter
3245 1150 3297 1203 in
3329 1150 3411 1204 sui
3443 1152 3621 1205 cordis
3646 1151 3807 1221 puri-

2223 1243 2333 1289 tate
2379 1235 2699 1303 quiescens,
2751 1250 2979 1304 corpore
3024 1236 3348 1291 dormiebat.
3405 1238 3810 1308 Eveniebatque

2221 1339 2608 1394 nonnunquam
2647 1334 2707 1379 ut
2735 1325 2954 1381 fraudes
2992 1326 3171 1381 subtili
3218 1327 3617 1383 machinatione
3654 1343 3813 1383 com-

2221 1417 2427 1487 positae,
2474 1432 2599 1471 mox
2646 1418 2735 1472 ubi
2781 1425 2907 1471 sunt
2960 1417 3013 1471 in
3058 1417 3383 1472 audientiam
3418 1418 3557 1472 illius
3590 1419 3811 1487 delata,

2222 1522 2328 1561 non
2375 1506 2530 1576 quasi
2583 1523 2616 1560 a
2664 1506 2966 1561 dormiente
2994 1546 3009 1571 ,
3051 1508 3144 1577 qui
3186 1518 3316 1562 tunc
3348 1518 3489 1573 erat,
3529 1510 3622 1564 sed
3661 1510 3814 1563 sicut

2221 1612 2251 1651 a
2282 1598 2666 1667 perspicaciter
2695 1597 2945 1667 vigilante
2984 1608 3036 1652 et
3078 1599 3393 1654 intendente
3431 1599 3544 1655 sint
3578 1600 3811 1654 detecue

2222 1696 2384 1758 atque
2414 1688 2681 1747 dissectaz.
2719 1690 2972 1743 Charitas
3015 1689 3161 1743 enim
3198 1706 3317 1757 quae
3359 1705 3464 1743 non
3497 1690 3808 1755 aemulatur,

538 1788 645 1840 qua
672 1773 724 1825 in
752 1774 833 1826 eis
858 1782 1015 1825 erant
1045 1772 1259 1840 pietatis
1294 1770 1415 1842 [al.,
1443 1768 1851 1840 misericordiae]
1883 1769 2113 1831 viscera,
2150 1750 2191 1808 Β
2222 1750 2343 1850 quin
2377 1794 2481 1833 non
2512 1779 2626 1849 agit
2660 1794 2974 1848 perperam,
3006 1794 3126 1848 qua:
3164 1794 3271 1832 non
3309 1781 3502 1848 quierit
3541 1797 3662 1850 qua:
3702 1796 3808 1836 sua

537 1873 807 1932 quatenus
855 1871 1101 1932 respectu
1151 1860 1539 1915 misericordia:
1589 1859 1712 1930 [al.,
1740 1855 1981 1928 pietatis]
2028 1856 2122 1911 Dei

537 1968 700 2023 super
748 1968 874 2007 eum
926 1952 1231 2015 intendant,
1260 1959 1315 2005 et
1348 1950 1418 2005 ab
1447 1951 1663 2019 iucepto
1709 1948 2031 2003 desistentes
2063 1960 2122 2001 se

537 2060 567 2098 a
597 2053 747 2098 tanto
780 2058 946 2098 onere
993 2043 1237 2112 quietunt
1284 2056 1507 2096 manere
1549 2040 1886 2111 permittant.
1939 2038 2009 2093 At
2046 2037 2120 2092 illi

538 2149 728 2189 omnes
775 2142 997 2189 econtra
1037 2134 1090 2188 in
1133 2143 1335 2197 terram
1388 2132 1667 2201 prostrati,
1715 2138 1876 2184 orant
1912 2138 1969 2182 ut
2007 2128 2123 2197 ipse

537 2225 716 2294 potius
743 2224 845 2278 loci
878 2223 1019 2278 illius
1046 2232 1100 2278 et
1124 2238 1310 2278 eorum
1362 2221 1701 2285 misereatur,
1735 2235 1802 2274 ne
1826 2218 2122 2289 postposita

538 2315 774 2369 utilitate
810 2314 1084 2369 communi
1119 2330 1177 2368 sc
1204 2312 1376 2368 solum
1404 2328 1515 2382 pra:
1542 2313 1751 2366 ueteris
1774 2310 2124 2380 singulariter

538 2422 723 2460 amare
759 2406 1136 2460 convinCatur.
1168 2404 1303 2458 Acta
1341 2413 1469 2457 sunt
1502 2405 1568 2459 de
1598 2404 1681 2457 his
1718 2403 1971 2471 utrinque
2008 2401 2124 2470 plu-

538 2499 676 2550 rima
708 2496 758 2549 in
786 2496 930 2551 hunc
956 2496 1204 2561 modum;
1236 2495 1329 2549 sed
1354 2494 1466 2562 jam
1499 2509 1640 2547 nunc
1665 2493 1745 2547 eis
1775 2494 1934 2546 istum
1964 2492 2120 2561 poni-

538 2601 659 2640 mus
684 2585 896 2640 dicendi
930 2584 1171 2639 modum.
1204 2585 1343 2639 Vicit
1371 2584 1586 2638 tandem
1614 2582 1844 2653 diligens
1893 2580 2013 2653 [al.,
2042 2581 2123 2635 di-

535 2671 715 2744 cendi]
753 2673 1130 2743 importunitas
1164 2682 1220 2728 et
1244 2673 1551 2741 importuna
1576 2670 1852 2741 diligentia
1888 2670 2122 2724 fratrum

531 2759 718 2833 jugum
746 2764 960 2818 Domini
994 2766 1094 2818 sub
1141 2762 1258 2831 ejus
1292 2763 1553 2834 regimine
1602 2762 1743 2816 ferre
1789 2761 2120 2823 volentium;

536 2854 669 2906 vicit
712 2868 925 2921 quoque
974 2862 1029 2907 et
1077 2852 1247 2906 multo
1304 2853 1540 2907 maxime
1584 2851 1717 2905 vicit
1766 2859 2119 2921 prmceptum,

537 2941 701 3007 quod,
735 2951 790 2994 ut
820 2957 980 3011 supra
1007 2940 1312 3003 retulimus,
1339 2942 1387 2995 ei
1421 2940 1599 2994 fuerat
1622 2942 1690 2994 ab
1715 2940 2124 3008 archiepiscopo

468 3054 473 3057 ι
539 3028 786 3084 Maurilio
816 3046 911 3099 per
937 3030 1297 3085 obedientiam
1328 3027 1649 3097 iniunctum,
1684 3029 1952 3096 videlicet,
1990 3041 2048 3082 ut
2075 3030 2121 3083 si

2221 1876 2345 1922 sunt
2386 1866 2436 1939 (1
2462 1868 2583 1922 Cor.
2619 1883 2738 1931 χιιι,
2766 1868 2846 1937 4),
2887 1869 2939 1922 in
2969 1882 3033 1922 eo
3058 1868 3295 1937 vigebat,
3339 1885 3435 1939 per
3470 1885 3631 1939 quam
3681 1887 3807 1939 quae

2220 1954 2450 2013 videnda
2483 1967 2641 2013 erant
2670 1959 2895 2012 veritate
2924 1967 3261 2014 monstrante
3286 1960 3558 2029 extemplo
3598 1962 3812 2030 perspi-

2220 2050 2415 2106 ciebat.

2290 2138 2379 2193 58.
2421 2141 2593 2206 Quam
2621 2139 2747 2208 vigil
2775 2151 2953 2193 autem
2987 2148 3151 2210 atque
3177 2140 3438 2201 sollicitus
3469 2141 3633 2197 fuerit
3656 2142 3805 2197 circa

2221 2230 2491 2298 hospitum
2523 2231 2947 2297 susceptionem,
2974 2245 3270 2301 eorumque
3296 2233 3349 2287 in
3380 2235 3525 2287 omni
3554 2232 3813 2289 human?-

2223 2321 2349 2375 tatis
2401 2320 2891 2393 [al.,bumilitatis]
2937 2322 3113 2378 ofﬁcio
3159 2324 3581 2389 relevationem,
3629 2342 3695 2379 ex
3737 2340 3810 2380 eo

2220 2413 2485 2480 probatur
2521 2412 2665 2480 quod
2710 2412 2856 2466 illum
2891 2412 2979 2481 pio
3019 2412 3201 2466 studio
3230 2413 3282 2466 in
3312 2415 3414 2468 hoc
3440 2423 3495 2468 et
3524 2429 3587 2470 se
3625 2425 3678 2468 et
3705 2431 3807 2469 sua

2222 2504 2470 2557 novimus
2500 2505 2857 2573 expendisse;
2906 2518 2965 2557 se
3011 2501 3062 2555 in
3093 2502 3237 2556 omni
3286 2502 3574 2566 hilaritate,
3602 2517 3698 2559 sua
3747 2505 3805 2557 in

2220 2592 2367 2645 omni
2416 2591 2686 2661 largitate.
2724 2590 2875 2657 Quod
2917 2591 2961 2644 si
3008 2591 3294 2659 aliquando
3341 2592 3409 2645 ad
3457 2590 3806 2646 refectionem

2220 2697 2509 2751 corpormn
2553 2682 2732 2736 victus
2758 2682 2982 2735 omnino
3012 2697 3110 2747 pro
3144 2690 3270 2736 voto
3297 2695 3396 2735 suo
3426 2697 3532 2736 non
3579 2679 3815 2736 sufﬁcie-

2223 2770 2335 2835 bat,
2369 2769 2470 2824 hoc
2499 2769 2643 2838 quod
2675 2771 2862 2825 deerat
2910 2769 3028 2835 ejus
3063 2771 3201 2824 bona
3252 2770 3503 2824 voluntas
3550 2780 3604 2824 et
3632 2771 3812 2824 vultus

2224 2860 2479 2914 alacritas
2507 2860 2647 2929 apud
2676 2860 2917 2929 hospites
2939 2860 3172 2931 gratiose
3197 2860 3495 2929 supplebat.
3540 2859 3809 2931 Praeterea

2225 2966 2611 3019 nonnunquam
2639 2952 2794 3005 cibus
2825 2950 3052 3004 fratrum
3084 2966 3184 3005 suo
3218 2952 3370 3020 jussu
3417 2952 3484 3004 de
3519 2949 3814 3003 refectnrio

2225 3041 2484 3104 sublatus,
2523 3052 2573 3094 et
2608 3042 2910 3108 hospitibus
2941 3051 3026 3094 est
3071 3041 3265 3094 allatus
3307 3050 3469 3106 atque
3510 3044 3813 3107 appos't-ts.

538 3118 710 3187 major
737 3120 976 3190 prmlatio
1002 3136 1164 3190 quam
1201 3120 1344 3175 illius
1369 3122 1643 3191 prioratus
1679 3121 1983 3186 exstiterat,
2017 3120 2120 3190 ipsi

2228 3131 2411 3201 Neque
2446 3132 2588 3187 enim
2641 3141 2766 3184 tunc
2810 3131 2860 3183 in
2910 3139 3157 3198 promptu
3202 3129 3345 3182 aliud
3388 3138 3522 3183 erat.
3556 3130 3696 3197 quod
3728 3128 3813 3182 eis

538 3209 831 3280 aliquando
874 3212 1268 3282 injungeretur,
1317 3212 1625 3267 nullatenus
1674 3226 1793 3266 eam
1845 3211 2123 3281 suscipere

538 3311 838 3356 recusaret.
875 3300 1031 3368 Nam,
1068 3302 1208 3358 sicut
1252 3303 1366 3371 ipse
1410 3303 1730 3367 testabatur,
1759 3316 2035 3371 nunquam
2061 3315 2123 3357 se

537 3391 785 3447 abbatem
822 3393 938 3448 fleri
969 3395 1355 3462 consensisset,
1396 3394 1499 3448 nisi
1528 3409 1652 3449 eum
1690 3393 1793 3449 hoc
1817 3392 1959 3463 quod
1987 3393 2123 3448 dici.-

539 3499 659 3537 mus
687 3484 971 3553 imperium
1003 3487 1069 3541 ad
1096 3486 1198 3541 hoc
1228 3487 1664 3541 constrinxisset.
1694 3486 1810 3540 Tali
1853 3501 1983 3555 ergo
2007 3485 2123 3539 vio-

540 3572 702 3627 lentia
730 3582 813 3629 est
836 3575 1006 3629 abbas
1030 3574 1275 3643 effectus,
1301 3591 1366 3630 ac
1391 3576 1541 3631 Becci
1566 3576 1747 3631 debito
1771 3591 1892 3629 cum
1918 3576 2123 3629 bonore

538 3672 784 3717 sacratus
833 3663 967 3733 (2i).
1016 3664 1237 3730 Qualem
1279 3679 1410 3720 vero
1448 3679 1506 3718 se
1536 3665 1791 3732 deinceps
1828 3664 1879 3718 in
1911 3666 2124 3719 cunctis

539 3763 850 3809 Sanctarum
874 3757 1150 3811 exercitiis
1168 3757 1427 3811 virtutum
1450 3757 1777 3818 exhibuerit,
1800 3755 1921 3810 inde
1946 3754 2123 3822 colligi

537 3853 718 3912 potest
752 3845 898 3915 quod
937 3861 1213 3915 nunquam
1249 3845 1317 3901 de
1359 3855 1628 3902 retroacta
1672 3846 1979 3899 sanctitatis
2014 3860 2125 3899 stne

539 3935 952 3989 conversatione
1004 3950 1169 3990 causa
1223 3935 1455 3992 abbatia:
1505 3938 1707 4008 aliquid
1755 3941 1983 4006 minuit,
2030 3940 2126 3996 sed

537 4037 752 4093 semper
778 4024 844 4079 de
866 4024 1065 4079 virtute
1102 4025 1154 4079 in
1183 4024 1464 4093 virtutem,
1516 4038 1576 4083 ut
1600 4028 1768 4083 Deum
1814 4032 2038 4084 deorum
2073 4031 2124 4083 in

539 4110 669 4165 Sion
702 4121 1005 4166 mereretur
1026 4113 1231 4179 videre,
1262 4117 1630 4171 conscendere
1657 4118 1883 4171 studuit.

608 4201 698 4253 57.
738 4201 1009 4271 Delegatis
1060 4203 1241 4271 itaque
1289 4207 1606 4261 monasterii
1653 4209 1833 4262 causis
1876 4224 2020 4263 cura;
2065 4223 2130 4264 ac

540 4289 894 4344 sollicitudini
937 4289 1201 4359 fratrum,
1234 4294 1302 4347 de
1332 4309 1559 4362 quorum
1590 4296 1697 4349 vita
1727 4292 1782 4350 et
1811 4299 2128 4352 strenuitate

541 4392 726 4435 certus
765 4391 902 4447 erat,
945 4382 1060 4452 ipse
1095 4383 1186 4437 Dei
1234 4385 1696 4455 contemplationi,
1736 4390 2124 4444 monachorum

541 4470 856 4535 eruditioni,
895 4473 1272 4539 admonitioni,
1310 4477 1636 4532 correctioni
1670 4478 1875 4549 jugiter
1914 4481 2128 4535 insiste-

541 4559 655 4615 bat.
686 4560 913 4626 Qoando
944 4571 1125 4614 autem
1151 4562 1354 4631 aliquid
1387 4566 1564 4634 magni
1606 4566 1658 4620 in
1688 4569 1917 4637 negotiis
1939 4569 2127 4625 Eccle-

540 4651 635 4706 sia:
677 4661 794 4706 erat
824 4653 1092 4723 agendum
1132 4655 1278 4723 quod
1316 4656 1369 4709 in
1399 4654 1515 4725 ejus
1557 4657 1798 4713 absentia
1848 4676 1954 4715 non
1982 4665 2126 4718 testi-

543 4748 795 4802 mabatur
832 4758 1086 4818 oportere
1112 4748 1349 4815 definiri,
1383 4758 1510 4805 tunc
1547 4766 1645 4820 pro
1680 4761 1921 4823 tempore
1953 4764 2009 4809 et
2041 4771 2127 4809 ra-

540 4837 688 4892 tione
726 4839 999 4909 negotium
1035 4840 1179 4908 qnod
1220 4840 1554 4905 imminebat,
1587 4843 1858 4897 mediante
1892 4844 2121 4912 justitia,

540 4926 878 4995 disponebat.
900 4927 1277 4983 Abominabile
1303 4930 1498 5000 quippe
1520 4930 1814 5000 judicabat,
1843 4935 1885 4988 si
1910 4936 2126 5004 quidvis

540 5016 674 5071 lucri
708 5028 1096 5088 assequeretur
1120 5034 1187 5073 ex
1216 5035 1282 5074 eo
1308 5022 1450 5090 quod
1481 5022 1616 5076 alios
1651 5034 1835 5077 contra
1882 5028 2128 5081 modera-

542 5107 690 5160 mina
715 5109 854 5178 juris
880 5111 1071 5178 quavis
1100 5111 1303 5165 astutia
1329 5113 1556 5180 perdere
1586 5124 1784 5184 posset.
1840 5115 1990 5172 Unde
2035 5134 2128 5173 ne-

544 5196 745 5251 miuem
786 5200 839 5253 in
886 5201 1096 5269 placitis
1145 5202 1451 5272 patiebatur
1494 5218 1525 5258 a
1566 5206 1678 5259 suis
1711 5207 1888 5276 aliqua
1938 5209 2128 5262 fraude

543 5285 947 5356 circumveniri,
992 5295 1289 5349 observans
1338 5309 1407 5348 ne
1448 5295 1533 5349 cui
1582 5295 1783 5351 faceret
1832 5298 1977 5367 quod
2026 5296 2125 5351 sibi

2227 3231 2350 3291 apte
2383 3228 2567 3290 posset
2592 3221 2806 3290 apponi.
2842 3220 3028 3275 Victus
3058 3228 3237 3273 autem
3278 3218 3664 3272 monachorum
3708 3216 3807 3277 ita,

2226 3311 2337 3366 Deo
2365 3311 2711 3379 providente,
2742 3310 3174 3379 dispensabatur,
3211 3317 3268 3363 ut
3300 3308 3431 3361 nihil
3472 3322 3658 3363 eorum
3686 3322 3813 3376 qua:

2224 3405 2518 3458 necessitas
2547 3404 2832 3473 expetebat
2868 3403 2972 3458 illis
2995 3402 3226 3464 deesset,
3269 3402 3395 3456 licet
3423 3402 3717 3471 sa‘p's‘ima
3753 3400 3811 3455 ia

2224 3496 2327 3550 hoc
2362 3504 2568 3559 essent,
2598 3504 2655 3547 ut
2685 3495 2966 3550 timeretur
2992 3509 3063 3548 ne
3097 3494 3149 3547 in
3176 3494 3473 3548 crastinum
3509 3494 3588 3547 eis
3615 3508 3647 3548 e
3670 3504 3813 3548 :nctt

2225 3584 2493 3638 deessent.
2524 3583 2722 3652 Sicque
2753 3598 3133 3651 nonnunquam
3166 3583 3309 3637 inter
3335 3583 3539 3651 aliquid
3568 3592 3623 3635 et
3651 3582 3812 3645 quasi

2224 3673 2359 3727 nihil
2387 3673 2720 3737 ferebantur,
2747 3683 2805 3727 ut
2832 3673 3032 3743 aliquid
3068 3674 3149 3728 eis
3184 3689 3289 3727 non
3326 3672 3709 3743 superflueret;
3757 3680 3814 3725 rt

2225 3764 2368 3830 quod
2408 3773 2526 3816 erat
2558 3764 2713 3831 quasi
2756 3763 2891 3817 nihil
2929 3778 3023 3818 eos
3061 3778 3404 3832 nequaquam
3441 3778 3538 3832 per
3576 3762 3812 3830 inapiant

2227 3852 2498 3921 fatigaret.

2296 3942 2386 3997 59.
2411 3940 2562 4007 Quod
2589 3940 2802 4010 penitus
2830 3939 2934 3995 illis
2959 3940 3301 4012 contingebat
3324 3940 3619 3995 secundum
3644 3939 3756 3993 vcrl
3779 3952 3813 3991 εί

2228 4030 2308 4084 sui
2335 4029 2522 4097 patris,
2552 4029 2643 4098 qui
2672 4043 2735 4082 ea
2760 4028 3108 4098 praedicebat,
3140 4028 3263 4080 dum
3290 4028 3519 4081 ministri
3553 4025 3814 4081 Ecclesia:

2228 4121 2369 4188 apud
2418 4134 2539 4172 eum
2594 4118 2964 4187 querebantur
3015 4118 3081 4170 de
3125 4116 3411 4171 formidine
3476 4117 3812 4171 imminentis

2229 4211 2571 4264 necessitatis
2595 4227 2607 4261 :
2635 4207 2946 4278 frequenter
2976 4222 3211 4277 namque
3245 4221 3276 4261 a
3303 4206 3616 4269 cellar-ariis,
3655 4223 3682 4258 a
3716 4220 3813 4258 ca-

2231 4300 2500 4362 tncrariis,
2552 4316 2580 4351 a
2628 4299 2938 4352 secretariis
2984 4297 3162 4351 aditus
3209 4306 3311 4359 est,
3350 4306 3402 4349 et
3433 4296 3559 4364 quid
3602 4309 3667 4348 co
3705 4293 3813 4348 si;ii

2228 4397 2416 4442 contra
2450 4388 2729 4458 penuriam
2757 4402 2877 4455 quae
2902 4385 3159 4456 cujusque
3192 4386 3554 4441 obedientiam
3588 4398 3816 4453 pessun-

2230 4475 2391 4531 dabat
2438 4477 2592 4531 daret
2635 4477 2945 4546 inquisitos.
2999 4475 3206 4543 Quibus
3253 4490 3375 4529 cum
3426 4474 3808 4543 responderet;

2229 4566 2456 4636 Sperate
2504 4566 2557 4620 in
2585 4564 2832 4630 Domino,
2872 4575 2925 4620 et
2956 4580 3115 4635 spero
3165 4564 3296 4634 quia
3345 4563 3460 4631 ipse
3510 4561 3813 4615 necessaria

2226 4657 2381 4712 vobis
2401 4672 2627 4726 quaeque
2662 4655 3013 4718 ministrabit;
3063 4652 3293 4707 mirabili
3326 4651 3484 4704 modo
3514 4665 3615 4702 non
3643 4661 3805 4702 secus

2226 4750 2509 4803 eveniebat
2537 4749 2587 4801 in
2613 4762 2694 4809 re,
2717 4762 2875 4815 quam
2905 4746 3020 4815 ipse
3050 4744 3263 4798 dicebat
3290 4756 3347 4796 se
3376 4742 3576 4795 habere
3608 4738 3660 4791 in
3691 4751 3812 4806 spe.

2231 4841 2453 4894 Videres
2497 4841 2642 4894 enim
2686 4850 2801 4908 post
2847 4838 2958 4891 lucc
3005 4832 3165 4889 verba
3210 4833 3391 4888 statim
3443 4831 3556 4900 ipsa
3607 4829 3694 4882 die
3726 4827 3814 4880 Vel

2231 4940 2382 4984 certe
2417 4929 2663 4999 sequenti
2711 4942 2890 4989 mane,
2933 4926 3046 4979 sive
3088 4924 3228 4994 quod
3279 4920 3387 4974 falli
3440 4934 3543 4972 non
3573 4924 3814 4987 poterat,

2230 5022 2547 5091 priusquam
2576 5018 2801 5087 penuria
2842 5017 3023 5085 aliquo
3053 5014 3216 5068 ullum
3249 5011 3528 5080 aliligcret,
3558 5016 3614 5061 ut
3646 5020 3814 5060 naves

2227 5112 2294 5165 de
2313 5111 2501 5180 Anglia
2526 5118 2777 5163 oneratas
2803 5108 2947 5161 onmi
2978 5105 3128 5174 copia
3159 5104 3211 5158 in
3240 5118 3393 5156 usunt
3420 5100 3635 5155 illorum
3653 5096 3813 5164 juxta

2231 5202 2443 5269 appelli,
2476 5209 2567 5253 aut
2598 5199 2887 5267 quemlibet
2926 5198 2989 5251 de
3018 5195 3273 5250 divitibus
3304 5203 3459 5246 terra:
3491 5187 3811 5243 fraternita-

2231 5302 2337 5344 tem
2380 5290 2631 5345 Ecclesizc
2668 5299 2995 5358 quaerentem
3042 5302 3165 5340 cum
3214 5298 3406 5353 magna
3450 5279 3675 5350 pecunia
3716 5277 3817 5331 ad-

1841 5427 2256 5483 HENSCHENH
2292 5426 2522 5482 NOTJE.

547 5536 1064 5663 Au(iptibefunctus
1092 5550 1174 5596 est
1220 5541 1277 5595 Β.
1330 5541 1621 5598 llerluinus
1666 5557 1811 5597 anno
1858 5543 2018 5608 1078,
2054 5542 2125 5596 26

707 5624 731 5662 s
785 5647 799 5661 .

596 5617 1026 5751 u(g‘SHSaeratus
1068 5690 1151 5737 est
1183 5683 1470 5738 Auselmus
1508 5684 1558 5739 in
1597 5682 1733 5737 festo
1874 5681 2016 5738 Petri
2061 5682 2128 5735 ad

2235 5543 2547 5665 pallioliram
2578 5557 2720 5598 anno
2744 5540 2894 5605 l079,
2928 5540 2996 5596 ab
3013 5535 3326 5596 Ebroicensi
3354 5535 3607 5605 episeopo
3635 5530 3819 5588 Gisle-

2258 5622 2410 5665 lCl‘lO.

2258 5622 2410 5667 lCI‘lO.
