4068 6286
240 304 311 360 73
1235 294 2139 367 ῊΊ¹Λ“ΑυΟΤΟΚΕῶΑΒΧΕὶὶΟ.
2183 328 2247 337 —~—
2275 297 2402 353 LIB.
2445 298 2487 353 Ι.
3415 306 3486 360 74,

239 428 498 481 \mtare;
528 426 620 471 aut
645 416 876 485 aliquem
905 413 1210 483 relinquere
1235 415 1492 468 mundum
1523 414 1810 476 volentem,
1844 419 1891 474 Α
1920 410 2092 479 magis
2141 410 2296 465 nobis
2343 426 2465 467 esse
2509 412 2872 483 gaudendum,
2927 416 2972 471 si
3019 415 3152 472 alios
3199 416 3489 489 diligimus,

240 522 302 562 se
322 518 377 560 et
396 524 490 560 sua
517 508 567 560 in
592 507 973 570 monasterium
995 504 1215 567 oﬂ'ert'e;
1242 511 1334 555 aut
1354 502 1582 570 denique
1605 500 1818 555 aliunde

242 596 444 665 aliquid
474 595 770 666 apportari,
796 597 937 649 unde
963 610 1060 663 per
1084 594 1344 663 plurimos
1367 592 1483 645 dies
1511 591 1814 646 necessaria

242 704 468 761 quicque
497 697 745 757 poterant
777 685 1092 741 ministrari.

312 779 401 833 LO.
456 777 702 834 Habebat
749 788 1009 847 prmterea
1064 776 1239 847 ipsum
1285 775 1591 831 coenobium
1638 774 1818 842 plures

241 866 617 939 possessiones
651 868 704 922 in
735 866 950 937 Anglia,
982 881 1118 935 quas
1164 880 1258 934 pro
1289 863 1558 918 communi
1590 863 1817 916 fratrum

243 959 478 1012 utilitate
528 972 750 1012 necesse
779 966 890 1011 erat
928 971 1023 1027 per
1052 955 1259 1010 abbatis
1296 954 1636 1024 praesentiam
1680 969 1816 1006 non-

242 1064 517 1117 nunquam
542 1048 771 1102 visitari.
800 1047 919 1116 Ipso
944 1048 1122 1114 itaque
1146 1061 1257 1099 sure
1280 1045 1633 1099 ordinationis
1654 1058 1813 1108 anno,

237 1136 529 1193 Anselmus
569 1138 622 1192 in
665 1137 908 1208 Angliam
946 1137 1218 1201 profectus
1244 1146 1350 1192 cst.
1392 1137 1473 1190 Ad
1503 1134 1665 1205 quod,
1698 1134 1822 1188 licet

239 1228 378 1296 haec,
410 1244 572 1298 quam
605 1230 736 1294 disi,
774 1230 907 1283 satis
940 1229 1093 1282 firma
1144 1243 1306 1283 causa
1352 1227 1661 1291 exstiteret;
1716 1226 1819 1279 alia

242 1328 422 1373 tamen
455 1328 572 1374 erat
611 1336 717 1374 non
756 1318 1020 1374 infirmior
1051 1318 1176 1383 ista,
1207 1317 1457 1372 videlicet
1486 1324 1544 1371 ut
1574 1331 1824 1372 reveren-

238 1410 368 1464 dum
395 1410 783 1474 Lanfrancum,
824 1410 980 1478 cujus
1016 1424 1179 1479 supra
1216 1409 1584 1474 meminimus,
1616 1408 1824 1462 videret

236 1511 295 1553 et
319 1516 447 1555 cum
471 1517 536 1557 eo
561 1502 628 1557 de
667 1501 750 1556 his
776 1516 894 1571 qua:
921 1503 1083 1557 corde
1129 1502 1349 1570 gerebat
1376 1499 1628 1554 familiari
1657 1499 1820 1553 aifatu

240 1601 447 1659 ageret.
493 1591 610 1660 lpsc
646 1591 913 1661 siquidem
941 1592 1261 1647 venerabilis
1290 1592 1371 1644 vir
1390 1590 1503 1661 jam
1535 1591 1599 1645 de
1628 1591 1822 1646 abbate

238 1680 563 1736 Cadentcnsi
606 1680 781 1737 factus
828 1681 1005 1737 fuerat
1040 1681 1152 1752 (23)
1198 1680 1637 1750 archiepiscopus
1683 1678 1822 1735 Can-

1920 516 2080 570 quam
2124 502 2169 556 si
2206 502 2480 572 diligimur
2515 504 2583 559 ab
2623 504 2765 560 aliis.
2802 504 2953 573 Quod
2991 507 3117 577 quia
3155 523 3260 562 non
3304 525 3494 567 omnes

1920 590 2164 655 faciunt,
2209 592 2363 646 multi
2409 595 2586 662 potius
2625 597 2691 650 ab
2725 596 2846 652 aliis
2891 598 3061 651 amari
3105 613 3267 667 quam
3308 615 3494 658 amare

1921 679 2056 735 alios
2083 681 2323 749 cupiunt.
2348 701 2366 734 ι
2408 681 2530 737 Hmc
2554 691 2608 738 et
2634 683 2939 753 hujusmedi
2972 687 3137 741 multa
3154 688 3361 743 locutus
3386 702 3491 755 est,

1919 780 1973 826 et
1997 783 2213 841 accepta
2246 771 2582 829 fraternitate
2610 779 3017 842 monachorum,
3045 778 3218 836 factus
3245 790 3327 836 est
3352 784 3497 838 inter

1920 881 2015 921 eos
2048 883 2188 923 unus
2217 884 2284 923 ex
2319 870 2418 924 eis.
2473 870 2682 940 Degens
2712 886 2810 939 per
2838 872 2954 926 dies
2988 874 3193 944 aliquot
3236 875 3377 931 inter
3400 891 3495 931 eos

1919 969 1977 1014 et
2007 959 2270 1026 quotidie,
2318 968 2412 1014 aut
2458 962 2511 1015 in
2553 960 2810 1031 capitulo,
2854 973 2949 1016 aut
2989 964 3040 1016 in
3084 964 3320 1019 claustro
3358 967 3495 1021 mira

1920 1048 2164 1116 quaedam
2192 1056 2245 1103 et
2272 1049 2376 1105 illis
2402 1050 2579 1105 adhuc
2610 1049 2938 1119 temporibus
2968 1051 3182 1107 insolita
3211 1054 3278 1107 de
3305 1054 3412 1108 vita
3440 1064 3498 1109 et

1921 1137 2165 1191 moribus
2207 1139 2592 1193 monachorum
2641 1140 2823 1194 ceram
2853 1139 2933 1194 cis
2958 1141 3265 1196 rationabili
3310 1142 3498 1198 factm-

1921 1226 2009 1281 dia
2036 1227 2328 1282 disserens.
2366 1228 2625 1282 Privatim
2669 1244 2886 1299 quoque
2925 1230 3047 1286 aliis
3088 1231 3239 1285 horis
3283 1234 3496 1302 agebat,

1922 1332 2043 1371 cum
2082 1318 2168 1372 his
2200 1319 2289 1387 qui
2326 1319 2692 1388 prefundioris
2738 1321 2941 1390 ingenii
2984 1330 3163 1387 erant,
3203 1319 3499 1391 profundas

1922 1406 2001 1462 eis
2029 1408 2096 1463 de
2125 1407 2322 1463 divinis
2349 1425 2450 1465 nec
2477 1424 2583 1465 non
2621 1411 2972 1466 saecularibus
2995 1412 3149 1467 libris
3174 1415 3500 1483 quaestiones

1921 1510 2245 1566 proponens,
2295 1500 2707 1570 propositasqne
2755 1515 3051 1572 exponens.
3099 1502 3219 1569 Quo
3259 1513 3502 1573 tempore

1922 1595 1977 1641 et
2006 1600 2105 1657 ego
2136 1587 2202 1641 ad
2238 1588 2545 1645 sanctitatis
2571 1588 2687 1658 ejus
2715 1591 2958 1647 notitiam
2992 1593 3273 1662 pervenire
3302 1594 3498 1659 merui,

1923 1692 1987 1733 ac
2016 1694 2115 1749 pro
2142 1674 2360 1735 medulo
2386 1681 2669 1751 parvitatis
2698 1698 2832 1738 mea:
2859 1684 3017 1739 beata
3048 1684 3191 1740 illius
3218 1685 3502 1741 familiari-

242 1770 824 1834 tnariensis,omnibus
840 1772 993 1827 valde
1019 1771 1351 1827 honorabilis
1373 1780 1429 1827 et
1451 1770 1664 1826 sublimi
1694 1786 1816 1841 pro-
1855 1771 1897 1832 Β
1927 1775 2037 1822 tate
2072 1776 2258 1838 utpote
2299 1770 2634 1837 adolescens,
2669 1772 2762 1840 qui
2811 1780 2937 1829 tunc
2976 1788 3146 1842 eram,
3174 1790 3279 1830 non
3310 1789 3501 1846 parum

238 1856 411 1913 bitate
439 1860 781 1932 conspicuus.

315 1947 400 2002 4|.
439 1948 572 2004 Cum
625 1950 787 2021 igitur
811 1951 1099 2008 Anselmus
1143 1952 1374 2009 transito
1421 1952 1557 2007 mari
1586 1952 1824 2008 Cantua-

236 2036 380 2091 riam
412 2040 636 2104 veniret,
685 2055 783 2108 pro
827 2056 923 2095 sua
966 2041 1266 2096 reverentia
1319 2048 1373 2095 et
1411 2042 1662 2096 omnibus
1698 2053 1822 2095 nota

233 2128 550 2197 sanctitate,
566 2130 861 2187 honorifice
883 2146 910 2185 a
933 2141 1194 2188 conventu
1211 2132 1463 2188 Ecclesiae
1487 2133 1597 2203 (24)
1620 2132 1821 2187 Chris:i

235 2220 293 2272 in
332 2220 446 2289 ipsa
473 2221 693 2276 civitate
725 2221 845 2276 sitae
881 2234 1163 2292 susceptus
1191 2232 1296 2278 est.
1346 2224 1450 2278 Pro
1484 2240 1590 2295 quo
1620 2226 1823 2279 honore

236 2310 432 2366 nolens
465 2314 709 2381 ingratus
738 2313 996 2377 existere,
1036 2314 1377 2383 postmodum
1404 2315 1505 2384 ipsi
1534 2316 1826 2370 monacho-

235 2417 359 2456 rum
395 2403 685 2457 conventui
724 2417 755 2456 a
786 2403 1084 2474 gratiarum
1132 2404 1346 2459 actione
1390 2404 1670 2471 inchoans,
1704 2421 1827 2475 pte-

234 2493 466 2547 cedentc
501 2491 554 2544 in
584 2492 689 2546 hec
718 2493 1006 2547 verborum
1044 2493 1184 2548 serie
1210 2492 1277 2548 de
1310 2492 1576 2548 charitate
1618 2494 1827 2549 loeutus

232 2596 346 2646 est,
383 2582 771 2636 rationabiliter
792 2583 1080 2637 ostendens
1099 2598 1221 2637 cum
1245 2583 1332 2652 qui
1358 2583 1677 2639 charitatem
1697 2600 1824 2654 erga

235 2677 472 2729 alterum
521 2673 616 2746 [αι.
664 2676 813 2729 omit.
844 2689 896 2729 e.
930 2672 1007 2746 a.]
1051 2675 1230 2741 habet,
1283 2674 1457 2743 tnajus
1497 2675 1698 2744 aliquid
1732 2678 1827 2730 ha-

233 2768 397 2831 bere,
426 2780 585 2836 quam
617 2766 765 2822 illum
806 2766 875 2822 ad
920 2782 1082 2840 quem
1124 2767 1365 2823 eharitas
1409 2768 1525 2837 ipsa
1561 2768 1820 2824 habetur:

238 2877 263 2910 ι
291 2858 411 2928 ipse
436 2858 579 2914 enim
607 2861 749 2917 inter
777 2859 906 2926 alia,
936 2859 1133 2930 inquit,
1157 2859 1248 2929 qui
1290 2858 1608 2914 charitatem
1637 2859 1820 2927 habet,

236 2951 355 3007 hoc
398 2950 537 3006 unde
576 2950 721 3007 Deus
747 2953 797 3007 ei
836 2953 942 3007 scit
979 2950 1183 3021 gratias
1234 2950 1432 3016 habet;
1466 2950 1557 3005 ille
1600 2965 1730 3006 vero
1757 2952 1827 3007 ad

236 3057 410 3113 quem
452 3044 823 3098 tantummodo
866 3043 1118 3108 habetur,
1158 3043 1400 3098 minime.
1448 3043 1595 3110 Quas
1624 3046 1824 3100 etenim

1923 1858 2033 1927 peti
2044 1858 2108 1913 ri.

1989 1968 2081 2023 42.
2122 1968 2268 2025 lnter
2301 1972 2657 2027 reverendam
2699 1980 2877 2027 autem
2904 1974 3211 2044 pontificem
3240 1973 3503 2029 Lanfran-

1922 2074 2068 2125 cum,
2092 2069 2145 2113 et
2172 2061 2316 2114 hunc
2343 2061 2593 2117 abbatem
2617 2062 2932 2117 Anselmum
2961 2063 3089 2132 quid
3112 2063 3164 2116 in
3188 2063 3293 2118 illis
3315 2063 3503 2119 diebus

1924 2156 2104 2202 actum
2138 2147 2412 2204 dictumve
2447 2149 2537 2215 sit,
2569 2149 2788 2219 planum
2824 2159 2909 2205 est
2948 2149 3250 2218 intelligere
3296 2150 3381 2205 his
3408 2152 3502 2220 qui

1922 2237 2087 2291 vitam
2114 2245 2169 2292 et
2192 2254 2372 2294 mores
2400 2249 2664 2295 noverunt
2700 2250 3072 2312 utrorumque.
3105 2241 3205 2309 Qui
3235 2257 3364 2298 vero
3393 2258 3501 2297 non

1923 2338 2208 2393 noverunt,
2241 2346 2306 2385 ex
2334 2346 2399 2386 eo
2429 2331 2729 2403 intelligant
2753 2333 2919 2403 quod,
2952 2332 3004 2386 in
3031 2342 3284 2403 quantum
3314 2343 3502 2388 nostra
3557 2387 3565 2390 .

1925 2425 1980 2472 et
2007 2417 2296 2472 tnultorum
2324 2418 2428 2473 fert
2458 2422 2661 2490 opinio,
2692 2436 2796 2475 non
2824 2430 2943 2476 erat
2972 2421 3062 2476 ille
3094 2432 3334 2492 tempere
3360 2423 3502 2478 ullus

1926 2508 2018 2576 qui
2051 2516 2143 2561 aut
2169 2506 2478 2564 Lanfrance
2507 2510 2562 2562 in
2591 2511 2916 2564 auctoritate
2945 2509 3030 2565 vel
3061 2511 3341 2580 multiplici
3380 2511 3501 2583 [al.,

1930 2594 2153 2667 triplici]
2203 2611 2383 2650 rerum
2436 2597 2685 2661 scientia,
2730 2607 2822 2651 aut
2850 2597 3105 2653 Anselmo
3138 2609 3419 2667 prmstaret
3448 2601 3503 2655 in

1926 2684 2218 2740 sanctitate
2244 2685 2327 2739 vel
2354 2685 2447 2742 Dei
2476 2685 2764 2756 sapientia.
2798 2687 2928 2741 Erat
2954 2696 3214 2757 praeterea
3244 2688 3506 2742 Lanl‘ran-

1926 2789 2025 2830 cus
2054 2774 2230 2829 adhuc
2256 2775 2412 2844 quasi
2449 2776 2598 2831 rudis
2625 2776 2850 2847 Anglus,
2882 2777 3217 2848 necdumque
3251 2779 3506 2834 sederant

1925 2866 2111 2920 animo
2151 2862 2270 2934 ejus
2316 2864 2560 2935 quasdam
2607 2866 2996 2933 institutiones,
3047 2884 3185 2939 quas
3224 2878 3504 2940 repererat

1928 2954 1983 3009 in
2009 2952 2224 3025 Anglia.
2283 2953 2627 3025 Quapropter
2673 2970 2794 3012 cum
2824 2956 3008 3027 plures
3051 2959 3119 3014 de
3161 2958 3268 3015 illis
3308 2974 3505 3031 magna

1928 3044 2101 3100 fretus
2129 3043 2362 3108 ratione,
2395 3053 2505 3101 tum
2526 3047 2785 3117 quasdam
2808 3046 2904 3120 [αι.
2931 3050 3076 3104 omit.
3104 3058 3144 3105 t.
3168 3049 3249 3123 q.]
3274 3051 3505 3104 mutavit

235 3136 453 3208 gratias
489 3136 620 3190 mihi
659 3136 822 3191 debet
848 3136 1009 3201 Deus,
1038 3136 1086 3190 si
1118 3145 1170 3188 tn
1205 3151 1291 3190 me
1320 3136 1404 3191 vel
1438 3136 1662 3207 quilibet
1688 3120 1894 3192 alius‘c
1925 3135 2042 3191 sola
2093 3136 2434 3191 auctoritatis
2503 3152 2614 3193 suae
2671 3126 3079 3198 deliberatione.
3144 3120 3331 3213 Itaque
3376 3144 3505 3195 dum

238 3223 456 3294 diligit?
480 3224 633 3291 Quod
656 3224 705 3280 si
734 3223 906 3294 majus
931 3234 1014 3280 est
1038 3224 1239 3279 habere
1265 3225 1368 3281 hoc
1394 3227 1536 3282 unde
1558 3227 1697 3282 Deus
1721 3227 1825 3283 scit

237 3313 455 3368 homini
498 3321 703 3385 grates,
744 3330 908 3385 quam
957 3315 1061 3370 hoc
1103 3317 1248 3370 unde
1299 3316 1505 3383 nullas;
1552 3331 1675 3371 cum
1724 3332 1824 3387 pro

239 3407 436 3463 habita
483 3407 749 3463 charitate
794 3409 997 3479 gratias
1050 3407 1206 3474 sciat,
1259 3418 1370 3477 pro
1414 3418 1661 3479 suscepta
1715 3425 1821 3464 non

239 3500 423 3566 adeo;
462 3500 735 3573 colligitur
759 3519 883 3558 eum
910 3502 999 3573 qui
1030 3502 1350 3576 charitatem
1385 3518 1513 3572 erga
1542 3504 1702 3558 alium
1730 3504 1827 3557 ha-

241 3594 364 3657 bet,
394 3592 563 3661 majus
586 3595 714 3664 quid
740 3594 941 3650 habere
963 3610 1125 3664 quam
1154 3601 1326 3671 ipsum
1354 3596 1446 3664 qui
1476 3595 1822 3663 impenditur.

242 3684 535 3753 Amplius:
570 3684 621 3738 Is
645 3686 732 3740 cui
764 3685 980 3741 dilectio
1012 3687 1236 3742 alterius
1266 3688 1454 3751 servit,
1489 3687 1655 3741 solius
1681 3701 1829 3741 coma

245 3777 401 3831 modi
433 3792 628 3832 munus
659 3777 1025 3847 perfunctorie
1054 3781 1307 3851 suscipit;
1337 3780 1485 3834 verbi
1514 3780 1705 3851 gratia,
1734 3780 1831 3833 he-

247 3882 447 3923 norem
486 3884 669 3935 unum,
711 3869 1033 3925 beneficium
1081 3887 1269 3936 unum,
1311 3871 1597 3940 prandium
1638 3886 1825 3937 ultum,

245 3959 341 4013 vel
373 3959 651 4028 quodlibet
691 3957 851 4014 eilicii
893 3975 1062 4030 genus
1102 3963 1156 4014 in
1200 3962 1345 4016 hunc
1394 3960 1632 4015 modum.
1679 3959 1831 4014 Alius

246 4063 391 4104 vero
418 4051 738 4105 charitatem
768 4065 890 4121 qute
919 4052 1184 4106 commodi
1210 4065 1405 4106 munus
1432 4051 1694 4113 exhibuit,
1729 4048 1829 4103 sibi

248 4142 502 4198 retinuit.
532 4142 686 4209 Quod
715 4143 764 4196 in
788 4142 941 4198 vobis
965 4151 1019 4197 et
1043 4143 1098 4196 in
1126 4157 1231 4209 me,
1257 4142 1585 4197 sanctissimi
1612 4139 1828 4205 fratres,

248 4233 395 4289 libet
429 4233 482 4287 in
510 4234 761 4304 prmsenti
793 4232 1158 4289 considerare.
1190 4232 1330 4287 Ecce
1360 4247 1524 4286 unum
1552 4230 1833 4285 charitatis

248 4323 492 4378 alliciam
515 4324 645 4378 mihi
674 4323 1026 4394 impendistis.
1053 4322 1417 4392 lmpendistis,
1447 4322 1683 4391 inquam,
1703 4321 1835 4375 mihi

248 4415 543 4470 charitatis
566 4414 799 4470 cilicium
823 4432 1007 4482 unum,
1034 4426 1090 4472 et
1116 4432 1145 4469 a
1172 4430 1257 4469 me
1273 4414 1385 4484 jam
1411 4414 1581 4484 ipsum
1597 4412 1832 4467 ollicinm

252 4505 507 4574 transiit;
535 4509 774 4563 eharitas
797 4523 923 4565 vero
951 4509 1085 4577 ipsa.
1113 4521 1232 4576 qua:
1255 4506 1363 4562 Dee
1383 4514 1466 4559 est
1487 4513 1660 4575 grata,
1682 4503 1841 4559 vobis

250 4603 544 4659 remansit.
574 4604 761 4660 Nonne
789 4605 981 4660 melius
1003 4603 1259 4672 judicatis
1283 4603 1480 4656 bonum
1510 4614 1836 4669 permanens

248 4696 408 4750 bene
440 4695 791 4749 transeunte?
817 4694 1019 4749 Adlth
1048 4694 1092 4747 si
1121 4707 1186 4746 ex
1220 4692 1338 4762 ipse
1362 4689 1538 4745 eﬂicio
1568 4690 1710 4745 circa
1741 4702 1836 4743 vos

250 4788 465 4857 aliquid
514 4787 799 4843 charitatis
831 4788 886 4841 in
920 4801 1007 4841 me
1032 4785 1220 4850 crevit,
1252 4793 1305 4839 ct
1346 4785 1454 4839 hoc
1479 4784 1654 4853 ipsum
1683 4783 1837 4837 vobis

248 4880 329 4932 ad
380 4878 655 4932 cumulum
703 4876 1073 4935 retributionis
1117 4877 1254 4941 erit,
1304 4875 1393 4944 qui
1444 4873 1650 4928 fecistis
1694 4875 1835 4927 unde

250 4970 401 5027 mihi
447 4978 651 5023 tantum
682 4971 879 5024 bonum
923 4969 1187 5039 provenit.
1239 4966 1297 5021 Si
1330 4983 1433 5022 non
1472 4967 1621 5020 vobis
1657 4973 1833 5018 tamen

250 5063 390 5138 [al.,
422 5061 647 5134 tantum]
672 5062 906 5116 eharitas
928 5070 1107 5117 vestra
1131 5058 1406 5123 remansit,
1438 5073 1467 5111 a
1495 5074 1579 5112 me
1606 5057 1837 5111 eﬂicinm

246 5158 414 5227 qttod
434 5156 754 5210 exhibuistis
776 5154 989 5224 penitus
1015 5151 1248 5206 transiit.
1276 5150 1400 5205 “th
1426 5150 1591 5220 igitur
1616 5151 1658 5204 si
1692 5159 1839 5204 recta

242 5250 701 5309 consideratione
745 5247 1108 5313 attendimus,
1165 5243 1406 5315 profecto
1454 5242 1841 5313 perspiciemus

1924 3224 2139 3280 illarttm
2163 3227 2446 3281 mutationi
2472 3226 2791 3294 intenderet,
2821 3239 2875 3283 et
2898 3230 3212 3286 Anselmum
3245 3231 3366 3303 [al.,
3391 3233 3508 3286 An-

1925 3316 2148 3390 selmus]
2175 3319 2484 3373 unanimem
2512 3318 2718 3373 scilicet
2742 3320 2973 3374 amicum
3003 3329 3054 3375 et
3076 3321 3298 3376 fratrem
3321 3340 3507 3382 secum

1926 3409 2174 3475 haberet,
2219 3410 2450 3480 quadam
2491 3414 2579 3468 die
2619 3410 2943 3466 familiarius
2979 3425 3103 3465 cum
3146 3427 3212 3467 ee
3256 3413 3504 3484 loquens,

1927 3500 2135 3555 dixit'ei
2164 3518 2177 3554 :
2208 3520 2225 3553 ‹
2250 3501 2405 3573 Angli
2437 3501 2544 3565 isti,
2575 3501 3509 3572 interquesdcgimus,instituerunt

1928 3587 2030 3644 sibi
2059 3591 2322 3659 quosdam
2356 3606 2491 3660 quos
2520 3591 2759 3646 colerent
2786 3600 3025 3646 sanctos.
3054 3590 3130 3646 De
3158 3593 3353 3660 quibus
3382 3608 3504 3648 cum

1928 3681 2215 3753 aliquando
2239 3683 2328 3751 qui
2359 3681 2582 3748 fuerint,
2612 3682 2905 3738 secundum
2938 3684 3080 3752 quod
3118 3683 3333 3753 ipsimet
3365 3684 3506 3739 refe-

1930 3782 2075 3838 runt,
2112 3785 2294 3828 mente
2333 3774 2582 3839 revolvo;
2625 3776 2690 3831 de
2733 3774 3038 3829 sanctitatis
3077 3791 3263 3830 eorum
3315 3780 3507 3832 merito

1929 3867 2171 3920 animum
2200 3883 2230 3922 a
2258 3867 2530 3921 dubietate
2558 3867 2773 3922 flectere
2807 3882 3035 3937 nequeo.

1999 3954 2092 4009 45.
2139 3975 2159 4008 ι
2182 3956 2249 4010 Et
2273 3972 2400 4011 ecce
2429 3973 2565 4010 ttnns
2585 3957 2796 4011 illorum
2825 3965 2908 4010 est
2929 3957 2981 4009 in
3010 3964 3217 4020 sancta,
3247 3956 3331 4008 cui
3359 3972 3504 4010 nunc

1933 4046 2058 4119 [al.,
2085 4059 2232 4117 nec],
2262 4047 2368 4100 Dee
2391 4056 2632 4113 auctore,
2674 4046 3023 4116 praesidemus
3052 4045 3179 4100 sede
3200 4047 3505 4114 quiescens,

1936 4139 2156 4207 Elfegus
2183 4137 2292 4206 (‘25)
2322 4138 2558 4202 nomine,
2588 4137 2672 4191 vir
2696 4137 2869 4191 bonus
2893 4136 3130 4206 quidem,
3161 4143 3217 4190 et
3244 4149 3342 4191 suo
3372 4144 3509 4189 ten;-

1935 4244 2067 4301 pore
2126 4225 2314 4298 gradui
2374 4226 2868 4296 archiepiscopatus
2923 4224 3221 4295 praesidens
3286 4225 3509 4280 ibidem.

1938 4323 2092 4378 Hunc
2122 4338 2227 4377 non
2260 4320 2419 4376 modo
2450 4319 2591 4372 inter
2626 4326 2864 4381 sanctos,
2893 4332 3081 4371 verum
3112 4325 3166 4371 et
3195 4317 3334 4371 inter
3361 4332 3507 4370 nar-

1939 4427 2086 4488 tyres
2119 4419 2437 4476 numerant;
2473 4408 2595 4463 licet
2624 4424 2746 4465 eum
2778 4424 2884 4463 non
2920 4422 3017 4478 pro
3047 4405 3385 4463 confessione
3411 4423 3510 4463 nc-

1939 4506 2100 4561 minis
2143 4503 2363 4566 Christi,
2415 4501 2508 4558 sed
2554 4501 2679 4571 quia
2727 4514 2784 4556 se
2812 4499 3038 4571 pecunia
3085 4498 3354 4557 redimere
3400 4515 3509 4557 non

1938 4598 2129 4662 voluit,
2178 4576 2418 4651 occisum
2468 4610 2572 4648 non
2624 4600 2838 4664 negent.
2889 4590 3025 4646 Nam
3066 4606 3191 4647 cum
3233 4590 3402 4657 illam,
3447 4599 3511 4646 ttt

1938 4689 2120 4741 verbis
2160 4696 2283 4741 utar
2323 4685 2649 4756 Anglorum,
2696 4682 2873 4738 remuli
2923 4681 3041 4752 ejus
3084 4690 3139 4737 et
3182 4682 3383 4737 inimici
3414 4681 3509 4738 Dei

1940 4778 2132 4849 pagani
2170 4777 2466 4848 cepissent;
2509 4785 2563 4830 et
2598 4784 2777 4829 tamen
2816 4787 2914 4843 pro
2950 4774 3252 4828 reverentia
3288 4772 3430 4826 illius
3457 4772 3509 4826 ei

1940 4878 2258 4942 potestatem
2297 4883 2354 4922 se
2397 4866 2690 4921 redimendi
2740 4866 3151 4932 concessissent,
3193 4865 3509 4918 immensam

1943 4979 2039 5036 pro
2074 4963 2175 5017 hec
2207 4960 2273 5015 ab
2307 4976 2370 5015 ee
2399 4959 2679 5032 pecuniam
2721 4957 3120 5027 expetiverunt.
3169 4955 3339 5019 Quam
3380 4953 3507 5023 quia

1944 5054 2091 5111 nullo
2119 5063 2277 5125 pacto
2306 5060 2513 5121 poterat
2532 5051 2749 5113 habere,
2773 5049 2873 5103 nisi
2900 5048 3144 5101 homines
3170 5060 3295 5098 suos
3322 5058 3511 5099 eo:um

1944 5149 2166 5218 pecunia
2206 5145 2458 5215 spoliaret
2484 5152 2536 5196 cl
2566 5140 2848 5195 nonnullos
2878 5137 3098 5191 forsitan
3141 5135 3323 5189 invisa:
3354 5150 3507 5189 men-

1945 5239 2148 5295 dicitati
2178 5236 2512 5306 subjugaret;
2548 5232 2707 5302 elegit
2735 5231 2897 5284 vitam
2924 5227 3168 5297 perdere,
3202 5241 3360 5296 qnam
3392 5242 3511 5283 eam

1557 5354 1964 5412 HENSCllENil
1999 5354 2223 5411 NOTAE.

332 5479 653 5551 (23)Anne
684 5476 837 5551 1070Γ
1010 5545 1022 5551 _
1097 5544 1108 5551 _
1179 5541 1210 5551 __
1432 5538 1463 5551 η
1557 5537 1570 5551 ι
1733 5537 1766 5551 μ’

499 5549 595 5622 Est
639 5547 877 5622 ecclesia
919 5541 1244 5622 cathedralis
1270 5581 1285 5604 ,
1354 5538 1488 5622 anS.
1546 5537 1844 5622 Augustino

240 5608 738 5698 pti‘tnoiepiscelo.
759 5616 1001 5698 dedicata
1031 5615 1081 5693 in
1114 5615 1368 5666 honorem
1398 5608 1696 5698 Salvatoris
1717 5608 1842 5661 Jesu

236 5680 617 5755 διιιτὶξιί,ὀυί
658 5680 940 5755 adjunctus
976 5684 1074 5735 fuit
1111 5692 1406 5737 eou‘entus
1433 5680 1839 5733 monachorum.

555 5781 830 5840 PATBOL.
869 5775 1011 5838 CLV
1026 5772 1124 5832 lli.

1944 5472 2018 5523 De
2045 5470 2162 5536 ejus
2192 5466 2596 5536 antiqtntateet
2634 5454 3062 5536 possessionibus
3104 5453 3282 5525 agitur
3315 5460 3462 5507 tome
3489 5451 3511 5509 Ι

1948 5528 2222 5591 Monastici
2256 5528 2684 5605 Atiglie.itti_|_i:t_g.
2722 5528 2784 5582 18
2806 5535 3039 5605 etseqq.

2020 5606 2130 5676 ('25)
2168 5594 2375 5676 Colitur
2415 5604 2473 5676 S.
2529 5601 2795 5676 Elphegns
2851 5596 2915 5649 19
2950 5594 3187 5676 Aprilis,
3239 5594 3308 5648 ad
3352 5609 3511 5663 quem

1952 5672 2091 5734 diem
2115 5672 2368 5730 nonnulla
2393 5675 2458 5726 de
2485 5672 2626 5728 cultu
2660 5674 3049 5739 preponttnter.

3087 5759 3125 5818 3
