4068 6286
560 409 628 465 75
1623 381 1680 439 ε.
1719 375 2018 436 ANSELnt
2055 364 2405 427 caurum.
2451 342 2754 418 Attamen
2818 378 2823 383 ·
3752 350 3821 403 τε

561 524 653 581 tali
690 520 847 578 modo
874 500 1164 572 custodire.
1195 505 1331 575 Quid
1359 504 1484 559 hinc
1514 487 1676 572 igitur
1707 483 1793 552 tua
1826 491 2141 551 fraternitas
2168 490 2213 547 Α
2246 484 2463 539 modum
2518 482 2711 536 devote
2764 475 3036 531 exercitus
3082 480 3165 527 est
3189 513 3203 539 ,
3253 469 3384 541 quin
3432 477 3488 523 et
3531 467 3824 522 historiam

2280 576 2292 581 -
2623 572 2634 581 ι
2718 571 2729 581 ι
2830 567 2841 578 ο
2972 566 3045 581 ιιι.
3129 580 3134 581 ,
3164 564 3198 581 .·
3239 563 3407 581 _-,,.l!-_
3445 558 3581 581 (2....2-
3616 571 3792 581 ...η-.-Α

561 618 784 681 sentiat,
814 612 1001 666 audire
1029 604 1298 661 desidem.
1324 618 1342 651 ι
1382 596 1446 651 Ει
1474 594 1690 665 quidem
1715 590 1824 654 ille,
1850 587 2009 645 sicuti
2040 601 2137 639 no-

561 724 663 767 vus
685 678 890 776 Anglia:
920 700 1074 762 civis,
1110 696 1226 749 haec
1271 687 1583 746 summatim
1631 683 2003 755 perstringens
2026 678 2139 731 An-

565 799 737 855 selmo
763 766 1062 866 proposuit.
1089 783 1339 837 Attamen
1364 770 1590 833 causam
1620 774 1771 828 necis
1799 769 1944 825 beati
1974 766 2140 837 Elfegi

566 855 920 949 historialiter
971 879 1250 933 intuentes
1296 870 1544 924 videmus
1592 879 1696 918 non
1750 861 1896 916 illam
1947 855 2141 921 solam,

567 979 661 1036 sed
691 976 851 1029 aliam
878 969 1044 1025 fuisse
1069 966 1172 1020 ista
1197 960 1578 1030 antiquiorem.
1602 952 1847 1021 Denique
1882 963 1987 1002 non
2026 946 2146 999 ideo

567 1078 774 1125 tantum
814 1062 941 1134 quia
972 1075 1031 1115 se
1056 1054 1289 1127 pecunia
1330 1050 1602 1106 redimere
1622 1045 1822 1109 noluit,
1855 1041 1949 1096 sed
1981 1039 2146 1094 etiam

568 1160 691 1228 quia
721 1130 947 1227 paganis
975 1141 1414 1227 persecutoribus
1445 1139 1561 1195 suis
1597 1136 1875 1191 civitatem
1905 1130 2143 1186 Cantua-

566 1218 1103 1305 riam-et'ecclesiam
1127 1233 1329 1291 Christi
1370 1232 1424 1285 in
1461 1244 1523 1284 ea
1554 1227 1711 1282 sitam
1748 1218 2149 1280 concremanti-

570 1344 712 1405 b’us,
767 1337 1021 1402 civesque
1052 1328 1347 1384 innocuos
1377 1320 1547 1376 atroci
1603 1326 1774 1372 morte
1830 1312 2152 1370 necantibns

573 1430 675 1504 [αι.
697 1400 859 1483 ὐηϋι.
888 1400 949 1478 εξ
969 1439 1023 1492 ιι.
1043 1420 1080 1475 i.
1114 1426 1164 1471 a.
1204 1431 1279 1470 ιιι.
1298 1412 1382 1485 ιι.]
1409 1410 1714 1467 Christiana
1737 1406 1983 1461 libertate
2002 1400 2165 1485 elisi?

574 1498 719 1579 stcre
750 1532 951 1587 eosque
975 1529 1006 1569 a
1032 1526 1129 1569 sua
1161 1507 1477 1564 inlidelitate
1513 1508 1828 1558 convertere
1861 1498 2032 1562 nisus,
2072 1501 2151 1547 est

576 1615 644 1670 ab
686 1614 765 1668 eis
800 1585 1006 1680 captus,
1036 1614 1092 1659 et
1130 1599 1333 1657 crudeli
1364 1592 1767 1653 exanimatione
1797 1597 1884 1643 est
1915 1585 2150 1641 occisus.

571 1730 604 1763 ι,
642 1704 734 1760 Li.
775 1673 882 1757 Sed
912 1695 1219 1758 Anselmus,
1253 1699 1311 1745 ut
1339 1689 1420 1743 vir
1453 1686 1712 1757 prudens,
1754 1680 1869 1734 viro
1904 1673 2156 1747 prudenti

570 1785 724 1868 juxta
778 1788 1265 1861 interrogationem
1309 1781 1421 1851 sibi
1465 1775 1793 1848 propositam
1840 1764 2169 1839 simpliciter

576 1860 653 1945 ita
693 1883 998 1957 respondit,
1041 1880 1263 1935 dicens:
1311 1892 1329 1924 ι
1358 1871 1543 1927 Palam
1576 1878 1659 1923 est
1688 1864 1831 1936 quod
1859 1863 1925 1928 is,
1961 1860 2052 1930 qui
2094 1872 2160 1912 ne

575 1980 694 2035 leve
731 1950 948 2047 quidem
981 1980 1172 2027 contra
1213 1967 1379 2020 Deum
1411 1970 1695 2033 peccatum
1717 1956 1984 2018 admittat,
2026 1950 2161 2006 mori

578 2072 686 2126 rion
728 2046 964 2130 dubitat;
1006 2061 1173 2118 multo
1228 2057 1462 2113 maxime
1505 2052 1638 2108 mori
1689 2064 1795 2104 non
1844 2046 2162 2129 dubitaret,

579 2163 895 2234 priusquam
929 2156 1110 2224 aliquo
1145 2149 1300 2221 gravi
1335 2154 1558 2218 peccato
1590 2124 2161 2217 Deutttexacerbarct.

582 2230 649 2311 Et
681 2230 865 2309 revera
904 2249 1123 2320 gravius
1158 2252 1437 2314 peccatum
1470 2238 1685 2293 videtur
1722 2244 1845 2288 esse
1887 2230 2165 2286 Christum

583 2355 819 2412 negare,
862 2353 1025 2410 quam
1071 2331 1368 2404 quemlibet
1415 2337 1686 2381 terrenum
1742 2321 2026 2376 Dominum
2069 2331 2168 2388 pro

585 2410 958 2503 redemptione
991 2428 1116 2483 vitae
1150 2434 1265 2479 sna:
1293 2419 1538 2475 homines
1568 2428 1695 2471 suos
1723 2427 1819 2484 per
1843 2410 2165 2465 ablutionem

585 2524 825 2597 pecunia!
874 2520 1085 2575 illormn
1126 2516 1206 2569 'ad
1257 2498 1531 2567 modicum
1596 2496 1878 2577 gravare;
1909 2501 2015 2558 Sed
2067 2501 2169 2555 hoc

585 2590 731 2686 quod
765 2613 943 2667 minus
972 2617 1086 2672 est,
1120 2592 1339 2675 Elfegus
1373 2602 1546 2656 noluit
1570 2599 1779 2653 facere.
1819 2594 1983 2649 Multo
2007 2590 2181 2664 igitur

587 2681 764 2757 minus
794 2699 1067 2754 Christum
1098 2701 1360 2761 negaret,
1395 2691 1440 2746 si
1477 2704 1675 2744 vesana
1710 2699 1901 2740 manus
1931 2698 2055 2738 eum
2101 2681 2170 2735 ad

588 2796 689 2849 hoc
719 2801 946 2845 mortem
1005 2785 1325 2841 intentando
1354 2781 1787 2847 constringeret.
1822 2776 1976 2832 Unde
2015 2774 2174 2830 datur

588 2883 811 2953 intelligi
869 2881 1063 2935 miram
1118 2883 1307 2946 pectus
1335 2872 1454 2942 ejus
1496 2871 1777 2940 justitiam
1824 2867 2171 2938 possedisse,

590 2973 1000 3048 quando-vitam
1028 2976 1178 3023 suam
1214 2964 1402 3020 maluit
1430 2965 1580 3029 dare,
1603 2977 1764 3031 quam
1786 2999 1801 3025 ,
1830 2967 2008 3029 Spreta
2040 2958 2177 3027 chas

591 3070 774 3131 ritate,
792 3063 1065 3137 proximos
1078 3073 1205 3115 suos
1220 3055 1611 3113 scandalizare.
1637 3051 1997 3119 Quamobrem
2020 3049 2177 3119 longe

2245 576 2369 630 vita:
2394 590 2459 628 ac
2492 571 2762 643 passionis
2795 567 2912 636 ejus
2954 564 3202 634 diligenti
3234 563 3413 617 studio
3445 558 3588 614 ﬁerit
3616 571 3822 626 praece-

2242 652 2342 740 pit.
2370 668 2544 734 Quam
2572 664 2790 736 quidem
2822 660 3105 716 historiam
3135 673 3241 711 non
3264 654 3438 710 solum
3469 654 3630 723 plano
3655 651 3830 706 dicta-

2244 763 2389 817 mine
2415 761 2482 814 ad
2514 757 2836 829 legendum,
2887 760 3071 807 verum
3120 750 3283 805 etiam
3328 746 3536 801 musico
3579 743 3830 798 modula-

2246 854 2395 909 mine
2442 852 2508 907 ad
2556 849 2855 905 canendum
2903 861 2932 900 a
2973 843 3227 914 jucnmlre
3261 839 3535 895 memoriae
3582 835 3833 892 Osberno

2246 943 2654 1001 Cantuaricnsis
2675 938 2926 995 Ecclesiae
2949 934 3215 992 monacho
3236 933 3302 987 ad
3330 937 3659 1001 praeceptum
3688 925 3835 981 illius

2249 1034 2503 1091 nobiliter
2522 1033 2723 1089 editam
2741 1071 2756 1096 ,
2792 1030 2907 1100 ipse
2931 1043 3026 1083 sua
3053 1022 3337 1097 prudentia
3365 1037 3463 1092 pro
3484 1034 3672 1074 amore
3690 1017 3837 1072 illius

2253 1127 2511 1198 martyris
2539 1125 2737 1181 celsius
2769 1119 3073 1190 insignivit,
3108 1115 3419 1186 insignitam
3451 1109 3832 1172 auctorisavit,

2251 1220 2641 1275 auctorisatam
2684 1217 2740 1271 in
2774 1213 3015 1269 Ecclesia
3047 1209 3142 1266 Dei
3176 1207 3278 1279 legi
3311 1204 3634 1272 cantarique
3677 1201 3836 1255 insti-u

2255 1314 2393 1378 tuit,
2427 1324 2733 1380 nomenque
2763 1305 3019 1377 martyris
3047 1305 3150 1359 hac
3187 1301 3242 1356 in
3288 1307 3442 1370 parte
3486 1311 3594 1351 non
3643 1308 3842 1365 parum

2254 1404 2594 1477 glorificavit.

2865 1488 3100 1557 CAPUT,
3148 1490 3233 1547 Vl.
3315 1483 3319 1489 ’

2436 1589 2761 1643 Manilorum
2790 1585 3023 1641 suavitas
3046 1568 3102 1639 et!
3123 1582 3350 1654 eﬁicacia
3377 1577 3661 1635 miracula.

2328 1683 2418 1739 45.
2458 1682 2705 1737 Ροειιιειιο
2753 1672 3043 1733 Anselmns
3082 1677 3149 1731 ad
3197 1673 3407 1749 agenda
3440 1657 3680 1744 propter
3726 1682 3850 1740 qua

2263 1784 2505 1840 venerat,
2525 1788 2700 1829 terras
2723 1771 2978 1825 Ecclesia:
2994 1756 3280 1823 Bcccensis
3300 1748 3397 1838 per
3416 1748 3662 1834 Arigliam
3689 1760 3847 1822 adiit,

2263 1865 2482 1922 utilitati
2532 1863 2916 1917 monachorum
2956 1873 3176 1914 suorum
3226 1871 3325 1926 per
3370 1852 3550 1910 omnia
3601 1849 3853 1906 studioso

2262 1957 2555 2035 secundum
2606 1956 2773 2010 Deum
2814 1952 3080 2008 serviens.
3111 1947 3324 2004 Vadens
3350 1954 3530 2001 autem
3563 1951 3621 1998 et
3664 1942 3735 1996 ad
3765 1940 3851 1996 di-

2264 2030 2420 2103 versa
2449 2046 2777 2101 monasteria
2809 2028 3230 2103 monachorum,
3265 2034 3652 2092 canonicorum
3673 2072 3690 2099 ,
3721 2044 3854 2085 san-

2266 2140 2656 2198 ctimonialium
2677 2178 2693 2205 ,
2725 2151 2826 2192 nec
2853 2150 2959 2189 non
2989 2134 3056 2211 ad
3101 2131 3281 2187 curias
3324 2114 3667 2199 quonimque
3697 2121 3852 2177 nobi-

2268 2218 2430 2297 lium,
2470 2241 2629 2303 prout
2668 2246 2792 2285 eum
2834 2227 2972 2283 ratio
3020 2225 3252 2281 ducebat
3297 2219 3639 2292 perveniens,
3692 2214 3859 2270 laetis-

2269 2327 2406 2381 sime
2434 2304 2856 2393 suscipiebatur,
2889 2326 2944 2375 et
2993 2314 3246 2386 suscepto
3293 2326 3520 2391 qumque
3564 2310 3861 2367 charitatis

2269 2420 2528 2489 obsequia
2560 2415 2870 2486 gratissime
2898 2394 3370 2467 ministrabantur.
3403 2406 3543 2476 Quid
3579 2407 3672 2462 ille
3692 2406 3720 2460 ?
3750 2406 3859 2461 So-

2271 2513 2368 2567 lito
2398 2525 2550 2566 more
2581 2509 2793 2564 cunctis
2823 2520 2882 2562 se
2905 2504 3199 2573 jucundum
3230 2511 3285 2557 et
3323 2500 3603 2569 aﬂ'abilem‘
3623 2497 3860 2554 exhibe-

2271 2604 2395 2667 bat,
2429 2615 2719 2669 moresque
2745 2596 3081 2668 singulorum
3111 2595 3164 2647 in
3190 2600 3448 2662 quantum
3488 2589 3606 2644 sine
3635 2595 3864 2657 peccato

2272 2704 2520 2769 poterat,
2555 2694 2631 2762 in~
2655 2706 2714 2747 se
2747 2690 3096 2759 suscipiebat.
3132 2685 3290 2752 Nam,
3318 2684 3473 2755 juxta
3508 2681 3863 2751 Apostolum,

2275 2788 2362 2844 his
2408 2787 2499 2857 qui
2553 2785 2671 2839 sine
2719 2783 2838 2853 lege
2888 2791 3046 2837 erant
3098 2792 3355 2848 tanquam
3405 2776 3522 2830 sine
3555 2775 3672 2844 lege
3716 2781 3867 2827 esset

2277 2882 2327 2953 (I
2369 2880 2493 2935 Cor.
2528 2897 2615 2948 ix,
2645 2875 2762 2946 2!),
2793 2891 2915 2930 cum
2953 2875 3072 2929 sine
3100 2872 3217 2953 lege
3263 2871 3354 2926 Dei
3404 2885 3509 2925 non
3557 2877 3738 2933 esset,
3770 2867 3868 2922 sed

2277 2950 2330 3046 in
2365 2975 2481 3047 lege
2508 2971 2712 3028 Christi
2742 2954 3009 3033 esset,‘se
3055 2950 3374 3036 coaptabat,
3408 2970 3469 3017 ιιι
3516 2960 3870 3027 lucrit‘accrct

2277 3082 2371 3123 eos
2396 3067 2488 3137 qui
2522 3081 2629 3122 non
2657 3064 2818 3120 modo
2850 3061 2971 3116 sine
3001 3059 3137 3130 lege,
3171 3065 3230 3111 ut
3256 3055 3548 3127 putabatur
3583 3053 3730 3117 beati
3764 3051 3870 3106 Bc~

594 3161 696 3215 fuit
725 3158 793 3213 ab
822 3170 888 3211 eo
917 3154 1054 3208 illud
1081 3152 1187 3214 vat,
1220 3146 1387 3219 quod
1422 3145 1683 3202 Dominus
1715 3142 1955 3197 minatur
1984 3139 2033 3195 ei
2078 3154 2174 3210 per

2279 3160 2505 3225 nedicti,
2534 3159 2625 3213 sed
2655 3165 2711 3211 et
2744 3170 2839 3211 eos
2867 3152 2959 3223 qui
2997 3149 3240 3206 sa-ctilari
3270 3149 3392 3202 vita:
3416 3146 3579 3201 dediti
3601 3146 3655 3200 in
3681 3144 3873 3200 multis

594 3263 754 3322 quem
783 3244 1095 3303 scandalum
1122 3240 1269 3295 venit
1297 3237 1515 3309 (Matth.
1548 3236 1712 3300 xvtn,
1740 3234 1818 3303 7).
1849 3231 1958 3286 Nec
1989 3228 2177 3284 iiume—

594 3342 735 3405 rizo,
760 3344 823 3393 ut
868 3351 1011 3401 reor,
1043 3334 1189 3390 inter
1225 3337 1496 3401 martyres
1532 3334 1897 3397 computatur,
1948 3324 2040 3393 qui
2079 3337 2178 3390 pro

594 3444 744 3490 tanta
771 3430 984 3503 iustitia
1012 3434 1242 3482 mortem
1297 3430 1493 3494 sponte
1537 3418 1867 3476 sustinuisse
1894 3415 2180 3469 veraciter

595 3523 938 3594 praedicatur.
976 3517 1110 3573 Nam
1158 3524 1212 3569 et
1265 3516 1454 3571 beatus
1493 3512 1728 3568 Joannes
1770 3508 2034 3577 Baptista,
2086 3508 2179 3576 qui

597 3612 906 3683 prmcipnus
955 3615 1162 3676 martyr
1190 3614 1247 3660 et
1294 3609 1586 3658 veneratur
1614 3609 1669 3654 et
1715 3597 1959 3653 creditur
1997 3611 2028 3649 a
2072 3605 2180 3650 tota

598 3702 694 3757 Dei
727 3699 965 3756 Ecclesia
985 3739 1000 3765 ,
1031 3712 1138 3753 non
1176 3695 1301 3764 quia
1332 3694 1608 3749 Christum
1641 3703 1840 3760 negare
1867 3728 1882 3756 ,
1928 3688 2025 3744 sed
2057 3689 2180 3758 quia

600 3791 881 3846 veritatem
914 3797 1096 3843 tacere
1124 3786 1327 3851 noluit,
1359 3784 1573 3839 occisus
1601 3789 1706 3836 est.
1759 3779 1827 3832 Et
1857 3779 1988 3849 quid
2019 3779 2182 3834 distat

598 3880 907 3937 intermori
954 3895 1052 3949 pro
1088 3876 1299 3946 justitia
1337 3885 1394 3930 et
1442 3873 1578 3930 mori
1619 3888 1718 3944 pro
1756 3871 2022 3927 veritate?
2049 3871 2183 3925 Am-

601 3973 772 4044 plius:
806 3986 927 4026 cum
961 3977 1194 4025 testante
1230 3982 1389 4023 sacro
1426 3965 1672 4035 eloquio,
1702 3976 1762 4021 ut
1790 3977 1971 4022 vestra
2002 3975 2186 4034 pater-

601 4067 746 4120 nitas
776 4064 979 4134 Optime
1011 4060 1195 4127 novit,
1234 4060 1485 4116 Christus
1527 4060 1728 4115 veritas
1765 4058 1947 4131 (Joan.
1976 4050 2111 4125 m;
2130 4057 2186 4124 6)

601 4166 655 4213 et
686 4156 897 4226 iustitia
945 4156 1046 4221 sit;
1079 4154 1170 4224 qui
1214 4169 1311 4224 pro
1356 4153 1560 4220 iustitia
1590 4161 1643 4209 et
1672 4144 1905 4208 veritate
1931 4153 2185 4217 moritur,

601 4242 703 4318 pro
722 4244 937 4301 Christo
961 4246 1219 4309 moritur;
1241 4245 1331 4312 qui
1361 4253 1541 4298 autem
1564 4259 1662 4312 pro
1683 4243 1900 4298 Christo
1931 4245 2184 4307 ntoritttr,

605 4337 848 4392 Ecclesia
879 4344 1013 4390 teste
1035 4377 1050 4402 ,
1091 4343 1296 4403 martyr
1327 4334 1579 4387 habetur.
1613 4327 1812 4387 Beatus
1859 4347 1989 4386 vero
2036 4330 2186 4387 Elle-

606 4442 708 4500 gus
757 4442 909 4498 azqne
955 4443 1051 4498 pro
1086 4424 1330 4495 justitia,
1377 4434 1436 4479 ut
1471 4424 1665 4479 beatus
1713 4421 1947 4477 Joannes
1990 4416 2187 4493 passus

607 4527 701 4574 est
726 4533 825 4590 pro
861 4519 1105 4572 veritate.
1157 4515 1268 4571 Cur
1313 4530 1443 4584 ergo
1492 4516 1662 4583 magis
1700 4515 1767 4568 de
1817 4517 1972 4569 unius
2021 4530 2184 4583 quam
2217 4496 2264 4557 υ

609 4612 679 4666 de
732 4609 956 4664 alterius
1020 4608 1148 4662 Vero
1210 4616 1506 4677 sanctoque
1571 4605 1834 4677 martyrio
1899 4606 2187 4675 quisquam

609 4700 889 4772 ambigat,
940 4713 1064 4754 cum
1114 4712 1210 4768 par
1264 4711 1425 4753 causa
1476 4698 1529 4753 in
1589 4698 1780 4753 mortis
1840 4699 2189 4768 pet-pessimae

608 4801 901 4862 utrumque
946 4789 1218 4844 detineat?
1272 4787 1398 4844 Haec
1435 4786 1542 4843 me
1590 4790 1841 4859 quidem,
1892 4791 2189 4845 revercnde

606 4882 820 4948 Pater,
898 4881 950 4936 in
990 4879 1278 4950 quantum
1346 4882 1653 4951 perspicere
1726 4866 2003 4951 possunt,
2074 4894 2190 4937 rata

608 4990 731 5031 esse
782 4975 894 5045 ipsa
953 4975 1090 5028 ratio
1138 4972 1346 5037 docet,
1401 4982 1640 5028 attamen
1701 4987 1894 5031 vestra:
1950 4978 2189 5045 pruden-

614 5068 704 5121 tiae
735 5076 846 5132 cst,
898 5074 953 5157 et
999 5079 1085 5120 me
1126 5065 1172 5119 si
1221 5063 1377 5119 aliter
1408 5066 1572 5121 sentit
1617 5066 1686 5122 ab
1732 5068 1834 5123 hoc
1870 5070 2193 5140 corrigendo

614 5170 887 5218 revocare,
913 5154 968 5210 et
987 5155 1114 5225 quid
1143 5154 1480 5225 potissimum
1514 5157 1565 5211 in
1601 5166 1749 5213 tanta
1771 5174 1828 5213 re
1844 5159 2184 5215 sentiendum

616 5247 716 5313 sit,
735 5247 985 5303 Ecclesia:
998 5247 1350 5303 Deidocendo
1377 5259 1702 5305 monstrare.
1732 5269 1750 5303 ι
1785 5252 1864 5307 Ad
1887 5255 2029 5323 quod
2055 5253 2195 5308 Lan-

617 5335 868 5394 francns:
907 5352 925 5389 ι
951 5339 1164 5407 Fateor,
1198 5343 1393 5413 inquit,
1426 5341 1677 5396 subtilem
1705 5346 2113 5415 perspicaciam,
2143 5358 2198 5403 et

616 5428 983 5498 perspicacem
1036 5433 1388 5488 subtilitatem
1443 5434 1641 5505 ingenii
1708 5436 1783 5489 tui
1846 5439 2198 5495 vehementer

620 5519 856 5588 approbo
890 5526 948 5572 et
987 5534 1235 5589 veneror,
1275 5523 1539 5594 ﬁrmaque
1582 5526 1792 5580 ratione
1838 5537 1927 5582 tua
1975 5532 2195 5588 edoctus

619 5607 836 5662 beatum
867 5608 1108 5679 Elfegum
1151 5621 1210 5666 ut
1236 5628 1362 5671 vere
1382 5632 1634 5687 magnum
1662 5628 1715 5673 et
1741 5618 2030 5688 gloriosum
2055 5638 2193 5676 mar-

622 5705 793 5769 tyrem
828 5698 1023 5755 Christi
1074 5701 1327 5772 deinceps
1369 5721 1455 5761 me
1499 5708 1677 5763 colere
1724 5719 1780 5764 et
1829 5713 2075 5766 venerari
2129 5729 2193 5768 ex

623 5785 806 5851 corde,
836 5789 1009 5857 gratia
1031 5787 1381 5859 Deijuvante,
1403 5794 1633 5853 conﬁdo.
1657 5815 1678 5849 ›
1715 5796 1828 5865 Qur
1856 5798 1867 5819 '
1897 5801 2009 5871 ipse
2038 5812 2188 5882 post-

2278 3251 2535 3308 vivebant
2600 3250 2718 3305 sine
2777 3246 2893 3317 lege
2934 3242 3159 3300 Christi.
3207 3240 3361 3296 Unde
3405 3240 3570 3295 corda
3620 3238 3879 3292 omnium

2281 3345 2422 3401 miro
2448 3343 2607 3398 modo
2637 3343 2690 3396 in
2722 3353 2962 3394 amorem
2995 3336 3116 3406 ejus
3158 3335 3530 3397 vertebantur,
3563 3341 3616 3387 et
3642 3331 3711 3386 ad
3740 3346 3877 3387 eunt

2281 3434 2606 3491 audiendum
2636 3432 2883 3487 famelica
2916 3430 3179 3492 aviditate
3209 3427 3578 3503 rrplehantur.

2352 3527 2443 3582 46.
2474 3527 2621 3581 Dicta
2652 3525 2814 3579 etiam
2845 3539 2941 3579 sua
2974 3522 3053 3577 sic
3079 3520 3366 3589 unicuique
3392 3517 3669 3571 lmmiuum
3692 3514 3873 3569 ordini

2256 3618 2692 3683 conformabat,
2742 3623 2797 3669 ut
2842 3613 3119 3668 auditores
3170 3610 3251 3664 sui
3296 3607 3429 3663 nihil
3464 3605 3709 3661 moribus
3758 3606 3876 3658 suis

2286 3709 2613 3766 concordius
2647 3707 2753 3762 dici
2785 3720 2943 3775 posse
2982 3689 3309 3758 faterentur.
3337 3699 3427 3754 llle
3456 3696 3757 3761 monachis,
3786 3695 3877 3749 ille

2286 3802 2532 3867 clericis,
2575 3799 2664 3854 ille
2717 3798 2906 3861 laicis,
2957 3796 3023 3849 ad
3071 3794 3334 3864 cujusque
3384 3789 3718 3861 propositum
3773 3802 3878 3843 sua

2289 3896 2454 3949 verba
2482 3891 2843 3962 dispensabat.
2881 3874 3171 3944 Monachus
3203 3897 3261 3942 nt
3302 3900 3367 3940 ne
3399 3884 3621 3938 minima
3651 3883 3876 3953 quidem

2288 3986 2369 4039 sui
2426 3982 2632 4052 ordinis
2684 3987 3096 4036 contemnerent
3146 3966 3508 4055 admonebat,
3556 3982 3879 4029 contestans

2288 4078 2413 4147 quia
2439 4092 2534 4147 per
2559 4084 2925 4144 contemptum
2956 4072 3302 4135 minimarum
3332 4076 3551 4147 ruerent
3578 4066 3631 4121 in
3658 4066 3880 4120 destru-

2289 4144 2521 4221 ctionem
2548 4175 2605 4219 et
2632 4165 2942 4234 despectum
2988 4160 3230 4215 omnium
3278 4144 3563 4213 bonorum.
3592 4156 3745 4223 Quod
3789 4156 3877 4212 di-

2290 4269 2436 4313 ctum
2472 4257 2571 4311 sub
2598 4254 2846 4325 exeniplo
2872 4244 3061 4306 vivarii
3092 4250 3456 4322 proponebat,
3501 4249 3702 4310 dicens
3727 4247 3883 4302 clau-

2292 4363 2477 4402 suram
2503 4347 2645 4429 illius
2666 4346 2996 4402 districtioni
3024 4341 3541 4405 ordinis.monastici
3560 4357 3609 4396 ιιι
3625 4340 3881 4396 δίιι.ἰιςιιοί.

2292 4439 2788 4508 Quandoquidem,
2847 4438 3060 4508 inquit,
3119 4438 3260 4492 sicut
3321 4438 3497 4506 pisces
3551 4434 3885 4490 dreurrente

2291 4548 2429 4601 aqua
2458 4530 2650 4585 vivarii
2683 4530 3008 4595 moriuntur,
3039 4530 3083 4584 si
3130 4528 3397 4583 clausura:
3425 4526 3596 4596 ipsius
3641 4526 3885 4578 minuta-

2293 4624 2388 4677 tim
2425 4630 2489 4677 ac
2528 4637 2671 4693 saepe
2708 4628 2930 4691 crepant
2960 4636 3059 4676 nec
3100 4619 3450 4683 reﬁciuntur;
3484 4618 3555 4671 ita
3588 4616 3766 4670 omnis
3793 4632 3886 4671 re-

2292 4712 2419 4784 ligio
2468 4712 2753 4766 monastiei
2786 4712 2996 4766 ordinis
3045 4710 3288 4765 funditus
3322 4709 3491 4778 perit,
3544 4706 3589 4761 si
3626 4707 3886 4761 custodia

2292 4806 2409 4875 ejus
2440 4822 2535 4877 per
2567 4792 2899 4873 modii-arum
2945 4812 3314 4871 contemptmn
3358 4800 3640 4870 culparum
3687 4798 3889 4866 paula-

2296 4900 2388 4953 tim
2422 4918 2449 4951 a
2494 4898 2704 4965 fervore
2755 4898 2835 4951 sui
2892 4895 3147 4967 tepescit,
3205 4902 3497 4948 attestante
3549 4890 3887 4961 Scriptura,

2293 5007 2413 5060 qum
2472 4991 2601 5044 ait:
2658 4990 2760 5054 Qui
2815 4989 3019 5042 modica
3074 4989 3325 5058 despicit,
3377 4987 3631 5057 paulatim
3681 4986 3888 5039 decidt

2297 5079 2487 5150 (Ereti.
2519 5095 2608 5132 χιχ
2628 5119 2643 5143 ,
2674 5080 2744 5149 ι).
2775 5078 3013 5133 Clericos
3051 5094 3265 5148 quoque
3293 5077 3524 5147 qualiter
3558 5091 3618 5129 se
3647 5076 3698 5127 in
3730 5086 3892 5129 sorte

2298 5170 2389 5224 Dei
2422 5171 2696 5225 custodire
2735 5170 2992 5224 deberent
3038 5170 3341 5224 instruebat
3367 5209 3382 5233 ,
3432 5167 3619 5236 eisque
3649 5181 3892 5234 magno-

2297 5278 2425 5332 pere
2451 5276 2569 5320 esse
2596 5265 2926 5327 cavendum,
2957 5280 3023 5318 ne
3044 5264 3094 5335 .si
3126 5280 3155 5317 a
3191 5274 3338 5331 sorte
3370 5263 3460 5317 Dei
3495 5262 3749 5317 caderent
3774 5297 3792 5321 ,
3832 5260 3894 5316 in

2297 5361 2495 5406 sortem
2526 5353 2724 5407 diaboli
2757 5369 2851 5422 per
2879 5342 3182 5424 neglectum
3231 5350 3658 5408 conversationis
3688 5357 3751 5403 et
3782 5366 3893 5401 or-

2298 5441 2438 5495 dinis
2458 5442 2559 5526 sui
2581 5442 2911 5497 deciderent.
2939 5443 3268 5512 Conjugatos
3292 5443 3457 5496 etiam
3487 5457 3591 5510 qua
3621 5438 3742 5501 ﬁde,
3766 5452 3897 5506 qua

2299 5520 2615 5595 dilectione,
2640 5548 2744 5601 qua
2775 5531 3173 5595 familiaritate,
3201 5532 3498 5587 secundum
3532 5518 3639 5583 tam
3671 5527 3849 5580 Deum
3874 5568 3891 5591 ,

2299 5638 2461 5692 quam
2492 5625 2788 5677 secundum
2817 5625 3071 5680 sarculum
3103 5620 3206 5679 sibi
3246 5623 3479 5678 invicem
3514 5618 3753 5690 copulari
3785 5619 3898 5674 de-

2300 5714 2492 5769 berent
2530 5716 2824 5780 edocebat;
2864 5719 3037 5772 virum
3087 5717 3306 5787 quidem
3352 5725 3411 5769 ut
3450 5730 3602 5769 suam
3652 5725 3897 5767 uxorem

2301 5808 2442 5862 sicut
2466 5809 2702 5879 scipsum
2733 5810 3006 5880 diligeret,
3041 5825 3139 5866 nec
3167 5818 3366 5880 prin-ter
3397 5808 3540 5863 illam
3569 5806 3729 5860 aliam
3751 5817 3901 5859 uos-
