4068 6286
221 374 276 427 Tl
1217 373 1379 431 Vl'l‘A
1415 373 1751 436 AUCTORE
1785 373 2139 437 EADMERO.
2167 411 2236 422 -—
2261 380 2389 438 LIB.
2427 382 2468 438 l.

3395 396 3509 469 ‘78~

219 496 317 551 set,
344 486 563 558 ejusque
586 489 729 545 sicut
758 489 840 545 sui
870 489 1120 560 corporis
1145 492 1351 564 absque
1378 493 1525 548 omni
1558 492 1776 549 sinistra
1808 489 1851 548 Α
1882 491 2091 548 crebris
2121 497 2460 554 orationibus
2485 514 2608 579 cum
2646 501 3119 577 eieemosynarum
3163 508 3470 583 largitioni-

216 580 503 650 suspicione
541 596 728 636 curam
764 582 1008 638 haberet.
1043 583 1321 641 Mulierem
1360 601 1493 641 vero
1513 594 1780 655 quatenus

214 671 321 725 viro
347 685 589 725 suocum
617 673 763 726 omni
801 671 1140 743 subjectione
1166 686 1222 731 et
1268 692 1454 732 amore
1498 679 1778 748 obtempe-

213 769 377 825 raret,
417 776 649 831 eumque
677 765 746 817 ad
777 764 914 820 bene
943 766 1208 840 agendum
1253 767 1438 822 sedula
1482 767 1730 824 incitaret
1758 809 1774 832 ,

212 866 301 908 nec
339 866 440 907 non
487 854 728 909 animum
776 854 893 924 ejus
940 859 986 913 si
1038 859 1179 916 forte
1225 871 1412 916 contra
1462 878 1675 933 aequum
1718 863 1774 918 in

209 958 512 1014 quemquam
551 955 803 1014 tumeret,
827 963 933 1018 qua
960 949 1275 1008 aﬁ‘abilitate
1302 955 1594 1025 mitigaret.

267 1036 349 1088 47.
391 1034 513 1091 Haec
538 1047 716 1093 autem
750 1056 874 1111 qua:
912 1052 1045 1097 eum
1063 1043 1146 1098 vel
1180 1047 1546 1114 admonuisse,
1577 1049 1662 1103 vel
1690 1050 1773 1104 in-

207 1126 474 1194 struxisse,
500 1128 584 1182 vel
609 1129 898 1187 edocuisse
917 1131 1172 1200 dicimus,
1198 1151 1304 1192 non
1325 1153 1393 1193 eo
1415 1148 1472 1192 ut
1494 1139 1618 1194 aliis
1649 1156 1770 1196 mos

204 1224 279 1272 est
290 1218 509 1273 docendi
537 1221 697 1277 modo
719 1225 1044 1291 exercebat,
1071 1228 1164 1282 sed
1196 1228 1353 1299 longe
1375 1230 1532 1285 aliter
1556 1232 1789 1302 singula

203 1325 412 1381 quaeque
442 1312 545 1367 sub
570 1315 883 1385 vulgaribus
904 1328 960 1371 et
981 1319 1127 1374 notis
1147 1322 1409 1391 exemplis
1437 1337 1768 1393 proponens,

200 1399 473 1471 solidaeque
509 1405 737 1459 rationis
774 1407 1084 1465 testimonio
1122 1410 1353 1468 fulciens
1380 1453 1396 1478 ,
1448 1429 1514 1470 ac
1557 1425 1766 1471 remota

198 1491 328 1546 omni
349 1493 721 1564 ambiguitate,
752 1495 804 1550 in
836 1499 1113 1556 mentibus
1136 1501 1445 1558 auditorum
1470 1506 1764 1575 deponens.

199 1579 495 1637 Laetabatur
522 1598 653 1655 ergo
679 1586 929 1657 quisquis
956 1588 1101 1644 illius
1130 1590 1400 1660 colloquio
1429 1593 1505 1646 uti
1532 1602 1762 1662 poterat,

196 1672 433 1739 quoniam
468 1675 524 1729 in
550 1691 617 1731 eo
646 1678 1027 1750 quodcumque
1051 1680 1340 1751 petebatur
1364 1685 1607 1739 divinum
1634 1700 1761 1741 con-

196 1763 360 1819 silium
391 1767 444 1821 in
477 1778 732 1840 promptu
761 1779 902 1826 erat.
946 1771 1084 1829 Hinc
1119 1789 1245 1829 eum
1284 1776 1464 1832 omnis
1500 1791 1663 1833 sexus
1709 1783 1766 1833 et

1880 580 1985 636 bus
2008 598 2166 653 opem
2192 586 2261 642 ab
2290 603 2355 642 eo
2384 591 2728 660 precabatur.
2774 594 2894 653 Una
2931 598 3096 669 igitur
3127 580 3365 659 noctium
3410 608 3461 662 ei

1880 683 1978 738 per
2004 671 2178 728 visum
2211 676 2431 746 quidam
2460 684 2747 751 apparuit,
2778 700 3003 745 monens
3047 698 3106 744 ιιι
3146 693 3191 747 si
3219 693 3464 762 pristina:

1878 762 2101 820 sanitati
2148 767 2362 822 reStitui
2393 770 2589 838 vellet,
2622 774 2852 830 Beccum
2884 779 3018 847 iret,
3046 790 3102 835 et
3128 782 3270 852 apud
3296 784 3465 840 abba~

1880 861 1985 907 tem
2047 855 2363 913 Anselmum
2421 860 2662 918 efﬁceret
2710 876 2979 935 quatenus
3028 886 3266 942 aquam,
3317 877 3463 929 unde

1875 958 2068 1000 manus
2111 947 2255 1002 inter
2301 950 2524 1006 missam
2567 969 2721 1010 suam
2754 960 2994 1028 iuvaret,
3045 964 3100 1018 in
3146 973 3333 1034 potum
3380 966 3459 1021 illi

1874 1034 2165 1091 conferret.
2190 1037 2290 1105 Qui
2323 1040 2517 1096 visioni
2545 1044 2799 1100 credulus
2828 1064 2938 1117 quo
2966 1054 3308 1119 monebatur,
3358 1057 3461 1111 im-

1872 1125 2026 1194 piger
2057 1128 2259 1197 tendit,
2299 1139 2464 1201 atque
2507 1134 2765 1191 Ausehno
2794 1152 2893 1193 cur
2938 1141 3219 1198 adveniret
3245 1157 3458 1202 secreto

1872 1216 2127 1273 innotuit.
2167 1219 2361 1290 Stupet
2391 1224 2479 1279 ille
2507 1227 2575 1280 ad
2624 1229 2785 1285 verba
2806 1260 2827 1297 ,-
2854 1242 2910 1287 et
2947 1232 3222 1291 hominem
3270 1247 3329 1293 ut
3374 1249 3457 1294 ta-

1870 1304 2014 1363 libus
2041 1309 2266 1367 desistat
2297 1314 2480 1370 ntultis
2510 1317 2687 1374 modis
2715 1321 2956 1389 adjuvat.
2983 1324 3054 1378 At
3082 1324 3197 1396 ipse
3236 1328 3289 1382 in
3333 1346 3457 1398 pre-

1869 1397 2024 1453 cibus
2055 1408 2297 1469 perstat,
2335 1413 2392 1458 et
2429 1405 2600 1463 multo
2645 1412 2820 1481 magis
2869 1422 2929 1468 ut
2974 1415 3076 1469 sibi
3129 1397 3458 1477 misereatur

1867 1498 2091 1555 exorat,
2140 1506 2242 1548 nec
2290 1495 2530 1562 patiatur
2582 1507 2641 1553 ut
2692 1515 2757 1578 ea
2802 1505 3083 1561 medecina
3133 1508 3452 1579 fraudetur,

1868 1578 2011 1633 unde
2060 1579 2162 1635 sibi
2192 1582 2426 1639 celerem
2472 1587 2700 1645 salutem
2739 1592 2806 1647 ad
2850 1591 3087 1651 futuram
3128 1615 3226 1669 pro
3270 1602 3454 1661 divino

1864 1669 2137 1737 proluisso
2166 1673 2450 1734 credebat.
2482 1678 2621 1744 Quid
2658 1681 2849 1750 plura?
2879 1685 3017 1741 Viuit
3062 1692 3236 1757 pietas
3264 1705 3455 1763 pectus

1866 1756 2218 1828 humilitatis,
2251 1773 2307 1820 et
2333 1780 2432 1835 pro
2461 1767 2683 1825 homine
2713 1772 2878 1829 Deum
2917 1756 3288 1847 postulaturus
3330 1802 3450 1840 ma-

193 1863 312 1909 m“
339 1855 658 1924 mirabawr’
701 1853 757 1916 ei
802 1863 1049 1920 mirando
1076 1866 1518 1938 amplectebatur,
1548 1885 1765 1941 quoque
1794 1847 1843 1908 Β
1871 1850 2043 1905 ιυιίιιο
2070 1860 2311 1925 tempore
2348 1858 2572 1925 missam
2606 1866 2877 1921 secretius
2905 1869 3163 1929 celebrat.
3193 1875 3453 1932 Admitti-

191 1948 450 2015 potentior
496 1949 727 2022 aliisque
776 1956 1141 2024 praestantior,
1193 1972 1261 2014 eo
1313 1959 1487 2029 magis
1532 1961 1777 2031 quisque.

190 2045 296 2091 erat
320 2038 387 2092 ad
416 2041 834 2099 ministraudum
882 2046 934 2100 ei
982 2047 1229 2103 devotior
1258 2058 1422 2120 atque
1451 2052 1761 2120 proclivior.

188 2123 292 2181 Non
320 2125 422 2182 fuit
452 2144 637 2187 comes
685 2132 739 2186 in
794 2133 987 2205 Anglia
1028 2151 1124 2191 seu
1173 2131 1482 2207 comitissa,
1522 2142 1606 2196 vel
1654 2143 1760 2199 ulla

187 2230 402 2283 persona
446 2229 660 2289 potens,
698 2236 821 2289 quae
862 2238 968 2279 non
1012 2225 1286 2294 iudicaret
1329 2244 1390 2285 se
1434 2246 1529 2286 sua
1576 2248 1759 2289 coram

190 2306 287 2362 Deo
326 2312 528 2364 merita
579 2312 900 2380 perdidisse,
937 2315 999 2369 si
1027 2318 1368 2388 contingeret
1406 2335 1465 2375 se
1505 2321 1762 2381 Ansclmo

189 2397 355 2453 abbati
385 2397 644 2455 Beccensi
672 2403 902 2471 gratiam
934 2403 1170 2472 cujusvis
1206 2408 1363 2462 ollicii
1395 2417 1521 2465 tunc
1555 2421 1761 2481 tempo-

188 2489 250 2545 ris
272 2506 383 2546 non
421 2492 737 2547 exhibuisse
770 2492 894 2566 [al.,
919 2495 1218 2569 habuisse].
1250 2497 1363 2553 Rex
1395 2499 1510 2569 ipse
1532 2499 1761 2557 Wilhel-

188 2592 293 2634 ntus
317 2580 459 2651 (26),
483 2582 575 2650 qui
602 2584 771 2637 armis
798 2583 1048 2655 Angliam
1091 2597 1309 2656 ceperat
1346 2599 1401 2643 et
1447 2604 1511 2645 ea
1558 2599 1763 2663 tempe-

188 2679 312 2727 state
340 2673 637 2743 regnabat,
664 2677 913 2745 quamvis
938 2677 1010 2731 ob
1038 2679 1464 2748 magnitudinem
1492 2683 1575 2736 sui
1622 2699 1759 2738 cutt-

190 2763 279 2817 ctis
304 2762 415 2818 fere
440 2758 716 2820 videretur
744 2767 951 2836 rigidus
984 2783 1050 2824 ac
1076 2768 1435 2826 formidabilis
1453 2814 1467 2838 ,
1493 2773 1754 2833 Anselmo

190 2860 352 2906 tamen
383 2853 458 2908 ita
497 2863 620 2909 erat
644 2855 877 2911 inclinus
903 2855 1025 2930 [al.,
1053 2859 1364 2933 inclinatus]
1405 2871 1461 2916 et
1505 2864 1754 2934 affabilis,

188 2948 237 2994 ut
264 2940 375 3011 ipso
397 2953 664 3013 praesente
688 2947 914 3004 omnino
937 2963 1100 3020 quam
1127 2964 1247 3006 esse
1270 2952 1501 3020 solebat,
1530 2964 1754 3027 stupen-

188 3030 315 3089 tibus
343 3035 493 3104 aliis,
524 3037 678 3094 fieret
704 3039 861 3097 alius.

206 3162 209 3171 ι
245 3124 326 3182 48.
367 3126 471 3184 Pro
509 3144 608 3185 sua
640 3130 805 3201 igitur
849 3135 1134 3192 excellenti
1175 3137 1317 3194 fama
1346 3139 1637 3201 Anselmus
1670 3152 1754 3201 ιο-
1781 3188 1826 3236 η

185 3213 281 3270 tius
306 3218 511 3290 Anglia:
534 3222 779 3291 partibus
805 3233 988 3292 notus,
1016 3243 1079 3283 ac
1101 3244 1197 3299 pro
1225 3235 1516 3287 reverenda
1548 3237 1755 3293 sancti~
1781 3213 1826 3251 ι’

187 3312 292 3365 tate'
320 3313 522 3370 cltarus
559 3317 771 3373 cunctis
809 3318 1034 3386 effectu,
1085 3322 1190 3378 iter
1231 3325 1508 3395 repetendi
1556 3326 1757 3384 North-

186 3406 437 3462 manuiam
468 3407 778 3478 ingreditur
812 3412 1015 3468 ditatus
1062 3414 1342 3485 multiplici
1395 3419 1556 3487 dono,
1607 3422 1753 3490 quod

190 3489 359 3548 honori
386 3511 448 3551 ac
476 3496 700 3551 utilitati
727 3497 987 3556 Ecclesiae
1018 3502 1128 3558 suae
1154 3518 1327 3575 usque
1355 3507 1516 3564 hodie
1543 3489 1753 3567 servire

193 3580 527 3653 dignoscitur.
558 3585 873 3645 Familiaris
910 3605 1041 3662 ergo
1067 3593 1117 3650 ei
1150 3580 1347 3651 dehinc
1388 3597 1577 3667 Anglia
1609 3599 1749 3656 facta

187 3683 275 3737 est,
304 3685 355 3730 et
399 3689 568 3749 prout
614 3680 904 3737 diversitas
950 3699 1241 3744 causarum
1289 3687 1532 3754 ferebat,
1574 3692 1643 3746 ab
1680 3708 1746 3749 eo

188 3761 531 3835 frequentata.
563 3768 634 3824 Ut
661 3779 841 3826 autem
871 3774 1214 3843 omnipotens
1244 3777 1384 3831 Deus
1412 3779 1744 3836 demonstra-

190 3864 260 3908 ret
291 3872 346 3912 se
371 3862 564 3929 gratim
594 3861 766 3929 ipsius
800 3878 963 3932 qttam
997 3864 1276 3921 invenerat
1325 3869 1467 3937 apud
1499 3871 1756 3944 homines

185 3956 289 4000 esse
316 3959 589 4006 auctorem
610 3990 625 4016 ,
656 3960 710 4005 et
746 3951 895 4007 illum
925 3953 1067 4023 apud
1093 3969 1151 4009 se
1177 3970 1340 4024 quant
1388 3960 1528 4029 apud
1572 3960 1747 4016 homi-

186 4049 269 4091 nes
289 4042 513 4109 gratiam
547 4042 819 4100 invenisse
846 4046 1145 4114 potiorem,
1175 4050 1439 4118 quosdam
1473 4054 1619 4108 viros
1649 4068 1746 4123 per

186 4124 339 4184 visum
375 4132 629 4204 dignatus
658 4144 743 4189 est
775 4135 1017 4198 visitare,
1046 4147 1102 4191 et
1127 4137 1366 4206 qualiter
1399 4154 1495 4206 per
1524 4156 1645 4196 cum
1675 4149 1746 4197 ab

187 4217 477 4278 infirmitate
498 4266 514 4292 ,
551 4239 654 4293 qua
687 4224 850 4280 nimis
871 4213 1122 4296 graviter
1148 4227 1509 4295 vexabantur,
1541 4245 1755 4307 conva-q

187 4303 430 4368 lescerent
457 4315 711 4371 edocere.
757 4316 960 4372 llorutn
1001 4331 1140 4395 quos
1187 4317 1332 4384 dico,
1364 4318 1498 4395 duos
1523 4321 1614 4391 qui
1657 4322 1740 4376 in.

189 4410 257 4452 ter
279 4416 397 4459 suos
434 4421 545 4462 non
576 4406 829 4478 ignobilis
858 4393 1014 4462 famas
1039 4417 1196 4463 erant
1215 4450 1230 4476 ,
1263 4410 1497 4482 exempli
1537 4429 1700 4469 causa
1722 4454 1737 4474 .

1867 1948 1957 1994 tur
1998 1957 2163 2014 aeger,
2194 1955 2249 2001 et
2278 1963 2442 2018 quam
2471 1955 2688 2020 petebat
2714 1971 2910 2025 aquam
2949 1960 3016 2014 de
3045 1977 3205 2017 manu
3236 1966 3337 2020 viri
3367 1983 3453 2023 ac-

1864 2033 2025 2102 cepit.
2078 2036 2209 2103 Quae
2260 2038 2313 2093 in
2354 2049 2540 2110 potum
2592 2044 2736 2100 illico
2781 2059 3021 2118 sumpta,
3072 2063 3128 2107 et
3172 2054 3451 2124 hominem

1862 2125 2168 2181 morbidum
2211 2128 2574 2201 integerrima:
2601 2138 2821 2193 sanitati
2855 2144 3125 2210 restituit,
3157 2157 3212 2201 et
3239 2149 3291 2203 in
3321 2149 3444 2204 lau-

1862 2216 1984 2272 dem
2016 2219 2106 2275 Dei
2132 2222 2427 2280 multorum
2456 2242 2551 2282 ora
2580 2230 3031 2305 dissolvit..Clam
3059 2238 3244 2309 itaque
3271 2243 3449 2298 virum

1861 2311 1954 2379 qui
2003 2325 2225 2373 venerat
2264 2331 2295 2370 a
2333 2333 2392 2373 se
2430 2320 2721 2380 Anselmns
2766 2328 2979 2395 emisit,
3029 2332 3357 2392 denuntians
3397 2340 3449 2393 ei

1863 2400 1917 2454 in
1942 2403 2160 2458 nomine
2186 2405 2398 2462 Domini
2427 2425 2495 2464 ne
2520 2427 2759 2482 unquam
2788 2416 2892 2472 hoc
2920 2418 3121 2475 factum
3150 2423 3250 2478 sibi
3279 2426 3452 2481 ascri-

1863 2490 2038 2558 beret,
2082 2496 2179 2550 sed
2212 2498 2340 2552 ‘sola
2380 2500 2562 2556 divina
2608 2504 2959 2564 miseratione
3002 2511 3451 2580 perfectumesse

1862 2584 2171 2643 certissime
2213 2589 2407 2654 sciret,
2451 2601 2507 2646 et
2558 2595 2659 2663 hoc
2701 2597 2772 2650 ita
2819 2614 2939 2654 esse
2990 2604 3153 2667 tacita
3203 2606 3449 2665 funditus

1861 2677 2137 2734 mentione
2161 2694 2273 2735 sua:
2294 2697 2541 2751 persona:
2562 2686 2970 2745 sciscitantibus
3001 2694 3371 2765 responderet.

1929 2766 2019 2821 50.
2063 2769 2181 2836 Quo
2213 2772 2378 2828 etiam
2431 2785 2671 2846 tempore
2716 2780 2936 2848 quidam
2990 2782 3165 2840 frater
3206 2788 3274 2843 de
3314 2805 3448 2845 eon-
3524 2818 3531 2827 -

1859 2859 2205 2928 gregatioue,
2250 2862 2424 2919 valida
2465 2868 2719 2937 corporis
2763 2870 3082 2929 inﬁrmitate
3120 2890 3443 2947 percussus,

1859 2949 1928 3004 ad
1980 2961 2226 3008 extrema
2288 2955 2557 3031 deductus
2605 2969 2713 3015 est.
2769 2960 2907 3018 Huic
2960 2966 3013 3021 in
3071 2983 3282 3026 sommo
3320 2976 3445 3043 qui-

1858 3038 1985 3095 dam
2015 3043 2229 3108 astitit,
2262 3052 2318 3100 et
2341 3048 2485 3116 quod
2511 3051 2679 3104 vitam
2705 3063 2871 3123 atque
2893 3055 3124 3112 salutem
3151 3038 3442 3132 recupera-

1861 3143 1975 3197 ret,
2007 3135 2052 3189 si
2078 3150 2220 3206 aqua
2249 3137 2319 3192 ab
2356 3139 2613 3196 Anselmn
2641 3146 2982 3203 sanctificata
3029 3165 3438 3223 aspergeretur,

1857 3223 1957 3294 ipsi
1985 3228 2267 3294 promisit:
2289 3245 2432 3300 aeger
2455 3234 2921 3302 ergo‘Ansehnum
2942 3254 3000 3294 se
3015 3239 3325 3299 visitantem
3351 3262 3442 3302 se-

1855 3311 2091 3369 cutidum
2121 3332 2386 3374 visionem
2414 3319 2537 3391 lal.,
2568 3324 2732 3379 tacita
2757 3326 3023 3399 visione],
3055 3334 3122 3385 de
3154 3348 3291 3402 aqua
3318 3352 3441 3405 pte-

1854 3413 2012 3458 catus
2050 3415 2155 3469 est,
2181 3416 2257 3471 et,
2296 3408 2593 3466 voluntatis
2625 3427 2849 3483 compos
2887 3415 3132 3486 eﬂ'ectus,
3178 3426 3439 3497 evcstigio

1853 3496 2071 3550 sanitati
2106 3500 2393 3555 restitutus
2413 3510 2516 3556 est.

1921 3585 1982 3642 5|
1997 3626 2011 3641 .
2054 3587 2179 3646 Haec
2207 3606 2306 3660 pro
2337 3595 2671 3651 ostendenda
2708 3599 2882 3669 gratia
2926 3602 3027 3657 viri
3071 3608 3259 3676 paucis
3300 3609 3440 3666 inte-
3504 3596 3509 3599 ’

1851 3679 1954 3734 rim
1981 3681 2123 3737 dicta
2160 3683 2291 3739 sint.
2330 3685 2583 3744 Attamen
2621 3690 2686 3745 de
2730 3694 2906 3762 gratia
2949 3711 3111 3764 quam
3157 3714 3437 3759 meruerat

1848 3770 1989 3840 apud
2017 3773 2285 3839 homines,
2318 3793 2423 3831 non
2452 3779 2681 3835 multum
2728 3783 2812 3838 his
2838 3787 2929 3855 qui
2959 3803 3138 3845 mores
3163 3790 3306 3847 illius
3337 3809 3436 3848 no-

1848 3875 1975 3916 vere
2002 3862 2308 3919 miraudum
2337 3867 2496 3923 video
2514 3910 2531 3935 ,
2571 3882 2864 3942 propterea
2896 3878 3041 3945 quod
3065 3883 3314 3948 quaedam
3337 3898 3436 3952 ap-

1847 3954 2086 4022 petibilis
2114 3957 2407 4015 suavitatis
2434 3962 2742 4032 ubicunque
2780 3976 2901 4020 erat
2930 3982 2995 4021 ex
3019 3972 3435 4030 conversatione

1844 4034 2337 4115 ejus’emergebat,
2363 4042 2485 4117 qua:
2518 4050 2573 4103 in
2602 4053 2900 4108 amicitiam
2934 4056 3077 4109 illius
3105 4072 3171 4112 ac
3198 4058 3435 4114 familia-

1847 4132 2061 4188 ritatem
2094 4146 2321 4191 cunctos
2345 4137 2560 4206 agebat.
2590 4139 2765 4208 ipsius
2790 4143 2991 4197 etenim
3021 4145 3185 4201 studii
3215 4162 3434 4217 semper

1844 4221 1969 4296 ergo
2011 4241 2202 4281 onmcs
2242 4228 2574 4291 exstiterat,
2618 4240 2679 4284 ut
2713 4225 2783 4287 ea
2815 4232 3159 4303 potissimum
3209 4250 3429 4308 ageret,

1842 4333 1964 4385 quae
2011 4316 2133 4372 aliis
2171 4317 2344 4387 magis
2380 4308 2662 4375 commoda
2709 4337 2829 4378 esse
2863 4339 3026 4394 posse
3066 4327 3429 4397 intelligebat.

1847 4410 2145 4473 I'mlecum
2173 4411 2608 4482 interrogaretur
2635 4415 2766 4485 quid
2791 4417 3142 4476 emolumenti
3174 4423 3429 4492 acquire-

184 4501 482 4567 proponam,
514 4501 645 4571 qui,
690 4502 830 4557 sicut
859 4518 888 4557 a
921 4494 1180 4561 veridicis
1224 4506 1392 4576 ipsius
1421 4512 1736 4567 monasterii

1859 4516 1997 4566 ~ent,
2050 4504 2145 4575 qui
2193 4512 2409 4560 servata
2457 4504 2714 4577 aequitate
2761 4508 2992 4565 aliorum
3053 4513 3424 4573 voiuntati.in

182 4581 314 4650 cujus
353 4591 520 4648 abbas
564 4593 652 4649 ditt
709 4595 1032 4669 exstiterat,
1076 4599 1363 4653 monachis
1413 4614 1636 4671 accept,
1682 4603 1733 4657 in

182 4669 344 4729 eodem
375 4678 544 4750 ipsius
571 4683 925 4750 monasterio,
948 4684 1057 4740 illis
1082 4689 1461 4757 prmsentibus,
1489 4669 1586 4763 per
1611 4707 1733 4748 eum

183 4763 331 4817 curati
358 4779 501 4824 sunt.

239 4848 317 4941 i9.
359 4856 586 4923 Quidam
619 4862 785 4934 igitur
813 4866 899 4921 vir
925 4867 1125 4924 nobilis
1163 4878 1217 4924 et
1243 4877 1497 4931 strenuus
1524 4870 1577 4925 in
1603 4886 1753 4941 con-p

185 4933 293 5031 Wo
318 4944 521 5007 Ροηιίνί
552 4933 666 5023 (27)
691 4970 755 5011 ac
783 4957 1051 5014 Flaudriae
1075 4973 1375 5031 praepotens
1407 4962 1728 5019 habebatur.

184 5024 266 5085 llic
294 5034 343 5091 in
372 5056 599 5113 corpore
627 5045 777 5116 lepra
815 5065 1133 5119 percussus,
1165 5068 1230 5108 eo
1266 5054 1456 5123 majori
1499 5069 1734 5112 lllCBl‘Ol‘e

183 5118 385 5184 afﬂictus
415 5143 496 5187 est
516 5175 531 5199 ,
561 5152 670 5206 quo
699 5152 758 5192 se
784 5118 840 5193 et
864 5156 894 5193 a
924 5142 1038 5197 suis
1065 5152 1251 5197 contra
1297 5118 1613 5214 dignitatem
1638 5160 1738 5200 na-

184 5213 344 5274 talium
370 5238 587 5281 suorum
610 5245 708 5300 pro
725 5231 1064 5289 obscenitate
1092 5234 1225 5288 tanti
1257 5213 1383 5289 mali
1418 5235 1620 5306 despici
1643 5238 1737 5293 des

183 5302 372 5375 δθτίίιυε
403 5314 641 5371 Videbat.
672 5317 981 5376 Conversus
1021 5321 1205 5391 itaque
1233 5323 1299 5375 ad
1330 5302 1647 5388 Deum—est,
1680 5330 1735 5378 et

1844 4598 2258 4667 quibuscunque
2275 4610 2489 4670 possent
2510 4602 2841 4657 concordare
2859 4613 3204 4673 satagerent;
3223 4607 3426 4677 quidve

1843 4687 2157 4747 detrimenti
2186 4699 2570 4756 occurrerent,
2605 4691 2696 4760 qui
2730 4706 2884 4748 suam
2914 4694 3096 4764 potius
3125 4711 3288 4765 quam
3309 4712 3418 4754 ac-

1841 4794 2080 4835 tororum
2125 4781 2456 4837 voluntatem
2493 4781 2719 4853 implere
2765 4785 3070 4851 studerent,
3120 4785 3224 4841 hoc
3259 4789 3419 4842 modo

1842 4873 2201 4939 respondebat
2227 4890 2242 4929 :
2273 4892 2292 4924 ι
2315 4873 2417 4941 Qui
2435 4874 2665 4929 aliorum
2682 4873 2945 4929 voluntati
2969 4877 3304 4931 concordare
3318 4890 3415 4946 per

1838 4963 2015 5017 omnia
2060 4963 2115 5017 iu
2156 4964 2297 5018 bono
2329 4965 2551 5031 nititur,
2601 4966 2702 5020 hoc
2744 4968 2883 5036 apud
2926 4964 3129 5034 justum
3176 4968 3418 5036 judicem

1838 5051 2006 5109 Deum
2043 5063 2308 5118 meretur,
2351 5062 2410 5108 ut
2440 5050 2893 5124 quemadmodum
2924 5057 3037 5124 ipse
3069 5055 3294 5109 aliorum
3328 5071 3418 5110 vo-

1839 5144 2029 5201 luntati
2072 5146 2125 5200 in
2164 5147 2267 5201 hac
2298 5146 2406 5200 vita
2435 5186 2451 5211 ,
2482 5145 2555 5221 ita
2587 5144 2731 5201 Deus
2775 5155 2830 5201 et
2858 5146 3037 5200 omnia
3069 5160 3252 5200 secum
3300 5161 3417 5203 sua

1840 5237 2102 5291 voluntati
2133 5237 2464 5291 concordent
2497 5237 2550 5290 in
2587 5236 2692 5291 alia
2722 5236 2849 5289 vita.
2883 5236 2983 5301 Qui
3024 5252 3152 5291 vero
3185 5237 3416 5295 aliorum

1839 5328 2118 5382 voluntate
2166 5334 2476 5397 contempta
2525 5342 2678 5381 suam
2727 5325 2955 5396 implere
2999 5331 3312 5396 contendit,
3361 5330 3416 5387 id

1444 5434 1861 5497 HENSCHENII
1900 5439 2127 5498 ΝΟΤιΕ.

238 5530 700 5622 (φλὲῖξηιειωιιε
747 5546 1087 5622 conquestor
1133 5549 1723 5622 occupavitaingliam

180 5609 582 5688 'IttpmltltitiLet
613 5620 857 5688 regnavit
883 5609 1053 5688 usque
1078 5620 1145 5673 ad
1172 5609 1374 5674 annum
1407 5620 1563 5674 1087.

238 5670 342 5743 (Ἦ)
380 5679 453 5761 Df:
480 5670 703 5762 Ροῃιὶεξ
722 5670 942 5762 regione
963 5670 1732 5762 ἰέζιῖιιέὲιξὲξιῆζίἡιὶιῖῄξαερη-

180 5734 290 5798 duin
325 5734 452 5806 'erit
486 5734 937 5813 striatas:
965 5734 1347 5814 ’ἰξίξῇᾆῆἧῇ
1371 5734 1733 5830 ’Κῦιὲἰίίξῗ

1832 5558 2206 5628 contiguaest
2243 5555 2519 5628 Artbesi‘a‘,
2559 5563 2687 5608 tunc

2729 5568 2858 5624 pa_rs
2895 5554 3164 5611 Flandriat
3207 5555 3413 5620 habita,

1835 5629 1957 5684 inde
1984 5621 2172 5684 avulsa
2199 5640 2344 5681 anno
2375 5622 2536 5691 H93,
2580 5632 2636 5679 et
2665 5621 2745 5681 sic
2771 5621 3035 5680 Flandria
3064 5626 3155 5681 hic
3179 5625 3288 5681 late
3321 5641 3412 5682 su-

1834 5700 2018 5753 mitur.
