4068 6286
548 376 619 430 79,
1608 369 1663 423 5.
1705 368 2006 424 ANSELMI
2046 367 2396 427 CANTUAB.
2438 370 2758 427 AIKCIIIEP.

3737 378 3817 436 80

546 487 782 557 ejusdem
826 486 1026 554 judicis
1070 484 1336 540 sententia
1379 481 1559 536 damni
1601 481 1837 547 subibit,
1888 491 1945 534 ut
1988 497 2124 550 qno-
2154 489 2200 544 Α
2228 483 2466 552 graviter
2496 483 2763 547 invidens,
2794 485 2848 538 in
2892 491 3097 538 tantam
3128 483 3277 538 illum
3328 488 3647 542 temtationis
3680 507 3812 558 pro-

547 582 691 635 niam
724 580 839 651 ipse
868 580 922 634 in
961 580 1067 633 vita
1101 576 1351 647 prmsenti
1383 574 1648 628 voluntati
1684 574 1913 637 nullius;
1948 574 2125 629 nullus

546 689 762 746 quoque
788 673 843 728 in
873 672 1053 731 futura
1082 669 1249 733 velit,
1275 677 1369 723 aut
1399 668 1589 729 debeat
1620 681 1848 721 concors
1886 681 2007 722 esse
2033 680 2143 719 vo-‘

545 765 739 819 luntati
773 763 934 817 illius.
971 761 1170 816 Eadem
1201 761 1401 830 quippe
1433 772 1689 813 mensura
1710 796 1725 820 ,
1756 772 1861 826 qua
1898 756 2128 825 quisque

544 856 666 909 aliis
699 854 918 910 mensus
960 853 1156 916 fuerit,
1206 852 1524 907 remetietur
1568 850 1615 904 ei
1668 848 1820 918 (Luc.
1854 863 1932 912 vr,
1964 848 2076 916 38).
2100 866 2119 900 ι

547 946 716 1015 Hujus
746 945 908 1016 igitur
942 945 1167 999 rationis
1194 942 1483 997 Anselmus
1521 939 1961 996 consideratione
2000 938 2128 991 sub-

545 1038 720 1102 nixus,
753 1036 882 1089 nulli
917 1036 1117 1106 gravis,
1154 1035 1285 1089 nulli
1317 1034 1530 1089 volebat
1557 1046 1820 1087 onerosus
1852 1031 2087 1085 existere
2107 1071 2125 1097 ,

545 1127 706 1180 etiam
736 1127 778 1180 si
810 1143 839 1180 a
860 1126 1189 1181 monachica:
1218 1124 1569 1179 institutionis
1594 1123 1911 1177 austeritate
1932 1123 2033 1175 hac
2059 1122 2126 1176 de

542 1234 705 1273 causa
738 1220 960 1273 deberet
1005 1217 1398 1287 aliquantulum
1447 1224 1774 1285 temperare.
1807 1214 1875 1269 Et
1904 1214 2123 1283 quidem

542 1318 602 1361 ut
633 1324 756 1362 eum
786 1308 1130 1363 discretionis
1164 1309 1299 1364 ordo
1343 1308 1607 1372 docebat,
1638 1321 2022 1374 nonnunquam
2057 1305 2124 1359 ab

544 1399 660 1468 ip5a
683 1400 975 1453 severitate
997 1400 1118 1454 aliis
1144 1400 1520 1455 condescendo
1548 1397 1907 1469 temperabat.
1938 1397 1994 1450 In
2017 1411 2125 1466 quo

544 1493 672 1562 quid
706 1492 760 1546 bi
809 1494 1018 1547 sensuri
1085 1493 1193 1548 sint
1248 1494 1340 1562 qui
1379 1502 1503 1563 post
1549 1508 1648 1546 nos
1696 1492 1799 1545 ista
1851 1489 2128 1544 fortasssis

544 1581 736 1636 lecturi
766 1582 848 1635 vel
877 1582 1111 1636 audituri
1143 1591 1301 1647 sunt,
1350 1583 1606 1651 pra'scire
1656 1598 1761 1635 non
1816 1595 2123 1650 possumus.

543 1669 651 1747 Nos
681 1680 857 1725 tamen
902 1674 994 1741 qui
1052 1672 1175 1727 vita:
1203 1672 1345 1726 illius
1383 1686 1597 1726 mouum
1640 1672 1782 1725 seire
1810 1670 2127 1736 meruimus,

544 1762 716 1832 magis
744 1761 796 1816 in
837 1777 900 1816 eo
942 1762 1271 1817 laudandum
1304 1763 1639 1817 :estimamus
1663 1802 1677 1825 ,
1714 1760 1859 1831 quod
1886 1775 1915 1813 a
1952 1759 2130 1830 rigore

543 1830 927 1927 sui‘propositi
973 1858 1266 1927 aliquan-lo
1314 1874 1414 1927 pro
1459 1858 1670 1911 ratione
1728 1856 2122 1919 descendebat,
2161 1830 2204 1884 Β

544 1960 705 2014 quam
758 1947 803 2001 si
860 1949 1117 2002 continue
1159 1948 1215 2001 in
1264 1948 1381 2017 ipso
1412 1948 1620 2017 rigidus
1667 1947 1961 2002 indiscrete
2005 1961 2128 2015 per-

545 2035 785 2091 sisteret.
814 2036 1047 2093 Ratione
1077 2038 1343 2108 siquidem
1372 2039 1457 2107 agi
1484 2038 1701 2093 virtutis
1730 2045 1834 2103 est,
1856 2037 1972 2090 vitii
1999 2051 2127 2093 vero

548 2136 759 2181 εοιιιττι.

614 2217 705 2270 52.
749 2218 894 2273 Inter
950 2220 1067 2273 haec
1118 2219 1339 2289 quidam
1397 2218 1629 2274 clericus
1681 2226 1843 2273 mtate
1886 2216 2127 2286 juvenis,

548 2308 683 2363 Boso
730 2310 982 2374 nomine,
1022 2310 1255 2365 Beceum
1306 2310 1487 2378 venit,
1530 2310 1746 2365 abbatis
1799 2309 2127 2379 colloquium

544 2410 827 2469 expetens.
865 2401 990 2454 Erat
1016 2402 1162 2455 enim
1205 2402 1345 2457 idem
1377 2417 1503 2457 acer
1534 2402 1752 2471 ingenio
1776 2442 1789 2463 ,
1820 2410 1874 2456 et
1905 2401 2129 2470 quibus-

544 2489 665 2543 dam
694 2491 964 2559 perplexis
988 2492 1377 2561 quaestionibus
1406 2492 1706 2547 involverat
1734 2492 1999 2557 animum,
2029 2504 2130 2545 nec

544 2580 783 2648 reperire
807 2595 1135 2650 quemquam
1171 2590 1386 2650 poterat
1422 2583 1514 2651 qui
1550 2597 1644 2636 eas
1685 2582 1788 2636 sibi
1842 2581 1909 2635 ad
1941 2591 2123 2635 votum

542 2667 833 2722 evolveret.
868 2669 1120 2740 Loquens
1150 2670 1313 2741 igitur
1351 2685 1474 2725 cum
1519 2670 1802 2736 Anselmo,
1848 2684 1912 2724 ac
1957 2670 2127 2724 nodos

543 2758 594 2814 ei
616 2758 699 2813 sui
730 2760 916 2815 cordis
946 2762 1294 2829 depromens,
1325 2762 1510 2815 omnia
1542 2776 1661 2831 qua:
1689 2760 2036 2815 desiderabat
2059 2758 2127 2813 ab

542 2863 608 2906 eo
635 2850 752 2905 sine
779 2852 1035 2921 scrupulo
1055 2852 1392 2922 deceptiouis
1420 2851 1546 2924 [al.,
1570 2850 2007 2923 disceptationis]
2030 2866 2124 2905 ac-

544 2940 707 3011 cepit.
752 2941 981 2996 Miratus
1019 2957 1152 3013 ergo
1186 2943 1459 2998 hominem
1505 2952 1628 3009 est,
1666 2955 1722 3015 et
1769 2943 1938 2998 nimio
1980 2943 2128 2997 illius

544 3045 730 3087 amore
757 3032 1061 3089 devinctus.
1107 3034 1316 3088 Dehinc
1336 3049 1467 3106 ergo
1493 3049 1615 3089 cum
1656 3033 1773 3102 ejus
1798 3032 2126 3088 allocutione
2166 3085 2171 3091 .

543 3117 861 3185 familiarite
891 3122 1184 3189 potiretur,
1206 3121 1418 3179 illectus
1441 3124 1509 3178 ad
1538 3131 1908 3192 contemptum
1941 3121 2120 3177 surculi

541 3224 765 3266 emenso
812 3212 961 3268 brevi
995 3214 1212 3283 spatio,
1257 3214 1415 3270 Bccci
1468 3215 1769 3270 monachus
1799 3212 1975 3268 factus
2016 3222 2141 3269 est-

541 3296 706 3366 Cujus
738 3303 1082 3358 conversioni
1124 3303 1288 3359 simul
1335 3313 1391 3359 et
1429 3302 1832 3359 conversationi
1873 3301 2120 3357 diabolus

2228 576 2420 632 cellam
2455 576 2747 642 demersit,
2779 585 2858 645 ut,
2891 576 3323 633 succedendibus
3342 579 3445 634 sibi
3467 581 3632 636 variis
3658 585 3817 654 cogi-

2230 665 2494 719 tationum
2522 665 2866 731 tumultibus,
2894 662 2983 719 vix
3012 666 3208 731 mentis
3235 681 3348 721 suze
3371 682 3593 739 compos
3612 674 3820 727 existe-

2229 765 2332 810 ret.
2384 755 2744 810 Transierunt
2796 756 2848 810 in
2905 756 3009 811 hoc
3050 756 3271 825 quidam
3322 757 3439 813 dies
3470 800 3485 825 ,
3532 769 3585 813 et
3633 762 3818 831 seipse

2227 860 2445 916 semper
2489 847 2656 901 Iiebat
2695 846 2989 902 immanior
3020 848 3247 902 tentatio
3282 848 3493 903 eadem.
3538 848 3822 906 Turbatus

2226 954 2361 1011 ergo
2389 948 2446 995 et
2473 951 2656 995 mente
2683 939 2946 995 confusus
2969 939 3288 996 Anselmum
3331 942 3494 1005 adiit,
3533 944 3821 1015 animique

2228 1036 2311 1090 sui
2338 1036 2536 1091 ﬂuctus
2561 1034 2636 1089 illi
2663 1034 2935 1104 exposuit.
2963 1034 3033 1089 At
3067 1035 3183 1105 ipse
3222 1050 3346 1090 cum
3393 1035 3603 1107 singula
3653 1038 3821 1093 intel-

2226 1127 2485 1193 lexisset,
2517 1128 2619 1183 hoc
2662 1127 2836 1184 solum
2884 1128 2974 1197 pio
3021 1125 3251 1193 aIIectu,
3289 1146 3309 1179 ι
3334 1128 3544 1183 scilicet
3567 1130 3820 1188 consulat

2229 1219 2324 1274 tibi
2362 1219 2536 1274 Deus!
2572 1238 2589 1270 ι
2620 1220 2669 1274 ei
2714 1219 3022 1288 respondit,
3049 1218 3301 1289 illicoque
3330 1220 3551 1274 fratrem
3578 1235 3607 1272 a
3636 1234 3697 1275 se
3727 1222 3820 1274 di-

2227 1309 2395 1365 misit.
2436 1309 2708 1379 Evestigio
2752 1318 2935 1364 autem
2994 1318 3143 1364 tanta
3195 1310 3560 1380 tranquillitas
3614 1314 3822 1367 mentis

2229 1399 2375 1454 illum
2405 1408 2590 1455 secuta
2620 1408 2734 1466 est,
2766 1409 2845 1467 ut,
2868 1400 3011 1471 sicut
3054 1399 3286 1470 ipsemet
3326 1400 3458 1455 mihi
3504 1400 3819 1467 referebat,

2229 1487 2370 1542 ultra
2399 1503 2562 1557 quam
2604 1489 2753 1544 dictu
2797 1489 3060 1545 credibile
3096 1489 3199 1557 sit,
3242 1488 3424 1545 subito
3470 1489 3611 1546 alius
3659 1491 3821 1548 ﬁeret

2229 1578 2298 1632 ab
2327 1593 2392 1631 eo
2415 1577 2507 1646 qui
2531 1576 2656 1633 fuit.
2689 1579 2876 1647 Itaque
2896 1578 3074 1633 omnis
3097 1578 3185 1632 illa
3211 1579 3435 1634 tentatio
3453 1588 3669 1648 penitus
3693 1595 3822 1636 eva-

2232 1669 2377 1732 nuit,
2415 1684 2516 1724 nec
2546 1669 2842 1739 quidquam
2867 1668 3172 1737 hujusmodi
3203 1670 3254 1724 in
3282 1685 3339 1725 se
3362 1671 3588 1726 ulterius
3620 1673 3816 1729 sensit.

2306 1758 2393 1814 55.
2427 1758 2653 1814 Ficbant
2678 1770 2938 1829 praetcrea
2960 1762 3030 1815 ab
3052 1761 3314 1816 Anselmo
3332 1763 3565 1831 plurima
3590 1764 3643 1817 in
3671 1765 3820 1819 hunc

2231 1852 2480 1913 modum,
2514 1866 2633 1920 quae
2665 1866 2764 1907 nos
2801 1852 3059 1906 brevitati
3109 1856 3390 1909 studentes
3426 1870 3492 1909 ex
3540 1855 3817 1909 industria

2229 1942 2593 2013 praeterimus.
2618 1943 2850 1998 Silentio
2875 1957 3092 2014 quoque
3118 1945 3394 2014 prseterite
3421 1945 3624 2016 placuit
3656 1946 3820 2000 itum-

2230 2048 2409 2088 meros
2458 2032 2705 2088 homines
2751 2041 2862 2087 tam
2903 2048 3002 2104 per
3051 2033 3325 2089 lavaturas
3369 2051 3625 2089 manuum
3675 2036 3821 2104 ejus,

2229 2137 2391 2193 quam
2424 2137 2520 2192 per
2555 2123 2812 2193 reliquias
2841 2124 3089 2179 ciborum
3117 2124 3235 2195 ejus
3258 2124 3325 2179 de
3353 2134 3476 2180 ante
3502 2125 3650 2179 illum
3674 2126 3817 2181 clam

2229 2226 2296 2268 eo
2339 2213 2670 2278 subtractas,
2695 2228 2725 2266 a
2750 2212 2983 2269 diversis
3019 2214 3394 2285 languoribus,
3435 2216 3529 2270 sed
3577 2218 3823 2272 maxime

2232 2303 2473 2365 febribus
2512 2305 3153 2376 curatos,_dispensante
3181 2307 3294 2362 Deo
3335 2324 3431 2364 sua
3473 2310 3612 2365 dona
3653 2308 3815 2377 juxta

2230 2395 2483 2450 meritum
2527 2395 2650 2450 ﬁdei
2682 2395 3131 2467 uniuscujusque.
3176 2397 3311 2453 Nam
3357 2401 3403 2455 si
3446 2409 3641 2457 cuncta
3693 2417 3821 2472 qua:

2232 2485 2355 2541 inde
2381 2502 2411 2540 a
2444 2476 2811 2544 veracissimis
2838 2488 2971 2544 viris
2998 2490 3307 2560 accepimus
3352 2492 3663 2549 describere
3703 2494 3823 2549 vel-

2229 2576 2421 2644 lemus,
2472 2578 2789 2648 loquacitati
2843 2578 3025 2647 potius
3090 2594 3254 2646 quam
3302 2595 3484 2635 rerum
3537 2592 3815 2651 gestarum

2229 2668 2461 2739 simplici
2498 2669 2798 2724 narrationi
2829 2684 2928 2724 nos
2954 2684 3178 2739 Operam
3209 2669 3342 2724 dare
3378 2670 3460 2741 (ut
3486 2672 3631 2743 reor)
3667 2672 3820 2740 judi-

2229 2761 2344 2813 cari
2390 2773 2692 2829 possemus.
2739 2758 3083 2829 Quapropter
3128 2775 3198 2815 ne
3250 2760 3416 2815 nimis
3461 2760 3679 2832 longum
3731 2766 3818 2817 fa-

2229 2848 2441 2913 ciamus
2462 2848 2836 2919 hujuscemodi
2866 2849 3206 2905 immorando
3226 2892 3241 2916 ,
3273 2850 3392 2907 istis
3420 2852 3660 2919 omissis,
3698 2863 3820 2909 ten-

2228 2937 2422 2993 damus
2445 2939 2513 2993 ad
2557 2938 2684 2994 alia.
2713 2937 2914 2995 Verum
2947 2956 3018 2996 ne
3043 2942 3245 2997 inculta
3271 2943 3449 2999 oratio
3491 2944 3700 3013 prolixa
3732 2948 3820 3002 sui

2228 3030 2637 3085 continuatione
2676 3032 2919 3102 legentes
2960 3048 3057 3088 seu
3097 3036 3381 3090 audientes
3418 3035 3640 3092 fastidio
3683 3054 3822 3109 gra-

2230 3127 2340 3184 vet,
2384 3119 2473 3174 hic
2514 3121 2748 3190 primum
2792 3131 2972 3191 coepto
3005 3126 3157 3193 operi
3203 3125 3492 3180 terminum
3518 3142 3819 3197 ponamus.

2230 3219 2499 3278 quatenus
2526 3211 2633 3266 illis
2673 3227 2794 3281 qua:
2825 3214 3000 3284 magis
3043 3214 3315 3271 delectant
3360 3219 3621 3284 recreati,
3667 3218 3819 3275 aliud

2230 3301 2513 3354 exordium
2528 3303 2808 3370 sequentia
2829 3319 2988 3359 nosse
3006 3304 3245 3361 volentes
3265 3308 3499 3375 expediti
3517 3310 3819 3379 reperiant.

3453 3417 3813 3441 σι’-...ι-

1665 3504 2026 3593 LIBER
2072 3503 2747 3604 SECUNDUS.

1400 3676 1620 3733 GESTA
1659 3675 1728 3731 IN
1770 3672 2408 3732 ARCHIEPISCOPATU
2444 3674 2975 3735 CANTUARIENSI.

1036 3892 1266 3952 CAPUT
1300 3894 1594 3953 PRIMUM.

538 4002 1025 4076 Arcloiepiscopatus
1054 4015 1372 4076 assumptus.
1422 4006 1579 4070 Quies
1614 4006 1903 4061 monastica
1938 4005 2129 4062 dilata.

937 4074 1128 4146 Aliqua
1158 4074 1274 4129 cuin
1302 4092 1419 4146 rege
1440 4077 1716 4131 dissensio.

615 4163 666 4216 I.
689 4163 956 4219 Defuncto
988 4177 1288 4220 memorato
1319 4181 1445 4237 rege
1483 4167 1782 4237 Anglorum
1808 4168 2124 4235 Wilbelmo,

539 4249 864 4308 Wilhelmus
888 4255 1027 4309 (ilius
1054 4255 1169 4322 ejus
1197 4273 1418 4326 regnum
1448 4260 1701 4312 obtinuit.
1761 4260 1883 4326 llic,
1913 4264 2125 4317 sublato

539 4341 605 4394 de
626 4340 730 4395 bac
755 4342 865 4396 vita
892 4344 1184 4398 venerabili
1214 4345 1376 4401 Patre
1405 4346 1734 4416 Lanfranco,
1773 4351 2033 4406 ecclesias
2063 4366 2126 4406 ac

537 4431 872 4484 monasteria
907 4433 1071 4487 totius
1091 4431 1297 4502 Anglice
1324 4435 1474 4503 gravi
1499 4436 1721 4490 nimium
1773 4441 2125 4508 Oppressioue

539 4514 748 4571 atilixit.
775 4517 938 4589 Cujus
967 4523 1331 4591 oppressionis
1360 4539 1501 4578 anno
1521 4537 1714 4595 quarto
1737 4528 2024 4583 Anselmus
2051 4530 2126 4584 in-

538 4605 765 4671 vitatus,
793 4608 904 4662 imo
950 4610 1195 4666 districta
1240 4612 1675 4684 interpellatione
1727 4618 2004 4687 adjuratus
2054 4621 2123 4675 ab

538 4694 763 4764 llugone
789 4696 1063 4754 Cestrensi
1097 4702 1323 4767 comite,
1352 4703 1652 4775 multisque
1684 4706 1806 4763 aliis
1826 4709 2120 4779 Anglorum

537 4784 690 4855 regni
728 4787 1081 4857 principibus,
1108 4792 1199 4860 qui
1243 4807 1365 4847 eum
1396 4795 1698 4852 animarum
1736 4814 1956 4854 suarum
2002 4817 2119 4857 me-

537 4873 717 4930 dicunt
741 4885 795 4931 ct
818 4876 1139 4934 advocatum
1176 4880 1470 4952 elegerant,
1513 4894 1567 4940 et
1593 4887 1814 4958 insuper
1868 4889 2121 4945 Ecclesim

538 4978 651 5018 suae
681 4978 843 5034 prece
884 4975 1047 5036 atque
1099 4980 1370 5041 praecepto
1423 4990 1522 5044 pro
1575 4980 1844 5035 communi
1891 4981 2120 5037 utilitate

537 5064 780 5122 coactus,
810 5057 1059 5127 Angliam
1084 5060 1355 5130 ingressus
1380 5076 1482 5119 est.
1517 5065 1695 5122 Pridie
1727 5070 1889 5138 igitur
1910 5071 2116 5126 Nativi-

2233 3907 2444 3964 gnoque
2470 3895 2641 3965 ipsum
2669 3910 2788 3951 cum
2823 3898 3030 3953 honore
3056 3899 3378 3970 suscipiunt.
3437 3903 3548 3958 ilex
3584 3905 3696 3976 ipse
3718 3914 3818 3952 ³0-

2230 3982 2302 4037 lio
2337 3986 2537 4053 exsilit,
2559 3997 2615 4041 et
2636 3988 2702 4042 ad
2724 3990 2921 4043 ostium
2946 3990 3137 4046 domus
3165 3992 3279 4047 viro
3297 3995 3535 4062 gaudens
3552 4000 3816 4066 occurrit,

2230 4089 2293 4130 ac
2316 4075 2367 4130 in
2392 4076 2578 4131 oscula
2604 4093 2768 4133 ruens
2788 4094 2884 4150 per
2905 4080 3180 4136 dexteram
3207 4100 3328 4138 eum
3356 4087 3422 4141 ad
3453 4089 3631 4142 sedem
3653 4104 3816 4146 suam

2227 4167 2495 4236 perducit.
2521 4168 2839 4235 Consident,
2870 4180 2924 4225 et
2945 4171 3066 4227 laeta
3109 4172 3326 4229 interim
3384 4179 3625 4245 quaadam
3671 4180 3820 4237 inter

2228 4269 2287 4307 se
2311 4255 2469 4310 verba
2502 4259 2845 4325 permiscent.
2876 4258 3075 4317 Deinde
3094 4262 3380 4320 Anselmus
3403 4270 3664 4325 secretius
3686 4287 3813 4326 cum

2228 4358 2354 4411 rege
2376 4354 2595 4399 acturus
2616 4354 2845 4402 caeteros
2879 4350 3137 4405 secedere
3161 4362 3364 4408 monet.
3395 4353 3624 4410 Omissis
3648 4358 3819 4428 igitur

2226 4436 2539 4490 monasterii
2571 4439 2654 4492 sui
2686 4440 2886 4506 causis,
2912 4458 3011 4512 pro
3032 4444 3228 4513 quibus
3256 4448 3492 4502 maxime
3541 4448 3667 4503 illuc
3720 4466 3819 4507 ve-

2226 4523 2369 4578 nisse
2392 4527 2705 4596 putabatur,
2730 4545 2918 4599 regem
2948 4533 3014 4588 de
3045 4535 3127 4589 his
3149 4550 3270 4604 qua:
3297 4535 3437 4591 fama
3470 4538 3536 4592 de
3561 4554 3627 4594 eo
3670 4538 3818 4597 fcre-

2224 4615 2623 4673 batAnselmus
2653 4635 2879 4692 arguere
2902 4625 3087 4694 coepit,
3137 4641 3239 4685 nec
3275 4628 3569 4698 quidquam
3618 4645 3815 4687 eorum

2222 4724 2344 4779 quae
2368 4711 2441 4765 illi
2466 4711 2691 4768 dicenda
2715 4730 2834 4770 esse
2860 4717 3091 4782 sciebat,
3138 4718 3354 4774 silentio
3379 4721 3597 4791 pressit.
3661 4721 3820 4778 Pene

2222 4800 2422 4853 etenim
2454 4801 2618 4857 totius
2667 4804 2814 4869 regni
2864 4805 3111 4860 homines
3157 4822 3347 4861 omnes
3396 4808 3519 4861 talia
3566 4808 3823 4878 quotidie

2222 4904 2364 4943 tiunc
2395 4889 2531 4945 clam
2568 4908 2711 4947 nune
2736 4893 2913 4963 palam
2946 4895 3013 4949 de
3054 4911 3119 4951 eo
3168 4897 3435 4960 dicebant,
3489 4898 3666 4967 qualia
3719 4913 3825 4954 re-

2219 4980 2359 5049 giam
2383 4982 2697 5052 dignitatem
2730 5000 3077 5056 nequaquam
3106 4987 3385 5043 decebant.
3441 4989 3618 5044 Finito
3642 4989 3820 5045 collo-

2219 5071 2345 5139 quio
2371 5073 2525 5127 divisi
2555 5076 2624 5129 ab
2648 5076 2879 5131 invicem
2908 5087 3057 5142 sunt,
3081 5086 3136 5132 et
3160 5080 3227 5133 de
3252 5078 3507 5134 Ecclesia:
3548 5095 3658 5134 suae
3706 5096 3821 5136 ne-

538 5142 667 5195 tatis
693 5143 863 5200 beatae
892 5148 982 5201 Dei
1006 5150 1285 5216 genitricis
1335 5159 1391 5205 et
1436 5164 1713 5224 perpetuze
1738 5158 1962 5228 virginis
2009 5158 2118 5212 Μει-
2144 5151 2194 5209 D
2222 5160 2382 5228 gotiis
2407 5176 2469 5215 ea
2496 5163 2623 5218 vice.
2642 5165 2710 5219 ab
2730 5165 2984 5221 Anselmo
3011 5166 3144 5222 nihil
3168 5177 3346 5221 actum
3375 5176 3478 5224 est.

540 5233 637 5288 ria:
668 5235 1018 5294 Cantuariam
1041 5242 1208 5297 venit.
1256 5243 1355 5299 Ubi
1387 5252 1687 5315 cumquasi
1737 5264 1804 5303 ex
1855 5252 2118 5321 prmsagio

2288 5248 2342 5303 2.
2376 5249 2575 5307 Deinde
2601 5252 2843 5308 Cestram
2876 5256 2942 5310 ad
2966 5258 3218 5312 comitem
3243 5258 3395 5320 abiit,
3441 5274 3505 5312 ac
3538 5258 3585 5312 in
3627 5258 3816 5328 parti-

537 5325 843 5380 I'uturorum
884 5330 1036 5385 multi
1066 5342 1119 5387 et
1149 5335 1398 5389 monachi
1446 5346 1501 5391 et
1547 5336 1668 5395 laici
1722 5341 2121 5399 conclamarent
2216 5341 2318 5395 bus
2345 5341 2448 5397 illis
2469 5344 2664 5415 degere
2689 5362 2786 5416 per
2808 5347 2987 5417 plures
3033 5349 3149 5404 dies
3180 5365 3244 5404 ex
3277 5353 3602 5405 necessitate
3652 5366 3819 5405 com-

538 5413 687 5469 illum
711 5417 1173 5489 archiepiscopum
1197 5423 1330 5491 fore,
1363 5441 1574 5483 summo
1622 5446 1779 5486 mane
1805 5448 1835 5486 a
1863 5432 1980 5488 loco
2008 5434 2118 5489 dis-

538 5503 728 5568 cessit,
769 5519 869 5558 nec
908 5506 1018 5563 ullo
1039 5519 1198 5577 pacto
1235 5514 1581 5583 acquiescere
1608 5520 1932 5588 petentibus,
1965 5531 2023 5576 ut
2043 5524 2115 5579 ibi

538 5591 732 5648 festum
758 5594 1076 5663 celebraret,
1108 5600 1297 5656 voluit.
1329 5605 1572 5661 V'enienti
1605 5618 1786 5663 autem
1826 5613 1876 5665 ei
1906 5610 1970 5665 ad
2017 5629 2112 5666 eu-

539 5679 673 5734 riam
704 5682 867 5752 regis,
903 5685 1190 5754 optimates
1217 5690 1416 5760 quique
1438 5694 1648 5751 alacres
1666 5708 1979 5765 oceurrunt,
1999 5715 2111 5755 ma-

2216 5431 2405 5499 pnlsus
2428 5443 2530 5489 est.
2562 5436 2772 5492 Interea
2816 5454 2913 5493 rex
2968 5439 3289 5496 Wilbelmus
3334 5442 3487 5511 gravi
3540 5441 3819 5512 languore

2216 5523 2506 5593 corripitur
2527 5536 2581 5582 et
2614 5543 2755 5597 pene
2781 5531 2847 5584 ad
2870 5539 3116 5586 extrema
3146 5532 3480 5601 perducitur.
3531 5532 3815 5589 Suadetur

2219 5619 2268 5671 ei
2296 5620 2435 5674 inter
2460 5621 2563 5675 alia
2587 5637 2615 5675 a
2638 5622 2972 5692 principibus
2999 5632 3056 5677 ut
3084 5624 3153 5678 de
3175 5635 3349 5681 matre
3407 5626 3572 5679 totius
3622 5628 3812 5694 regni,

2219 5705 2459 5763 Ecclesia
2492 5709 2741 5765 videlicet
2802 5711 3175 5767 Cantuariensi
3206 5752 3222 5780 ,
3294 5715 3488 5783 cogitet
3536 5712 3628 5786 [(11.
3660 5756 3674 5779 ,
3709 5730 3814 5769 co-
