4068 6286
233 359 295 417 8|.
1199 354 1357 410 VlTA
1390 353 1717 412 AUCTCRE
1753 353 2104 427 EADMERO.
2131 385 2200 395 -—-
2230 354 2354 410 [ΑΒ.
2392 356 2456 410 ll.
2799 381 2809 390 ι
3390 364 3459 422 82

234 470 443 546 git-ast];
473 477 526 526 et
552 484 672 525 eam
728 484 759 523 a
790 469 1018 540 pristina
1070 467 1330 524 viduitate
1364 480 1415 524 et
1457 469 1783 533 calamitate,
1818 475 1858 535 Α
1892 468 2169 522 uariorum
2191 470 2240 523 ei
2266 484 2363 539 pro
2385 468 2605 540 agendis
2636 469 2753 540 [al.,
2785 473 3124 546 peragendis]
3144 476 3460 533 munificen-

230 579 318 634 per
344 561 726 615 institutionem
755 559 1024 629 pontiﬁcis
1079 559 1298 615 relevet.
1350 559 1790 629 Acquiescitille

229 652 456 715 consilio,
480 659 535 706 ct
562 650 877 705 Anselmum
906 650 959 704 in
985 650 1087 705 boc
1113 665 1250 719 opus
1274 648 1391 706 fore
1414 649 1787 719 dignissimum

227 743 542 814 pronuntiat.
564 741 912 796 Acclamatur
944 740 1013 795 ab
1039 741 1325 807 universis,
1354 750 1410 797 et
1436 742 1635 796 dictum
1664 740 1787 814 [a!.,

226 831 468 903 edictum]
509 833 651 901 regis
674 831 856 886 laudat
880 832 1129 887 cleruset
1162 831 1388 900 populus
1433 832 1633 899 omnis,
1691 845 1791 886 nec

224 936 424 981 resonat
449 925 520 980 ibi
554 925 658 980 ulla
689 924 1051 981 contradictio
1072 925 1364 993 cujuslibet
1394 925 1651 980 hominis.
1678 924 1789 978 Au-

223 1016 296 1073 dit
318 1016 429 1071 haec
470 1016 582 1083 ille,
627 1026 684 1072 et
712 1017 828 1074 fere
870 1031 1041 1088 usque
1086 1016 1152 1071 ad
1196 1017 1658 1073 exanimationem
1704 1016 1788 1074 sui

221 1109 552 1177 contradicit,
580 1109 880 1165 reluctatur
907 1118 965 1164 et
985 1108 1202 1165 obsistit
1234 1107 1361 1181 [al.,
1384 1107 1609 1182 obstat].
1643 1107 1788 1163 Prte-

220 1200 351 1256 Valet
377 1209 554 1257 tamen
585 1201 842 1257 Ecclesiae
872 1201 964 1256 Dei
1018 1211 1338 1258 conventus.
1387 1201 1615 1272 Rapitur
1659 1215 1789 1270 ergo

222 1299 276 1346 et
299 1290 562 1345 violenter
608 1292 661 1345 in
693 1291 924 1346 vicinam
971 1290 1258 1347 ecclesiam
1284 1307 1409 1346 cum
1461 1290 1678 1362 hymnis
1733 1298 1790 1346 et

216 1379 452 1435 laudibus
477 1387 721 1450 portatur
768 1380 940 1450 magis
982 1395 1145 1450 quam
1193 1380 1427 1435 ducitur.
1474 1379 1609 1435 Acta
1661 1386 1788 1435 sunt

214 1470 321 1526 haec
348 1487 494 1526 anno
525 1471 816 1527 Dominicae
860 1470 1255 1527 lnearnationis
1303 1471 1495 1527 milles.
1550 1485 1788 1540 nonage-

213 1562 342 1617 simo
372 1563 552 1629 tertio,
582 1563 723 1633 prid.
750 1562 887 1619 Non.
921 1563 1122 1630 Martii,
1148 1563 1320 1634 prima
1352 1563 1627 1618 Duminica
1650 1562 1787 1630 Qua-

213 1651 350 1721 drag.
1648 1675 1651 1679 τ

274 1742 328 1797 3.
357 1742 412 1796 ln
437 1743 791 1813 subsequenti
815 1754 994 1800 autem
1024 1745 1166 1802 festo
1206 1745 1429 1801 Paschtc
1450 1744 1784 1800 Wintoniam

1892 556 1979 610 tia:
2015 572 2125 613 sua:
2153 560 2343 628 gratiis
2374 559 2506 614 dare
2535 561 2727 627 noluit,
2758 570 2813 616 et
2843 563 2914 617 ita
2953 564 3199 634 principe
3246 569 3460 624 turbato

1860 661 1919 713 ,ει
1951 647 2097 700 curia
2121 647 2389 702 discessit.

1961 734 2017 788 5.
2053 736 2285 791 Veniens
2313 748 2491 790 autem
2533 739 2583 791 in
2615 739 2798 793 villam
2832 756 3007 806 suam,
3036 757 3155 811 qua:
3177 742 3347 812 Berga
3374 759 3463 799 vo-

1889 834 2067 891 catur,
2098 827 2364 881 dedicavit
2395 829 2463 882 ibi
2496 829 2780 884 ecclesiam
2830 832 2897 885 ad
2927 834 3239 902 parochiam
3289 838 3459 905 perti-

1890 927 2131 980 nentem,
2161 932 2323 985 quam
2356 917 2573 987 quidem
2606 929 2923 974 autecessor
2976 921 3092 990 ejus
3124 921 3461 979 Lanfrancus

1889 1017 2291 1075 construxerat,
2320 1010 2413 1065 sed
2435 1009 2584 1065 obitu
2629 1020 2933 1079 praeventus
2972 1014 3223 1070 dedicare
3274 1017 3461 1086 nequi-

1888 1106 2061 1154 verat.
2108 1098 2187 1153 Ad
2211 1114 2372 1170 quam
2399 1100 2791 1157 dedicationem
2822 1103 3040 1172 quidam
3062 1105 3291 1161 clericus
3322 1108 3461 1164 inter

1889 1187 2021 1243 alios
2044 1187 2109 1243 de
2134 1187 2409 1244 Londonia
2439 1190 2683 1258 veniens,
2715 1206 2884 1260 seque
2908 1192 3050 1247 inter
3100 1193 3326 1251 clericos
3358 1197 3458 1251 viri

1888 1277 2039 1347 quasi
2067 1278 2134 1333 ad
2163 1279 2702 1334 comministramlum
2730 1282 2974 1348 mittens,
3024 1282 3459 1342 cbrismatorium

1888 1367 2157 1439 pontiﬁcis
2186 1369 2322 1423 clam
2347 1370 2636 1440 subripuit,
2669 1380 2724 1426 et
2766 1372 2818 1426 in
2852 1374 3065 1428 turbam
3128 1390 3337 1431 mersus
3383 1378 3465 1432 fu-

1887 1473 2008 1529 gam
2039 1457 2284 1527 arripuit.
2314 1457 2447 1513 Dum
2474 1460 2637 1531 igitur
2661 1461 2778 1524 iter,
2809 1462 2951 1533 quod
2998 1463 3330 1520 Londonium
3367 1468 3468 1522 du-

1886 1551 1981 1616 cit,
2009 1552 2287 1623 ingressus
2339 1568 2460 1607 cum
2504 1552 2649 1609 furto
2701 1554 2910 1621 fuisset,
2960 1554 3169 1613 reﬂexit
3220 1573 3462 1628 gressum

1862 1634 1994 1698 .non
2017 1654 2308 1700 autumans
2330 1642 2452 1716 [al.,
2503 1661 2748 1715 gressum
2795 1647 3198 1720 autumans...)
3254 1650 3344 1704 sed
3396 1652 3463 1713 ad

1888 1735 2064 1791 locum
2090 1751 2249 1806 quem
2283 1736 2401 1807 [al.,
2445 1735 2573 1809 quo]
2607 1736 2854 1808 fugiebat
2876 1737 3152 1793 festinare.
3206 1738 3310 1794 Sed
3340 1755 3463 1795 eum

210 1831 489 1890 Anselmus
517 1810 751 1902 advenit,
779 1846 836 1892 et
861 1838 914 1892 in
940 1838 1201 1895 suburbio
1249 1841 1489 1895 civitatis
1539 1839 1782 1909 hospita—

1888 1827 2102 1885 rcdiens
2161 1829 2410 1884 adunatae
2460 1829 2632 1899 plebis
2680 1830 3082 1887 multitudinem
3129 1832 3461 1902 reperisset,

210 1931 291 1979 tus
311 1934 415 1980 est.
452 1926 563 1984 Una
599 1927 764 1999 igitur
786 1937 946 1984 nocte
968 1930 1020 1983 in
1045 1938 1185 1985 tecta
1214 1932 1459 1987 suburbii
1489 1947 1585 2000 per
1630 1932 1787 1987 incu-

208 2014 334 2069 riam
372 2016 515 2083 ignis
536 2018 810 2073 dilabitur.
845 2019 981 2086 Quo‘
1008 2028 1314 2085 crescente,
1367 2020 1594 2076 aedilicia
1639 2005 1786 2090 qum;

204 2120 303 2174 que
330 2109 537 2176 passim
566 2111 1044 2166 consumebantur.
1101 2111 1169 2167 Et
1192 2111 1302 2182 jam
1330 2112 1466 2184 ignis
1496 2113 1651 2168 idem-
1687 2113 1785 2169 ho-

203 2196 421 2264 spitium
455 2198 693 2253 Anselmi
717 2210 1138 2268 consumpturus
1159 2242 1174 2264 ,
1213 2202 1421 2257 duabus
1454 2210 1661 2257 tantum
1689 2203 1784 2259 de.

204 2289 375 2345 tuibus
405 2289 765 2358 interpositis,
789 2289 999 2345 aderat.
1030 2290 1361 2358 Quibusdam
1392 2293 1557 2362 igitur
1573 2309 1638 2348 ea
1664 2308 1785 2364 qua:
1824 2342 1835 2347 -

203 2382 249 2437 ia
272 2382 444 2437 domo
474 2391 633 2436 erant
653 2381 1085 2451 asper-tantibus,
1136 2382 1417 2437 interdixit
1443 2384 1659 2439 domina
1683 2386 1782 2440 do-

203 2487 339 2539 nms,
364 2469 646 2525 allirmans
673 2484 732 2525 se
759 2468 910 2524 nullo
947 2468 1108 2525 modo
1151 2469 1254 2525 sibi
1304 2469 1392 2525 vel
1426 2469 1540 2526 suis
1581 2472 1786 2540 aliquid

205 2562 380 2615 damni
413 2560 626 2623 timere,
656 2574 778 2629 qum
811 2566 1019 2613 tantum
1045 2557 1335 2630 hospitem,
1385 2559 1490 2614 hoc
1514 2567 1622 2625 est,
1665 2561 1785 2615 Au—

205 2652 424 2707 selmum
479 2649 945 2718 archiepiscopum
984 2649 1275 2706 meruisset
1326 2663 1510 2705 secum
1557 2649 1783 2705 habere.

205 2740 304 2796 ιντο
330 2739 531 2809 quibus
561 2739 742 2793 verbis
766 2736 1059 2794 Balduinus
1105 2737 1188 2792 vir
1228 2746 1484 2794 strenuus
1512 2746 1567 2792 et
1598 2752 1782 2794 mona-

206 2828 331 2883 chus
362 2826 576 2882 mulieri
604 2841 942 2897 compassus,
971 2826 1143 2882 suasit
1184 2826 1440 2883 Anselmo
1487 2835 1546 2881 ut
1583 2827 1787 2897 hospiti

203 2935 310 2974 sua:
334 2918 669 2975 subveniret.
689 2919 758 2972 At
778 2918 866 2997 ille
890 2936 905 2972 :
935 2937 954 2971 ι
975 2918 1087 2990 Ego
1101 2918 1152 2972 in
1176 2931 1282 2988 qua
1303 2916 1779 2987 re?—Egredere,

209 3010 395 3082 inquit,
421 3020 479 3065 ct
518 3011 730 3080 signum
755 3010 939 3066 crucis
962 3010 1069 3081 igni
1093 3022 1303 3080 oppone
1325 3048 1342 3073 ,
1393 3008 1600 3065 arcebit
1628 3009 1783 3064 illum

1892 1919 2279 1974 animadvertit
2305 1934 2363 1975 se
2386 1921 2624 1990 cupitum
2678 1921 2784 1975 iter
2836 1930 3197 1990 permutasse,
3245 1931 3301 1977 et
3355 1938 3463 1992 qua

1884 2022 2107 2068 venerat
2129 2014 2274 2068 viam
2301 2012 2492 2080 repetit
2514 2011 2640 2084 [al.,
2670 2010 2919 2083 reperit].
2953 2012 3305 2081 Aliquantum
3339 2030 3467 2083 pro-

1822 2112 1833 2121 ’
1884 2112 2146 2171 cesserat,
2180 2115 2234 2158 et
2259 2105 2455 2159 iterum
2483 2105 2655 2158 visum
2685 2112 2772 2159 est
2797 2104 2900 2158 sibi
2952 2118 3016 2159 eo
3069 2103 3295 2157 tendere
3351 2121 3459 2174 quo

1885 2197 2144 2267 fugiebat.
2173 2195 2399 2252 Factmn
2423 2204 2507 2250 est
2535 2196 2635 2250 hoc
2662 2194 3023 2265 frequentius,
3065 2203 3120 2248 et
3168 2209 3312 2247 ttuuc
3359 2195 3460 2249 hac

1884 2302 2030 2342 nunc
2057 2285 2179 2355 illae
2203 2285 2451 2341 nesciens
2476 2298 2583 2354 quo
2624 2283 2727 2337 iret
2750 2297 3010 2337 erroneus
3038 2280 3332 2335 ferebatur.
3359 2280 3460 2334 Po-

1882 2377 2041 2449 pulus
2063 2386 2244 2432 autem
2273 2376 2364 2446 qui
2409 2390 2533 2431 eum
2570 2375 2650 2430 sic
2689 2389 2748 2429 se
2795 2374 3081 2429 habentem
3133 2370 3458 2435 intuebatur,

1885 2468 2141 2536 quidnam
2177 2466 2397 2521 haberet
2427 2466 2746 2520 mirabatur.
2778 2464 2843 2518 At
2864 2464 2950 2518 ubi
2982 2462 3213 2517 ministri
3240 2463 3458 2533 pontiti-

1885 2557 1967 2613 eis
1983 2572 2080 2611 vas
2108 2557 2422 2612 chrismatis
2442 2555 2712 2625 perditum
2753 2569 2875 2609 esse
2906 2562 3297 2623 cognoverunt,
3326 2567 3459 2605 con-

1884 2646 1991 2702 fusi
2027 2656 2086 2702 et
2106 2645 2493 2701 tumultuantes
2516 2644 2843 2708 discurrunt,
2882 2641 3022 2712 quod
3055 2642 3319 2712 perditum
3342 2650 3461 2695 erat

1883 2740 2011 2795 hinc
2035 2739 2157 2794 inde
2189 2745 2454 2808 quaerunt,
2482 2737 2794 2806 ignorantes
2821 2749 2850 2788 a
2881 2748 2989 2804 quo
3015 2732 3098 2788 vel
3129 2732 3217 2786 ubi
3247 2732 3459 2800 idqme-

1882 2844 2004 2885 rere
2024 2837 2174 2885 certo
2191 2828 2440 2884 debeant.
2468 2827 2673 2880 Rumor
2697 2825 2880 2879 damni
2911 2823 3082 2879 fertur
3103 2823 3156 2876 in
3180 2821 3459 2899 populum,

1882 2929 1938 2977 et
1976 2921 2162 2992 opinio
2203 2919 2496 2974 multorum
2553 2918 2699 2973 cadit
2738 2917 2793 2972 in
2840 2930 3129 2972 erroneum
3179 2914 3458 2968 clericum.

1880 3011 2126 3081 Capitur,
2155 3020 2212 3080 et
2239 3011 2339 3066 sub
2369 3024 2537 3080 cappa
2563 3008 2704 3063 illius
2730 3022 2825 3062 vas
2854 3007 3136 3077 abreptum
3166 3004 3456 3059 invenitur.

210 3105 338 3159 forte
359 3106 524 3160 Deus.
547 3123 564 3153 ι
587 3102 917 3171 Respondit:
948 3120 967 3155 ι
989 3103 1094 3158 Pro
1117 3102 1238 3157 me?
1261 3099 1406 3155 Nihil
1419 3110 1504 3156 est
1527 3102 1672 3171 quod
1697 3101 1783 3155 di-
1805 3134 1852 3198 ε
1884 3103 2136 3160 Refertur
2160 3103 2390 3158 antistiti
2417 3101 2557 3173 quod
2586 3109 2765 3157 aetum
2793 3110 2930 3154 erat.
2982 3100 3052 3151 At
3076 3097 3190 3166 ipse
3217 3096 3473 3151 modesto

207 3198 296 3252 cis.
322 3218 340 3250 ι
365 3198 827 3267 Egressustamen
851 3195 1066 3249 domum
1079 3202 1188 3259 est,
1210 3193 1406 3269 timore
1420 3192 1655 3249 incendii
1675 3192 1778 3247 du-

208 3295 340 3350 rtus,
378 3296 432 3341 ct
454 3287 587 3341 visis
607 3284 1007 3340 llatnntantibus
1031 3284 1221 3355 globis,
1250 3298 1283 3338 a
1310 3282 1605 3339 venerabili
1628 3283 1780 3339 Gun-

210 3375 396 3446 dulpho
422 3378 683 3447 episcopo
709 3388 766 3432 et
791 3377 859 3430 ab
886 3376 1075 3431 eodeni
1106 3376 1366 3430 Bahluino
1390 3383 1577 3431 contra
1603 3375 1783 3446 ignem

209 3467 406 3537 signum
433 3468 640 3531 crucis,
690 3476 869 3522 erecta
917 3467 970 3520 in
1017 3467 1185 3521 altum
1215 3466 1429 3531 dextra,
1475 3465 1637 3520 edere
1691 3480 1783 3521 co-

208 3566 346 3612 actus
369 3567 483 3614 est.
509 3557 751 3612 Mirabile
782 3558 949 3610 dictu.
976 3556 1089 3610 Non
1116 3556 1263 3625 prius
1284 3570 1504 3609 manum
1525 3554 1781 3610 extende-

208 3658 302 3714 rat,
331 3665 501 3721 qualn
530 3649 583 3704 in
606 3663 666 3704 se
702 3648 1005 3703 incendium
1030 3647 1352 3716 retorqueri,
1379 3645 1623 3701 ﬂammas
1649 3647 1779 3701 defi-

207 3754 321 3796 cere
338 3756 623 3806 ccrneres,
677 3742 750 3795 ita
802 3748 862 3794 ut
908 3740 1126 3794 domum
1172 3739 1336 3794 etiam
1383 3753 1544 3809 quam
1587 3753 1780 3794 vorare

211 3843 449 3900 cmperau
465 3841 502 3894 ι,
526 3831 840 3885 semiustam
862 3830 1244 3899 relinquerent.
1774 3848 1779 3853 ·

273 3923 323 3975 4.
354 3923 530 3993 lgitur
557 3922 866 3986 Ansehnus,
896 3930 1115 3992 propter
1140 3919 1338 3975 multas
1383 3922 1621 3976 rationes
1661 3935 1780 3989 qua:

212 4010 629 4077 intervenerunt,
663 4013 902 4067 nondum
958 4020 1313 4066 consenserat
1355 4010 1609 4066 cleetioui
1660 4026 1781 4079 quas

215 4102 274 4154 de
297 4120 352 4156 se
390 4104 537 4157 facta
559 4104 736 4157 fuerat
761 4111 822 4156 ut
852 4102 1088 4172 pontifex
1121 4099 1302 4164 fieret;
1355 4102 1448 4154 sed
1478 4108 1657 4154 tamen
1681 4101 1778 4153 de-

219 4189 405 4248 tincnte
430 4192 584 4246 illum
614 4207 738 4263 rege
765 4190 1078 4247 morabatur
1101 4191 1154 4244 in
1183 4189 1394 4260 Anglia,
1420 4198 1781 4245 conversante

217 4298 327 4336 cum
353 4300 415 4340 eo
439 4298 512 4339 ex
534 4285 689 4354 jussu
714 4284 858 4353 regis
901 4281 1126 4353 praefato
1166 4280 1492 4351 Gundulpho
1538 4279 1778 4336 Rolfensi

218 4376 480 4448 episcOpo,
509 4377 634 4432 etei
660 4391 778 4446 quae
805 4391 940 4446 opus
963 4386 1121 4430 erant
1172 4374 1531 4428 ministrante.
1570 4371 1780 4427 Ablatis

1882 3197 2030 3255 vultu
2061 3239 2076 3265 ,
2139 3205 2425 3265 menteque
2471 3194 2759 3265 tranquilla
2808 3193 2989 3246 statim
3029 3189 3190 3258 jussit
3245 3188 3458 3258 culpam

1883 3289 2109 3361 ignosci,
2136 3297 2190 3343 et
2219 3287 2473 3342 clericum
2515 3285 2581 3340 ad
2611 3299 2707 3340 sua
2764 3282 2991 3337 liberum
3039 3279 3255 3335 dimitti.
3307 3278 3459 3331 Tunc

1884 3378 1972 3438 ille
1994 3381 2096 3435 iter
2120 3380 2259 3449 quod
2301 3380 2445 3432 furto
2474 3385 2729 3447 gravatus
2757 3373 3066 3427 nullatenus
3108 3379 3291 3423 tenere
3317 3368 3457 3422 scie-

1881 3469 1993 3534 bat,
2021 3469 2172 3539 liber
2199 3466 2341 3522 illico
2364 3474 2420 3522 et
2443 3464 2578 3519 nihil
2601 3464 2858 3519 haesitans
2910 3462 3188 3531 ingressus
3236 3457 3453 3528 agebat.

1950 3559 2005 3615 6.
2039 3559 2167 3615 Post
2192 3559 2323 3624 lucc,
2361 3554 2551 3627 paucis
2585 3552 2775 3608 diebus
2823 3550 3178 3622 interpositis,
3235 3549 3456 3601 manda-

1884 3663 1973 3709 tur
1995 3651 2062 3707 ad
2097 3650 2301 3705 curiam
2329 3650 2410 3704 ire
2436 3645 2743 3709 Anselmus,
2774 3660 2954 3714 regem
3004 3657 3153 3698 mare
3202 3642 3457 3696 transitu-

1882 3758 2001 3810 rum
2027 3758 2123 3797 sua
2170 3738 2551 3796 benedictione
2598 3744 3006 3808 prosecuturus.
3054 3732 3156 3800 Qui
3197 3733 3457 3787 transitus

1881 3835 2008 3890 dum
2041 3841 2201 3888 vento
2222 3831 2473 3887 obstante
2494 3826 2760 3894 differtur,
2782 3824 3070 3880 Anselmus
3088 3829 3452 3893 opportunum

1880 3940 1939 3979 se
1969 3930 2424 3993 tempus‘nactum
2457 3918 2792 3983 existimans,
2818 3929 2999 3985 regem
3050 3926 3150 3982 pro
3194 3909 3451 3965 ecclesia-

1882 4031 2003 4070 rum
2030 4029 2150 4082 quaa
2176 4014 2242 4066 de
2266 4013 2354 4066 die
2388 4011 2442 4065 in
2470 4010 2613 4063 diem
2638 4005 3054 4063 destruebantur
3100 4001 3449 4063 relevatione,

1884 4117 1984 4169 pro
2005 4101 2327 4155 Christiana:
2373 4097 2507 4166 legis
2536 4110 2656 4163 quae
2698 4095 2752 4147 in
2794 4092 2978 4147 multis
3018 4088 3323 4142 violahatur
3368 4103 3455 4140 re-

1882 4192 2190 4255 novatione,
2213 4205 2310 4259 pro
2337 4188 2670 4242 diversorum
2692 4197 2922 4249 morum,
2946 4179 3035 4250 qui
3061 4179 3112 4233 in
3138 4177 3258 4251 [al.,
3278 4176 3453 4248 omit.]

1881 4279 2027 4336 muni
2079 4278 2269 4332 ordine
2319 4276 2594 4330 hominum
2647 4270 2885 4343 quotidie
2939 4267 3098 4323 nimis
3140 4281 3459 4336 corrumpe-

1879 4373 2096 4435 bantur,
2127 4369 2461 4426 correctione
2488 4365 2651 4434 coepit
2699 4360 3065 4432 interpellare,
3106 4374 3225 4431 quae
3271 4358 3453 4414 omnia

222 4474 385 4522 autem
413 4469 485 4523 de
509 4467 686 4523 medio
733 4466 1033 4520 rationibus
1069 4465 1192 4529 illis,
1246 4464 1458 4518 tandem
1493 4471 1617 4532 post
1662 4462 1779 4517 lon—
1810 4463 1858 4524 ῐ)
1886 4477 2009 4518 cum
2039 4475 2229 4531 magna
2281 4456 2643 4526 indignatione
2685 4450 3000 4522 suscipiens,
3044 4462 3146 4502 nec
3192 4461 3252 4504 se
3292 4461 3453 4501 causa

222 4574 332 4626 gum
363 4560 621 4628 temporis
645 4559 898 4626 spatium,
926 4555 1231 4610 obedientia
1277 4553 1434 4607 simul
1479 4568 1543 4607 ac
1590 4568 1783 4609 neces-

221 4649 365 4704 sitate
390 4649 716 4705 constrictus
743 4647 1038 4710 consensit,
1080 4654 1136 4700 et
1179 4643 1322 4715 prid.
1371 4642 1511 4698 Non.
1567 4642 1781 4697 Decem.

223 4742 388 4797 debito
416 4758 540 4796 cum
568 4742 773 4795 honore
816 4739 885 4793 ab
932 4738 1187 4793 omnibus
1235 4735 1505 4806 episcopis
1554 4735 1781 4804 Anglia,

221 4830 517 4886 Cautuariae
577 4835 925 4885 consecratus
973 4811 1075 4882 est.
1120 4826 1176 4880 ln
1221 4824 1327 4894 qua
1375 4825 1786 4880 consecratione

224 4924 513 4992 evangelica
539 4920 626 4975 illa
658 4918 923 4975 sententia
952 4932 1115 4987 super
1139 4933 1261 4972 eum
1293 4926 1505 4985 reperta
1529 4926 1606 4970 est
1635 4933 1648 4970 :
1683 4915 1787 4970 Vo-

222 5014 340 5065 cavit
372 5012 559 5066 utullus
587 5028 606 5065 :
635 5009 703 5063 Et
722 5009 860 5083 misit
881 5024 1082 5062 serram
1109 5024 1260 5061 suum
1290 5007 1421 5060 hora
1446 5023 1602 5061 came
1616 5007 1785 5061 dicere

222 5099 437 5157 invitatis
465 5111 521 5154 ut
551 5100 802 5163 venirent,
830 5099 953 5168 quia
973 5096 1089 5166 jam
1115 5105 1303 5166 parata
1334 5105 1456 5150 sunt
1478 5097 1676 5149 omnia.
1716 5094 1785 5148 Et

222 5201 469 5260 experitur
494 5188 650 5245 simul
672 5204 848 5242 omnes
879 5202 1128 5241 excusare
1171 5185 1384 5256 (Matth.
1417 5201 1552 5250 χχιι,
1575 5186 1651 5255 '5).
1685 5185 1786 5241 De-

226 5275 339 5334 hinc
363 5295 484 5334 cum
514 5294 573 5335 se
598 5278 768 5349 regali
792 5277 957 5332 curia:
983 5276 1035 5329 in
1060 5274 1353 5329 Nativitatc
1410 5275 1624 5329 Domini
1655 5273 1783 5331 Iesu

225 5377 613 5436 pnesentasset,
638 5376 694 5423 et
721 5365 1017 5422 honorifice
1043 5380 1073 5418 a
1098 5378 1224 5435 rege
1247 5374 1552 5434 susceptus,
1582 5364 1784 5433 primos

225 5461 328 5511 tres
352 5458 469 5513 dies
496 5454 805 5513 festivitatis
828 5454 972 5510 circa
993 5468 1173 5524 regem
1218 5452 1373 5506 lmtus
1421 5451 1543 5523 [al.,
1567 5450 1784 5524 ductus]

224 5549 596 5620 transegisset;
646 5558 808 5620 post,
860 5552 1113 5608 instinctu
1159 5548 1355 5604 diaboli
1402 5548 1787 5619 hominumque

224 5642 478 5698 malorum
511 5652 750 5701 mutatus
774 5651 857 5699 est
879 5644 1090 5699 animus
1120 5640 1263 5711 regis
1300 5646 1488 5693 contra
1529 5652 1674 5705 eum,
1720 5655 1787 5695 eo

221 5734 356 5800 quod
386 5736 439 5805 ip
467 5752 498 5791 c
529 5735 769 5807 spoliatis
802 5734 1109 5790 hominibus
1132 5733 1245 5788 suis
1281 5728 1427 5784 mille
1479 5729 1647 5785 libras
1693 5730 1783 5787 dc-

1887 4551 2030 4606 illius
2059 4550 2347 4620 quidquam
2371 4547 2438 4601 de
2462 4543 2711 4600 omnibus
2734 4550 2980 4596 acturum
3018 4538 3131 4593 fore
3151 4546 3455 4609 protestans

1887 4641 2157 4697 hominem
2194 4638 2487 4700 discedere,
2532 4649 2632 4690 nec
2660 4648 2718 4689 se
2746 4630 3217 4687 transfretaturum
3257 4629 3454 4683 diutius

1888 4732 1961 4787 ibi
1996 4737 2310 4798 exspectare
2340 4727 2509 4780 iratus
2535 4723 2809 4794 praecepit.

1956 4818 2394 4876 7.Considerans
2434 4815 2721 4870 Anselmus
2759 4821 2881 4883 post
2934 4812 3049 4867 haec
3087 4808 3215 4879 quid
3258 4805 3454 4876 quietis

1886 4911 2205 4985 perdiderit,
2231 4907 2362 4978 quid
2383 4905 2586 4961 laboris
2616 4903 2905 4964 invenerit,
2934 4900 3187 4957 anxiatus
3208 4905 3292 4952 est
3337 4895 3452 4985 spi-

1885 4983 2094 5068 ritu,et
2135 4994 2445 5053 vehementi
2507 4993 2690 5050 dolore
2730 4993 2969 5048 attritus.
3019 4986 3259 5043 Ducebat
3307 4983 3451 5038 enim

1884 5100 2012 5149 ante
2041 5089 2226 5147 oculos
2252 5102 2363 5142 suae
2392 5085 2586 5141 mentis
2615 5084 2831 5155 qualem
2863 5083 2915 5137 in
2938 5081 3178 5150 prioratu
3208 5083 3263 5131 et
3284 5074 3452 5130 abba-

1886 5191 1960 5240 tta
1990 5180 2198 5252 positus
2221 5178 2388 5232 vitam
2406 5189 2564 5247 agere
2578 5173 2805 5239 solebat,
2820 5184 2981 5242 quam
2995 5167 3199 5222 scilicet
3213 5165 3452 5236 jucunde

1885 5271 1940 5326 in
1976 5269 2069 5326 Dei
2095 5276 2149 5323 et
2174 5265 2406 5337 proximi
2431 5262 2699 5320 charitate
2741 5256 3051 5330 quiescebat
3098 5271 3164 5311 ac
3210 5254 3447 5311 delecta-
3538 5289 3545 5295 .

1885 5363 2065 5425 batur,
2088 5373 2247 5429 quam
2278 5357 2468 5411 devote
2495 5352 2660 5409 verba
2690 5351 2814 5404 vitae
2837 5347 3061 5417 loquens
3089 5344 3157 5400 ab
3199 5344 3451 5400 omnibus

1886 5452 2225 5516 audiebatur,
2248 5462 2408 5518 quam
2429 5443 2673 5501 devotius
2699 5440 2769 5496 ad
2802 5454 2933 5505 suae,
2960 5446 3021 5491 ut
3047 5436 3318 5507 sperabat,
3348 5450 3449 5491 cu-

1885 5542 2086 5598 mulum
2136 5534 2525 5600 rctributionis,
2573 5546 2695 5602 quae
2738 5529 2967 5594 dicebat,
3017 5541 3180 5597 opere
3226 5539 3459 5581 exerce-

1886 5641 2079 5694 bantur
2110 5655 2124 5691 :
2149 5643 2205 5692 et
2223 5647 2367 5690 nunc
2393 5646 2425 5687 e
2454 5643 2713 5686 converso
2736 5642 2857 5682 cum
2886 5626 2941 5681 in
2964 5624 3157 5680 melius
3184 5638 3286 5694 per
3334 5622 3451 5692 epi-

1886 5738 2162 5802 scopatum
2193 5725 2457 5798 proﬁcere
2484 5722 2752 5793 debuerit,
2781 5734 2907 5781 ecce
2933 5717 3019 5777 die
3070 5730 3136 5774 ac
3179 5724 3339 5774 nocte
3394 5713 3449 5770 in
