4068 6286
494 364 522 390 λη
572 355 642 410 83
1638 347 1693 401 S.
1733 343 2027 399 ANSELMI
2069 339 2423 397 CANI‘UML
2465 335 2781 390 AiiClllEP.
3753 331 3824 390 811

570 473 919 526 smcnlarihns
949 471 1198 525 laborans
1227 469 1441 523 videbat
1488 484 1545 522 se
1594 467 1714 538 [ατη
1746 467 1815 539 si]
1867 482 1966 520 nec
2024 465 2132 518 Deo
2161 467 2206 521 Α
2235 472 2333 522 ret,
2377 460 2622 514 homines
2661 457 2741 512 sui
2782 471 2847 511 ex
2896 455 3217 509 advectione
3257 453 3572 508 vietualinm
3624 453 3823 523 oppido

571 578 673 620 nec
711 563 957 632 proximo
985 561 1275 616 secundum
1310 557 1643 625 Dcntnjuxta
1695 557 1980 626 pristinum
2022 571 2136 610 mo-

571 669 685 707 rem
712 653 992 706 intendere
1039 665 1213 719 posse,
1247 665 1347 703 nec
1374 649 1506 703 adeo
1554 647 1674 719 {al.,
1703 664 1732 700 a
1769 647 1900 718 Deo]
1943 663 2131 716 quem-

566 758 729 812 quam
763 758 825 795 ex
858 756 950 795 ore
974 756 1069 793 suo
1100 740 1320 792 verbum
1346 739 1470 792 vitze
1499 739 1642 806 quod
1697 737 1839 790 facto
1868 737 2133 806 impleret,

569 834 636 887 ad
665 849 794 898 sum,
827 841 883 885 ut
926 831 1226 899 reputabat,
1262 830 1643 884 detrimentum
1699 828 1980 890 mercedis,
2037 844 2135 880 au-

568 923 684 976 dire
714 921 863 973 velle.
899 921 1250 973 Accesserant
1273 919 1389 972 istis
1411 920 1462 971 in
1493 925 1838 985 augmentum
1871 916 1994 970 mali
2031 916 2134 981 sui,

567 1010 810 1065 crudeles
843 1008 964 1080 [al.,
999 1007 1231 1080 crebrat]
1260 998 1478 1061 suorum
1531 1008 1806 1062 hominum
1841 1005 2140 1076 oppressio-

566 1117 662 1154 nes
683 1100 920 1168 quotidie
949 1100 1167 1151 auribus
1191 1100 1307 1168 ejus
1333 1099 1661 1161 insonantes,
1683 1106 1737 1152 et
1765 1098 1925 1151 mina:
1974 1097 2136 1151 mali-

565 1191 844 1258 gnantium
871 1189 1137 1242 deteriora
1195 1189 1245 1241 in
1296 1195 1570 1256 posterum
1620 1186 1984 1256 pollicentium
2033 1187 2136 1240 cir-

563 1293 906 1347 cumqnaque
935 1266 1252 1332 detonantes
1279 1294 1292 1330 :
1320 1277 1594 1332 sciebatur
1610 1277 1974 1350 [al.,sciebat]
1992 1277 2136 1331 enim

569 1368 770 1436 regiam
803 1379 1035 1423 mentem
1061 1377 1248 1422 contra
1280 1383 1401 1421 eum
1447 1372 1496 1420 in
1530 1373 1762 1422 furorem
1808 1368 2137 1422 concitatam

565 1474 714 1520 esse;
754 1469 805 1512 et
833 1461 899 1513 ob
926 1461 1024 1513 hoc
1051 1460 1278 1528 quisque
1302 1459 1474 1514 malus
1505 1460 1724 1514 beatum
1755 1474 1815 1514 se
1859 1457 1978 1513 fore
2020 1472 2142 1514 cre-

569 1550 749 1617 debat,
782 1553 824 1604 si
855 1551 996 1620 quod
1047 1551 1193 1605 illum
1245 1561 1594 1622 exasperaret
1638 1551 1746 1604 ullo
1793 1551 2010 1620 ingenio
2061 1550 2139 1603 fa-

570 1655 693 1695 cere
725 1655 924 1711 posset.
960 1643 1136 1697 Multis
1188 1643 1369 1712 itaque
1423 1659 1487 1697 ac
1533 1643 1760 1696 diversis
1821 1641 2137 1710 iniuriarum

568 1719 816 1797 pr'ncellis
839 1726 1189 1801 fatigabatur,
1226 1741 1278 1786 et
1331 1733 1476 1787 nulla
1535 1732 1735 1786 terreni
1782 1731 2004 1786 honoris
2054 1731 2138 1786 vel

567 1822 835 1875 commodi
883 1822 1149 1877 suavitate
1176 1864 1190 1887 ,
1224 1822 1366 1877 unde
1414 1821 1840 1876 consolationem
1888 1820 2134 1887 haberet,
2170 1802 2212 1856 Β

565 1911 864 1966 fovebatur.

637 2006 690 2060 8.
733 2006 1125 2070 Verum,salva
1153 2005 1205 2060 in
1252 2007 1502 2061 omnibus
1531 2015 1583 2060 et
1619 2005 1687 2060 ad
1744 2019 1932 2060 omnes
1980 2004 2137 2059 inno-

568 2095 744 2149 centia
776 2111 885 2149 sua:
916 2096 1258 2149 conscientiae
1283 2094 1402 2176 Lat,
1435 2095 1782 2149 conscientia:
1827 2109 1937 2149 suae
1988 2094 2138 2163 puri-

567 2183 723 2253 tate],
767 2185 1035 2238 modicum
1066 2186 1372 2253 respirabat
1425 2185 1492 2240 ab
1553 2185 1662 2250 his,
1710 2192 1764 2237 et
1810 2196 2138 2253 magnopere

570 2275 974 2344 censolabatur,
1038 2279 1082 2332 si
1116 2279 1333 2346 quando
1381 2294 1438 2332 se
1468 2279 1855 2332 monachorum
1900 2276 2139 2331 claustro

567 2365 788 2430 inferre,
824 2377 878 2420 et
904 2383 1022 2436 qua:
1060 2367 1329 2423 institutio
1377 2369 1502 2423 vit:e
1556 2369 1794 2438 ipsorum
1825 2370 2134 2438 expetebat,

517 2491 520 2496 -
563 2473 751 2511 coram
778 2459 858 2513 eis
882 2458 1032 2513 effari
1076 2462 1312 2515 valebat.
1373 2460 1523 2527 Quod
1585 2463 1698 2531 ipse
1743 2463 1972 2530 quadam
2018 2463 2138 2518 vice

565 2549 800 2617 capitulo
825 2565 1008 2604 eorum
1033 2552 1350 2620 praasidens,
1377 2561 1431 2606 et
1468 2566 1532 2605 ex
1558 2566 1706 2606 more
1741 2552 1807 2606 de
1831 2551 2134 2621 hujusmodi

564 2635 786 2690 liberius
808 2652 974 2708 agens
998 2677 1014 2702 ,
1071 2623 1282 2694 dicendi
1308 2639 1414 2694 fine
1459 2639 1744 2710 completo,
1783 2639 2015 2710 jucunda
2051 2641 2136 2696 hi-

563 2726 776 2782 laritate
807 2728 1275 2797 alludens,jocosa
1322 2731 1727 2800 comparatione
1759 2731 2010 2795 innotuit,
2055 2731 2136 2785 di.

562 2832 695 2873 cens
725 2838 737 2870 :
778 2822 961 2874 «Sicut
989 2821 1150 2882 bubo,
1181 2823 1306 2875 dmn
1336 2822 1386 2877 in
1419 2836 1650 2875 caverna
1681 2837 1804 2874 cum
1828 2821 1988 2890 pullis
2023 2823 2136 2878 suis

562 2917 666 2969 est,
696 2908 926 2972 laetatur,
949 2919 1004 2964 et
1028 2925 1124 2964 suo
1155 2911 1254 2965 sibi
1283 2911 1441 2966 modo
1487 2912 1622 2964 bene
1675 2919 1785 2974 est;
1842 2912 1966 2965 dum
2005 2927 2136 2967 vero

560 2997 706 3052 inter
732 3014 922 3055 corvos
949 3010 1041 3054 aut
1067 3001 1372 3057 corniculas
1396 3017 1491 3057 seu
1515 3002 1649 3056 alias
1674 3015 1802 3057 aves
1818 3001 1929 3067 det,
1953 3002 2136 3056 incur-

2239 560 2616 619 grmarentur;
2647 557 2699 602 et
2724 547 2938 614 insuper
2959 560 2986 597 a
3012 544 3315 614 praepositis
3363 542 3482 614 [a!.,
3515 541 3822 615 appositis],

2239 655 2297 696 ιιι
2327 657 2468 710 stupe
2495 641 2864 708 contingebat,
2915 637 3097 690 multis
3143 651 3209 690 ex
3255 637 3435 690 causis
3489 636 3731 706 oppressi
3778 637 3822 690 si

2238 751 2395 805 quem
2421 731 2837 802 interpellarent.
2871 742 3142 796 nunquam
3173 736 3495 796 prmsenlem
3540 726 3820 790 haberent;

2241 825 2410 894 magis
2434 839 2497 876 ac
2527 822 2715 891 magis
2741 818 2982 886 oppressi
3020 817 3072 870 in
3107 816 3528 870 destructionem
3580 813 3826 869 funditus

2241 916 2400 969 irent.
2435 913 2590 967 Nullo
2620 922 2796 965 tamen
2823 909 2941 963 loco
2974 907 3054 961 vel
3081 919 3323 976 tempore
3351 906 3469 958 sine
3496 905 3608 959 suis
3639 918 3826 957 mona-

2239 1010 2354 1064 chis
2382 1017 2435 1061 et
2461 1005 2674 1061 clericis
2693 1011 2829 1058 erat.
2865 1001 2957 1056 llis
2987 1002 3252 1055 duntaxat
3295 995 3560 1066 exceptis,
3615 997 3708 1064 qui
3758 995 3825 1048 ad

2239 1113 2360 1152 eum
2391 1111 2457 1150 ex
2489 1094 2715 1149 diversis
2747 1091 2876 1147 locis
2905 1089 3236 1145 conﬂuentes
3266 1101 3390 1140 raro
3417 1086 3661 1139 deerant.
3692 1083 3824 1138 0m-

2240 1204 2335 1242 nes
2361 1186 2558 1241 etenim
2593 1183 2660 1236 ad
2688 1197 2746 1237 se
2774 1182 3050 1236 venientes
3071 1177 3212 1232 dulci
3254 1175 3536 1228 alacritate
3563 1173 3828 1242 suscipie-

2238 1277 2351 1340 bat,
2389 1285 2444 1330 et
2465 1272 2658 1342 cuique
2688 1285 2787 1339 pro
2830 1270 2911 1325 sui
2963 1267 3160 1339 negotii
3215 1264 3476 1335 qualitate
3534 1261 3829 1316 efﬁcaciter

2240 1365 2618 1437 respondebat.
2652 1361 2881 1416 Videres
2919 1358 3183 1427 siquidem
3237 1356 3369 1408 istos
3418 1352 3825 1418 Scripturarum

2239 1456 2522 1514 sententiis
2569 1469 2634 1508 ac
2688 1450 3078 1522 quzestionibus
3130 1445 3397 1501 involutos
3448 1459 3572 1497 mox
3617 1442 3828 1496 ratione

2238 1548 2511 1620 proposita
2541 1547 2608 1601 ab
2629 1560 2695 1600 eo
2727 1544 2921 1605 evolvi,
2964 1543 3096 1596 istos
3124 1541 3176 1595 in
3206 1553 3414 1594 morum
3462 1535 3586 1608 [al.,
3644 1534 3824 1588 mino-

2241 1639 2383 1712 rum]
2409 1637 2736 1694 discretione
2784 1645 3035 1690 nutantes
3079 1649 3185 1687 non
3247 1631 3465 1700 segnius
3517 1627 3823 1693 informari,

2243 1732 2359 1786 illos
2383 1730 2741 1786 necessarium
2783 1742 2960 1781 rerum
2995 1725 3252 1780 tenuitate
3302 1723 3628 1785 laborantes,
3683 1719 3826 1774 datis

2238 1823 2432 1894 quibus
2468 1836 2604 1890 opus
2625 1818 2914 1882 habebant,
2947 1817 3014 1870 ab
3059 1814 3236 1885 inopia
3273 1811 3522 1866 relevari.
3574 1809 3687 1864 Nec
3721 1808 3823 1864 ista

2240 1915 2461 1984 largitas
2504 1910 2839 1967 solummodo
2905 1907 3293 1962 monachorum
3353 1918 3446 1957 seu
3493 1901 3823 1956 clericorum

2237 2005 2516 2076 penuriam
2542 2000 2878 2062 sublevabat,
2919 1999 3012 2052 sed
3041 2001 3123 2051 ‘et
3166 1996 3220 2048 in
3257 2008 3498 2063 quosque
3545 1992 3712 2046 laicos
3759 2006 3823 2045 ea

2238 2094 2543 2164 indigentes
2582 2106 2644 2145 ea
2671 2089 2771 2144 sibi
2819 2087 3088 2142 subveniri
3123 2093 3364 2155 petentes
3397 2098 3492 2153 pro
3547 2097 3724 2152 posse,
3773 2091 3828 2136 et

2238 2195 2618 2252 nonnunquam
2643 2179 2780 2233 ultra
2813 2192 2967 2248 posse
2994 2177 3066 2247 pii
3102 2176 3278 2230 Patris
3300 2174 3652 2230 redundabal.

2308 2274 2395 2332 10.
2429 2272 2653 2340 Quoties
2679 2278 2859 2325 autem
2889 2267 3264 2339 opportunitas
3290 2279 3410 2320 sese
3439 2265 3744 2334 prtebebat,
3770 2264 3824 2318 in

2237 2369 2579 2423 remotiorem
2612 2378 2844 2420 camerae
2889 2376 3002 2415 sua:
3027 2360 3200 2414 locum
3245 2358 3518 2423 secedere,
3571 2355 3826 2425 solusque

2237 2458 2550 2514 coelestibus
2574 2455 2768 2510 studiis
2793 2461 3152 2509 consueverat
3177 2451 3460 2505 inhzerere.
3499 2448 3652 2504 Unde
3697 2449 3821 2503 fidei

2236 2549 2554 2606 Christianae
2587 2546 2702 2601 zelo
2747 2553 3052 2601 commotus
3097 2542 3372 2613 egregium
3418 2549 3475 2595 et
3530 2555 3628 2610 pro
3676 2540 3821 2595 illius

2239 2640 2494 2706 temporis
2518 2646 2656 2692 statu
2681 2635 3138 2706 pernecessarium
3165 2648 3300 2703 opus
3341 2631 3415 2686 De
3436 2630 3815 2684 Incarnotione

2249 2728 2400 2782 Verbi
2427 2727 2747 2797 composuit.
2777 2725 2928 2792 Quod
2951 2739 3087 2794 opus
3109 2722 3384 2792 epistolari
3412 2721 3552 2792 stylo
3575 2721 3824 2799 conscri-

2235 2831 2384 2892 ptum
2415 2861 2432 2886 ,
2479 2818 2772 2874 venerabili
2834 2817 3056 2874 Urbano
3101 2825 3302 2872 sanctae
3353 2816 3510 2870 Rom.
3563 2814 3822 2869 Ecclesiae

2237 2927 2447 2967 summo
2471 2911 2708 2980 pontifici
2740 2909 2960 2973 dicavit.
2985 2909 3297 2963 destinavit.
3363 2907 3517 2975 Quod
3552 2908 3640 2963 ille
3696 2925 3822 2979 gra-

2239 3002 2374 3056 tiose
2404 3000 2728 3070 suscipiens,
2760 3013 2823 3053 ae
2858 2999 3156 3054 invincibili
3183 2999 3426 3054 veritatis
3452 2999 3663 3053 ratione
3689 3000 3820 3054 sub-

562 3099 718 3144 satur
744 3107 806 3146 ac
835 3093 1146 3158 dilaniatur,
1196 3095 1414 3150 omnino
1443 3111 1658 3165 quoque
1704 3094 1806 3152 sibi
1841 3095 1980 3151 male
2021 3103 2127 3162 est;
2159 3132 2206 3195 Ο
2239 3093 2427 3148 nixum
2461 3089 2791 3172 intelligens,
2840 3089 2892 3142 in
2920 3098 3067 3144 tanta
3115 3089 3440 3145 auctoritate
3499 3089 3712 3155 habuit,
3760 3098 3822 3144 ut

562 3180 636 3234 ita
672 3191 728 3234 et
751 3183 901 3236 mihi.
925 3183 1150 3250 Quando
1177 3186 1322 3239 enim
1346 3186 1621 3240 vobiscum
1651 3201 1790 3250 smn,
1819 3187 1954 3241 bene
1999 3186 2130 3240 mihi

560 3282 662 3334 est,
707 3285 761 3328 et
799 3285 950 3344 grata
1007 3292 1071 3331 ac
1119 3278 1407 3348 singularis
1457 3278 1580 3333 vitae
1639 3293 1772 3334 mea:
1814 3278 2128 3334 consolatio.

560 3363 786 3430 Quando
811 3381 960 3432 vero,
994 3377 1232 3423 remotus
1254 3384 1282 3422 a
1307 3369 1480 3434 vobis,
1514 3369 1658 3423 inter
1688 3368 1975 3425 smculares
2002 3385 2134 3424 con-

561 3469 770 3520 versor,
795 3456 920 3511 hinc
957 3457 1082 3513 inde
1108 3459 1380 3514 variarum
1427 3475 1516 3515 me
1546 3476 1834 3515 causarum
1882 3461 2132 3517 incursus

561 3545 884 3613 dilacerant,
915 3558 970 3603 et
993 3565 1112 3618 qua:
1139 3565 1243 3604 non
1295 3566 1418 3605 amo
1447 3552 1725 3606 saecularia
1780 3554 1992 3622 negotia
2042 3569 2133 3608 ve-

561 3646 710 3690 xant.
739 3636 876 3692 Male
906 3639 1067 3709 igitur
1093 3641 1220 3696 mihi
1249 3651 1330 3695 est
1357 3643 1571 3711 quando
1595 3641 1672 3697 sic
1715 3657 1854 3707 sum,
1911 3659 1974 3698 ac
2026 3652 2136 3698 tre-

561 3743 716 3782 mens
745 3729 1068 3798 pertimesco
1099 3747 1165 3785 ne
1188 3747 1364 3786 meum
1395 3731 1696 3800 hujusmodi
1739 3748 1861 3788 esse
1885 3742 2133 3803 procreet

564 3817 803 3874 immane
833 3821 1171 3891 dispendium
1196 3823 1389 3877 anima:
1412 3837 1562 3877 meae.
1587 3842 1606 3874 ι
1639 3824 1719 3878 Ad
1742 3825 1884 3894 quod
1909 3825 2130 3879 verbum

565 3907 694 3961 licet
725 3909 989 3975 alludens,
1022 3920 1076 3964 ut
1108 3911 1237 3974 dixi,
1271 3911 1434 3981 cmpit
1460 3912 1798 3968 amarissime
1820 3899 1954 3968 llens
2004 3915 2134 3968 sub-

561 3998 780 4062 inferre.
802 4010 855 4055 ct
885 4001 959 4055 ait
992 4019 1005 4054 :
1037 4021 1054 4053 ι
1078 4000 1201 4066 Sed,
1227 4004 1761 4072 quwso,misercmini
1778 4006 1899 4071 mei,
1920 4006 2132 4060 misere-

559 4091 690 4144 mini
718 4093 838 4156 mei,
860 4091 1042 4146 saltent
1069 4110 1156 4146 vos
1178 4094 1333 4147 amici
1359 4096 1479 4163 mei,
1525 4097 1646 4167 quia
1671 4113 1856 4150 manus
1917 4097 2132 4152 Domini

559 4183 724 4248 tetigit
753 4199 832 4234 me
858 4183 979 4252 (Job
1009 4201 1120 4250 χιχ,
1154 4184 1266 4255 21).
1293 4203 1311 4235 ι
1353 4184 1488 4250 Quia
1541 4201 1670 4256 ergo
1694 4187 1746 4240 in
1773 4187 1861 4240 tali
1899 4203 2130 4242 convcr-

560 4262 770 4326 satione
815 4288 1138 4342 magnopere
1182 4275 1520 4341 respirabat,
1579 4291 1645 4328 ea
1695 4275 1796 4330 sibi
1850 4278 2130 4333 deficiente

561 4362 800 4432 graviter
845 4365 1170 4432 suspirabat.
1236 4363 1401 4419 Deum
1441 4374 1608 4419 testor
1658 4382 1745 4420 me
1786 4381 1929 4437 saepe
1981 4369 2128 4424 illum

2235 3184 2571 3254 postmodum
2592 3167 2785 3236 contra
2813 3180 3029 3237 Graecos
3055 3182 3110 3236 in
3161 3181 3392 3238 concilio
3419 3180 3638 3235 Barensi
3666 3223 3681 3244 ,
3721 3195 3820 3235 cu-

2228 3274 2316 3346 jus
2341 3289 2438 3329 suo
2474 3273 2592 3327 loco
2617 3273 2820 3326 mentio
2851 3272 2964 3336 fiet,
3001 3273 3281 3344 disputans
3308 3272 3433 3327 inde
3483 3272 3648 3326 robur
3699 3287 3817 3327 suo:

2233 3364 2614 3437 disputationis
2643 3373 2966 3430 assumeret,
3011 3374 3068 3419 et
3089 3380 3251 3434 quam
3294 3363 3617 3418 damnabilis
3654 3362 3821 3416 fuerit

2233 3468 2386 3512 error
2414 3470 2600 3509 eorum
2631 3453 2682 3506 in
2705 3452 2827 3517 hoc,
2861 3455 3003 3524 quod
3032 3453 3296 3524 Spiritum
3343 3463 3586 3508 sanctum
3617 3467 3648 3508 a
3680 3453 3822 3510 Filio

2231 3546 2522 3616 procedere
2547 3548 2830 3616 negabant,
2859 3554 3146 3601 astrueret.

2308 3636 2391 3689 Η.
2425 3634 2534 3689 Sed
2566 3651 2664 3690 nos
2695 3637 2796 3692 ista
2821 3637 3304 3707 praetermittentes
3351 3643 3406 3690 et
3446 3643 3638 3704 emptae
3692 3633 3819 3705 [al.,

2232 3723 2416 3798 certae]
2444 3726 2742 3781 narrationi
2770 3742 2989 3796 operam
3017 3727 3238 3788 dantes;
3259 3725 3504 3781 dicamus
3532 3725 3675 3794 quod
3699 3724 3820 3793 ipse

2231 3816 2519 3872 Anselmus
2544 3818 2612 3872 ad
2641 3817 2985 3874 refectionem
3016 3819 3261 3888 corporis
3301 3819 3514 3882 sedens,
3559 3817 3721 3871 modo
3750 3816 3824 3873 de

2232 3921 2386 3962 sacra
2413 3921 2531 3975 quae
2557 3921 2739 3962 coram
2772 3923 2837 3964 eo
2860 3909 3145 3979 legebatur
3175 3909 3424 3972 lectione,
3478 3908 3704 3962 materia
3736 3907 3824 3963 bo

2232 3998 2429 4068 quendi
2460 4006 2693 4066 sumpta,
2720 4009 3106 4056 convescentes
3146 3999 3489 4066 aedificabat,
3528 3999 3690 4052 modo
3748 4012 3820 4054 ex

2231 4105 2328 4146 sua
2372 4102 2528 4158 parte
2555 4107 2707 4147 sacra
2734 4093 2898 4146 verba
2931 4092 3243 4146 edisserens
3275 4091 3391 4145 loco
3421 4105 3592 4144 sacrae
3623 4089 3821 4144 lectio-

2232 4180 2316 4236 nis
2345 4182 2693 4250 prmsentium
2725 4190 2935 4236 mentes
2971 4181 3292 4246 instruebat,
3325 4180 3488 4234 modo
3513 4181 3578 4233 de
3628 4178 3815 4248 aliqua

2231 4287 2292 4327 re
2317 4273 2432 4327 utili
2457 4274 2539 4328 vel
2567 4274 2872 4328 necessaria
2928 4273 3223 4342 requisitus
3252 4272 3614 4341 requirentem
3669 4269 3822 4340 pari-

2233 4371 2315 4415 ter
2344 4358 2463 4434 [ol.,
2489 4361 2720 4434 partem]
2752 4373 2805 4418 et
2833 4364 3180 4418 coaudientes
3229 4363 3366 4418 mira
3398 4361 3663 4416 suavitate
3689 4363 3818 4414 reti--

561 4451 661 4504 sub
687 4451 929 4505 veritatis
964 4452 1508 4507 testimonioandisse
1537 4461 1948 4522 protestantem,
1987 4459 2128 4526 quod
2165 4465 2207 4519 D
2233 4453 2431 4507 ciebat.
2457 4452 2626 4520 Hujus
2669 4455 2744 4509 rei
2777 4455 3162 4525 cognoscendae
3207 4455 3405 4526 gratia,
3448 4454 3591 4523 quod
3639 4451 3820 4511 levius

557 4539 814 4594 libentius
846 4542 1002 4595 vellet
1026 4543 1077 4595 in
1103 4543 1516 4614 congregatione
1539 4545 1924 4599 monachorum
1974 4545 2128 4615 pueri

559 4630 680 4685 loco
709 4631 850 4684 inter
873 4647 1072 4700 pueros
1098 4633 1197 4687 sub
1221 4634 1368 4704 virga
1402 4636 1645 4704 magistri
1706 4651 1923 4704 pavere,
1965 4652 2128 4707 quam

558 4734 658 4790 per
685 4719 1002 4788 pastoralem
1025 4735 1209 4774 curam
1232 4723 1326 4774 toti
1355 4721 1901 4791 Britannia‘praelatus
1926 4725 1977 4778 in
2001 4740 2130 4780 con-

557 4819 721 4864 ventu
751 4809 1066 4880 populorum
1092 4812 1363 4866 cathedrae
1386 4812 1682 4884 pontificali
1705 4813 2013 4883 praesidere.

627 4899 680 4954 9.
706 4898 869 4954 Forte
892 4899 1031 4954 dicet
1061 4901 1255 4970 aliquis
1293 4916 1307 4956 :
1343 4903 1398 4956 Si
1437 4911 1546 4956 tam
1577 4903 1776 4958 bonum
1806 4905 2128 4976 tamjucun-

567 4989 685 5044 ium
721 5000 838 5044 erat
869 4989 941 5044 illi
977 4990 1222 5046 habitare
1241 5008 1362 5047 cum
1389 4995 1690 5060 monachis,
1714 5010 1812 5050 cur
1852 5012 1955 5052 non
1997 5013 2127 5054 con-

563 5079 711 5132 tinue
735 5080 1012 5135 habitabat
1031 5079 1336 5137 Cantuarite
1356 5099 1477 5138 cum
1503 5085 1648 5139 suis?
1665 5087 1743 5140 Ad
1767 5088 2021 5158 quodch
2038 5107 2050 5141 :
2069 5089 2124 5144 Si

565 5169 667 5222 hoc
691 5171 860 5224 solum
888 5172 986 5226 sibi
1011 5173 1263 5242 possibile
1286 5184 1448 5234 esset,
1474 5190 1669 5245 magno
1709 5191 1768 5231 se
1789 5178 2124 5233 consolatum

562 5268 855 5326 reputaret.
875 5260 978 5314 Sed
1000 5271 1052 5315 et
1074 5263 1174 5318 hoc
1191 5265 1382 5333 partim
1398 5265 1627 5319 remotio
1649 5248 1891 5321 villarum
1905 5283 2124 5323 suarum

559 5349 756 5416 partim
792 5362 916 5402 usus
946 5359 1001 5404 et
1041 5353 1307 5408 institutio
1338 5363 1734 5410 antecessorum
1765 5369 1981 5424 suomm
2025 5357 2119 5430 [αι.

561 5438 708 5491 omit.
732 5453 782 5506 p.
813 5453 870 5491 u.
898 5451 947 5491 e.
974 5438 1009 5492 i.
1037 5457 1086 5494 a.
1112 5441 1205 5513 s.],
1228 5445 1420 5513 partim
1446 5445 1804 5500 numerositas
1824 5445 2123 5512 hominum,

561 5527 677 5582 sine
694 5526 885 5596 quibus
897 5543 1020 5582 eum
1033 5544 1152 5584 esse
1164 5534 1479 5600 pontificalis
1495 5535 1670 5590 honor
1682 5550 1784 5590 non
1800 5537 2033 5601 sinebat,
2049 5537 2122 5593 illi

561 5615 854 5680 adimebat,
879 5631 1109 5687 eumque
1129 5633 1225 5688 per
1245 5622 1396 5680 villas
1420 5639 1548 5681 suas
1570 5625 1650 5681 ire
1669 5639 1734 5681 ac
1758 5625 1888 5682 inibi
1927 5625 2122 5697 degere

562 5703 932 5780 compellebat.
951 5703 1220 5764 Praeterea
1243 5709 1287 5766 si
1307 5711 1650 5772 Cantuariam
1672 5715 1884 5773 assidue
1922 5715 2122 5773 incole-

2232 4545 2465 4598 occurrit
2493 4544 2722 4614 exempli
2774 4561 2937 4601 causa
2980 4562 3145 4601 unum
3199 4547 3500 4614 subjiciam,
3548 4561 3650 4600 non
3705 4561 3819 4615 quo

2233 4631 2341 4687 ulla
2373 4634 2631 4692 doctrina:
2659 4636 2775 4704 ejus
2797 4637 3033 4693 efficacia
3065 4655 3160 4709 per
3179 4639 3283 4694 hoc
3331 4638 3665 4708 designetur,
3715 4639 3817 4694 sed

2233 4728 2290 4773 ut
2314 4721 2366 4775 in
2395 4724 2590 4791 quibus
2621 4725 2798 4795 lingua
2830 4725 2946 4794 ejus
2977 4727 3119 4782 inter
3145 4727 3392 4782 carnales
3437 4726 3625 4796 epulas
3676 4726 3810 4798 [al.,

2231 4799 2510 4883 epistolas]
2553 4814 2756 4869 versari
2782 4815 2937 4868 solita
2970 4814 3150 4882 fuerit,
3191 4815 3459 4886 paulisper
3504 4815 3814 4869 intimetur.

2300 4899 2388 4953 12.
2413 4901 2663 4957 Venit'ad
2686 4917 2809 4957 eum
2833 4906 3064 4973 quadam
3098 4906 3216 4959 vice
3246 4905 3464 4974 quidam
3517 4920 3584 4959 ex
3637 4920 3816 4959 sarcu-

2229 4987 2326 5042 lari
2363 4990 2473 5043 vita
2519 4993 2818 5047 monachus
2873 4992 3070 5059 factus,
3125 4994 3410 5050 consilium
3463 4993 3530 5048 de
3564 4995 3672 5050 vita
3707 5010 3814 5052 sua

2226 5078 2491 5151 flagitans.
2524 5082 2620 5137 llic
2645 5098 2766 5137 cum
2798 5085 2934 5140 alias
2965 5085 3290 5142 familiarius
3314 5089 3363 5142 ci
3412 5089 3626 5144 locutus
3676 5087 3817 5144 [uisc-

2227 5180 2328 5235 set,
2361 5172 2502 5226 inter
2529 5173 2898 5240 prandendum
2955 5179 3356 5246 opportunitate
3402 5181 3603 5248 potitus
3647 5179 3810 5246 dixit,

2227 5262 2348 5330 quia
2380 5278 2500 5317 cum
2529 5277 2588 5318 se
2618 5263 2668 5317 in
2703 5265 2948 5319 szcculari
2984 5268 3090 5320 vita
3122 5277 3350 5335 teneret,
3391 5270 3655 5326 intellexit
3696 5286 3815 5330 non

2225 5364 2431 5407 rectum
2458 5354 2620 5409 fuisse
2639 5355 2742 5410 iter
2764 5372 2920 5411 suum
2941 5360 3194 5429 pergendi
3225 5362 3290 5416 ad
3311 5362 3496 5416 vitam.
3527 5383 3547 5414 ς
3571 5365 3806 5429 Quamc—

2225 5441 2396 5508 brem,
2432 5444 2625 5514 inquit,
2644 5445 2833 5501 relicto
2856 5448 3211 5514 smculo,veni
3241 5451 3306 5505 ad
3333 5452 3579 5506 ordinem
3616 5467 3814 5508 mona-

2224 5531 2472 5595 chorum,
2503 5547 2727 5602 sperans
2749 5548 2834 5588 me
2864 5536 2934 5589 ibi
2965 5550 3123 5605 posse
3148 5539 3655 5606 penitusintendere
3681 5542 3814 5598 vita

2223 5623 2447 5690 perenni
2469 5632 2526 5678 et
2569 5624 2700 5680 Deo.
2742 5624 2880 5682 Ecce
2926 5636 3104 5681 autem
3155 5645 3222 5685 ex
3277 5642 3545 5703 prmeepto
3591 5634 3811 5692 abbatis

2225 5715 2329 5771 mei
2357 5717 2704 5775 saecularibus
2729 5721 2958 5790 negotiis
2986 5721 3233 5794 intendo,
3263 5732 3318 5781 et
3347 5723 3474 5780 dttm
3499 5738 3588 5780 res
3608 5722 3804 5782 Eccle-
