4068 6286
221 339 282 395 85
1176 335 1331 392 VITA
1377 336 1703 394 AUCTORE
1741 338 2090 397 EADMERO.
2125 373 2195 383 -
2228 343 2356 404 LlB.
2398 346 2460 403 ll.
3394 346 3467 410 86

224 450 307 504 sim
324 456 503 503 contra
542 447 831 517 saeculares
879 449 1170 507 defendere
1216 453 1465 524 tuerique
1512 455 1782 519 desidero,
1817 472 1860 530 Α
1888 458 2142 526 querelm,
2173 459 2390 529 placita,
2435 471 2580 519 utes.
2618 460 2894 518 Cttsl02lial
2928 478 3057 538 ergo
3093 466 3308 536 sapiens
3345 483 3466 523 mo-

222 543 420 619 pl:icito,
450 541 619 611 litigo,
649 555 748 596 nec
778 543 908 596 mihi
949 543 1134 599 forsan
1173 560 1380 616 magna:
1425 562 1572 601 cura:
1621 555 1707 601 cst
1736 547 1780 601 si

221 634 300 689 alii
328 636 548 705 perdunt
576 637 628 688 in
655 649 775 690 meo
828 634 1002 690 lucro.
1057 635 1401 707 Quapropter
1457 638 1572 692 fere
1618 653 1784 708 cogor

219 727 506 795 desperare,
536 726 661 780 dum
688 741 751 782 ea
803 742 923 796 quae
962 727 1152 798 reliqui
1184 744 1306 783 cum
1336 738 1412 783 tot
1436 730 1675 800 peccatis
1703 731 1782 784 vi-

218 817 334 887 deor
354 817 752 872 administrare.
780 837 799 869 ι
833 819 911 872 Ad
938 819 1350 875 luccAnselmns
1374 821 1463 874 tali
1481 824 1581 876 snh
1599 837 1783 877 exem-

216 906 293 978 plo
318 907 624 977 respondit:
658 927 676 960 ι
701 907 832 963 Tota
856 909 962 964 vita
990 909 1265 987 hominum
1289 914 1591 983 comparari
1607 922 1783 983 potest

214 995 504 1052 nl0lt‘lllllll0
527 1011 690 1065 super
713 998 1045 1068 praecipitem
1076 999 1298 1055 ﬂuvium
1350 1002 1668 1058 constituto.
1701 1004 1784 1059 Sit
1848 1007 1854 1011 ’

214 1088 360 1161 igitur
383 1088 435 1143 in
465 1089 571 1145 hoc
593 1090 903 1147 molendino
930 1093 997 1147 ad
1031 1109 1250 1148 manum
1276 1094 1518 1152 hominis
1571 1097 1782 1153 molens

212 1178 358 1243 mola,
381 1193 486 1249 qua
518 1180 608 1251 qui
647 1179 856 1235 molunt
879 1182 970 1236 alii
993 1183 1074 1251 sic
1114 1199 1268 1239 suam
1325 1183 1559 1240 farinam
1612 1187 1783 1257 negli-

211 1278 347 1340 gunt,
395 1280 454 1325 ut
511 1278 621 1326 tota
667 1270 988 1328 in'ﬂuvium
1044 1273 1261 1329 labatur
1302 1266 1367 1330 ac
1408 1275 1630 1341 deﬂuat,
1688 1276 1780 1332 alii

210 1370 347 1429 parte
368 1370 583 1417 retenta
608 1372 819 1433 partem
850 1363 903 1419 in
937 1379 1180 1435 prmceps
1213 1365 1292 1421 ire
1330 1366 1538 1433 sinant,
1573 1367 1663 1422 alii
1700 1376 1783 1421 to-

210 1460 307 1507 tam
342 1453 601 1524 colligant
628 1464 791 1526 atque
815 1455 869 1510 in
901 1471 999 1511 sua
1022 1457 1267 1512 custodia
1287 1458 1542 1513 condant.
1581 1457 1781 1514 llorum

206 1544 404 1601 scilicet
424 1547 680 1617 quinihil
709 1547 811 1603 sibi
846 1529 915 1604 d5
935 1530 1115 1604 farina
1157 1549 1417 1618 servavit,
1448 1550 1577 1620 quid
1608 1549 1659 1605 in
1687 1566 1781 1605 ve-

207 1650 348 1705 spere
383 1639 633 1694 comedat
657 1654 765 1694 non
795 1630 1035 1695 habebit.
1065 1639 1165 1709 Qui
1193 1656 1384 1721 parum
1407 1641 1654 1706 retinuit,
1683 1657 1782 1711 pro

200 1727 437 1797 portione
465 1744 563 1786 sua
606 1746 799 1801 parum
840 1732 1101 1788 inveniet.
1158 1731 1260 1801 Qui
1316 1742 1482 1789 totam
1519 1734 1776 1807 collegit,

205 1819 337 1890 large
360 1838 420 1878 se
445 1839 670 1893 pascere
705 1826 925 1895 poterit.

267 1914 347 1968 15.
415 1934 434 1966 ι
468 1916 653 1986 Itaque
699 1918 1006 1975 molendino
1036 1921 1387 1988 assimiletnr,
1417 1929 1471 1975 ut
1500 1920 1632 1986 dixi,
1665 1921 1773 1975 vita

202 2004 501 2074 hominum;
535 2009 689 2064 mola:
717 2020 872 2066 actus
899 2027 1108 2069 eorum.
1138 2013 1275 2068 Nam
1304 2014 1443 2070 sicut
1465 2012 1627 2080 mola,
1650 2013 1775 2067 dum

199 2095 388 2166 aliquid
431 2098 603 2164 molit,
637 2099 688 2155 in
739 2101 969 2161 circuitu
1015 2104 1256 2171 ducitur,
1300 2115 1360 2160 et
1404 2105 1774 2161 circumducta

199 2188 346 2243 simili
381 2206 546 2247 cursu
595 2208 741 2264 saepe
782 2195 1093 2264 reducitur;
1143 2198 1222 2253 sic
1266 2206 1320 2253 et
1367 2205 1522 2252 actus
1551 2197 1774 2252 humani

194 2279 493 2349 quibusque
537 2282 871 2351 temporibus
938 2284 993 2338 in
1045 2299 1104 2339 se
1172 2294 1540 2346 revertuntur.
1616 2285 1775 2341 Verli

197 2370 420 2438 gratiae
456 2371 632 2426 Arant
655 2371 923 2437 homines,
950 2374 1247 2441 seminant,
1285 2384 1516 2440 metunt,
1543 2374 1773 2439 molunt,

198 2462 507 2530 pauiticant,
539 2463 850 2518 comedunt.
877 2462 953 2518 En
977 2462 1265 2520 circuitum
1292 2479 1448 2519 suum
1474 2465 1613 2520 mola
1654 2480 1776 2534 per-

197 2554 315 2622 egit.
389 2551 618 2608 Ultraue
699 2554 973 2624 quiescit?
1046 2554 1422 2627 Nequaquam.
1495 2556 1783 2626 Repetitur.

197 2646 327 2699 enim
352 2646 613 2716 idipsum.
648 2648 873 2714 Aratur,
905 2649 1227 2717 seminatur,
1258 2650 1497 2714 metitur,
1532 2650 1773 2718 molitur,

201 2735 253 2788 lit
280 2737 433 2805 panis
454 2745 509 2792 et
532 2738 851 2794 comeditur.
876 2740 1000 2796 Ilaec
1026 2740 1163 2797 ﬁunt
1186 2740 1334 2796 omni
1357 2755 1522 2808 anno,
1544 2750 1601 2796 et
1625 2756 1776 2797 more

202 2829 344 2883 tuolze
373 2837 665 2885 recurrunt
699 2829 754 2885 in
804 2830 1060 2900 idipsum.
1100 2830 1300 2888 Videas
1328 2847 1460 2903 ergo
1497 2831 1774 2890 hominem

204 2927 381 2972 cuneta
406 2932 574 2987 opera
616 2933 714 2974 sua
762 2935 861 2991 pro
890 2930 1107 2977 terreno
1149 2923 1435 2979 commodo
1461 2921 1770 2992 facientem,

206 3008 325 3062 nihil
368 3010 421 3064 in
457 3009 543 3067 eis
585 3012 688 3068 nisi
742 3013 1119 3069 transitorium
1170 3014 1301 3086 quid
1348 3014 1770 3073 desiderantem.

208 3095 299 3152 ite
323 3098 591 3168 siquidem
635 3100 790 3158 molit
813 3117 940 3173 quia
967 3111 1262 3173 operatur;
1309 3103 1413 3161 sed
1443 3112 1554 3160 tota
1597 3104 1770 3160 farina

207 3201 312 3253 sua,
344 3165 433 3258 qui
471 3188 686 3246 fructus
721 3199 805 3248 est
826 3165 1026 3262 operis,
1054 3165 1322 3260 ﬂuvio,'id
1337 3204 1420 3252 est
1445 3211 1477 3251 a
1505 3194 1649 3251 ﬂuxu
1673 3212 1773 3252 sae-
1801 3165 1845 3226 Ο

208 3279 389 3336 calaris
417 3282 677 3339 desiderii
729 3285 938 3356 rapitur
972 3301 1037 3343 ac
1079 3287 1469 3358 praecipitatur.
1522 3286 1622 3343 Hic
1650 3302 1774 3344 cum

209 3370 255 3424 in
296 3372 394 3427 line
422 3373 550 3429 vitm
593 3389 706 3430 sum
757 3376 1127 3433 molendinum
1173 3393 1446 3450 egressus,
1503 3388 1668 3450 atque
1718 3380 1773 3435 in

206 3464 404 3522 domum
424 3482 585 3522 suam
611 3480 1125 3545 reversus,operum
1146 3486 1368 3526 suorum
1394 3471 1604 3528 Γτιιειιιε
1625 3487 1777 3527 man-

206 3554 385 3612 ducare
415 3558 683 3625 voluerit,
716 3560 852 3615 nihil
881 3560 1141 3626 inveniet.
1174 3576 1243 3617 eo
1271 3562 1415 3633 quod
1438 3561 1633 3620 ﬂuvius
1662 3571 1775 3619 tor-

205 3659 313 3700 rens
342 3658 520 3703 totum
550 3650 854 3706 absorbuit.
888 3651 1165 3722 Jejunabit
1191 3668 1343 3723 ergo,
1375 3669 1456 3709 vae
1495 3655 1693 3710 misero
1722 3655 1776 3711 in

203 3748 441 3798 (uernum
461 3783 474 3797 .
499 3743 593 3798 Est
611 3743 749 3799 alius
771 3748 862 3815 qui
893 3761 1045 3801 suam
1067 3762 1172 3802 non
1195 3747 1525 3802 omnimodis
1547 3746 1775 3803 farinam

206 3836 381 3900 perdit,
404 3833 669 3903 quoniam
698 3850 839 3890 nunc
864 3835 1100 3906 aliquam
1124 3852 1222 3904 pro
1249 3837 1358 3892 Deo
1375 3837 1775 3910 eelemosynam

207 3920 335 3987 facit,
362 3937 512 3980 nam:
547 3922 613 3976 ad
642 3923 926 3979 ecclesiam
957 3940 1056 3994 pro
1077 3925 1169 3980 Dei
1194 3927 1418 3983 servitio
1439 3929 1603 3996 vadit,
1632 3944 1778 3986 nunc

208 4009 461 4069 infirmum
492 4014 698 4083 visitet,
731 4030 875 4069 nunc
920 4026 1195 4071 mortuum
1243 4019 1456 4088 sepelit.
1487 4027 1543 4074 et
1569 4019 1689 4075 aliis
1720 4020 1775 4075 in

209 4101 335 4159 hunc
360 4107 581 4164 modum
614 4108 770 4164 bonis
791 4106 1045 4164 intendit.
1078 4108 1277 4163 Verum
1305 4124 1428 4163 cum
1460 4109 1507 4163 is
1529 4109 1646 4178 ipse
1678 4124 1775 4163 vo-

211 4192 488 4265 luptatibus
501 4201 682 4256 carnis
698 4199 950 4268 inservit,
970 4215 1068 4270 pro
1089 4198 1235 4253 illata
1263 4199 1460 4270 injuria
1482 4214 1580 4269 per
1594 4199 1776 4254 odium

212 4290 365 4354 sevit,
400 4293 659 4349 humanis
687 4294 938 4351 laudibus
965 4293 1234 4366 pascitur.
1261 4291 1481 4362 crapula
1508 4300 1564 4347 et
1600 4291 1779 4347 ebrie-

215 4383 309 4433 tate
327 4382 557 4451 sopitur,
583 4383 886 4454 horumque
927 4381 1198 4441 similibus
1225 4390 1537 4449 enervatur,
1586 4396 1654 4437 ne
1691 4380 1775 4435 fa-

214 4468 331 4524 rium
354 4488 480 4542 pars
515 4476 748 4528 maxima
776 4484 980 4545 pereat,
1025 4464 1372 4545 nequaquam
1407 4479 1601 4526 cautus
1641 4469 1773 4525 invi-
1808 4497 1856 4552 Β

214 4556 345 4627 gilat.
379 4562 519 4629 Quid
548 4562 617 4618 de
648 4563 752 4618 isto
779 4565 885 4619 erit
912 4565 966 4620 in
1009 4563 1215 4631 futuro,
1267 4562 1369 4619 nisi
1400 4562 1526 4631 quia
1557 4560 1781 4631 recipiet

215 4661 355 4717 prout
379 4654 549 4724 gessit
563 4655 587 4708 ?

275 4741 355 4797 lt.
389 4763 407 4796 ι
433 4743 556 4799 Jam
580 4746 797 4801 tertium
819 4762 991 4817 genus
1009 4748 1062 4803 in
1084 4747 1274 4803 ordine
1289 4743 1779 4802 monac-hornmat-

218 4834 373 4890 tende.
414 4837 516 4892 Est
547 4838 712 4908 igitur
741 4840 1022 4895 nonachus
1054 4839 1154 4894 sub
1193 4830 1407 4894 abbatis
1438 4838 1518 4893 sui
1550 4833 1782 4909 imperio

217 4924 420 4991 positus,
452 4929 821 4983 obedientiam
854 4929 906 4983 in
938 4930 1190 4986 omnibus
1211 4919 1331 4998 quze
1358 4930 1460 4984 sibi
1481 4927 1778 4984 secundum

216 5009 738 5087 Deuminjunguntur
769 5019 1062 5089 professus,
1097 5034 1193 5074 sua
1232 5011 1495 5089 quantum
1526 5019 1580 5072 in
1602 5034 1662 5074 se
1696 5030 1782 5074 est

216 5104 473 5164 voluntate
521 5125 798 5180 nunquam
851 5111 1086 5165 claustra
1117 5110 1429 5166 monasterii
1460 5124 1558 5179 pro
1587 5109 1780 5179 qneris

217 5197 443 5254 saeculari
490 5201 709 5272 negotio
750 5202 932 5272 egredi
957 5196 1159 5256 volens.
1192 5200 1327 5255 lluic
1353 5201 1490 5253 forte
1532 5199 1780 5270 praecipi—

219 5293 296 5339 tur
320 5299 376 5344 ut
413 5299 568 5346 extra
613 5292 907 5348 claustrum
966 5297 1034 5348 ad
1085 5288 1491 5345 custodiendam
1541 5288 1778 5358 aliquam

218 5375 458 5437 Ecclesia:
489 5383 669 5437 villam
693 5392 806 5438 eat.
836 5383 1071 5438 Excusat
1095 5396 1176 5447 se,
1207 5390 1259 5437 et
1287 5396 1354 5436 ne
1387 5381 1480 5433 fiat
1503 5379 1777 5434 obsecrat.

217 5465 415 5528 Perstat
445 5476 613 5531 abbas
639 5477 690 5530 in
741 5476 1010 5531 sententia
1047 5490 1168 5541 sua,
1200 5483 1255 5529 et
1276 5488 1371 5543 per
1411 5472 1780 5527 obedientiam

213 5557 351 5629 iubet
405 5568 587 5638 peragi
629 5569 912 5637 imperata.
962 5566 1078 5621 Non
1131 5566 1339 5621 audens
1391 5565 1493 5620 ille
1528 5578 1782 5620 recusare

218 5649 331 5721 Μ..
358 5658 666 5732 excusare],
692 5671 867 5729 paret.
901 5657 1039 5712 Ecce
1068 5660 1213 5713 venit
1242 5657 1308 5711 ad
1337 5657 1557 5720 molam,
1592 5671 1781 5711 neces-

215 5742 353 5800 ω’ὶο
400 5745 549 5803 illum
610 5748 812 5805 molere
854 5756 1088 5818 oportet.
1129 5746 1417 5817 [insurgunt
1469 5746 1597 5803 hinc
1642 5745 1778 5802 inde

1884 550 2089 605 nachus
2119 549 2347 607 farinam
2376 570 2554 621 suam,
2586 571 2814 626 eamque
2844 556 2894 611 in
2921 573 3015 612 vas
3041 574 3197 613 suum
3230 558 3465 631 diligen-

1886 647 1968 694 ter
2018 641 2264 710 recipiat,
2309 657 2377 696 ne
2429 645 2482 698 in
2538 644 2759 700 ﬂuvium
2813 645 3031 702 deﬂuat.
3077 649 3217 715 Quo,
3264 652 3464 720 inquis,

1882 733 2079 802 pacto?
2104 732 2245 788 Nihil
2287 749 2386 805 per
2409 735 2620 791 inanem
2642 740 2958 808 jactautiam
2990 751 3134 811 agat,
3160 743 3292 797 nihil
3323 745 3464 813 quod

1884 821 2028 877 Dens
2056 823 2306 893 prohibet
2353 823 2641 898 cujuslibet
2695 827 2828 882 lucri
2887 818 3059 900 gratia
3094 831 3275 886 faciat.
3320 833 3467 888 Obe-

1884 914 2101 970 dientia:
2131 931 2251 987 quae
2285 916 2390 971 sibi
2436 916 2676 985 iniuncta
2711 928 2789 974 est
2833 920 2904 974 ita
2936 922 3171 990 studeat,
3206 932 3263 977 ut
3292 934 3346 978 et
3378 939 3465 980 res

1884 1006 2139 1063 Ecclesim
2164 1017 2352 1063 contra
2385 1024 2574 1065 omnes
2620 1009 2855 1066 viriliter
2872 1010 3129 1083 justeque
3171 1022 3382 1069 tueatur
3410 1024 3465 1071 et

1883 1108 2152 1172 protegat,
2181 1100 2325 1156 etde
2367 1101 2545 1156 alieno
2575 1116 2670 1173 per
2698 1102 3013 1174 iniustitiam
3044 1106 3146 1160 sub
3167 1105 3463 1161 dominium

1884 1190 2141 1247 Ecclesia:
2185 1190 2317 1246 nihil
2371 1193 2617 1263 redigere
2664 1202 2889 1265 satagat.
2948 1193 3004 1250 Si
3058 1194 3112 1248 in
3157 1193 3464 1263 huiusmodi

1884 1292 2240 1338 conversatur
2275 1291 2330 1338 et
2358 1283 2512 1351 vivit,
2539 1284 2787 1354 quamvis
2825 1284 3114 1356 aliquando
3141 1301 3240 1355 pro
3269 1286 3466 1342 talibus

1883 1374 2082 1429 missas
2126 1374 2335 1445 perdat,
2381 1390 2771 1445 nonnunquam
2800 1375 3073 1447 loquatur,
3113 1391 3237 1431 cum
3266 1375 3466 1432 fratres

1885 1464 1939 1519 in
1977 1464 2216 1521 claustro
2258 1473 2456 1533 tacent,
2492 1474 2545 1520 et
2575 1466 2824 1536 qnmdam
2854 1466 3050 1521 similia
3075 1467 3268 1521 horum
3299 1466 3466 1521 faciat

1883 1552 1966 1607 vel
2007 1552 2266 1618 dimittat,
2316 1568 2435 1623 qua:
2482 1553 2580 1624 ipsi
2627 1548 2728 1610 nec
2776 1554 2982 1609 faciunt
3006 1568 3105 1609 nec
3154 1553 3463 1619 dimittunt;

1884 1644 2206 1701 Obedientia:
2226 1645 2421 1711 virtus,
2445 1661 2608 1716 quam
2637 1657 2878 1713 exercet,
2913 1647 3027 1703 haec
3053 1655 3247 1703 cuncta
3272 1662 3466 1702 consu-

1886 1738 2013 1803 mit;
2071 1746 2125 1792 et
2166 1753 2264 1793 vas
2304 1754 2461 1792 suum
2507 1739 2775 1809 integrum
2824 1752 3068 1804 servans,
3117 1738 3347 1794 farinam
3398 1739 3466 1796 de

1813 1825 1856 1880 Β
1881 1843 1976 1882 sua
2010 1826 2148 1882 mola
2190 1827 2467 1896 ﬂuentem,
2498 1844 2619 1898 quae
2664 1828 2812 1884 illum
2864 1830 3197 1885 mternaliter
3253 1840 3463 1902 pascat,

1879 1927 2046 1973 totam
2082 1933 2147 1973 ac
2179 1934 2366 1989 puram
2396 1918 2601 1989 colligit
2643 1926 2805 1989 atque
2846 1921 3111 1975 recondit.
3146 1919 3262 1976 Non
3312 1924 3457 1977 enim

1877 2010 2174 2075 secundum
2228 2024 2447 2064 carnem
2501 2007 2935 2064 sed‘secundum
2979 2008 3343 2064 obedientiam
3384 2011 3466 2065 in-

1875 2101 2049 2163 cedit;
2077 2116 2140 2156 ac
2166 2114 2260 2170 per
2283 2101 2403 2169 hoc,
2429 2108 2483 2154 ιιι
2506 2098 2797 2168 Apostolus
2819 2099 2914 2166 ait,
2947 2098 3079 2153 nihil
3102 2098 3467 2156 damnationis

1878 2192 1952 2246 illi
1983 2190 2282 2263 erit(Rom.
2306 2207 2426 2252 VIII,
2463 2192 2539 2262 1).
2578 2210 2598 2243 ι
2742 2228 2747 2233 .
2782 2223 2787 2227 «
2925 2227 2935 2235 .
3270 2200 3273 2203 ·
3370 2179 3375 2185 ’

1951 2280 2037 2335 15.
2071 2300 2090 2331 ι
2121 2281 2184 2335 Ει
2210 2282 2338 2351 quid
2362 2283 2428 2337 de
2452 2280 2542 2337 illo
2566 2280 2909 2343 sentiendum
2939 2289 3043 2349 est,
3069 2281 3267 2353 inquit,
3294 2283 3384 2354 qui
3408 2299 3468 2341 se

1876 2369 2024 2423 ultro
2052 2370 2121 2425 ad
2152 2371 2557 2441 dispositionem
2609 2372 2857 2427 villarum
2899 2371 3056 2428 offert
3088 2391 3101 2427 :
3133 2383 3295 2444 atque
3323 2384 3382 2429 ut
3412 2375 3467 2435 id

1875 2459 2020 2526 quod
2040 2459 2190 2528 cupit
2210 2460 2275 2511 ad
2296 2458 2546 2514 eﬂ‘ectum
2571 2461 2873 2530 perveniat,
2900 2461 3038 2516 clam
3056 2463 3162 2517 sibi
3189 2462 3467 2533 adjutores

1877 2547 2003 2619 [ul.,
2037 2548 2336 2620 auditores}
2371 2551 2621 2617 advocat,
2646 2566 2871 2606 munera
2906 2551 3213 2623 pollicetur,
3239 2556 3479 2624 gratiam.

1876 2638 2137 2710 spondet?
2156 2658 2174 2691 ι
2200 2637 2415 2693 Refert:
2434 2658 2453 2691 ι
2478 2639 2619 2695 Nihil
2648 2642 2749 2697 hoe
2769 2643 2835 2697 ad
2862 2644 3200 2713 propositum
3216 2646 3467 2701 monachi

1874 2730 2129 2799 pertinet.
2152 2749 2171 2783 ι
2194 2726 2287 2785 Ait
2311 2747 2325 2785 :
2356 2750 2375 2784 ι
2394 2730 2806 2800 Quare‘lNonne
2818 2734 2907 2789 hic
2929 2734 3303 2791 talislieethoc
3318 2736 3466 2806 quod

1875 2821 1986 2876 dixi
2014 2821 2216 2892 cupiat,
2241 2831 2422 2878 tamen
2483 2823 2604 2880 sine
2630 2823 2848 2880 licentia
2903 2826 2987 2880 sui
3045 2826 3251 2897 praelati
3284 2827 3356 2881 nil
3387 2826 3470 2881 fa-

1874 2927 2001 2968 cere
2028 2912 2233 2968 tentati
2269 2932 2288 2965 ι
2322 2912 2621 2985 Respondit
2651 2928 2666 2968 :
2711 2932 2730 2965 ι
2754 2913 2998 2970 Licentia
3018 2915 3462 2985 ,multos‘decipit.

1876 2999 2201 3059 Obedientia
2254 3003 2403 3058 enim
2451 3013 2506 3059 et
2552 3003 2919 3059 inobedientia
2970 3005 3246 3060 contraria
3317 3016 3466 3063 sunt.

1876 3092 2078 3147 llarum
2111 3095 2289 3150 media
2322 3095 2553 3152 licentia.
2573 3103 2675 3150 est.
2708 3095 2759 3150 Is
2784 3095 2948 3167 igitur
2969 3110 3130 3165 quem
3153 3098 3466 3152 Obedientia

1876 3199 1985 3239 non
2034 3184 2363 3257 constringit
2411 3185 2650 3241 claustra
2710 3188 3027 3242 monasterii
3080 3187 3285 3261 egredi.
3350 3188 3485 3247 vult.

1879 3284 2061 3331 tamen
2093 3277 2264 3346 exire,
2311 3278 2620 3349 regulaeque
2668 3279 3067 3334 districtionom
3109 3274 3337 3334 licenter
3367 3279 3463 3332 do-

1877 3364 2102 3431 clinare,
2130 3366 2382 3436 quamvis
2426 3366 2563 3421 nolit
2601 3366 2721 3422 sine
2755 3366 2977 3421 licentia
3029 3367 3080 3422 id
3116 3367 3465 3437 praesumere,

1877 3464 1928 3512 et
1960 3457 2162 3512 idcirco
2198 3468 2377 3512 actum
2422 3473 2581 3513 suum
2640 3458 2856 3513 licentia
2901 3474 3007 3529 qua
3060 3459 3250 3513 nititur
3295 3461 3469 3529 possit

1879 3548 2197 3614 defendere,
2232 3557 2515 3620 peccatum
2549 3559 2727 3605 tamen
2774 3550 2937 3606 habet
2964 3566 3030 3606 ex
3066 3549 3252 3606 illicita
3279 3550 3469 3606 volun-

1881 3649 2012 3696 tate.
2041 3640 2152 3697 Nec
2178 3640 2324 3705 enim
2352 3650 2639 3712 postquam
2666 3652 2914 3697 mortuus
2937 3641 3137 3698 mundo
3169 3641 3464 3697 claustrum

1877 3732 2067 3796 subiit,
2100 3732 2167 3787 ad
2202 3731 2386 3785 mundi
2418 3732 2632 3803 negotia
2661 3732 2751 3788 vel
2782 3733 3058 3788 voluntate
3084 3733 3356 3789 ullatenus
3382 3749 3467 3789 rc-

1879 3821 1995 3878 dire
2014 3822 2217 3877 debuit.
2257 3820 2393 3888 Quia
2438 3830 2616 3876 tamen
2654 3821 2828 3892 ipsum
2869 3823 3010 3878 velle
3057 3839 3212 3878 suum
3247 3824 3464 3878 nonnisi

1878 3910 2178 3983 permissus
2210 3910 2353 3966 facto
2386 3910 2613 3981 implere
2655 3912 2850 3977 voluit,
2872 3913 3178 3967 obedientia
3205 3928 3367 3980 quam
3408 3913 3463 3965 in

1879 4002 1983 4056 hoc
2019 4001 2357 4070 amplexatus
2383 4010 2492 4065 est,
2544 4001 2720 4071 ipsum
2770 4000 2973 4055 factum
3023 4000 3336 4061 excusabit;
3368 4001 3463 4054 sed

1879 4092 2016 4146 velle
2041 4091 2188 4160 quod
2217 4099 2405 4144 contra
2435 4089 2803 4144 obedientiam
2829 4089 3038 4153 habuit,
3064 4087 3427 4158 periculosum
3444 4128 3463 4153 ,Α

1879 4181 1982 4236 nisi
2006 4178 2341 4251 paenituerit,
2377 4179 2450 4232 illi
2477 4179 2603 4234 erit.
2630 4178 2783 4246 Quod
2814 4178 3056 4255 nonnulli
3083 4179 3262 4234 minus
3287 4188 3468 4235 atten-

1881 4274 2093 4337 dentes,
2125 4270 2368 4336 licentia,
2410 4285 2574 4341 quam
2614 4285 2713 4341 pro
2747 4268 3017 4341 implenda
3062 4270 3338 4329 voluntate
3365 4287 3483 4333 Sita,

1878 4374 2159 4438 expetunt,
2187 4378 2328 4433 saepe
2350 4362 2635 4418 falluntur.
2660 4381 2679 4416 ι

1954 4458 2039 4513 16.
2085 4456 2232 4523 Haec,
2267 4464 2323 4510 ut
2368 4455 2504 4521 dixi,
2549 4470 2657 4510 non
2698 4470 2797 4526 pro
2825 4454 3164 4510 ostendenda
3203 4454 3464 4511 doctrinae

1882 4566 1997 4605 suae
2043 4548 2306 4619 qualitate
2349 4545 2630 4618 proposui,
2684 4545 2778 4600 sed
2822 4545 3020 4614 quibus
3080 4545 3225 4600 inter
3276 4543 3464 4613 epulas

1880 4639 2136 4708 occupari
2164 4637 2355 4693 solitus
2380 4645 2524 4701 erat,
2554 4635 2656 4691 levi
2702 4636 2953 4705 exemplo
2976 4634 3298 4692 monstravi.
3326 4633 3461 4688 Nam

1880 4731 1932 4786 si
1960 4731 2029 4787 de
2054 4728 2384 4793 humilitate,
2417 4728 2485 4783 de
2526 4727 2806 4798 patientia,
2849 4727 2916 4783 de
2945 4726 3379 4792 mansuetudine,
3410 4733 3467 4781 et

1884 4824 1952 4880 de
1977 4824 2080 4878 hac
2103 4835 2263 4892 quam
2295 4834 2438 4875 nunc
2486 4817 2764 4889 paululum
2807 4819 2959 4888 tetigi
2986 4818 3312 4885 Obedientia,
3362 4829 3465 4870 nec

1885 4931 1992 4971 non
2021 4913 2088 4969 de
2116 4912 2235 4967 aliis
2266 4908 2567 4964 innumeris
2587 4923 2651 4962 ac
2677 4907 2958 4977 profundis
2979 4907 3283 4969 sententiis,
3315 4918 3461 4970 eum,

1884 5014 1944 5059 ut
1969 5003 2193 5075 singulis
2228 5001 2340 5056 fere
2369 5000 2560 5055 diebus
2589 4999 2961 5065 audiebamus,
2990 5000 3345 5055 disserentem
3385 4995 3466 5050 in-

1883 5097 2318 5159 tntrodueerem,
2356 5092 2500 5146 aliud
2526 5099 2662 5160 opus
2688 5091 3016 5154 cadendum,
3045 5099 3101 5144 et
3124 5087 3267 5157 quod
3300 5101 3461 5143 manu

1883 5188 2146 5244 habemus
2184 5190 2328 5238 esset
2376 5181 2867 5237 intermittendum.
2916 5176 3141 5243 Quando
3184 5190 3335 5246 ergo,
3387 5176 3467 5232 ait

1882 5280 2105 5351 aliquis,
2156 5272 2553 5330 manducabat?
2588 5267 2946 5328 Mandueabat
2989 5267 3147 5339 plane
3197 5267 3340 5324 inter
3385 5267 3466 5323 lo—

1884 5371 2179 5443 quendum,
2230 5374 2395 5434 parce
2442 5362 2684 5432 quidem,
2715 5367 2771 5413 et
2804 5366 2866 5413 ut
2901 5358 3179 5416 mirareris
3216 5360 3358 5416 unde
3384 5358 3466 5415 vi-

1884 5474 2057 5520 veret.
2081 5451 2787 5520 V'erumtamenl‘atebatur,
2815 5460 2872 5508 et
2897 5465 3087 5508 verum
3118 5468 3240 5510 esse
3267 5466 3471 5524 εοκιιοιι

1882 5557 2080 5619 vimus,
2105 5553 2230 5623 quia
2255 5551 2385 5606 dum
2409 5543 2571 5598 alicui
2599 5542 2772 5614 longae
2791 5544 3139 5617 disputationi
3165 5552 3464 5615 occupatus

1882 5657 2061 5713 erat,
2115 5642 2286 5712 magis
2368 5634 2532 5694 solito
2619 5635 2956 5693 nescienter'
3001 5637 3225 5702 edebat,
3305 5633 3462 5690 nobis

1882 5740 1973 5813 qui
2027 5731 2439 5809 propinquitates
2488 5723 2838 5803 sedebamus,
2900 5724 3472 5803 clanculopanemvei.
