4068 6286
584 351 653 404 s7
1636 346 1694 400 S.
1734 344 2034 401 ANSEIAII
2071 346 2168 403 CA?

2268 348 2424 405 ΗΑΒ.
2464 342 2783 405 ΑΒΟΙΗΙΞΡ⁸
3435 353 3439 357 ’
3776 340 3849 400 $8

589 473 981 529 nonnunquam
1031 455 1584 513 subministrantihus.
1633 463 1766 509 Lutn
1811 472 1938 510 vero
1963 465 2155 509 abscn-
2189 464 2232 516 A
2260 470 2440 514 muem
2474 461 2802 515 incurrebat.
2835 459 3006 526 Quam
3037 456 3487 513 consuetudinem
3521 455 3637 527 ejus
3663 457 3848 512 edocti

592 555 737 607 tibus
778 552 1084 621 hospitibus
1110 550 1363 620 privatim
1394 564 1513 602 cum
1551 547 1664 602 suis
1693 549 1900 611 ederet,
1932 558 1986 602 et
2018 546 2161 602 nulla

586 646 818 714 qnzestio
839 642 1137 714 spiritualis
1159 640 1394 710 cujusvis
1417 655 1481 695 ex
1512 649 1660 709 parte
1686 639 1957 710 prodiret,
1991 639 2164 710 przeli-

589 735 715 787 bato
743 733 921 802 potius
946 747 1107 802 quam
1136 740 1351 801 sumpto
1381 730 1503 786 cibo
1529 745 1654 784 mox
1684 732 1952 793 cessabat,
1980 730 2166 785 lectio-

590 829 751 888 néque
785 822 1066 876 intendens
1105 823 1496 875 manducantcs
1529 819 1898 889 exspectabat.
1938 818 2090 885 Quod
2118 820 2162 874 si

589 915 820 980 aiiqttt’ln
849 919 1102 968 cerneret
1133 920 1228 965 aut
1266 927 1363 981 pro
1393 911 1474 965 sui
1499 911 1903 981 exspectatione
1933 911 2166 968 celerius

589 1016 740 1055 (:otne
763 1003 979 1063 lentem,
1004 1009 1100 1055 aut
1126 1000 1264 1055 forte
1287 1001 1469 1055 cibum
1503 999 1929 1070 relinquentem,
1957 1010 2167 1057 utrum-

588 1107 693 1161 que
724 1091 1109 1163 redarguebat,
1140 1101 1199 1149 et
1245 1107 1352 1162 quo
1382 1107 1480 1148 suo
1519 1094 1804 1148 commodo
1832 1093 1965 1148 nihil
2006 1093 2168 1149 hazsi-

592 1189 774 1236 tantcs
818 1196 1038 1251 operam
1090 1182 1308 1246 darent,
1343 1179 1636 1236 affectuose
1689 1181 2033 1237 admonebat.
2063 1182 2167 1239 Ubi

588 1282 769 1326 autem
795 1273 1005 1342 aliquos
1027 1272 1144 1343 [al.,
1165 1271 1320 1344 alios]
1337 1273 1567 1329 libenter
1594 1271 1815 1328 edentes
1828 1272 2165 1339 advertebat,

592 1362 792 1417 alfaliili
823 1363 1001 1417 vultus
1024 1364 1366 1433 jucunditate
1415 1379 1579 1434 super
1619 1379 1715 1418 eos
1760 1363 2075 1433 aspiciebat,
2113 1370 2170 1417 et

589 1453 903 1522 adgaudens
933 1452 1109 1506 levata
1143 1453 1415 1507 modicum
1448 1453 1637 1507 dextra
1684 1452 2041 1509 benedicebat
2064 1452 2166 1519 eis,

590 1541 776 1595 dicens
799 1558 813 1594 :
851 1558 869 1591 ι
891 1540 1039 1597 Bene
1064 1541 1227 1597 faciat
1251 1542 1431 1597 vobis!
1453 1563 1473 1595 ι

1210 1633 1437 1689 CAPUT
1479 1634 1540 1690 II.

914 1722 1194 1777 Variarum
1230 1725 1479 1779 virtutum
1524 1726 1846 1781 exercitatio.

661 1815 747 1869 I7.
777 1815 1034 1886 Exposito
1061 1816 1224 1884 igitur
1244 1817 1441 1886 quibus
1465 1818 1695 1872 modulis
1713 1817 2005 1873 Ansclmus
2025 1816 2171 1873 inter
2202 1800 2245 1855 Β

589 1920 718 1961 suas
739 1909 927 1975 epulas
952 1905 1207 1961 delectari
1237 1907 1599 1970 consueverit,
1638 1916 1699 1962 ut
1720 1909 1908 1977 paucis
1928 1924 2170 1979 expona-

591 2005 682 2050 tur
704 1997 903 2066 quibus
917 1996 1079 2050 etiam
1109 1996 1229 2051 aliis
1246 1998 1394 2052 horis
1419 1998 1733 2066 intenderit,
1760 2007 1999 2069 repetam
2023 1999 2169 2070 quod

590 2085 660 2141 de
702 2100 768 2141 eo
798 2101 884 2141 me
914 2086 1163 2154 superius
1194 2088 1396 2143 dixisse
1446 2088 1725 2154 recordor,
1775 2089 2026 2144 videlicet
2050 2088 2169 2157 ejus

590 2175 675 2230 ori
704 2191 976 2244 nunquam
1008 2176 1257 2231 Christus
1284 2176 1475 2245 deluit,
1506 2177 1872 2247 sivcjustitia,
1902 2178 1985 2232 vel
2017 2179 2170 2249 quid-

590 2270 723 2341 quid
764 2270 832 2325 ad
862 2285 1045 2325 veram
1107 2271 1273 2324 vitam
1327 2270 1578 2340 pertinet.
1633 2270 1911 2341 Omueque
1961 2278 2170 2340 tempus

589 2363 862 2435 perditum
893 2364 956 2417 iri
1000 2362 1299 2429 asserebat,
1348 2363 1492 2433 quod
1544 2362 1701 2418 bonis
1728 2363 1922 2418 studiis
1949 2370 2043 2416 aut
2077 2376 2170 2417 ne-

590 2454 843 2511 cessarias
867 2452 1084 2509 utilitati
1114 2468 1218 2507 non
1247 2454 1537 2508 serviebat.
1565 2452 1785 2523 Opiuari
1814 2464 1994 2508 autem
2019 2452 2167 2507 illum

593 2561 752 2604 secus
772 2547 978 2603 vixisse
1026 2563 1189 2619 quam
1240 2547 1468 2603 docebat
1513 2544 1772 2616 proﬁteor
1821 2544 1974 2602 nefas
2023 2560 2166 2601 esse.

589 2634 726 2692 Nam
761 2652 883 2692 cum
918 2636 1090 2702 illum,
1118 2652 1187 2693 ex
1214 2652 1323 2709 quo
1354 2636 1629 2708 religionis
1656 2636 1896 2691 habitum
1940 2637 2170 2707 sumpsit

589 2743 761 2800 usque
782 2729 850 2784 ad
873 2736 1179 2800 susceptam
1203 2728 1548 2800 pontiﬁcatus
1571 2728 1908 2799 dignitatem,
1925 2730 2167 2782 omnium

589 2817 852 2872 virtutum
901 2819 1235 2873 ornamentis
1281 2828 1457 2872 ratum
1487 2817 1560 2871 sit
1598 2816 1870 2871 studuisse
1903 2815 2025 2888 [at.,
2063 2815 2169 2870 cla-

594 2905 817 2978 ruisse],
849 2906 1099 2977 ipsasque
1121 2907 1350 2963 virtutes
1367 2908 1419 2961 in
1437 2920 1885 2977 quorumcunque
1901 2906 2169 2960 mentibus

589 3004 806 3067 poterat
830 2996 997 3051 verbo
1020 3005 1075 3052 et
1097 2999 1346 3068 exemplo
1369 2999 1693 3055 inseruisse:
1723 2999 1793 3053 ita
1816 2998 2168 3054 nihilominus

593 3096 769 3141 ratqu
792 3103 913 3144 esse
926 3090 1311 3145 conﬁrmamus
1332 3105 1452 3146 eum
1482 3091 1645 3146 totius
1661 3090 2167 3160 Britanniteprima-

594 3186 706 3233 tem
776 3179 977 3234 factum
1034 3181 1362 3238 omnimodis
1410 3182 1464 3237 iu
1512 3184 1615 3239 hac
1684 3194 1840 3254 parte
1879 3183 2166 3239 claruisse.

594 3268 751 3325 Unde
783 3271 946 3326 etiam
977 3287 1076 3342 pro
1122 3273 1360 3343 ipsarum
1409 3274 1704 3332 indiscreta
1742 3291 1840 3332 ceu
1893 3275 2169 3332 nonnullis

592 3369 649 3416 et
677 3362 808 3417 mihi
838 3379 1050 3435 quoque
1078 3366 1369 3436 aliquando
1395 3367 1568 3422 visum
1591 3376 1676 3423 est
1699 3368 1959 3424 virtutum
1985 3378 2170 3425 custo-

593 3455 680 3508 dia
709 3470 849 3523 saepe
886 3459 1266 3527 reprehensus,
1302 3469 1357 3514 et
1390 3460 1533 3530 quod
1566 3462 1863 3517 monachus
1906 3454 2173 3517 claustra-

594 3546 662 3600 Iis
686 3563 847 3616 quam
878 3549 1081 3618 primas
1108 3559 1268 3605 tantre
1316 3554 1491 3623 gentis
1510 3569 1632 3609 esse
1655 3554 1901 3620 deberet,
1937 3553 2173 3624 prejudi-

595 3646 749 3691 catus
786 3647 887 3693 est.
906 3638 1017 3694 Iloc
1031 3655 1128 3709 pro
1149 3642 1432 3698 excellenti
1457 3645 1760 3701 humilitate
1787 3644 1920 3715 ejus,
1946 3647 2051 3702 hoc
2073 3663 2171 3716 pro

595 3728 859 3782 immensa
908 3729 1162 3798 patientia
1213 3729 1349 3799 ejus,
1381 3733 1483 3787 hoc
1508 3748 1607 3803 pro
1653 3735 1816 3788 nimia
1846 3735 2170 3793 abstinentia

596 3815 713 3885 ejus
764 3818 1061 3884 dicebatur,
1112 3822 1314 3875 dictum
1391 3825 1776 3890 accusabatur,
1853 3835 2170 3882 accusatum

597 3909 974 3964 damnabatur.
1032 3909 1311 3981 Prtceipue
1349 3922 1527 3968 tamen
1582 3916 1636 3967 in
1691 3916 1957 3972 servando
2016 3934 2169 3972 man-

592 4000 936 4055 suetudinem
965 4001 1366 4058 indiscretionis
1382 4006 1723 4074 arguebatur,
1755 4007 2007 4076 quoniam
2032 4008 2173 4062 sicut

594 4087 896 4158 apluribus
947 4100 1189 4161 putattnn
1239 4101 1345 4159 est,
1392 4095 1543 4149 multi
1602 4111 1739 4166 quos
1791 4096 2169 4153 Eeclcsiastica

593 4180 878 4249 disciplina
935 4185 1209 4253 corripere
1262 4185 1541 4250 debuerat,
1618 4186 1890 4242 intellecta
1954 4186 2173 4243 leuitate

593 4268 731 4336 ejus,
770 4271 822 4325 in
851 4271 965 4325 suis
993 4276 1375 4341 pravitatibus
1406 4278 1558 4345 quasi
1611 4277 1757 4331 licite
1784 4277 2166 4346 quiescebant.

595 4358 792 4413 Verum
820 4361 999 4414 audita
1046 4377 1207 4432 super
1259 4365 1342 4417 his
1393 4367 1740 4420 excusatione
1766 4382 1885 4430 sua,
1917 4385 2042 4423 nam
2082 4386 2171 4424 ne-

2264 567 2407 619 saepe
2455 552 2599 605 illum
2643 554 2816 621 reipsa
2876 561 3101 621 cogente
3154 552 3219 604 de
3249 549 3426 605 medio
3481 550 3851 605 multitudinis

2265 645 2568 709 eduximus,
2628 652 3103 714 proponcntcsque
3152 642 3201 698 ei
3258 642 3496 711 aliquam
3536 656 3604 696 ex
3658 641 3850 697 divina

2264 741 2459 809 pagina
2505 743 2858 810 quaestionem
2908 729 3052 798 illico
3094 756 3291 810 corpus
3340 749 3390 795 ct
3428 740 3670 793 animum
3701 738 3847 808 ejus,

2266 831 2419 902 quasi
2476 832 2681 887 salubri
2731 833 2974 887 antidoto
3025 833 3378 896 medicatum,
3417 830 3470 886 in
3521 841 3849 887 consuetum

2266 931 2466 980 statum
2507 923 2627 997 [al.,
2660 923 2914 997 stratum]
2949 924 3283 979 reduximus.
3317 922 3631 992 Requisitus
3664 932 3849 979 autem

2267 1015 2618 1085 quamobrem
2669 1014 2752 1070 sic
2782 1012 3069 1070 imbecillis
3117 1015 3184 1069 ad
3224 1013 3511 1069 saeculares
3539 1028 3737 1068 causas
3777 1028 3848 1069 ac

2266 1105 2628 1176 pusillanimis
2670 1104 2950 1169 existeret,
3005 1105 3367 1175 respondebat
3396 1120 3410 1158 :
3448 1122 3467 1155 ‹
3496 1102 3596 1171 Qui
3628 1118 3853 1159 omnem

2270 1194 2391 1264 [al.,
2423 1193 2687 1267 omnium]
2721 1196 3063 1250 smcularium
3108 1210 3290 1250 rerum
3334 1209 3574 1249 amorem
3613 1210 3676 1250 ac
3721 1209 3858 1250 con-

2269 1286 2656 1357 cupiscentiam
2730 1288 2800 1341 ab
2855 1286 3038 1341 animo
3087 1302 3210 1341 meo
3259 1285 3577 1356 jamdudum
3630 1286 3853 1357 pepuli,

2269 1381 2505 1452 qualiter
2532 1382 2583 1435 in
2613 1381 2794 1437 causis
2837 1395 3022 1435 earum
3057 1379 3211 1434 Iortis
3235 1389 3289 1435 et
3321 1376 3547 1449 diligens
3578 1378 3856 1434 exist-im?

2271 1472 2386 1527 Imo
2436 1472 2719 1542 veritatem
2795 1470 2936 1534 dtCO,
2984 1469 3417 1541 _non,mcnlior,
3458 1469 3585 1538 quia
3631 1469 3856 1538 quando

2272 1563 2388 1633 ipse
2413 1565 2542 1618 mihi
2574 1579 2692 1619 sese
2717 1565 3021 1632 importune
3049 1560 3189 1648 et}!
3220 1562 3547 1618 necessitate
3573 1561 3854 1632 ingerunt,

2273 1655 2345 1710 ita
2375 1669 2526 1709 mens
2556 1668 2672 1708 mea
2704 1653 2915 1707 illarum
2945 1652 3172 1719 horrore
3216 1651 3548 1714 concutitur,
3600 1650 3742 1704 sicut
3772 1650 3859 1705 in-

2274 1743 2414 1808 fans,
2445 1758 2565 1796 cum
2592 1741 2770 1812 aliqua
2805 1724 3274 1815 terribilisgimago
3304 1740 3479 1794 vultui
3510 1738 3627 1809 ejus
3652 1739 3862 1809 iugeri-

2273 1844 2376 1890 tur.
2408 1833 2519 1890 Nec
2539 1835 2591 1888 in
2615 1848 2800 1889 earum
2824 1817 3177 1902 dispositione
3197 1833 3370 1904 magis
3391 1831 3656 1898 delector,
3687 1846 3856 1901 quam

2268 1941 2403 1997 puer
2430 1927 2482 1981 in
2510 1925 2767 1980 uberibus
2795 1925 2982 1980 matris
3014 1923 3334 1989 delectatur,
3359 1925 3485 1978 dum
3511 1922 3618 1977 illis
3649 1922 3854 1977 acerba

2269 2018 2632 2073 amaritudine
2654 2015 2929 2087 superlitis
2944 2015 3264 2071 ablactatur.
3285 2036 3303 2068 ι
3327 2014 3421 2070 His
3436 2014 3857 2070 necessitatibus

2271 2119 2427 2165 actus
2477 2118 2644 2164 totam
2696 2111 2890 2164 donms
2915 2123 3033 2182 sute
3078 2124 3264 2164 curam
3318 2117 3376 2163 et
3437 2108 3856 2177 dispositionem

2271 2201 2470 2256 domno
2501 2199 2766 2254 Balduino
2788 2200 3078 2263 monacho,
3109 2199 3263 2269 cujus
3286 2214 3446 2269 supra
3478 2199 3853 2264 meminimus,

2271 2291 2565 2362 imposuit;
2609 2299 2874 2360 quatenus
2918 2291 2986 2345 ad
3041 2299 3229 2345 nutum
3286 2289 3428 2344 illius
3469 2299 3664 2346 cuneta
3722 2304 3862 2361 pen-

2270 2384 2479 2446 derent,
2534 2390 2590 2436 ct
2634 2390 2839 2436 statuta
2899 2389 3088 2437 contra
3134 2379 3255 2453 [al.,
3312 2380 3493 2453 extra]
3550 2382 3858 2436 ordinatio-

2270 2490 2394 2530 nem
2445 2474 2561 2545 ejus
2598 2473 2751 2529 irrita
2804 2473 3014 2528 ﬁerent.
3072 2473 3241 2544 Igitur
3286 2472 3579 2528 securitate
3623 2473 3855 2542 potitus,

2254 2562 2641 2635 .spiritualibus
2692 2560 2993 2632 disciplinis
3025 2569 3082 2617 et
3125 2559 3567 2631 contemplationi
3622 2575 3854 2631 opera:n

2269 2654 2454 2710 dabat.

2342 2744 2429 2800 I9.
2458 2745 2841 2801 Verumtamen
2865 2743 3092 2800 diversa
3117 2742 3498 2800 tribulationes
3520 2751 3574 2798 et
3605 2743 3855 2799 anxieta-

2271 2847 2373 2902 tes,
2399 2852 2536 2904 quas
2565 2845 2674 2891 tum
2704 2845 2927 2908 propter
2953 2845 3126 2891 terras
3153 2835 3428 2902 Ecclesiae,
3459 2850 3597 2906 quas
3622 2836 3849 2904 quidam

2272 2927 2490 2999 maligni
2548 2942 2762 2996 lnjttl'ta,
2795 2942 2919 2999 rege
2947 2941 3054 2982 non
3104 2927 3447 2997 prohibente.
3472 2926 3841 2988 invadebant;

2273 3027 2384 3074 tum
2429 3034 2527 3090 pro
2555 3020 2910 3090 pecunarium
2954 3018 3352 3085 exactionibus,
3384 3032 3504 3087 quae
3534 3026 3709 3073 totum
3761 3034 3848 3072 rc-

2194 3130 2241 3193 ε
2273 3126 2455 3182 gnum,
2482 3111 2579 3166 sed
2618 3110 2856 3165 maxime
2884 3125 3012 3165 suos
3042 3110 3290 3166 homines
3318 3108 3370 3164 in
3404 3108 3733 3163 immensum
3764 3110 3860 3161 dc-

2273 3200 2584 3266 vastabanl;
2640 3211 2752 3256 tmn
2780 3215 2876 3270 pro
2918 3199 3369 3256 monasteriorum
3393 3197 3858 3269 Oppressionibus,

2273 3305 2409 3362 quas
2436 3294 2631 3348 sedare
2667 3307 2774 3347 non
2809 3300 3041 3362 poterat,
3075 3301 3131 3347 et
3160 3290 3404 3361 quotidie
3451 3287 3516 3344 ad
3552 3302 3677 3342 eum
3714 3288 3860 3343 refe-

2274 3383 2568 3450 rebantur;
2602 3393 2715 3439 tum
2743 3399 2842 3454 pro
2868 3384 3051 3439 multis
3078 3383 3200 3439 aliis
3225 3398 3345 3452 qua:
3368 3385 3421 3437 in
3450 3382 3595 3437 hunc
3630 3382 3858 3436 modum

2271 3487 2415 3543 sape
2467 3472 2790 3542 patiebatur,
2846 3473 2987 3528 hanc
3015 3470 3135 3541 ejus
3189 3471 3427 3542 quietem
3486 3471 3859 3539 interrumpe-

2272 3560 2422 3626 bant,
2474 3568 2526 3615 et
2581 3560 2753 3616 aliena
2809 3563 3052 3632 qutedam
3123 3561 3372 3616 meditari
3431 3558 3857 3629 compellebaut.

2278 3652 2546 3707 Praeterea
2599 3653 2654 3708 bi
2700 3652 2792 3723 qui
2849 3663 2974 3708 ante
3017 3654 3388 3724 episcopatum
3440 3652 3557 3707 viro
3589 3652 3854 3707 snlnnissi

2273 3758 2396 3799 eum
2417 3744 2707 3814 diligebant
2729 3745 2998 3816 diligendo
3023 3742 3382 3815 favebant[oI.
3400 3743 3542 3796 omit.
3573 3740 3626 3795 di
3653 3740 3751 3814 II],
3780 3742 3863 3798 fa-

2273 3835 2453 3891 vendo
2481 3851 2708 3905 quasque
2754 3836 2926 3892 electa
2957 3836 3023 3889 de
3061 3835 3174 3890 suis
3216 3834 3425 3889 alacres
3474 3832 3858 3895 conferebant.

2276 3942 2418 3981 nunc
2446 3934 2620 3982 terras
2648 3926 2905 3981 Ecclesia:
2958 3937 3161 3996 petere,
3222 3941 3366 3980 nunc
3413 3939 3582 3996 equos
3630 3939 3859 3991 rogare.

2274 4031 2418 4071 nunc
2446 4018 2752 4084 pecuniam,
2787 4032 2929 4072 nunc
2955 4019 3055 4072 hoc
3088 4017 3171 4070 vel
3196 4016 3326 4071 illud
3359 4017 3429 4071 ad
3456 4015 3599 4087 quod
3627 4015 3859 4069 scilicet

2274 4122 2368 4161 sua
2408 4122 2676 4178 quemque
2722 4108 2967 4178 voluptas
3009 4106 3130 4179 [al.,
3165 4107 3437 4180 voluntas]
3472 4106 3754 4167 trahebat,
3789 4107 3859 4159 ab

2273 4213 2338 4253 eo
2373 4199 2603 4268 precari.
2637 4200 2965 4254 Adverteres
3015 4199 3196 4269 itaque
3239 4199 3408 4268 petita
3453 4198 3771 4253 obtinentes
3804 4197 3856 4250 in

2274 4285 2556 4351 przesentia
2594 4282 2711 4352 ejus
2762 4284 2883 4339 ﬁcta
2933 4299 3068 4354 pace
3098 4285 3425 4355 adgaudere,
3460 4283 3857 4337 retributiones

2275 4382 2325 4425 et
2355 4372 2613 4441 obsequia
2646 4373 2910 4440 polliceri,
2965 4375 3099 4430 alios
3130 4376 3182 4429 in
3216 4375 3493 4430 contraria
3545 4373 3728 4442 lapsos
3754 4375 3855 4429 ho-

593 4451 795 4505 minem
823 4455 1131 4522 spernebat,
1156 4455 1353 4508 nemini
1381 4455 1642 4510 ratiouem
1674 4458 1740 4510 ad
1771 4458 2024 4527 inquisita
2055 4461 2173 4513 rcd-
2206 4460 2247 4514 Ι)
2275 4462 2392 4515 nori
2421 4461 2537 4530 ejus
2583 4463 2890 4530 detrahere,
2929 4465 3177 4521 homines
3206 4467 3322 4537 ejus
3352 4481 3450 4537 pro
3481 4479 3641 4535 posse
3671 4466 3855 4536 impn-

594 4543 723 4596 dere
744 4546 1145 4610 contemnebat,
1173 4560 1295 4599 mox
1317 4545 1520 4615 liquido
1543 4548 1966 4618 cognoscebatur
1994 4551 2166 4618 ipsum

594 4633 753 4687 aliter
779 4650 942 4703 quam
967 4634 1218 4702 faciebat,
1244 4638 1465 4694 minime
1514 4639 1567 4693 in
1619 4639 1813 4694 talibus
1867 4639 2046 4695 facere
2077 4642 2170 4696 de-

594 4724 723 4778 bere
747 4725 829 4779 vel
860 4740 1036 4795 posse,
1074 4729 1200 4782 dum
1248 4744 1307 4784 se
1359 4730 1410 4785 in
1446 4731 1629 4802 regula
1660 4747 1801 4786 verae
1827 4732 2168 4789 discretionis

591 4816 755 4870 vellet
791 4816 994 4886 absque
1018 4833 1205 4874 errore
1235 4827 1439 4875 tenere.

663 4907 751 4962 18.
783 4908 1078 4963 Saxcularia
1100 4923 1231 4965 vero
1253 4910 1466 4980 negotia
1494 4913 1874 4982 aequanimiter
1902 4911 2041 4967 ferre
2070 4929 2168 4969 ne-

591 4999 799 5069 quibat,
832 5000 927 5056 sed
961 5015 1058 5070 pro
1095 5016 1196 5056 suo
1228 5016 1387 5073 posse
1426 5004 1603 5058 modis
1627 5004 1878 5058 omnibus
1906 5019 2057 5059 suam
2088 5007 2168 5063 eis

591 5093 934 5157 praesentiam
957 5093 1325 5148 subtrahebat.
1344 5094 1400 5149 Si
1425 5095 1642 5165 quando
1658 5104 1837 5150 autem
1862 5095 1981 5149 talis
2003 5111 2167 5151 causa

589 5184 915 5251 emergebat,
942 5193 1002 5239 ut
1029 5185 1078 5240 ei
1110 5187 1417 5257 necessario
1464 5187 1726 5241 interesse
1750 5196 2040 5257 oporteret,
2066 5189 2164 5244 soli

589 5271 805 5325 veritati
826 5274 1065 5343 studere,
1087 5274 1217 5329 nulli
1239 5273 1503 5341 fraudem,
1524 5275 1650 5330 nulli
1674 5275 1950 5344 quodlibet
1968 5276 2166 5346 praeju-

588 5359 812 5425 dicium,
835 5376 1093 5432 quantum
1115 5381 1210 5421 sua
1239 5366 1840 5438 iutererat,patiebatur
1860 5368 2078 5424 inferre.
2104 5368 2162 5425 Si

588 5455 715 5509 vani
747 5454 1033 5525 clamores,
1078 5459 1137 5515 ‘si
1191 5463 1586 5527 contentiones,
1617 5465 1661 5518 si
1707 5463 1908 5535 jurgia,
1966 5474 2026 5520 ut
2078 5466 2160 5533 ﬁt,

589 5543 926 5612 oriebantur,
953 5553 1046 5599 aut
1071 5561 1133 5601 ea
1164 5549 1375 5617 sedare,
1412 5559 1506 5606 aut
1533 5552 1694 5607 citius
1719 5567 1840 5607 sese
1871 5552 2162 5609 abscntare

589 5633 836 5690 curabat.
864 5635 977 5693 Nisi
1011 5638 1153 5694 enim
1184 5639 1257 5695 ita
1284 5642 1504 5709 faceret,
1532 5645 1689 5700 tedio
1728 5644 1950 5700 aﬁ'ectus
1975 5645 2158 5700 statim

591 5724 772 5780 animo
790 5725 1092 5798 deﬁciebat,
1120 5738 1172 5784 ct
1195 5731 1410 5802 insuper
1432 5750 1647 5804 gravem
1675 5736 1917 5806 corporis
1944 5737 2159 5808 aegritu-

2271 4542 2463 4623 guare,
2490 4552 2542 4606 in
2572 4553 2891 4609 immensum
2919 4555 3131 4609 minari.

2342 4641 2429 4695 ‘20.
2469 4642 2560 4696 Ille
2588 4652 2766 4697 autem
2796 4642 2847 4697 in
2895 4645 3156 4713 patientia
3196 4659 3291 4699 sua
3335 4646 3517 4699 sciens
3566 4643 3859 4715 possidere

2271 4733 2507 4788 animam
2539 4749 2716 4799 suam,
2745 4749 2868 4789 cum
2900 4736 2982 4790 his
3004 4736 3094 4805 qui
3119 4738 3351 4792 oderunt
3377 4751 3567 4807 pacem
3603 4747 3727 4791 erat
3755 4754 3857 4807 pa-

2258 4822 2457 4880 'ciﬁcus
2487 4823 2661 4894 (Psal.
2691 4839 2802 4889 cur,
2835 4823 2915 4895 7),
2954 4826 3118 4880 verba
3150 4825 3583 4881 mansuetudinis
3608 4834 3665 4880 et
3700 4826 3861 4890 pacis

2270 4929 2485 4983 semper
2506 4913 2735 4967 reddens
2760 4913 3222 4982 impugnatoribus
3238 4915 3370 4978 suis,
3393 4915 3616 4983 cupiens
3641 4916 3858 4970 malum

2269 5004 2481 5058 illorum
2504 5003 2557 5057 in
2586 5004 2730 5057 bono
2750 5004 2986 5057 vincere.
3012 5005 3262 5059 Attamen
3289 5020 3351 5078 ea
3375 5020 3494 5074 quae
3518 5005 3569 5058 in
3596 5006 3855 5074 sequenti

2272 5104 2510 5163 tempore
2539 5101 2789 5163 poterant
2816 5093 3068 5149 Ecclesiae
3095 5111 3205 5150 sua:
3236 5095 3433 5150 damno
3462 5110 3607 5159 esse,
3639 5110 3859 5166 nequa-

2266 5202 2426 5256 quam
2454 5201 2609 5256 :cquo
2659 5186 2841 5242 animo
2897 5187 3147 5248 tolerare,
3179 5198 3271 5243 aut
3310 5189 3411 5243 sub
3462 5187 3858 5258 negligentiam

2266 5272 2463 5332 cadere
2494 5277 2820 5345 patiebatur.
2848 5278 2952 5334 Sed
2983 5280 3111 5347 quid
3142 5279 3353 5334 dicam?
3380 5278 3552 5333 Tanta
3576 5280 3862 5347 cupiditas

2265 5383 2325 5422 ea
2350 5375 2669 5436 tempestate
2691 5367 3070 5423 dominabatur
3092 5369 3144 5423 in
3170 5368 3440 5423 mentibus
3463 5368 3857 5438 quorumdam,

2264 5469 2324 5516 ut
2351 5476 2449 5516 nec
2472 5460 2726 5531 patientia
2751 5460 3130 5530 ipsiusdcliniti
3155 5462 3372 5516 monitis
3392 5459 3509 5529 ejus
3534 5460 3861 5530 acquiesce-

2264 5564 2407 5619 rent,
2457 5567 2557 5609 nec
2610 5552 2906 5608 terroribus
2936 5552 3131 5623 pulsati
3177 5554 3476 5607 ca-citatem
3530 5552 3613 5606 sui
3662 5553 3861 5608 cordis

2263 5652 2542 5698 exuerent.
2568 5640 2767 5696 Verum
2793 5642 2861 5696 de
2885 5643 3162 5697 extraneis
3184 5658 3290 5698 non
3319 5641 3543 5696 multant
3568 5639 3708 5695 forte
3742 5643 3854 5696 mi-

2265 5737 2514 5793 randum.
2572 5738 2680 5808 Ipsi
2725 5735 2807 5791 sui
2881 5735 3083 5806 proprii
3138 5751 3202 5791 ac
3252 5733 3532 5792 domestici
3585 5734 3853 5789 homines
