4068 6286
251 397 312 453 89
676 452 681 457 η
1206 383 1369 440 VITA
1404 380 1733 439 AUCTORE
1772 376 2125 435 EADMERO.
2155 404 2227 417 -—-
2250 375 2377 430 LIB.
2418 372 2482 427 Π.
3316 436 3335 447 ἥ
3414 367 3486 423 90

253 509 441 568 mentiti
479 513 604 563 sunt
630 504 704 571 ei,
735 514 790 559 et
815 500 1059 559 infideles
1100 499 1249 556 facti.
1296 499 1802 556 Animadvertentes
1832 497 1877 553 Α
1902 499 2183 562 peccatum
2210 496 2506 560 appeteret.
2530 483 2688 541 Aliud
2717 499 2932 557 quoque
2957 501 3061 541 non
3088 483 3270 541 minus
3294 482 3481 544 forsan

250 603 428 672 quippe
478 608 842 662 mansuetum,
887 594 1028 661 lene,
1059 593 1395 661 simplexque
1448 604 1545 645 cor
1582 588 1719 660 ejus,
1751 589 1804 642 in

248 692 469 764 pluribus
484 689 663 745 causis
685 688 1024 743 fraudulenta
1048 684 1361 750 calliditate,
1386 682 1807 753 compositisque

247 781 567 838 sermonibus
609 793 731 834 eum
782 776 1061 832 multoties
1103 776 1536 837 circumvenere,
1588 782 1644 827 et
1682 787 1804 843 quas

246 872 375 927 illius
415 870 557 941 juris
596 882 719 923 esse
747 867 1019 922 debebant
1069 865 1456 927 diminuentes,
1489 878 1553 918 ac
1606 862 1803 918 exinde

243 981 331 1020 sua
388 979 491 1018 non
539 961 666 1031 jure
715 968 993 1032 augentes,
1063 973 1167 1029 qua
1195 957 1245 1012 ei
1304 954 1519 1011 fuerant
1575 955 1798 1027 alligati,

241 1054 387 1109 fidem
412 1053 718 1124 perdidere.
744 1051 859 1119 Qua
891 1052 956 1106 de
979 1064 1037 1105 re
1067 1065 1188 1105 cum
1212 1065 1241 1104 a
1263 1049 1542 1112 Balduino,
1574 1046 1801 1118 aliisque

239 1146 473 1201 fidelibus
519 1145 631 1200 suis
658 1144 840 1198 nimiae
869 1142 1235 1212 simplicitatis
1283 1140 1614 1210 minorisque
1663 1156 1799 1211 pru-

237 1237 420 1292 dentice
447 1235 793 1291 familiariter
822 1236 1332 1305 reprehenderetur,
1361 1233 1591 1304 simplici
1623 1233 1797 1288 admi-

236 1325 431 1382 ratione
454 1324 840 1396 respondebat,
864 1326 1049 1382 dicens
1077 1344 1090 1380 :
1125 1344 1143 1377 ι
1172 1325 1311 1393 Quid
1338 1325 1582 1380 esthoc?
1611 1323 1797 1379 Nonne

234 1416 516 1474 Christiani
540 1419 705 1474 sunt?
725 1417 792 1474 Et
814 1419 857 1474 si
873 1417 1192 1484 Christiani,
1215 1434 1341 1474 num
1364 1417 1485 1492 [al.,
1515 1433 1620 1473 non
1644 1432 1797 1473 men-

235 1506 337 1583 tiri]
368 1507 601 1579 alicujus
643 1510 914 1566 commodi
969 1526 1132 1565 causa
1177 1509 1379 1566 vellent
1406 1518 1596 1566 contra
1635 1510 1795 1566 fidem

232 1616 371 1655 suam
426 1602 668 1659 scienter
721 1600 976 1657 mentiri?
1013 1600 1158 1656 Nihil
1213 1609 1316 1658 est.
1374 1600 1551 1658 Tanto
1601 1616 1796 1673 nempe

230 1693 396 1748 studio
426 1694 560 1749 mihi
597 1693 880 1765 loquentes
931 1708 1027 1748 sua
1069 1694 1230 1749 verba
1263 1704 1615 1765 componunt,
1651 1703 1704 1750 et
1730 1708 1793 1750 ea

230 1782 324 1836 fide
346 1798 439 1838 sua
493 1784 808 1854 interposita
855 1798 982 1840 vera
1012 1798 1132 1839 esse
1159 1783 1369 1855 jurant,
1405 1792 1465 1839 ut
1503 1785 1793 1842 increduli-

1907 580 2186 650 aliquibus
2216 580 2413 633 mirum
2450 578 2630 633 dicere
2683 576 2914 643 solebat,
2947 576 3194 632 videlicet
3243 573 3400 631 malle
3424 589 3486 632 se

1911 684 2109 741 purum
2137 684 2165 723 a
2207 676 2448 737 peccato,
2479 676 2535 721 et
2563 668 2900 721 innocentem
2926 667 3229 735 gehennam
3257 667 3479 729 habere,

1909 776 2072 831 quam
2100 760 2310 830 peccati
2363 758 2523 813 sorde
2562 758 2829 829 pollutum
2876 758 3138 815 caelorum
3180 775 3346 830 regna
3405 770 3475 814 tc~

1894 864 2052 905 nere.
2078 849 2231 916 Quod
2256 848 2457 903 dictum
2483 862 2605 901 cum
2629 849 2901 918 aliquibus
2930 858 3081 904 extra
3112 865 3236 904 eum
3267 851 3478 905 videre-

1904 955 2035 1009 tur,
2094 942 2301 998 reddita
2351 941 2565 995 ratione
2621 942 2992 1011 temperabat,
3069 942 3307 997 dicens:
3345 943 3477 998 Cum

1901 1044 2113 1091 constet
2151 1035 2298 1090 solos
2325 1033 2498 1088 malos
2528 1032 2581 1088 in
2613 1030 2828 1088 inferno
2859 1035 3097 1105 torqueri
3129 1044 3185 1090 et
3204 1035 3349 1090 solos
3385 1036 3478 1089 bo-

1900 1141 2000 1182 nos
2028 1126 2082 1181 in
2113 1125 2319 1180 ccelesti
2350 1139 2515 1195 regno
2547 1122 2738 1188 foveri,
2786 1133 2938 1194 patet
2976 1140 3077 1180 nec
3113 1125 3285 1181 bonos
3315 1128 3367 1181 in
3400 1127 3475 1180 in-

1898 1216 2074 1282 ferno,
2102 1216 2147 1271 si
2182 1216 2308 1271 illuc
2362 1216 2648 1282 intrarent,
2676 1230 2834 1286 posse
2863 1216 3033 1271 teneri
3085 1217 3264 1272 debita
3318 1234 3474 1288 poena

1900 1310 2199 1376 malorum;
2236 1325 2336 1365 nec
2372 1308 2543 1365 malos
2590 1310 2644 1365 in
2695 1310 2834 1365 caelo
2859 1310 2904 1365 si
2957 1310 3096 1365 forte
3122 1312 3477 1367 ascenderent

1899 1400 2017 1474 [af.,
2068 1400 2382 1474 accedent],
2435 1401 2543 1457 li'ui
2599 1402 2783 1458 valere
2855 1400 3114 1458 felicitate
3184 1407 3473 1459 bonorum.

1894 1492 2025 1549 Haec
2095 1502 2317 1564 propter
2392 1507 2588 1563 magno
2656 1493 2838 1548 studio
2905 1508 3121 1563 semper
3204 1495 3478 1551 nitebatur

1894 1593 2240 1656 peccatorum
2302 1586 2563 1656 contagia
2624 1585 2905 1651 devitarc;
2957 1596 3012 1641 et
3056 1587 3322 1657 quidquid
3395 1589 3476 1644 eis

1894 1674 2130 1747 aliquam
2174 1674 2435 1730 nascendi
2486 1676 2836 1730 occasionem
2877 1685 3091 1746 poterat
3140 1678 3473 1743 ministrare,

1893 1767 1963 1822 ab
2016 1765 2316 1821 intentione
2365 1780 2463 1822 sua
2519 1767 2692 1821 omni“
2723 1766 3089 1823 sollicitudine
3133 1769 3471 1838 propulsare.

227 1872 315 1925 mi
343 1882 563 1942 ρυιειυιι
585 1838 742 1944 ρὸεεθ
768 1873 976 1929 ’θεοτῖδί
1021 1838 1412 1932 ηοῃέοιιράειιρ
1433 1890 1528 1931 eos
1558 1875 1671 1946 ipsa
1700 1890 1794 1929 ve-
1820 1838 1869 1900 Β
1894 1856 2004 1913 Nec
2031 1857 2084 1913 in
2115 1858 2201 1912 his
2231 1865 2645 1914 momentaneus
2669 1866 2809 1914 erat.
2832 1857 2890 1914 In
2920 1859 3005 1913 his
3037 1859 3267 1929 denique
3288 1875 3475 1915 versa-

226 1962 395 2017 ritatis
414 1962 743 2019 firmitudine
772 1964 887 2019 niti.
919 1984 938 2018 ι
976 1964 1201 2021 Dicebat
1227 1965 1343 2021 inec
1371 1965 1481 2032 ille,
1515 1965 1794 2022 aestimans

228 2047 365 2118 ipsos
395 2052 500 2106 sibi
540 2052 682 2108 nolle
707 2054 850 2124 quod
872 2054 1077 2111 sciebat
1104 2070 1163 2112 se
1184 2056 1388 2112 nemini
1419 2057 1601 2113 facere
1629 2058 1789 2113 velle.

223 2140 459 2212 Cumque
492 2148 914 2217 responderetur
959 2150 1043 2205 sui
1096 2150 1265 2206 moris
1316 2150 1437 2207 illos
1483 2167 1590 2207 non
1649 2167 1788 2219 esse,

221 2234 397 2291 aiebat
427 2255 443 2290 :
478 2255 497 2289 ι
519 2238 738 2306 Fateor,
757 2240 901 2295 malo
916 2241 1090 2312 decipi
1117 2244 1255 2298 bona
1280 2243 1348 2299 de
1369 2244 1474 2299 illis
1498 2245 1789 2311 credendo,

221 2327 435 2385 etiamsi
485 2343 574 2385 me
619 2320 895 2385 nesciente
948 2333 1078 2387 mali
1120 2339 1264 2397 sunt,
1322 2348 1484 2403 quam
1543 2335 1792 2404 decipere

218 2420 504 2489 mcipsum,
535 2420 804 2475 credendo
832 2421 971 2476 mala
998 2422 1064 2476 de
1086 2422 1214 2493 ipsis
1236 2437 1371 2492 quos
1398 2425 1636 2479 nondum
1665 2440 1794 2481 vere

216 2510 435 2582 probavi
474 2512 619 2581 quod
649 2512 774 2567 boni
805 2527 914 2568 non
945 2514 1074 2568 sint.
1110 2531 1130 2566 ι

260 2600 322 2656 2|
336 2640 350 2653 .
368 2590 497 2656 Haec
512 2609 690 2656 tamen
706 2602 759 2655 in
774 2601 1043 2672 principio
1059 2603 1406 2673 pontificatus
1419 2605 1500 2661 sui
1520 2604 1666 2662 dicta
1688 2620 1794 2661 me-

221 2692 491 2748 minerim.
518 2692 866 2749 Postmodum
892 2694 1037 2749 enim
1055 2695 1133 2750 rei
1156 2697 1359 2752 veritas
1385 2698 1505 2753 viro
1532 2698 1788 2765 innotuit,

220 2790 271 2838 et
297 2798 415 2854 quae
444 2782 547 2839 sibi
574 2800 603 2839 a
635 2785 747 2841 suis
785 2799 915 2842 vere
957 2785 1102 2841 dicta
1153 2786 1391 2854 fuerant,
1448 2788 1614 2844 nimis
1662 2802 1789 2844 vera

220 2872 380 2931 fuisse
428 2877 705 2948 cognovit.
746 2876 1006 2944 Quamvis
1036 2878 1201 2950 igitur
1246 2880 1457 2934 solitam
1489 2879 1649 2935 fidem
1680 2894 1787 2935 non

219 2981 280 3023 ex
307 2978 417 3024 toto
467 2971 651 3025 verbis
709 2986 900 3026 eorum
948 2972 1205 3043 deinceps
1240 2973 1552 3042 prasbucrit,
1608 2983 1786 3030 tamen

220 3061 322 3117 suis
342 3063 506 3119 rebus
536 3064 590 3118 in
623 3072 895 3133 posterum
919 3079 1023 3119 non
1049 3079 1238 3135 parum
1261 3065 1454 3131 obfuit,
1483 3067 1623 3136 quod
1658 3067 1788 3137 ipsis

1893 1947 2060 2003 batur
2108 1946 2428 2016 quotidiana
2490 1947 2764 2003 institutio
2818 1962 3030 2002 morum
3078 1947 3215 2017 ejus,
3268 1948 3322 2002 in
3388 1949 3474 2004 his

1893 2039 2074 2095 stabat
2094 2037 2313 2093 assidua
2335 2037 2679 2094 conversatio
2714 2037 2841 2091 vitae
2868 2034 3009 2106 ejus,
3036 2036 3089 2091 in
3125 2038 3211 2092 his
3255 2037 3475 2107 vigebat

1893 2129 2210 2184 indeficiens
2236 2128 2519 2184 exsecutio
2562 2128 2823 2198 propositi
2882 2126 3022 2195 ejus,
3080 2127 3132 2181 in
3194 2128 3317 2183 istis
3362 2129 3471 2184 Deo

1891 2219 2181 2283 serviebat,
2207 2232 2307 2288 pro
2351 2218 2437 2274 his
2491 2218 2795 2288 quibusque
2845 2216 3004 2273 bonis
3044 2226 3298 2289 acceptus
3330 2227 3468 2285 erat,

1890 2322 1988 2378 per
2014 2309 2129 2365 haec
2149 2309 2314 2364 vitam
2338 2318 2597 2364 aeternam
2634 2308 2855 2379 adipisci
2878 2308 3181 2380 satagebat.

2486 2418 2716 2477 CAPUT
2752 2414 2836 2477 Ill.

1893 2536 2060 2606 Αἴθη
2085 2541 2293 2593 tandem
2322 2541 2598 2604 impetrata
2621 2540 2684 2592 ab
2708 2541 2844 2592 irato
2872 2556 2986 2607 rege
3007 2539 3236 2593 adeundi
3254 2538 3471 2593 flantum

2329 2609 2602 2677 facilitate,
2635 2609 2873 2662 raledicit
2896 2611 3024 2661 suis.

1961 2694 2054 2752 25.
2091 2696 2293 2767 Regem
2321 2705 2500 2753 autem
2533 2699 2597 2752 de
2635 2706 2788 2752 trans
2826 2713 2975 2751 mare
3025 2712 3330 2766 regressum
3363 2690 3473 2752 An-

1893 2785 2098 2841 sclmns
2125 2787 2280 2850 adiit,
2311 2802 2366 2842 et
2404 2798 2464 2841 ut
2487 2786 2588 2842 sibi
2621 2786 2848 2841 Romam
2878 2788 2944 2841 ad
2976 2801 3167 2857 papam
3192 2786 3470 2843 Urbanum

1889 2893 1991 2947 pro
2012 2877 2148 2934 stola
2179 2882 2259 2936 sui
2289 2882 2792 2951 archiepiscopatus
2812 2881 2972 2935 eundi
2998 2881 3268 2935 licentiam
3298 2882 3468 2946 daret,

1889 2970 2169 3027 humiliter
2196 2972 2373 3043 petiit.
2400 2972 2473 3028 At
2514 2972 2603 3028 ille
2632 2971 2698 3026 ad
2726 2987 2920 3026 nomen
2974 2970 3178 3027 Urbani
3225 2972 3471 3028 turbatus
3544 3036 3551 3041 ι

1889 3063 2024 3117 dixit
2048 3078 2106 3117 se
2133 3063 2279 3118 illum
2307 3079 2404 3134 pro
2440 3078 2574 3133 papa
2604 3078 2709 3116 non
2738 3070 2944 3129 tenere,
2974 3076 3074 3116 nec
3106 3077 3215 3115 sum
3244 3076 3473 3116 consuc-

220 3151 268 3206 in
306 3153 575 3224 principio
608 3162 714 3208 tam
749 3154 1000 3210 credulus
1049 3154 1170 3210 fuit.
1204 3153 1484 3225 Siquidem
1519 3155 1590 3210 illi
1637 3167 1788 3212 certo
1817 3175 1863 3237 ρ
1894 3153 2093 3208 tudinis
2121 3168 2263 3218 esse,
2292 3163 2351 3207 ut
2381 3154 2587 3222 absque
2618 3168 2714 3205 sua
2744 3152 3010 3207 electione
3068 3151 3228 3206 alicui
3287 3152 3473 3206 liceret

218 3244 439 3301 scientes
462 3260 589 3301 enm
617 3260 714 3314 pro
738 3246 893 3301 malis
922 3248 1023 3302 sibi
1052 3247 1215 3302 illatis
1241 3246 1308 3301 ad
1340 3248 1477 3301 mala
1510 3249 1783 3305 reddenda

220 3349 307 3390 cor
332 3353 433 3391 non
490 3338 715 3405 habere,
743 3353 773 3392 a
809 3338 1001 3394 timore
1049 3341 1293 3411 suspensi
1327 3339 1449 3413 [al.,
1475 3343 1495 3372 Γ
1500 3342 1783 3414 suspendi]

220 3424 414 3498 sibique
444 3428 584 3500 ipsis
630 3428 929 3485 deteriores
954 3428 1156 3497 effecti,
1192 3431 1244 3485 in
1275 3432 1428 3501 pejus
1477 3434 1783 3501 profecere.

220 3514 358 3584 Quod
384 3520 555 3575 Pater
603 3526 845 3575 tractans
875 3521 1015 3591 apud
1043 3536 1124 3587 se,
1154 3523 1326 3593 magis
1365 3523 1575 3577 illorum
1619 3539 1783 3594 quam

220 3608 457 3681 subsequi
498 3610 854 3679 pmvidebat,
884 3611 1197 3680 perditioni,
1225 3628 1391 3683 quam
1417 3629 1526 3670 suae
1552 3615 1784 3671 indoluit

221 3700 539 3757 transitoria
574 3702 897 3772 deccptioni.
932 3702 1034 3757 Pro
1084 3720 1188 3774 qua
1222 3713 1398 3761 tamen
1443 3706 1779 3778 deceptione.

221 3797 269 3844 et
314 3791 432 3847 ﬁdei
493 3808 604 3847 non
637 3802 869 3848 scrvatte
909 3797 1273 3864 corruptione,
1325 3813 1466 3868 saepe
1496 3798 1783 3856 Anselmus

223 3880 386 3937 dicere
407 3884 606 3939 solitus
635 3892 752 3939 erat
790 3900 882 3940 eos
911 3888 1237 3957 quandoque
1274 3898 1378 3943 aut
1426 3889 1478 3944 in
1518 3906 1577 3947 se
1612 3900 1705 3945 aut
1727 3892 1779 3946 in

175 4015 181 4019 .
221 3967 391 4029 liberis
414 3976 534 4030 suis
584 3976 650 4031 de
679 3977 838 4032 rebus
879 3975 1156 4043 Ecclesia,
1188 3980 1384 4049 quibus
1425 3991 1551 4036 tunc
1590 3982 1643 4037 in
1692 3998 1780 4037 su-

222 4060 373 4120 blime
395 4067 755 4138 raptabantur
784 4070 1239 4137 exhzeredandos;
1281 4081 1337 4127 et
1363 4074 1598 4143 antiqua-'3
1649 4090 1779 4143 pau-

224 4156 408 4220 pertati
439 4156 495 4211 in
526 4172 632 4227 qua
661 4160 772 4215 nati
801 4161 1017 4216 fuerant
1041 4171 1094 4217 et
1133 4164 1326 4218 nutriti
1378 4163 1778 4234 subjugandos;

222 4253 305 4299 aut
323 4258 468 4305 certe
495 4249 677 4320 aliqua
702 4253 852 4324 gravi
877 4263 931 4309 et
958 4254 1347 4310 contumeliosa
1371 4254 1629 4320 vindicta,
1656 4262 1780 4310 ante

223 4346 433 4394 mortem
468 4340 560 4395 vel
587 4342 638 4395 in
677 4352 867 4409 morte,
903 4347 1044 4414 quod
1097 4345 1335 4400 deterius
1363 4354 1528 4411 esset,
1554 4347 1781 4416 punien-

223 4419 326 4479 dos.
352 4426 504 4494 Quod
530 4429 730 4485 dictum
758 4432 873 4502 ejus
902 4434 955 4488 in
982 4435 1302 4505 quibusdam
1327 4435 1438 4505 jam
1455 4436 1776 4507 completum

1893 3245 1946 3297 in
1991 3258 2157 3313 regno
2210 3257 2309 3297 suo
2339 3258 2532 3312 papam
2595 3242 2896 3296 nominare.
2946 3240 3085 3295 llinc
3146 3241 3307 3310 igitur
3352 3251 3470 3295 orta

1888 3332 2133 3400 quaedam
2159 3330 2429 3385 dissensio
2454 3330 2634 3400 gravis
2675 3341 2780 3396 est,
2814 3331 2909 3385 sed
2963 3330 3015 3383 in
3065 3329 3210 3383 aliud
3261 3338 3470 3397 tempus

1888 3423 2225 3478 discutienda
2252 3431 2335 3477 est
2361 3422 2548 3476 dilata.
2572 3421 2801 3476 Jubctur
2825 3437 2957 3490 ergo
2984 3430 3041 3474 ut
3074 3422 3236 3475 totius
3262 3421 3469 3490 Anglia:

1886 3514 2145 3585 episcopi,
2177 3515 2402 3569 abbatcs
2431 3520 2487 3568 et
2513 3513 2807 3584 principes,
2839 3514 2906 3568 ad
2934 3513 3327 3569 discussionem
3354 3515 3468 3567 dis-

1886 3606 2008 3660 sidii
2048 3605 2205 3674 hujus
2231 3605 2374 3676 apud
2403 3614 2668 3670 castrum,
2708 3606 2852 3676 quod
2892 3604 3298 3676 Rochingcham
3331 3604 3469 3659 dici-

1887 3708 2005 3764 tur,
2038 3714 2142 3753 una
2187 3699 2453 3753 veniant:
2484 3698 2687 3754 factum
2725 3708 2830 3765 est,
2874 3707 2928 3755 et
2967 3698 3120 3754 tertia
3162 3698 3466 3768 septimana

1883 3793 2319 3863 Quadragesimae
2340 3792 2437 3864 [ιιι.
2465 3792 2610 3846 omit.
2629 3802 2669 3848 t.
2684 3807 2731 3848 s.
2747 3791 2827 3864 q.]
2842 3791 2995 3860 juxta
3014 3794 3248 3849 edictum
3266 3807 3466 3848 conve-

1882 3891 2099 3940 nerunt.
2116 3882 2287 3937 Causa
2301 3882 2353 3935 iu
2369 3882 2603 3937 medium
2619 3883 2853 3947 ducitur,
2868 3893 2925 3937 et
2937 3882 3225 3938 Anselmus
3238 3881 3466 3936 diversis

1883 3979 2119 4050 querelis
2156 3978 2284 4032 hinc
2317 3977 2441 4032 inde
2493 3977 2817 4032 concutitur.
2871 3977 3149 4046 Siquidem
3200 3976 3372 4038 multi,
3413 3985 3467 4030 ct

1883 4069 2117 4124 maxime
2158 4068 2394 4136 episcopi
2445 4067 2604 4134 regia:
2649 4066 2914 4118 volunt‘ati
2968 4063 3151 4118 favere
3203 4063 3461 4128 volentes,

1882 4167 2067 4225 spreto
2094 4156 2587 4226 aequitatisjudieio
2618 4155 2669 4209 id
2699 4154 2930 4222 probare
2957 4153 3290 4214 nitebantur,
3321 4152 3462 4219 quod

1880 4248 2168 4304 Anselmus
2193 4247 2342 4302 salva
2368 4247 2470 4302 fide
2511 4260 2674 4315 quam
2702 4244 2814 4316 regi
2859 4243 3109 4311 debebat,
3142 4242 3453 4296 nullatenus

1880 4347 2064 4409 posset
2095 4339 2145 4392 in
2179 4353 2344 4408 regno
2399 4337 2565 4406 ipsius
2624 4335 2897 4398 Urbanum
2945 4334 3089 4390 sedis
3144 4333 3454 4403 apostolicae

1880 4429 2163 4498 praesulem
2195 4443 2291 4499 pro
2320 4443 2455 4498 papa
2484 4436 2687 4481 tenere.
2724 4425 2930 4492 Quibus
2980 4439 3101 4480 cum
3151 4423 3301 4494 plura
3342 4440 3464 4493 quae

223 4513 470 4589 videmus,
508 4530 564 4577 et
590 4535 657 4576 ex
695 4524 798 4578 hoc
824 4525 953 4594 quid
985 4526 1108 4581 aliis
1140 4528 1305 4581 etiam
1358 4529 1655 4583 timendum
1684 4528 1777 4594 sit,
1813 4537 1857 4592 ι)
1884 4524 2021 4577 ratio
2045 4524 2245 4578 tulerat
2268 4523 2478 4593 objecta
2527 4522 2779 4588 fuissent,
2827 4530 2882 4575 et
2927 4519 3213 4574 Anselmus
3265 4533 3359 4572 eos
3394 4533 3463 4573 ex

221 4606 600 4676 conjeclamus.
654 4612 779 4668 Ideo
821 4624 1000 4670 autem
1047 4631 1141 4672 eos
1187 4618 1462 4689 corrigere
1496 4620 1775 4689 nequibat,

222 4704 459 4771 quoniam
510 4705 616 4774 ipsi
668 4721 818 4760 more
849 4708 1136 4762 densarum
1186 4709 1463 4777 spinarum
1510 4710 1776 4780 perplexi,

222 4794 409 4859 argutis
441 4794 734 4850 verborum
783 4797 1172 4852 assertionibus
1197 4814 1255 4853 se
1303 4799 1438 4853 tales
1486 4814 1591 4853 non
1634 4815 1776 4867 esse,

222 4883 302 5021 ﬁgi
327 4884 635 4954 hujnsmodi
678 4889 1017 4944 correctione
1044 4904 1179 4959 opus
1225 4891 1513 4956 haberent,
1544 4890 1779 4946 allirma-

284 4979 353 5021 nt.

284 4979 353 5027 nt.

279 5060 364 5114 22.
388 5063 456 5118 At
484 5064 573 5120 ille
598 5066 932 5122 contentioni
957 5062 1160 5122 servire
1176 5068 1442 5133 devitans,
1473 5069 1780 5125 dimittebat

220 5160 323 5216 eos,
360 5153 460 5208 sibi
508 5155 708 5211 timens
737 5171 804 5210 ne
834 5172 1140 5213 mensuram
1173 5158 1522 5216 discretionis
1547 5162 1778 5217 excede-

221 5249 312 5309 ret,
333 5244 375 5298 si
404 5245 457 5299 in
492 5247 757 5303 rimandis
780 5248 997 5323 actibus
1047 5249 1259 5305 illorum
1302 5252 1463 5307 nimis
1501 5252 1776 5307 studiosus

221 5332 481 5393 existeret.
508 5337 653 5393 Nihil
703 5340 846 5395 enim
876 5341 928 5394 in
985 5343 1204 5409 mutulo,
1237 5353 1498 5413 quantum
1547 5358 1777 5413 peccare

217 5420 446 5482 timebat.
482 5430 824 5485 Conscientia
855 5446 972 5486 mea
1023 5440 1159 5488 teste
1188 5449 1291 5487 non
1347 5434 1614 5498 mentior,
1646 5433 1775 5502 quia

217 5525 346 5583 sepe
375 5517 524 5574 illum
555 5522 657 5577 sub
688 5523 933 5578 veritatis
962 5524 1269 5580 testimonio
1294 5523 1636 5594 profitentem
1671 5538 1771 5577 auc

215 5603 457 5679 divimus,
488 5616 742 5684 quoniam
772 5616 815 5671 si
863 5617 991 5672 hinc
1040 5619 1246 5687 peccati
1302 5617 1607 5681 horrorem,
1646 5617 1775 5671 hinc

217 5694 396 5757 inferni
424 5704 665 5763 dolorem
695 5710 1053 5778 corporaliter
1081 5718 1352 5774 cerneret,
1382 5708 1773 5787 etgnecessario

214 5792 296 5869 Itali
332 5809 516 5855 eorum
541 5800 784 5872 immergi
812 5803 1050 5869 deberet,
1085 5803 1233 5874 prius
1280 5802 1553 5858 infernum
1603 5816 1764 5868 (1⁸⁸³ιῖι

1884 4614 2061 4670 verbis
2086 4615 2295 4669 Domini
2329 4632 2343 4668 :
2380 4614 2597 4668 Reddite
2645 4630 2762 4683 qua:
2790 4625 2909 4668 sunt
2957 4613 3184 4668 Cwsaris
3237 4613 3459 4677 Cwsari,

1881 4717 1927 4761 et
1955 4724 2072 4777 qua:
2093 4716 2212 4760 sunt
2245 4706 2339 4759 Dei
2365 4706 2471 4760 Deo
2506 4704 2718 4777 (Matth.
2762 4721 2859 4771 xu,
2895 4705 3006 4776 Π),
3040 4707 3265 4775 aliisque
3326 4722 3462 4760 non.

1881 4795 2059 4854 tmllis.
2086 4810 2205 4865 qua:
2232 4796 2370 4849 ratio
2416 4794 2557 4848 nulla
2590 4793 2838 4850 refellere
2872 4805 3104 4866 poterat,
3134 4796 3350 4865 penitus
3382 4795 3461 4847 iu-

1881 4888 2178 4954 frenasset;
2206 4887 2275 4941 illi
2306 4896 2525 4941 econtra
2556 4887 2685 4955 quid
2717 4888 2962 4942 dicereut
3016 4904 3122 4942 non
3174 4887 3453 4945 habentes,

1881 4993 2003 5033 eum
2035 4981 2086 5033 in
2115 4994 2295 5050 regem
2345 4978 2724 5049 blasphemare
2750 4995 2858 5034 uno
2888 4980 3113 5048 strepitu
3149 4976 3456 5031 conclama-

1880 5085 2028 5134 vere,
2059 5070 2491 5139 quandoquidem
2530 5085 2694 5125 ausus
2733 5079 2852 5125 erat
2882 5070 2933 5123 in
2964 5083 3128 5135 regno
3176 5064 3311 5136 ejus,
3348 5064 3452 5120 nisi

1880 5174 1946 5212 eo
1973 5157 2318 5218 concedente,
2351 5158 2641 5228 quidquam
2667 5157 2751 5211 vel
2784 5156 2895 5209 Deo
2920 5155 3212 5208 ascribere.
3358 5208 3363 5211 _

1948 5247 2039 5301 24.
2088 5247 2255 5318 lgitur
2299 5247 2365 5302 ad
2406 5263 2567 5302 unam
2612 5247 2771 5314 regite
2818 5243 3199 5313 indignationis
3245 5259 3450 5309 vocem,

1878 5337 2096 5407 quidam
2132 5353 2198 5392 ex
2235 5339 2524 5409 episcopis,
2559 5336 2965 5403 archiepiscopo
2997 5349 3095 5389 suo
3130 5343 3293 5406 atque
3342 5339 3451 5405 pri-

1879 5432 2008 5485 mati
2039 5446 2254 5487 omnem
2304 5431 2688 5501 subjectionem
2748 5426 3046 5499 professam
3090 5431 3449 5485 obedientiam

1878 5543 1986 5581 uno
2016 5527 2214 5596 impetu
2245 5528 2536 5596 abnegant,
2568 5525 2726 5593 eique
2770 5523 3032 5579 unitatem
3080 5523 3333 5579 fraternae
3359 5538 3450 5577 so-

1876 5621 2090 5676 cietatis
2117 5620 2231 5690 pari
2266 5627 2392 5671 voto
2420 5617 2713 5671 miserandi
2744 5617 3025 5687 abjurant;
3077 5616 3292 5685 quidam
3320 5629 3450 5669 vero

1878 5712 1929 5766 in
1959 5712 2041 5766 eis
2070 5719 2275 5765 tantum
2302 5707 2421 5780 [al.,
2451 5708 2677 5782 tamen],
2707 5726 2827 5780 quae
2845 5725 2913 5765 ex
2935 5718 3087 5781 parte
3116 5706 3316 5763 Urbani
3346 5722 3446 5775 pa-

1876 5819 1955 5871 pm
1994 5800 2332 5873 pt'a‘ripcret,
2377 5801 2449 5856 illi
2482 5815 2539 5858 se
2568 5802 2878 5859 obcdituros
2920 5809 3134 5872 neganl-
3190 5798 3439 5871 ειιίξσπιιί
