4068 6286
544 365 607 424 ω
1592 350 1651 406 s.
1694 309 1994 408 assensi
2031 347 2384 407 caurum.
2423 344 2735 402 ARClilEl‘.
3739 343 3812 401 92

545 484 730 550 itaque
757 490 948 533 omnes
972 474 1064 545 qui
1091 472 1394 535 adfuerant,
1427 466 1650 523 Rofensi
1698 466 1815 522 solo
1869 471 2118 533 excepto,
2152 471 2196 541 Α
2225 463 2495 532 equitibus
2520 462 2730 532 aspexit
2760 459 2961 524 ridere,
2991 466 3045 514 et
3067 456 3223 528 quasi
3267 471 3366 527 pro
3424 464 3583 528 capta
3631 458 3813 515 bestia

550 581 644 626 aut
670 583 778 624 uno
807 576 902 622 aut
923 565 1029 622 alio
1059 564 1219 629 modo
1248 560 1486 617 debitam
1534 558 1610 613 illi
1641 558 2033 628 subiectionem
2071 566 2128 620 et.

548 662 917 719 obedientiam
945 660 1233 727 abnegant.
1259 655 1374 708 Rex
1398 654 1562 709 etiam
1614 652 1730 722 ipse
1772 659 2025 704 cunctam
2076 648 2127 703 ei

548 751 934 808 confidentiam
962 757 1017 802 et
1040 746 1383 802 securitatem
1412 744 1466 816 in
1506 742 1622 798 suis
1646 740 1896 796 omnibus
1916 739 2127 805 adimit,

548 857 649 896 nec
676 854 734 894 se
788 838 934 892 illum
966 850 1063 907 pro
1113 834 1527 905 archiepiscopo
1568 832 1652 886 vel
1701 839 1854 901 patre
1899 829 2130 900 amplius

552 931 859 984 habiturum
883 926 1052 994 jurat,
1085 927 1189 983 nisi
1218 927 1332 996 ipse
1354 924 1561 981 vicario
1591 923 1734 979 beati
1784 920 1929 977 Petri
1961 937 2019 977 se
2051 920 2132 975 ul-

548 1023 720 1076 terius
753 1021 1096 1075 obediturum
1124 1020 1310 1074 statim
1339 1021 1585 1088 deneget.
1616 1008 1750 1071 Tres
1799 1015 1915 1072 dies
1942 1015 1995 1069 in
2030 1014 2132 1069 isto

550 1117 763 1185 negotio
809 1113 1150 1169 clamoribus
1188 1111 1243 1165 in
1300 1109 1618 1165 Anselmum
1671 1116 1730 1163 et
1786 1105 2132 1162 contumeliis

547 1206 755 1277 gravidi
801 1205 1023 1275 expensi
1054 1213 1199 1270 sunt,
1243 1210 1300 1259 et
1324 1202 1542 1257 tandem
1596 1202 1652 1256 in
1694 1199 1798 1256 hoc
1831 1213 1991 1269 quem
2021 1197 2132 1252 dixi

551 1301 657 1351 line
690 1297 932 1353 conclusi
959 1304 1103 1351 sunt.
1420 1348 1425 1352 .
1737 1346 1741 1351 .
1825 1348 1831 1359 ,

620 1391 713 1446 25.
763 1390 915 1445 Tune
951 1388 1263 1454 Anselmus,
1310 1387 1366 1442 in
1414 1401 1513 1443 suo
1548 1383 1829 1456 proposito
1855 1391 2132 1447 constans,

552 1498 653 1551 per
693 1482 1056 1551 internuntios
1101 1484 1430 1537 conductum
1476 1495 1504 1534 a
1556 1492 1683 1549 rege
1726 1476 1983 1547 postulat,
2027 1487 2135 1543 quo

554 1585 709 1630 tutus
759 1578 923 1645 regno
953 1576 1215 1631 'decedat.
1242 1574 1394 1641 Quod
1421 1572 1695 1642 principes
1751 1570 1938 1625 multis
1982 1570 2137 1641 dam-

555 1680 747 1718 nosum
775 1662 889 1720 fore
910 1664 1308 1735 dignosccutes,
1333 1677 1431 1733 pro
1454 1662 1787 1718 restituenda
1817 1675 1950 1730 pace
1978 1659 2136 1715 indu-

556 1756 668 1811 cias
697 1756 952 1826 utrinque
977 1757 1044 1812 ad
1072 1756 1447 1811 Pentecostem
1472 1769 1642 1824 usque
1679 1753 1795 1808 dari
1822 1760 2138 1822 precantur

2228 554 2429 608 lmtitim
2493 553 2647 608 frena
2697 553 2922 614 laxare,
2977 550 3185 606 solutus
3237 549 3290 603 in
3336 547 3626 621 laerymas,
3681 551 3808 606 ait:

2236 663 2255 696 ι
2280 644 2526 700 Ridetis?
2554 644 2620 699 Et
2652 644 2838 713 utique
2882 641 3079 697 infelici
3105 641 3232 696 huic
3260 639 3440 697 nullus
3476 641 3642 705 risus,
3673 640 3821 698 laeti-

2231 735 2312 789 tia
2335 734 2479 789 nulla
2508 744 2611 790 est.
2643 735 2834 806 llostes
2863 734 2981 803 ejus
3009 734 3299 795 circateam
3333 742 3481 798 sunt,
3508 742 3567 788 et
3599 733 3716 804 ipsa
3746 735 3821 789 de

2230 826 2339 885 vita
2356 826 2586 883 sollicita
2604 826 2845 897 confugit
2863 827 2930 880 ad
2954 840 3051 880 nos
3076 824 3384 895 prmsidium
3409 824 3681 893 ﬂagitans.
3699 824 3819 880 Hoc

2230 921 2387 994 plane
2407 930 2492 977 est
2506 904 2774 993 et’animte
2786 919 3041 974 hominis.
3054 902 3199 971 Nam
3214 932 3340 971 eum
3357 917 3421 985 de
3433 931 3663 994 corpore
3673 917 3817 980 exit,

2231 1029 2355 1068 mox
2384 1011 2587 1067 inimici
2611 1012 2714 1077 sui,
2745 1011 2953 1066 scilicet
2974 994 3196 1080 maligni
3218 1008 3459 1078 spiritus,
3486 990 3722 1077 quieam
3762 1008 3819 1062 in

2232 1117 2459 1173 corpore
2508 1101 2789 1173 degentem
2842 1116 2939 1172 per
2984 1101 3262 1155 anfractus
3312 1088 3585 1178 vitiorum
3628 1099 3823 1152 multis

2234 1196 2408 1269 modis
2433 1195 2703 1267 persecuti
2742 1202 2888 1256 sunt,
2920 1192 3215 1263 crudeliter
3265 1192 3462 1247 adsunt
3489 1191 3662 1260 parati
3692 1205 3823 1246 eam

2236 1303 2429 1360 rapere
2455 1298 2511 1344 et
2540 1287 2593 1342 in
2620 1295 2849 1342 mortem
2893 1292 3150 1340 aeternam
3190 1284 3546 1354 praecipitare.
3578 1283 3649 1336 At
3697 1282 3827 1352 ipsa

2235 1386 2400 1449 nimis
2423 1384 2584 1439 anxia
2614 1382 2721 1438 huc
2751 1380 2989 1451 illucque
3012 1377 3382 1447 circumspicit
3407 1418 3422 1444 ,
3450 1384 3506 1430 et
3529 1391 3634 1446 qua
3660 1385 3827 1430 tueao

2237 1487 2326 1533 tur
2381 1460 2716 1532 defensionis
2750 1483 2807 1529 et
2827 1460 3016 1528 auxilii
3074 1486 3294 1526 manum
3319 1469 3422 1524 sibi
3452 1468 3652 1539 porrigi
3683 1466 3829 1523 inef-

2237 1569 2384 1627 fabili
2410 1568 2685 1641 desiderio
2704 1563 3063 1643 concupiscit.
3114 1563 3395 1641 Daemones
3439 1569 3619 1616 autem
3649 1574 3827 1615 econ-

2238 1666 2415 1721 trario
2453 1664 2647 1727 rident,
2678 1670 2734 1727 et
2785 1673 2980 1732 magno
3019 1657 3216 1729 gaudio
3261 1656 3521 1727 gaudent,
3561 1670 3619 1709 se
3672 1653 3829 1708 illam

2238 1755 2389 1812 nullo
2416 1753 2609 1808 fultam
2639 1749 2969 1807 adminiculo
2996 1747 3297 1803 inveniunt.
3333 1764 3353 1797 ι
3408 1742 3615 1812 Quibus
3657 1743 3831 1805 dictis

551 1854 607 1899 et
641 1846 910 1913 obtinent;
965 1860 1030 1901 ac
1070 1846 1150 1901 sic
1199 1859 1324 1900 eum
1370 1860 1441 1899 ne
1491 1858 1656 1912 regno
1707 1842 1929 1897 decedat
1966 1841 2137 1910 impe-

2243 1847 2418 1902 Iaxato
2447 1845 2624 1913 freno,
2650 1846 2702 1899 in
2734 1845 2840 1899 iter
2860 1841 3043 1906 rediit,
3093 1839 3324 1895 bestiam
3376 1838 3519 1893 ultra
3566 1835 3830 1907 persequi

551 1939 730 1993 diunt.
763 1937 1005 2009 Spondet
1024 1938 1191 2009 igitur
1221 1950 1315 1991 rex
1346 1951 1405 1991 se
1454 1936 1616 1991 rebus
1669 1933 1787 2003 ejus
1837 1948 2009 2003 usque
2068 1933 2139 1988 ad

552 2029 834 2099 praefixum
865 2040 1075 2101 tempus
1103 2031 1438 2087 indueiarum
1467 2029 1679 2100 plenam
1701 2041 1886 2097 pacem
1914 2036 1970 2082 et
1989 2036 2140 2081 tran-

555 2120 882 2189 quillitatem
912 2121 1267 2189 indulturuin,
1297 2130 1351 2177 et
1386 2131 1513 2177 tunc
1542 2120 1805 2176 voluntati
1857 2120 2001 2175 illius
2040 2134 2140 2190 pro

557 2230 655 2268 sua
712 2213 971 2283 religione
1007 2210 1230 2270 multum
1279 2217 1335 2269 in
1389 2215 1602 2285 negotio
1655 2216 1798 2285 quod
1842 2221 2142 2270 emerserat

561 2304 1075 2360 condescensurum.
1102 2305 1301 2361 Verum
1314 2306 1540 2361 omnino
1566 2305 1618 2359 iu
1647 2306 1921 2360 contraria
1956 2306 2142 2375 lapsus

562 2405 667 2463 est,
708 2407 763 2452 et
791 2399 1097 2465 Ansclmus,
1129 2399 1358 2455 Domino
1401 2398 1664 2454 Balduino
1710 2408 1863 2454 extra
1915 2414 2142 2471 regnum

566 2489 809 2558 depulso,
841 2490 1257 2561 hominibusque
1316 2492 1427 2546 suis
1474 2492 1645 2559 captis
1698 2500 1754 2546 et
1802 2491 2139 2562 exspoliatis,

561 2579 829 2648 terrisque
856 2582 1082 2636 vastatis
1107 2581 1161 2635 in
1196 2582 1519 2659 immensum
1556 2578 1808 2638 afﬂictus.
2116 2576 2124 2582 “

629 2667 720 2722 26.
759 2669 1009 2724 Attamen
1042 2682 1164 2741 post
1214 2672 1348 2736 haec,
1381 2682 1437 2727 et
1466 2671 1743 2728 Urbanum
1796 2686 1892 2742 per
1935 2671 2143 2727 Walte-

560 2772 680 2813 rum
705 2759 1064 2815 Albauensem
1093 2762 1429 2833 episeOpum,
1479 2763 1571 2831 qui
1622 2761 1844 2831 pallium
1889 2760 2145 2816 Anselmo

565 2850 735 2905 llutna
769 2853 1119 2909 Cantuariam
1164 2854 1377 2922 detulit,
1428 2868 1528 2923 pro
1588 2869 1724 2925 papa
1781 2854 2039 2924 suscepit,
2091 2861 2147 2907 et

562 2943 865 3012 principum
892 2959 1114 2999 suorum
1140 2945 1367 2999 consilio
1388 2954 1563 3007 actus.
1589 2945 1643 2998 in
1667 2945 1960 2999 amicitiam
1991 2959 2145 2999 suam

562 3034 737 3088 virum
757 3036 1013 3105 suscepit.
1034 3034 1243 3091 .Verum
1265 3036 1733 3107 postaliquantum
1762 3028 1976 3108 tempus
2001 3038 2144 3093 idem

564 3142 657 3180 rex
691 3141 720 3179 a
744 3126 911 3182 Gallis
946 3127 1118 3182 victor
1141 3143 1440 3197 regressus,
1484 3138 1747 3185 renovata
1803 3130 1882 3183 ira
1926 3139 2148 3199 propter

568 3215 791 3281 milites,
845 3232 1002 3287 quos,
1063 3219 1204 3274 sicut
1261 3217 1398 3274 falso
1440 3235 1471 3273 a
1531 3220 1781 3291 malignis
1846 3220 2145 3285 dicebatur,

571 3307 711 3360 male
734 3307 1025 3364 instructos
1041 3309 1094 3363 in
1116 3311 1511 3386 expeditionem
1537 3311 1822 3385 Attseliittts
1850 3312 2146 3377 direxerat,

568 3408 756 3454 contra
788 3401 959 3472 ipsum
1000 3405 1355 3460 conturbatus
1384 3414 1486 3461 est.
1511 3404 1663 3461 Tunc
1694 3405 1979 3461 Anselmus
2025 3420 2152 3460 con-

568 3492 814 3546 siderans
840 3495 979 3564 apud
1000 3510 1058 3550 se
1084 3496 1229 3551 omni
1254 3505 1498 3567 tempore
1526 3497 1648 3551 talia
1680 3513 1777 3568 pro
1802 3497 1974 3552 nihilo
1992 3511 2150 3568 posse

569 3581 721 3642 oriri,
755 3590 809 3637 et
827 3598 883 3638 se
908 3585 989 3639 eis
1013 3570 1333 3656 occupatum
1363 3572 1576 3657 semper
1605 3589 1674 3644 ab
1731 3586 1905 3644 ofﬁcio
1931 3588 2147 3659 pontifi-

570 3672 673 3726 cali
731 3689 890 3743 posse
945 3677 1216 3747 impediri,
1257 3681 1510 3735 tractavit
1561 3664 1743 3737 secum
1788 3682 1889 3737 sibi
1922 3682 2149 3737 Romam

571 3765 825 3830 eundum,
849 3773 904 3821 et
929 3768 1214 3823 consilium
1241 3786 1271 3824 a
1324 3771 1450 3827 sede
1480 3772 1624 3826 beati
1677 3772 1822 3828 Petri
1874 3788 2038 3843 super
2068 3776 2151 3829 his

574 3854 885 3924 petendum.
918 3856 1051 3912 Cum
1091 3860 1254 3929 igitur
1303 3861 1356 3915 in
1393 3860 1737 3917 solemnitate
1779 3861 2150 3928 Pentecostes,

573 3947 640 3999 a.l
669 3948 877 4003 curiam
909 3950 1063 4034 apud.
1084 3949 1516 4018 Vindleshoriam
1542 3953 1815 4018 venisset,
1850 3967 1948 4021 per
1992 3950 2152 4007 fami-

575 4040 736 4096 liares
763 4058 888 4098 suos
918 4044 1477 4115 regimaudavitsibi
1520 4047 1985 4118 pernecessarium
2032 4061 2153 4102 esse

575 4134 802 4192 nontam
831 4138 946 4205 ire;
973 4141 1151 4197 ethoc
1175 4142 1220 4196 si
1250 4142 1299 4197 ei
1331 4141 1588 4213 placeret,
1623 4122 1682 4197 se
1733 4122 1832 4213 per
1873 4140 2150 4197 licentiam

574 4227 691 4293 ejus
718 4227 898 4284 facere
924 4230 1083 4287 velle.
1111 4232 1181 4286 At
1213 4232 1301 4288 ille
1328 4249 1341 4285 :
1367 4251 1384 4284 ι
1412 4231 1788 4303 Nequaquam,
1815 4233 2012 4303 inquit.
2042 4230 2151 4287 Nec

575 4318 721 4371 enim
739 4334 884 4384 eum,
899 4329 995 4375 aut
1015 4322 1066 4376 in
1085 4323 1190 4388 bis,
1215 4340 1335 4393 qua:
1356 4328 1563 4395 agenda
1586 4335 1732 4390 sunt,
1754 4326 1995 4395 cujusvis
2017 4342 2154 4383 con-

577 4408 684 4462 silii
723 4409 977 4478 inscium,
1017 4423 1113 4468 aut
1161 4415 1322 4470 alicui
1377 4417 1526 4484 gravi
1586 4427 1807 4486 peccato
1858 4398 2152 4473 obnoxium

2239 1940 2383 1995 clara
2414 1954 2545 1994 voce
2572 1937 2798 1994 canibus
2824 1935 3173 1991 interdicens.
3224 1931 3377 1987 Tunc
3430 1929 3519 1983 illa
3576 1929 3643 1982 ab
3671 1928 3829 1982 omni

2238 2028 2743 2098 hesioneimmunis
2772 2026 3051 2085 exsultans
3072 2033 3127 2078 et
3154 2023 3341 2078 hilaris
3374 2020 3612 2092 praepeti
3655 2035 3830 2074 cursu

2240 2137 2464 2193 campos
2492 2122 2767 2192 silvasque
2797 2118 3005 2175 revisit.
3037 2115 3147 2171 Nos
3175 2130 3308 2170 vero
3358 2113 3619 2185 depositis
3658 2111 3830 2181 joris,

2241 2216 2335 2272 sed
2355 2232 2461 2271 non
2492 2214 2702 2270 modice
2746 2213 2954 2268 alacres
2983 2208 3163 2265 effecti
3221 2207 3288 2262 de
3327 2214 3437 2260 tam
3492 2206 3578 2277 pia
3628 2204 3835 2258 libera-

2234 2309 2391 2363 tione
2420 2307 2601 2379 pavidi
2648 2304 2919 2370 animalis,
2971 2311 3153 2372 empto
3208 2299 3406 2355 itinere
3458 2299 3601 2352 viam
3655 2296 3837 2351 detri-

2241 2400 2440 2456 vimus.
2758 2437 2764 2452 .
2961 2440 2964 2444 ί
3018 2436 3061 2448 ,η
3162 2434 3185 2446 ,.
3262 2418 3263 2421 η
3523 2460 3529 2466 ⁸

2310 2493 2401 2550 28.
2441 2492 2557 2547 Alia
2590 2490 2711 2546 vice
2756 2468 3039 2559 conspexit
3088 2499 3315 2555 puerum
3346 2498 3469 2539 eum
3506 2481 3717 2537 avicula
3769 2480 3832 2534 in

2241 2586 2329 2642 via
2357 2584 2653 2641 ludentem.
2679 2582 2812 2650 Quae
2830 2581 2947 2636 avis
2973 2579 3162 2650 pedem
3194 2575 3284 2630 filo
3316 2576 3570 2631 innexum
3595 2574 3835 2637 habens,

2245 2692 2389 2748 saepe
2413 2691 2537 2732 cum
2571 2674 2749 2729 laxius
2776 2673 2855 2728 ire
2892 2656 3346 2743 permittebatur,
3388 2668 3512 2738 fuga
3549 2665 3650 2719 sibi
3693 2679 3836 2719 con-

2245 2769 2424 2826 sulere
2474 2767 2702 2837 cupiens
2747 2763 2963 2832 avolare
3024 2763 3317 2819 nitebatur.
3368 2760 3438 2815 At
3497 2771 3633 2829 puer
3681 2754 3839 2809 tilum

2247 2881 2413 2921 manu
2441 2871 2656 2926 tenens,
2679 2867 2972 2915 retraetam
3000 2872 3173 2927 usque
3228 2856 3295 2911 ad
3325 2869 3386 2911 se
3436 2851 3744 2922 dejicicbat,
3776 2857 3841 2903 et

2247 2958 2350 3015 hoc
2380 2957 2572 3027 ingens
2598 2953 2854 3024 gaudium
2909 2950 2985 3005 illi
3015 2959 3155 3004 erat.
3213 2949 3439 3004 Factum
3489 2953 3572 3000 est
3612 2944 3662 2997 id
3721 2941 3839 2995 fre-

2250 3048 2526 3119 quentius.
2558 3044 2714 3112 Quod
2760 3043 2925 3098 Pater
2954 3039 3256 3110 aspiciens,
3310 3037 3507 3092 misere
3560 3032 3842 3089 condoluit

2175 3166 2218 3224 C
2249 3138 2359 3203 avi,
2407 3144 2462 3191 ut
2518 3145 2676 3205 rupto
2731 3132 2823 3187 ﬁlo
2864 3119 3101 3186 libertati
3154 3127 3470 3184 redderetur
3513 3123 3740 3224 optavit.
3768 3120 3843 3175 Et

2248 3242 2375 3284 ecce
2406 3226 2553 3281 filum
2583 3225 2870 3294 rumpitur,
2892 3221 3008 3276 avis
3030 3218 3227 3283 avolat,
3255 3231 3390 3287 puer
3420 3214 3615 3289 plorat,
3647 3210 3838 3276 Pater,

2254 3318 2513 3375 exsultat.
2559 3316 2627 3387 Et
2655 3314 2864 3387 vocatis
2889 3313 3048 3368 nobis
3076 3330 3091 3366 :
3138 3329 3156 3363 ι
3186 3306 3607 3389 Considerastis,
3636 3305 3835 3372 inquit,

2243 3403 3025 3480 joeumpueri?»Eteonfessis
3046 3401 3438 3475 considerasse,
3470 3398 3575 3452 ait:
3607 3415 3626 3448 ι
3657 3394 3841 3450 Simili

2251 3482 2686 3558 consideratione
2714 3497 2925 3566 jocatur
2950 3492 3194 3549 diabolus
3213 3506 3336 3546 eum
3370 3488 3553 3563 multis
3600 3488 3842 3557 homin?-

2250 3591 2374 3657 bus,
2401 3603 2540 3660 quos
2565 3588 2679 3642 suis
2714 3586 2923 3656 laqueis
2952 3583 3192 3638 irretitos
3220 3595 3318 3650 pro
3338 3594 3434 3634 sua
3467 3578 3750 3647 voluntate
3778 3577 3839 3631 in

2252 3679 2465 3736 diversa
2495 3678 2624 3732 vitia
2658 3675 2944 3748 pertrahit.
2986 3671 3292 3728 Suntenitn
3327 3670 3570 3740 quidam,
3597 3678 3655 3722 ut
3682 3669 3837 3723 verbi

2248 3768 2424 3844 gratia
2446 3769 2643 3834 dicam,
2673 3777 2768 3823 aut
2790 3767 3053 3831 avaritiae,
3085 3772 3176 3819 aut
3221 3763 3467 3837 luxuriat,
3499 3769 3553 3817 et
3579 3762 3842 3816 similium

2252 3863 2485 3918 flammis
2509 3861 2789 3925 succensi;
2815 3868 2868 3914 et
2890 3874 2957 3914 ex
2990 3858 3127 3913 mala
3167 3857 3286 3930 [al.,
3342 3856 3562 3929 magna]
3606 3869 3845 3910 consue-

2256 3954 2441 4008 tudine
2470 3951 2574 4007 illis
2622 3951 2842 4017 addicti,
2881 3951 2967 4006 his
3019 3940 3583 4022 contigitaliquanolo
3626 3956 3687 4000 ut
3739 3960 3841 4000 sua

2257 4045 2396 4102 facta
2427 4044 2795 4107 considerent,
2824 4041 3076 4108 deﬂeant,
3105 4055 3273 4110 seque
3325 4038 3521 4092 amodo
3556 4051 3586 4089 a
3640 4034 3842 4089 talibus

2242 4144 2560 4215 ‘cessaturos
2584 4134 2684 4189 sibi
2712 4118 3048 4203 premittant.
3083 4132 3148 4185 Et
3181 4144 3333 4184 more
3363 4128 3480 4182 avis
3520 4142 3579 4182 se
3631 4126 3838 4180 liberos

2254 4232 2436 4287 volare
2461 4237 2763 4285 autumant.
2797 4228 2903 4283 Sed
2943 4228 3069 4297 quia
3095 4240 3263 4296 pravo
3312 4240 3412 4280 usu
3466 4223 3661 4278 irretiti
3710 4220 3837 4293 [al.,

2239 4323 2458 4394 allecti]
2481 4322 2548 4376 ab
2581 4324 2735 4377 hnste
2768 4328 3040 4385 tenentur,
3087 4318 3332 4372 volantes
3379 4317 3432 4370 in
3464 4315 3669 4386 eadem
3705 4314 3842 4367 vitia

2243 4414 2605 4482 ~dejiciuutur.
2637 4412 2833 4480 Fitque
2854 4411 2957 4465 hoc
2980 4411 3193 4480 saepius.
3223 4408 3330 4463 Nec
3353 4407 3679 4462 omnimodis
3704 4405 3844 4459 libe-

575 4512 701 4553 esse
730 4500 950 4570 scimus,
1001 4505 1142 4561 unde
1186 4506 1270 4577 vel
1299 4522 1490 4576 papam
1521 4506 1825 4574 consulere,
1877 4507 1961 4561 vel
2011 4507 2153 4563 illius
2180 4505 2231 4566 1)
2258 4518 2472 4571 rantur,
2520 4506 2620 4560 nisi
2664 4520 2859 4574 magno
2903 4513 3101 4558 conatu
3160 4515 3257 4571 per
3303 4510 3605 4570 respectum
3649 4499 3840 4569 gratiae

577 4590 969 4646 absolutionem
985 4610 1210 4651 necesse
1229 4597 1301 4652 sit
1321 4597 1397 4653 illi
1419 4599 1730 4671 implorare.
1753 4618 1771 4652 ι
1793 4600 1861 4654 Ει
1884 4614 1969 4656 res
1990 4599 2154 4672 igitur

578 4682 654 4738 ita
692 4691 818 4738 tunc
845 4684 1060 4753 quidem
1099 4688 1377 4743 remansit.
1441 4699 1446 4705 ‘
1550 4736 1555 4742 .
1710 4701 1720 4711 ‘

650 4774 735 4828 ’27.
771 4773 1089 4832 Discedente
1107 4786 1287 4832 autem
1314 4780 1572 4836 Anselmo
1598 4795 1627 4835 a
1650 4782 1824 4848 curia,
1870 4792 1927 4838 et
1960 4783 2025 4839 ad
2056 4783 2155 4839 vil-

577 4867 685 4923 lam
719 4882 871 4922 suam
903 4869 1121 4925 nomine
1171 4869 1403 4942 Heysem
1450 4884 1794 4944 properante,
1841 4876 1995 4946 pueri
2020 4891 2155 4946 quos

526 5002 533 5007 μ
579 4959 873 5023 nutriebat,
911 4958 1148 5034 leporem
1183 4963 1286 5017 sibi
1313 4974 1689 5021 occursantem
1722 4967 1775 5021 in
1815 4967 1897 5022 via
1931 4967 2156 5023 canibus

573 5051 806 5129 insecuti
827 5060 976 5115 sunt,
1019 5061 1074 5107 et
1103 5051 1424 5123 fugitantem
1456 5057 1596 5111 infra
1622 5059 1784 5128 pedes
1813 5037 1960 5129 equi,
1993 5074 2154 5130 quem

576 5145 740 5200 Pater
769 5144 884 5214 ipse
907 5145 1149 5209 sedebat,
1190 5147 1556 5205 subsidentem
1582 5152 1858 5207 consecuti
1890 5161 2034 5207 sunt.
2065 5153 2156 5208 llle

574 5235 754 5289 sciens
778 5234 1033 5291 miseram
1063 5236 1295 5307 bestiam
1347 5238 1449 5295 sibi
1481 5242 1581 5297 sub
1624 5258 1683 5298 se
1730 5241 1937 5312 refugio
1963 5257 2158 5299 consu-

576 5325 767 5391 luisse,
803 5333 1031 5388 retentis
1055 5329 1281 5388 habenis
1300 5345 1499 5402 equum
1534 5334 1650 5389 loco
1676 5335 1811 5399 fixit,
1859 5351 1960 5391 nec
2007 5336 2157 5407 cupi-

576 5413 693 5474 tum
726 5420 913 5476 bestiae
945 5424 1116 5479 voluit
1139 5426 1451 5497 prmsidium
1484 5430 1770 5499 denegare.
1799 5427 1968 5494 Quam
1996 5430 2157 5484 canes

574 5514 1002 5583 circumdantes,
1017 5518 1278 5590 etlinguis
1292 5522 1406 5577 suis
1424 5518 1521 5593 [αι.
1537 5522 1683 5574 omit.
1699 5521 1734 5574 l.
1754 5521 1825 5592 5.]
1844 5521 1984 5574 haud
2001 5530 2156 5591 grato

578 5605 1001 5676 obsequio‘hinc
1038 5609 1163 5666 inde
1193 5613 1483 5681 fingentes,
1525 5630 1623 5668 nec
1658 5614 1725 5669 de
1767 5615 1868 5670 sub
1892 5630 2034 5684 equo
2065 5628 2158 5685 po-

583 5708 763 5755 terant
788 5698 1004 5769 ejicere,
1048 5719 1149 5760 nec
1176 5705 1228 5759 in
1257 5707 1437 5776 aliquo
1459 5707 1671 5764 laedere.
1704 5708 1856 5776 Quod
1888 5708 2153 5774 videntes,

580 5794 836 5856 admirati
891 5811 1096 5857 sumus.
1146 5795 1217 5853 At
1256 5795 1561 5866 Auselmus,
1633 5798 1725 5859 ubi
1778 5799 2039 5872 quosdam
2089 5814 2154 5855 ex

2245 4597 2352 4668 ,Dei
2386 4596 2528 4653 funis
2575 4595 2695 4668 [al.,
2758 4592 2927 4666 tilum]
2974 4609 3152 4664 pravae
3184 4591 3591 4648 consuetudinis
3627 4590 3838 4644 dirum-

2256 4699 2436 4760 patttr.
2475 4707 2495 4740 ι
3342 4722 3347 4727 .
3418 4746 3423 4749 1

2328 4778 2418 4834 29.
2445 4777 2581 4832 Hinc
2607 4777 2801 4831 iterum
2849 4774 3141 4830 Anselmus
3172 4772 3379 4830 curiam
3429 4773 3674 4836 veniens,
3721 4771 3840 4842 jam

2242 4870 2478 4942 petitam
2510 4868 2780 4923 licentiam
2808 4867 3036 4923 Romam
3062 4868 3222 4924 eundi
3246 4883 3275 4921 a
3304 4883 3427 4938 rege
3480 4867 3693 4937 petivit,
3742 4865 3840 4919 sed

2257 4976 2377 5016 eam
2406 4975 2511 5015 non
2542 4960 2793 5014 obtinuit.
2828 4946 2953 5013 Post
2983 4975 3103 5029 qua:
3132 4960 3183 5013 in
3214 4974 3399 5014 mense
3420 4957 3639 5014 Octobri
3693 4957 3836 5011 invi-

2262 5061 2405 5108 tatus
2440 5068 2471 5106 a
2522 5066 2649 5121 rege
2684 5050 3016 5106 Wintouiam
3068 5049 3250 5114 vadit;
3296 5058 3351 5102 ct
3396 5048 3539 5117 quod
3584 5047 3699 5116 jam
3759 5046 3844 5101 bis

2260 5150 2567 5214 rogaverat,
2601 5142 2862 5196 attentius
2901 5157 2998 5211 per
3046 5140 3413 5194 internuntios
3461 5139 3620 5193 tertio
3664 5146 3844 5207 rogat.

2260 5235 2534 5290 Turbatur
2561 5232 2675 5297 ille,
2723 5240 2781 5286 ct
2830 5232 3055 5286 nimium
3113 5244 3173 5286 se
3231 5230 3414 5284 vexari
3462 5231 3530 5285 ab
3578 5246 3646 5285 eo
3679 5229 3846 5282 anxie

2258 5326 2523 5397 queritur.
2553 5323 2633 5378 Ad
2663 5324 2806 5394 quod
2835 5322 3157 5379 Anselmus:
3190 5341 3209 5373 ι
3230 5321 3295 5376 Ει
3316 5321 3535 5390 quidem
3557 5318 3700 5389 quod
3728 5317 3844 5372 Ro-

2260 5435 2400 5474 mam
2432 5418 2511 5472 ire
2532 5419 2757 5487 dispono
2786 5430 2947 5469 causa
2975 5422 3175 5469 sanctte
3198 5412 3646 5474 Christianitatis,
3676 5425 3845 5480 quam

2260 5512 2313 5567 in
2348 5513 2449 5566 hac
2479 5520 2622 5565 terra
2675 5522 2864 5578 regere
2888 5507 3126 5575 suscepi,
3155 5521 3429 5575 causaque
3482 5504 3676 5568 salutis
3721 5504 3845 5558 ani-

2260 5616 2363 5657 mae
2390 5617 2545 5666 mem,
2572 5614 2735 5654 causa
2765 5597 2927 5652 etiam
2958 5597 3041 5651 sui
3083 5596 3305 5651 honoris
3353 5605 3408 5650 et
3439 5589 3719 5671 utilita'tis,‘
3761 5593 3847 5649 sic

2260 5698 2482 5754 credere
2515 5695 2664 5759 velit,
2702 5693 2753 5749 id
2793 5708 2915 5763 ago.
2959 5690 3016 5746 Si
3044 5706 3177 5763 ergo
3222 5690 3352 5745 mihi
3382 5689 3526 5755 bono
3552 5686 3736 5742 animo
3780 5686 3848 5742 li-

2236 5795 2494 5852 centiam
2518 5790 2726 5849 dederit
2752 5787 2936 5856 eundi,
2969 5785 3240 5859 gratiosus
3281 5784 3563 5855 accipiam.
3622 5781 3682 5837 Si
3710 5795 3845 5869 noti,
