4068 6286
253 373 313 432 93
1223 379 1377 436 VlTA
1425 381 1749 439 AUCTORE

1864 385 2125 442 DMERO.
2156 418 2225 428 -οι
2260 388 2388 444 LIB.
2426 390 2489 446 Ιῐ.
3392 399 3463 458 οι

249 503 338 559 ego
363 488 538 558 utique
564 489 706 560 quod
729 491 868 546 Deus
889 492 1130 562 praecipit
1156 503 1476 564 postponere
1499 512 1602 552 non
1623 497 1791 554 debeo
1820 505 1866 564 Α
1899 515 1982 565 ro,
2034 511 2092 556 ut
2141 503 2270 571 quia
2325 506 2436 559 Deo
2495 504 2771 561 militaturi
2838 507 2889 562 in
2941 520 3254 580 conseptum
3307 515 3464 585 hujus

247 577 356 644 quia
398 577 654 644 scriptum
679 586 763 632 est
795 595 809 631 :
841 576 1060 633 Obedire
1082 581 1246 650 magis
1268 580 1374 638 Deo
1399 593 1597 653 Oportet
1637 602 1794 656 quam

243 667 519 721 hominibus
577 667 715 736 (Act.
743 683 797 732 v,
827 668 940 736 28).
993 669 1144 736 Quod
1176 672 1263 727 ille
1303 676 1550 741 audiens,
1579 677 1792 734 turbato

244 757 408 811 animo
428 759 580 827 jubet
605 769 665 813 ut
691 770 784 814 aut
810 776 988 834 coepto
1043 767 1290 831 desistat,
1350 777 1407 823 et
1459 768 1681 839 insuper
1731 784 1790 825 se

241 859 492 914 nunquam
524 847 739 904 beatum
764 852 981 908 Petrum
1012 856 1097 910 Vel
1147 857 1329 912 sedem
1361 858 1480 928 ejus
1527 874 1628 928 pro
1656 875 1790 928 quo-

235 935 349 991 libet
381 940 594 1008 negotio
629 943 1020 1011 appellaturum
1071 947 1425 1016 jurejurando
1485 951 1782 1018 promittat,

235 1027 452 1081 autsine
493 1044 666 1094 mora,
719 1035 869 1088 omni
929 1051 1024 1106 spe
1071 1035 1357 1092 remeandi
1399 1035 1632 1104 sublata,
1675 1035 1786 1095 'suo

233 1130 381 1185 regno
400 1119 644 1174 decedat.
674 1121 742 1176 Et
763 1125 995 1180 subdens
1020 1128 1097 1182 ait
1127 1146 1139 1181 :
1176 1147 1195 1179 ι
1220 1129 1274 1183 Si
1295 1145 1422 1184 vero
1437 1131 1785 1187 territusistis

228 1218 391 1276 erepto
427 1210 692 1268 desistere
739 1225 795 1270 et
827 1232 1108 1274 remanere
1155 1236 1318 1290 quam
1373 1223 1452 1276 ire
1503 1223 1780 1292 delegerit,

227 1305 340 1350 tunc
362 1297 482 1353 volo
503 1310 768 1368 quatenus
800 1314 958 1374 prout
996 1308 1126 1361 mihi
1151 1308 1418 1376 judicabit
1455 1311 1606 1365 curia
1661 1327 1780 1368 mea

224 1388 479 1454 emendet,
521 1392 777 1460 quoniam
828 1394 958 1450 illud
1009 1398 1112 1452 sibi
1164 1399 1384 1454 concedi
1434 1416 1464 1454 a
1504 1417 1592 1456 me
1623 1403 1780 1458 tertio

222 1479 379 1547 petiit,
408 1480 462 1534 in
505 1496 613 1551 quo
641 1498 700 1538 se
747 1496 1216 1554 perseveraturum
1252 1501 1434 1546 certus
1461 1507 1564 1548 non
1592 1492 1710 1547 fuit.
1751 1513 1770 1548 ι

221 1566 505 1638 Respondit
537 1589 551 1625 :
585 1590 603 1624 ι
638 1573 896 1630 Dominus
925 1585 1029 1641 est,
1057 1580 1199 1648 quod
1221 1581 1338 1636 vult
1359 1582 1508 1637 dicit.
1540 1584 1652 1654 Ego
1696 1593 1778 1639 ta-

218 1673 327 1712 men
353 1662 534 1717 sciens
550 1663 618 1717 ad
640 1664 768 1734 quid
796 1678 1105 1738 assumptus
1154 1671 1276 1736 sim,
1327 1683 1383 1727 et
1421 1674 1548 1741 quid
1578 1676 1629 1729 in
1661 1675 1774 1730 An-

216 1749 306 1819 glia
331 1754 622 1822 gerendum
648 1759 1000 1827 susceperim,
1045 1776 1149 1815 non
1181 1764 1309 1818 mihi
1340 1779 1458 1819 esse
1488 1766 1772 1822 honestum

1895 592 2208 645 monasterii
2239 594 2584 662 convenistis,
2637 613 2746 667 prze
2771 600 2943 655 oculis
2987 617 3200 672 semper
3221 606 3462 660 habeatis

1893 679 2340 749 quemadmodum
2371 683 2633 740 militetis.
2663 687 2778 742 Non
2804 690 2948 745 enim
2993 707 3180 749 omnes
3201 711 3308 750 uno
3337 713 3460 751 mo-

1890 770 1958 824 do
1981 771 2228 826 militant.
2265 771 2416 840 Quod
2448 776 2609 829 etiam
2645 777 2695 830 in
2724 788 3058 837 terrenorum
3099 787 3268 840 curiis
3301 788 3454 856 prin-

1888 863 2065 932 eipum
2103 864 2286 918 videre
2316 867 2531 935 planum
2570 878 2671 922 est.
2720 869 2813 924 Est
2841 876 3036 927 ctenim
3081 877 3331 947 princeps
3377 879 3460 931 di-

1887 952 2026 1006 versi
2059 954 2266 1008 ordinis
2316 955 2368 1008 in
2420 971 2516 1010 sua
2567 959 2715 1011 curia
2756 961 2953 1017 milites
3001 964 3226 1020 habens.
3285 966 3456 1020 liabet

1885 1039 2005 1112 [al.,
2034 1042 2257 1116 habent]
2284 1060 2514 1114 namque
2549 1048 2638 1116 qui
2669 1065 2766 1117 pro
2803 1054 2961 1105 terris
2995 1070 3129 1123 quas
3179 1057 3245 1110 de
3281 1072 3338 1111 se
3378 1068 3452 1110 te.

1885 1139 2036 1195 nent,
2059 1133 2282 1188 servitio
2308 1149 2406 1188 suo
2437 1136 2740 1208 invigilant,
2772 1141 2934 1194 habet
2959 1141 3076 1214 [al.,
3107 1145 3327 1218 habent]
3360 1149 3450 1216 qui

1883 1235 1980 1289 pro
2018 1218 2302 1291 stipendiis
2355 1225 2407 1278 in
2453 1226 2777 1284 militaribus
2816 1232 2982 1286 armis
3023 1234 3125 1288 sibi
3164 1236 3450 1302 desudant,

1884 1311 2044 1366 habet
2074 1312 2196 1386 [al.,
2221 1313 2442 1388 habent]
2467 1319 2629 1372 etiam
2654 1322 2747 1389 qui
2771 1338 2867 1391 pro
2894 1328 3258 1395 recuperanda
3286 1331 3453 1384 luere-

1882 1402 2133 1468 reditate,
2161 1419 2321 1472 quam
2351 1407 2404 1458 in
2437 1408 2588 1478 culpa
2626 1398 2911 1478 parentum
2940 1401 3161 1468 suorum
3194 1432 3250 1470 se
3276 1419 3453 1486 perdi-

1879 1490 2022 1546 disse
2051 1492 2348 1560 deplorant,
2379 1495 2575 1549 iuvicta
2601 1499 2796 1554 mentis
2818 1501 3019 1556 virtute
3049 1503 3306 1558 voluntati
3338 1521 3448 1559 suae

1877 1596 2066 1650 parere
2086 1581 2353 1638 laborant.
2390 1584 2454 1638 Hi
2483 1600 2611 1656 ergo
2637 1589 2726 1656 qui
2776 1605 2873 1658 pro
2905 1593 3064 1646 terris
3105 1608 3239 1662 quas
3273 1595 3448 1664 possi-

1876 1672 2004 1726 dent
2045 1673 2311 1741 serviunt,
2362 1675 2474 1745 jam
2530 1679 2762 1732 radicati
2798 1691 2924 1735 sunt
2964 1689 3033 1737 "et
3071 1683 3299 1747 fundati,
3349 1701 3448 1740 nec

1876 1763 2034 1842 evelli
2061 1763 2376 1829 formidant,
2425 1767 2549 1820 dum
2583 1783 2642 1821 se
2689 1770 2741 1822 in
2796 1772 2993 1825 domini
3046 1774 3124 1826 sui
3170 1775 3446 1830 voluntate

214 1846 508 1911 pronuntio,
540 1845 776 1914 cujusvis
805 1853 1101 1908 transiuit-ii
1131 1858 1608 1914 commodi,causa
1640 1860 1768 1914 illud
1803 1851 1844 1909 Β
1873 1864 2215 1909 conservant.
2261 1857 2332 1911 At
2370 1857 2420 1910 hi
2471 1865 2563 1926 qut
2613 1875 2711 1929 pro
2757 1861 3040 1930 stipendiis
3089 1865 3140 1916 in
3197 1864 3443 1918 militiam

211 1932 470 2002 omittere,
497 1939 647 2005 quod
676 1939 729 1993 in
754 1955 854 2007 ope
881 1940 1004 2013 [al.,-
1032 1945 1217 2018 opere]
1242 1948 1651 2004 misericordiae
1678 1950 1769 2006 Dei

211 2034 363 2088 Spero
392 2023 587 2082 futuris
629 2032 959 2098 temporibus
987 2033 1240 2090 Ecclesiae
1268 2036 1382 2105 ejus
1410 2039 1544 2095 utile
1569 2040 1702 2096 fore.
1745 2061 1764 2093 ι

206 2109 326 2164 Acta
357 2123 486 2169 sunt
516 2116 645 2173 hinc
671 2118 756 2174 his
784 2121 953 2176 multo
982 2123 1154 2193 plura,
1185 2141 1306 2195 qua:
1337 2129 1592 2196 quoniam
1633 2130 1767 2186 alias

205 2203 532 2272 scripsimus,
560 2208 648 2261 hic
673 2211 860 2277 paucis
882 2216 1313 2286 perstringimus.
1345 2217 1489 2288 Rege
1526 2219 1690 2288 igitur
1711 2229 1766 2274 et

204 2296 492 2352 curialibus
519 2309 704 2354 contra
725 2302 898 2356 virum
939 2305 991 2357 in
1023 2307 1157 2360 iram
1194 2309 1477 2376 permotis,
1535 2310 1648 2378 ipse
1694 2311 1761 2365 ad

203 2399 312 2439 eum
345 2387 559 2456 placido
587 2390 734 2445 vultu
763 2393 1078 2463 ingreditur,
1101 2407 1158 2451 et
1185 2399 1254 2451 ad
1283 2399 1526 2453 dextram
1554 2401 1668 2468 ejus
1699 2416 1764 2475 ex

204 2491 341 2532 more
369 2481 619 2536 assidens
649 2485 724 2537 ait
751 2500 766 2537 :
794 2503 814 2536 ε
836 2485 963 2556 Ego,
991 2486 1309 2553 Domine,ut
1335 2491 1572 2560 disposui
1591 2493 1761 2558 vado;

203 2568 284 2622 sed
310 2571 488 2638 primo
516 2585 690 2627 meam
718 2576 869 2630 vobis
918 2577 1372 2645 benedictionem,
1406 2582 1450 2637 si
1481 2595 1598 2636 eam
1656 2597 1765 2638 non

202 2656 442 2726 abjicitis,
475 2662 635 2718 dabo.
661 2682 680 2716 ι
711 2664 882 2731 Quam
903 2683 1026 2721 cum
1056 2669 1145 2724 ille
1171 2686 1232 2725 se
1252 2672 1394 2727 nolle
1415 2673 1652 2743 abjicere
1679 2690 1765 2729 re-

201 2751 498 2816 Sponderet,
555 2757 1029 2822 conquiescentem
1077 2773 1258 2828 regem
1317 2761 1384 2814 ad
1437 2762 1541 2816 hoc
1581 2762 1760 2818 levata

202 2835 408 2894 dextera
437 2842 732 2910 benedixit,
777 2845 967 2915 sicque
1021 2847 1206 2902 relicta
1235 2849 1383 2903 curia
1412 2849 1759 2906 Cantuariam

201 2931 353 2984 venit.
818 2958 820 2960 '
1425 3004 1429 3008 .

264 3021 346 3075 30.
387 3023 617 3081 Postera
665 3028 751 3084 die
775 3028 1039 3086 adunatos
1063 3033 1360 3089 monachus
1391 3034 1443 3089 in
1488 3035 1601 3106 ipsa
1627 3036 1756 3092 sede

201 3110 410 3170 Domino
434 3114 562 3171 Jesu
585 3117 804 3174 Christo
833 3119 1155 3178 famulantes
1185 3123 1270 3179 bis
1295 3125 1471 3180 verbis
1494 3125 1754 3183 allocutus

199 3212 309 3256 est:
354 3223 372 3256 ι
406 3205 631 3263 Fratres
656 3218 712 3263 et
739 3211 830 3264 lilii
857 3212 960 3266 mei
988 3212 1510 3280 dilectissimi,‘sicut
1531 3218 1759 3272 audistis

199 3303 246 3347 et
267 3297 430 3362 scitis,
456 3315 562 3369 ego
605 3317 770 3371 regno
801 3304 927 3359 huic
970 3307 1217 3374 proxime
1266 3323 1385 3362 sum
1437 3309 1758 3368 decessurus

201 3381 306 3454 [al.,
353 3390 757 3464 discessurus]...
795 3394 972 3450 Causa
1037 3398 1234 3468 quippe
1261 3414 1380 3468 quae
1419 3401 1560 3455 inter
1587 3404 1761 3457 domi-

202 3491 582 3537 numnostrum
639 3500 818 3555 regem
869 3496 924 3542 et
967 3503 1054 3543 me
1081 3489 1291 3558 jamdiu
1344 3493 1410 3547 de
1436 3493 1758 3550 Christianae

199 3568 449 3639 religionis
473 3577 813 3631 correctione
842 3589 1051 3634 versata
1079 3590 1182 3647 est,
1210 3585 1276 3638 ad
1307 3583 1405 3640 hoc
1425 3595 1510 3641 est
1536 3589 1751 3642 tandem

198 3664 454 3729 perducta,
492 3675 677 3721 utaut
719 3683 782 3723 ea
804 3685 932 3738 quae.
952 3681 1140 3726 contra
1194 3675 1358 3728 Deum
1402 3685 1458 3729 et
1503 3677 1756 3732 honesta-

199 3756 289 3803 tem
313 3767 481 3808 meam
519 3765 644 3810 sunt
674 3772 759 3812 me
807 3769 1052 3828 oporteat
1077 3775 1260 3832 agere,
1292 3773 1384 3817 aut
1429 3764 1555 3820 huic
1590 3781 1755 3838 regno

197 3838 298 3893 sine
325 3859 469 3897 mora
526 3846 808 3902 decedere.
851 3849 916 3903 Et
958 3866 1059 3922 ego
1101 3853 1318 3920 quidem
1373 3854 1548 3911 libens
1592 3860 1750 3924 vado,

197 3940 398 3993 sperans
429 3933 483 3986 in
533 3946 836 4003 respectum
875 3938 1241 3996 misericordis
1292 3944 1380 3998 Dei
1433 3945 1534 3998 iter
1573 3961 1751 4001 meum

198 4013 408 4074 libertati
451 4022 710 4081 Ecclesiae
740 4024 938 4085 futuris
981 4034 1314 4102 temporibus
1342 4037 1603 4091 nouuih'di
1630 4053 1749 4108 pro-

195 4103 435 4166 futurum.
467 4113 648 4183 Super
686 4133 780 4173 vos
815 4129 1018 4186 tamen,
1050 4139 1186 4192 quos
1219 4127 1284 4180 ad
1307 4144 1549 4196 prmsens
1593 4129 1752 4184 relin-

198 4210 310 4264 quo,
341 4219 442 4258 non
474 4208 688 4262 modica
717 4211 914 4278 pietate
964 4229 1206 4283 moveor,
1239 4228 1422 4288 utpote
1468 4237 1604 4289 quos
1651 4224 1752 4278 tri-

201 4289 487 4353 bulationes
519 4308 574 4354 et
601 4305 899 4371 angustias,
931 4308 1310 4376 oppressioues
1363 4321 1417 4364 et
1467 4320 1753 4366 contumee

195 4377 282 4438 lias
313 4389 562 4445 acerbius
589 4391 748 4446 solito
800 4409 886 4448 me
933 4397 1156 4453 absente
1213 4415 1470 4470 passuros
1515 4403 1746 4458 intueor.

1875 1959 1994 2000 sese
2037 1946 2324 2012 dederunt,
2389 1948 2776 2018 nonnunquam
2809 1952 3041 2022 gfatigati
3088 1950 3362 2006 laboribus
3412 1969 3443 2008 a

1874 2037 2086 2101 militia,
2114 2048 2274 2108 quam
2303 2041 2540 2109 aggressi
2564 2049 2720 2105 sunt,
2754 2043 2993 2111 segniter
3031 2046 3261 2107 cadunt;
3314 2046 3439 2098 dum

1873 2126 2010 2182 forte
2041 2129 2394 2199 magnitudini
2417 2131 2659 2185 exercitii
2684 2142 2848 2201 atque
2877 2133 3080 2188 laboris
3106 2136 3438 2204 magnitudo,

1871 2217 2010 2272 sicut
2059 2219 2158 2289 ipsi
2210 2219 2547 2284 existimant,
2598 2237 2704 2276 non
2765 2231 3010 2292 aequatur
3061 2225 3319 2292 impendii
3376 2240 3440 2278 ae

1870 2311 2261 2364 retributionis.
2290 2311 2392 2378 Qui
2423 2328 2552 2368 vero
2579 2317 2965 2383 recuperandae
3013 2331 3175 2370 causa
3208 2318 3436 2371 Incredi-

1869 2400 1997 2453 tatis
2062 2401 2330 2455 serviendi
2399 2403 2762 2458 conditionem
2825 2406 3126 2474 arripuere,
3190 2409 3438 2476 quamvis

1869 2507 2012 2545 nunc
2049 2492 2167 2546 istis
2218 2493 2301 2548 vel
2333 2493 2452 2565 [al.,
2491 2495 2660 2567 nunc]
2703 2497 2807 2552 illis
2861 2498 3102 2552 laborum
3149 2503 3437 2568 generibus

1866 2582 2263 2649 opprimantur,
2290 2600 2432 2638 nunc
2458 2587 2544 2639 his
2568 2586 2649 2638 vel
2679 2586 2796 2657 [al.,
2869 2589 3033 2661 nunc]
3090 2592 3191 2646 illis
3247 2604 3438 2648 contu-

1864 2670 2041 2727 meliis
2068 2671 2392 2739 afﬁciantur,
2429 2677 2804 2745 arquanimiter
2827 2680 3005 2733 omnia
3057 2681 3341 2748 sustinent,
3391 2687 3435 2740 si

1863 2759 2081 2815 ﬁrmum
2116 2766 2496 2831 recuperanda:
2522 2767 2851 2822 htereditatis
2880 2784 2990 2824 sua:
3013 2785 3250 2825 amorem
3270 2784 3435 2828 certae

1860 2851 1973 2920 spei
2001 2853 2172 2920 gratia
2203 2863 2406 2910 tenent.
2557 2905 2562 2913 ,
2886 2905 2889 2908 .
2964 2904 2966 2908 ,
3096 2901 3101 2908 .
3243 2902 3248 2908 .

1869 2988 1876 3005 ι
1928 2941 2018 2995 3|.
2043 2959 2085 2994 ,ι
2115 2940 2245 2998 Haec.
2258 2943 2372 2998 fieri
2399 2945 2540 3000 inter
2560 2947 2810 3004 homines
2841 2949 3040 3019 liquet;
3074 2961 3129 3005 et
3159 2952 3282 3006 hinc
3311 2954 3436 3021 quid

1859 3029 1913 3084 in
1959 3031 2108 3084 curia
2137 3033 2397 3103 principis
2439 3037 2678 3091 omnium
2724 3038 2838 3102 fiat,
2881 3041 3058 3110 reipsa
3101 3051 3435 3096 monstrante

1862 3123 2145 3195 advertere
2169 3124 2318 3180 libet.
2345 3125 2485 3181 Dens
2513 3129 2680 3193 enim,
2730 3131 2884 3200 cujus
2915 3140 3042 3185 sunt
3086 3134 3265 3187 omnia
3313 3147 3432 3202 qua:

1862 3221 2006 3276 sunt,
2040 3213 2092 3266 in
2125 3213 2208 3267 his
2241 3215 2412 3270 tribus
2441 3219 2730 3287 generibus
2757 3219 3066 3289 distinctam
3128 3222 3192 3274 ad
3223 3222 3304 3275 sui
3335 3223 3434 3274 oh-

1860 3304 2107 3372 sequium
2141 3305 2347 3358 curiam
2376 3306 2558 3360 habet.
2586 3307 2760 3362 Habet
2810 3310 3009 3378 quippe
3056 3310 3295 3377 angelos,
3337 3312 3428 3378 qui

1858 3402 2059 3448 aeterna
2093 3393 2427 3450 beatitudine
2463 3397 2686 3451 stabiliti
2727 3399 2829 3452 sibi
2877 3401 3206 3453 ministrant.
3257 3400 3429 3454 Habet

1859 3485 2020 3539 etiam
2051 3486 2302 3541 homines
2340 3487 2440 3540 sibi
2471 3502 2570 3557 pro
2625 3489 2858 3544 terrenis
2903 3490 3226 3554 commodis,
3274 3492 3427 3560 quasi

1858 3578 2056 3634 milites
2083 3580 2486 3650 stipendiarios,
2507 3582 2826 3647 servientes,
2864 3585 3020 3638 habet
3045 3599 3257 3653 quoque
3287 3600 3424 3637 uou-

1857 3669 2055 3734 nullos,
2084 3672 2175 3740 qui
2217 3672 2303 3726 die
2353 3681 2622 3742 noctuque
2645 3657 2754 3728 sua:
2785 3674 3046 3728 voluntati
3105 3677 3430 3730 intuere-entes

1855 3761 1920 3815 ad
1952 3776 2174 3830 regnum
2200 3764 2482 3826 caelorum,
2506 3764 2647 3832 quod
2678 3765 2729 3834 in
2772 3765 2944 3835 patris
2968 3764 3050 3819 Sui
3099 3765 3229 3819 Adze
3272 3765 3425 3833 culpa

1853 3853 2224 3920 perdiderunt,
2250 3853 2592 3911 bareditario
2608 3854 2731 3922 jure
2765 3857 3050 3925 pervenire
3073 3857 3422 3911 contendunt.

1855 3945 1960 3999 Sed
1993 3947 2147 4003 nobis
2175 3950 2240 4003 ad
2272 3949 2870 4020 beatorumspirituum
2902 3950 3218 4004 societatem
3255 3949 3428 4018 magis

1853 4051 1940 4094 est
1966 4041 2371 4108 suspirandum,
2411 4057 2574 4109 quam
2629 4043 2928 4095 decorum
2972 4041 3276 4109 procinctu,
3319 4056 3426 4106 quo

1855 4129 1964 4182 Deo
1995 4129 2306 4197 perenniter
2328 4140 2524 4192 astant,
2555 4130 2607 4183 in
2631 4129 3310 4198 praesentidisputandum.
3343 4129 3424 4182 Ad

1853 4219 2138 4274 solidarios
2199 4219 2294 4274 Dei
2363 4220 2563 4274 milites
2623 4220 2787 4274 verba
2844 4229 3138 4274 vertamus.
3185 4219 3424 4274 Videatis

1852 4311 2282 4381 quamplurimas
2309 4313 2360 4366 in
2393 4312 2639 4367 saacnlari
2669 4312 2781 4366 vita
2820 4313 3098 4383 degentes.
3155 4311 3319 4365 Deum
3368 4311 3422 4364 in

1851 4398 1936 4452 his
1958 4413 2076 4467 quae
2106 4397 2384 4463 possident
2435 4399 2616 4469 specie
2656 4408 2810 4454 tenus
2852 4400 3153 4469 diligentes,
3209 4408 3261 4453 et
3307 4397 3425 4465 ejus

195 4467 332 4529 Licet
358 4480 502 4534 enim
553 4491 766 4536 constet
788 4483 907 4540 illas
954 4502 1054 4542 nec
1079 4503 1164 4542 me
1209 4467 1473 4559 praesente
1509 4508 1574 4548 ex
1636 4503 1748 4548 toto
1781 4518 1824 4572 ι)
1852 4505 1948 4556 per
1965 4491 2206 4559 quaedam
2237 4491 2374 4545 bona
2397 4506 2557 4561 Opera
2581 4506 2700 4560 quae
2730 4491 2954 4556 faciunt,
2983 4490 3259 4544 famulaturi
3287 4491 3422 4544 insi-

201 4559 350 4621 fuisse
373 4579 644 4639 remotas,
681 4581 860 4628 tamen
889 4579 1102 4645 quando
1141 4583 1507 4650 emergebant,
1556 4594 1747 4640 contra

193 4663 274 4706 eas
300 4659 446 4716 vobis
465 4662 736 4730 quoddam
762 4667 916 4733 quasi
975 4669 1344 4726 umbraculum
1397 4675 1621 4729 exstiti:
1671 4685 1747 4743 et,
1791 4719 1797 4728 .

193 4753 252 4793 ne
291 4743 340 4797 in
370 4747 694 4806 immensum
724 4769 820 4809 vos
865 4755 1093 4812 ferirent
1139 4770 1292 4816 scuto
1322 4760 1440 4832 [al.,
1488 4765 1745 4838 scutum],

193 4845 268 4885 me
293 4846 480 4894 vestrae
503 4844 860 4911 prolectionis
888 4847 1120 4902 medium
1169 4851 1360 4918 objeci.
1410 4853 1477 4907 Et
1530 4857 1746 4923 quidem

196 4923 362 4992 majori
393 4947 526 5000 pace
566 4949 631 4988 ac
660 4937 954 4992 securitate
1002 4955 1098 4995 vos
1140 4958 1265 4997 usos
1303 4945 1556 5002 existimo
1598 4959 1746 5017 post-

193 5024 336 5078 quam
360 5019 502 5076 inter
544 5039 640 5078 vos
686 5027 829 5092 veni,
877 5043 1036 5096 quam
1084 5044 1114 5082 a
1165 5032 1386 5087 decessu
1429 5038 1748 5092 veneranda:

196 5111 448 5166 memoria:
469 5112 760 5170 Lanfranci
790 5116 966 5172 Patris
991 5121 1160 5173 nostri
1216 5123 1296 5177 usi
1337 5123 1548 5181 fueritis
1579 5143 1748 5197 usque

193 5196 249 5249 ad
270 5199 540 5261 introitum
573 5208 700 5262 mei.
726 5207 879 5264 Unde
901 5211 1062 5265 etiam
1095 5213 1284 5268 videor
1313 5216 1444 5270 mihi
1476 5218 1659 5273 videre
1679 5235 1746 5276 eo

192 5291 347 5360 magis
373 5295 520 5364 ipsos
542 5300 634 5368 qui
665 5315 763 5355 vos
786 5301 1044 5357 infestare
1071 5303 1315 5360 solebant
1341 5307 1626 5362 adversum
1653 5325 1746 5364 vos

192 5392 267 5432 me
293 5383 519 5442 abeunte
552 5391 854 5457 saevituros,
891 5380 996 5462 quo
1025 5408 1055 5447 a
1097 5395 1374 5451 dominatu
1397 5413 1503 5467 quo
1529 5414 1622 5454 vos
1650 5416 1747 5468 op-

192 5470 480 5534 primebant
505 5479 692 5535 vident
715 5497 774 5538 se
801 5484 852 5537 iu
884 5487 1166 5554 prmsentia
1213 5488 1317 5542 mei
1347 5489 1605 5554 dejectos.
1639 5490 1746 5545 Sed

192 5574 274 5617 \‘os
297 5583 397 5622 non
420 5571 554 5627 estis
587 5574 746 5628 rudes
766 5585 858 5629 aut
883 5577 1104 5633 hebetes
1137 5579 1188 5632 is
1219 5581 1400 5634 schola
1425 5583 1655 5647 Domini,
1688 5591 1746 5637 ιιι

191 5656 404 5718 qualiter
435 5663 490 5716 in
526 5664 854 5734 hujusmodi,
891 5669 934 5722 si
974 5670 1293 5741 iugruerint,
1356 5673 1599 5729 debeatis
1647 5691 1742 5730 vos

195 5744 394 5815 habere,
426 5768 561 5824 opus
588 5755 834 5814 habeatis
862 5760 1064 5817 doceri.
1099 5762 1289 5818 Paucis
1319 5773 1496 5820 tamen
1553 5781 1742 5837 Sugge-

1851 4591 2077 4636 steutes.
2104 4581 2428 4652 Supervenit
2453 4582 2663 4638 hisDci
2692 4582 2896 4651 judicio
2943 4583 3167 4637 tentatio
3219 4581 3421 4650 aliqua,

1851 4671 2218 4742 perduntsua.
2244 4671 2380 4737 Quid
2430 4671 2646 4726 dicam?
2683 4672 2883 4727 Mutata
2925 4673 3172 4743 protinus
3222 4681 3418 4733 mente,

1849 4762 2039 4815 volant
2061 4761 2128 4814 ab
2158 4777 2344 4816 amore
2370 4761 2488 4824 Dei,
2513 4764 2771 4818 deserunt
2793 4765 2943 4819 bona.
2965 4770 3085 4833 quae”
3129 4761 3418 4826 faciebant,

1852 4860 2212 4919 murmurant,
2237 4850 2512 4919 injustitia:
2539 4854 2701 4907 Deum
2732 4863 3012 4916 accusant,
3043 4852 3181 4920 Quid
3207 4852 3272 4904 de
3304 4851 3420 4904 istis

1850 4946 2135 5000 dicendum
2166 4963 2181 4996 :
2208 4944 2458 4999 Solidarii
2485 4958 2630 5010 sunt,
2661 4955 2716 5001 et
2771 4947 3023 5017 impletur
3046 4948 3097 4999 in
3132 4945 3239 4997 illis
3274 4943 3417 5010 quod

1851 5036 1978 5089 dicit
2004 5034 2251 5090 Psalmus
2282 5054 2295 5088 :
2340 5033 2687 5105 Conﬁtebitur
2725 5038 2836 5101 tibi,
2882 5053 2998 5090 cum
3027 5033 3334 5100 benefaceris
3374 5031 3420 5100 ei

1851 5126 2023 5195 (Psal.
2057 5146 2248 5191 vattt,
2275 5129 2383 5185 l9).
2411 5129 2522 5184 iloc
2565 5129 2630 5183 dc
2661 5129 3009 5184 saecularibus
3041 5125 3262 5177 dictum.
3312 5122 3421 5178 Sed

1849 5233 1950 5272 nos
1980 5219 2230 5274 monachi
2259 5221 2465 5274 utinam
2493 5220 2628 5274 tales
2649 5232 2914 5280 essemus,
2949 5224 3007 5268 ιιι
3049 5214 3238 5268 horum
3269 5215 3418 5269 simi-

1849 5309 1927 5364 les
1951 5326 2056 5364 non
2083 5314 2328 5366 essemus
2355 5313 2369 5365 ἓ
2409 5310 2541 5364 Nam
2593 5311 2760 5379 quiin
2810 5306 3067 5377 propositi
3097 5306 3177 5360 sui
3208 5322 3415 5372 norma,

1848 5415 2009 5467 quam
2042 5400 2268 5470 professi
2293 5409 2441 5463 sunt;
2465 5410 2611 5455 stare
2643 5407 2912 5462 recusant,
2950 5398 3052 5452 nisi
3079 5409 3273 5465 cuncta
3298 5415 3420 5467 qua:

1849 5491 1949 5544 sibi
1981 5492 2046 5544 ad
2098 5503 2286 5546 votum
2348 5500 2474 5547 sunt
2540 5475 2812 5560 copiosius
2860 5490 3113 5555 habeant,
3159 5507 3258 5545 nec
3295 5492 3421 5546 hinc

1847 5593 2068 5652 propter
2093 5584 2264 5638 Deum
2293 5583 2581 5652 cujuslibet
2609 5583 2683 5636 rei
2713 5583 3012 5653 penuriam,
3037 5597 3136 5638 nec
3166 5583 3293 5638 hine
3338 5598 3420 5638 re-

1846 5677 1984 5746 gulae
2005 5676 2344 5744 disciplinam
2379 5674 2488 5744 pati
2513 5674 2702 5730 volunt
2745 5673 2868 5747 [al.,
2920 5675 3153 5749 nolent],
3198 5675 3415 5745 quibus,

1846 5767 2092 5834 obsecro,
2128 5764 2428 5820 rationibus
2464 5764 2815 5836 juvabuntur,
2866 5781 2934 5821 ne
2966 5766 3156 5822 horum
3211 5766 3415 5823 similes
