4068 6286
594 347 665 401 95
1102 374 1103 377 η
1649 339 1705 394 S.
1734 336 2035 394 ANSEL-Ml
2077 340 2427 398 CANTUAR.
2462 344 2778 403 AllClllEP.
3061 416 3068 426 _
3769 358 3843 418 96

585 438 922 523 hd‘eantnr?
949 461 1007 516 In
1031 459 1175 516 omni
1210 459 1408 529 quippe
1437 472 1601 528 opere
1628 473 1724 513 suo
1766 461 1920 529 prius
1953 475 2158 516 mercc-
2193 462 2242 519 Α
2267 461 2577 525 comedens,
2627 461 2755 515 nulli
2794 468 3012 533 propter
3059 479 3221 535 quam
3261 479 3376 524 rem
3429 471 3630 530 missus
3661 476 3842 536 fuerat

588 558 709 612 dem
737 556 981 622 exigunt,
1007 567 1168 621 quam
1201 549 1285 605 cui
1340 564 1550 604 merces
1610 549 1838 607 debetur
1874 551 2162 607 ministerii

588 659 781 700 manus
801 642 1098 699 exsolvant.
1131 640 1195 694 Et
1243 639 1297 694 hi
1341 638 1475 694 tales
1504 642 1654 711 regni
1699 641 1942 697 caelestis
1996 643 2165 697 hanc.

588 741 685 797 des
703 740 897 795 erunt?
925 737 1178 793 Fidenter
1201 734 1344 802 dico,
1372 750 1748 807 nequaquam;
1780 738 1824 792 si
1854 753 1957 793 non
1989 738 2164 809 ptenic

589 832 793 888 tuerint
816 846 875 887 se
898 830 1029 884 tales
1055 827 1242 884 fuisse.

659 925 747 979 52.
793 940 812 973 ‹
850 922 949 988 Qui
1002 935 1135 975 vero
1180 921 1245 975 ad
1292 916 1720 991 recuperandum
1777 920 1899 994 [al.,
1940 938 2166 993 recupcs

587 1011 792 1083 randte]
831 1012 955 1065 vita:
987 1024 1210 1080 regnum
1260 1009 1507 1080 obsequii
1530 1010 1613 1065 sui
1664 1010 1852 1081 dirigit
1904 1013 2165 1068 intentio-

586 1102 734 1170 nem,
771 1105 878 1159 Deo
907 1119 1004 1173 per
1039 1103 1221 1156 omnia
1259 1103 1549 1168 inhaerere,
1589 1112 1647 1158 et
1685 1113 1853 1160 totam
1912 1104 2164 1160 ﬁduciam

584 1211 740 1251 suam
769 1193 1047 1249 inﬂexibili
1078 1193 1276 1248 mentis
1297 1201 1441 1248 statu
1473 1195 1664 1249 incum
1690 1194 1926 1266 deligere
1954 1196 2163 1262 nititur,

584 1287 732 1342 nulla
771 1288 919 1341 hunc
950 1284 1252 1340 adversitas
1284 1284 1379 1339 Dei
1439 1286 1664 1341 servitio
1701 1285 1963 1351 detrahit,
2015 1287 2163 1342 nulla

586 1377 921 1432 transeuntis
947 1377 1071 1430 vita:
1094 1376 1339 1447 voluptas
1367 1376 1435 1430 ab
1465 1376 1581 1446 ejus
1613 1394 1800 1434 amore
1846 1382 2162 1449 compescit.

587 1472 692 1527 Per
715 1471 847 1526 dura
876 1478 933 1526 et
956 1485 1146 1540 aspera
1176 1470 1318 1524 viam
1349 1471 1727 1525 mandatorum
1761 1472 1907 1527 illius
1934 1471 2161 1532 incedit,

592 1570 650 1616 et
672 1575 737 1615 ex
762 1575 857 1630 spe
883 1558 1258 1615 retributionis
1284 1557 1480 1613 futura:
1510 1574 1606 1614 cor
1648 1575 1802 1613 suum
1836 1559 2163 1615 indelicienti

586 1642 877 1710 charitatis
899 1652 1094 1706 ardore
1127 1651 1429 1715 succendit,
1473 1666 1538 1705 ac
1566 1652 1645 1706 sic
1674 1650 1798 1723 [al.,
1850 1648 1916 1705 ac
1968 1649 2050 1723 se]
2113 1651 2164 1705 in

587 1745 798 1801 cunctis
819 1760 945 1798 vera
975 1743 1235 1812 patientia
1291 1742 1482 1807 fretus,
1535 1758 1656 1797 cum
1693 1743 1977 1798 Psalmista
2014 1743 2167 1798 laetus

584 1835 732 1891 canit
759 1848 773 1887 :
816 1810 1016 1903 Magna
1042 1842 1114 1887 est
1144 1832 1311 1903 gloria
1333 1832 1544 1887 Domini
1569 1833 1743 1891 (Paul.
1770 1851 1865 1898 xx,
1889 1834 1966 1903 6).
1991 1834 2165 1902 Quam
2198 1810 2242 1864 Β

584 1927 813 1999 gloriam
845 1925 924 1981 sic
970 1925 1022 1979 in
1057 1926 1158 1980 hac
1214 1927 1658 1996 peregrinatione
1705 1927 1914 1995 positus
1961 1936 2166 1997 gustat,

585 2020 853 2089 gustando
908 2017 1167 2082 ruminat,
1229 2017 1557 2072 ruminando
1608 2017 1905 2083 desiderat,
1956 2016 2170 2073 deside-

587 2112 759 2166 rando
795 2110 1005 2181 alonge
1021 2112 1252 2173 salutat,
1278 2117 1338 2162 ut
1363 2108 1431 2163 ad
1494 2108 1641 2162 illam
1691 2124 1786 2177 spe
1813 2110 2164 2178 perveniendi

587 2201 872 2267 subnixus,
901 2218 964 2255 ea
997 2217 1054 2256 se
1083 2201 1226 2255 inter
1274 2201 1546 2254 mundana
1582 2200 1820 2269 pericula
1857 2199 2171 2255 consoletur

588 2299 645 2347 et
671 2291 926 2346 alacriter
972 2299 1202 2345 cantet:
1245 2289 1443 2360 Magna
1482 2300 1555 2344 est
1597 2290 1767 2360 gloria
1818 2290 2050 2346 Domini.
2100 2292 2169 2347 Et

586 2382 776 2437 sciatis
801 2383 940 2451 quod
974 2382 1061 2437 hic
1082 2382 1197 2451 ipsa
1222 2381 1387 2452 gloria
1417 2374 1626 2434 Domini
1674 2379 1822 2435 nullo
1861 2382 2020 2436 modo
2069 2380 2169 2437 de.

587 2474 950 2539 l'raudabitur,
972 2475 1230 2543 quoniam
1257 2483 1428 2529 totum
1455 2472 1599 2543 quod
1627 2473 1678 2527 in
1714 2488 1780 2528 co
1810 2472 1953 2544 viget
1982 2473 2168 2527 volun-

588 2568 688 2623 tati
717 2568 927 2623 Domini
960 2567 1273 2632 famulatur,
1301 2577 1464 2637 atque
1511 2570 1580 2622 ad
1631 2568 1772 2623 hanc
1814 2568 2168 2623 obtinendam

587 2659 858 2729 dirigitur.
889 2657 995 2712 Sed
1028 2674 1062 2714 ο
1078 2659 1193 2728 jam
1219 2658 1287 2713 ab
1312 2657 1430 2713 istis
1460 2657 1603 2712 inter
1638 2672 1735 2713 vos
1784 2657 1918 2712 mihi
1948 2673 2172 2713 cessan-

584 2750 717 2806 dum
744 2752 923 2818 video,
945 2750 1146 2807 fratres
1173 2752 1301 2818 mei,
1330 2750 1559 2806 obsecro
1580 2764 1700 2813 vos,
1733 2750 1779 2804 si
1810 2750 1901 2803 hic
1926 2748 2173 2803 dolentes

587 2857 734 2896 nunc
767 2841 834 2895 ab
860 2842 1094 2896 invicem
1141 2856 1480 2911 separamur,
1518 2840 1725 2894 tendite
1766 2848 1826 2892 ut
1875 2839 1928 2892 in
1987 2838 2172 2893 futuro

587 2944 714 2988 ante
742 2934 907 2987 Deum
931 2933 1036 2987 lxeti
1069 2934 1136 2987 ad
1157 2932 1393 2986 invicem
1423 2929 1805 3001 conjugamur.
1847 2929 2036 2986 Estote
2069 2929 2168 2996 illi,

587 3022 678 3093 qui
705 3023 971 3077 veraciter
990 3023 1167 3077 velitis
1194 3021 1329 3077 edici
1356 3021 1598 3076 haeredes
1628 3021 1741 3077 Dei.
1784 3039 1804 3072 ι

664 3115 753 3169 55.
779 3115 873 3170 His
890 3116 1048 3170 dictis
1069 3124 1414 3185 erumpentes
1445 3116 1515 3169 ab
1547 3115 1663 3184 ejus
1705 3114 1876 3169 oculis
1918 3114 2173 3186 lacrymm
2200 3150 2244 3211 Ο

589 3219 712 3258 eum
738 3204 893 3273 plura
924 3204 1066 3274 loqui
1100 3205 1449 3275 prohibuere.
1506 3203 1777 3258 Gemitum
1822 3203 2050 3258 fratrum
2078 3205 2171 3274 qui

590 3291 912 3346 subsecutus
955 3303 1036 3347 est
1089 3292 1211 3361 quis
1260 3292 1543 3347 enarrabit
1572 3292 1595 3344 ?
1622 3292 1697 3346 lta
1729 3291 1885 3347 ﬂetus
1936 3293 2176 3363 implevit

588 3384 793 3451 omnia,
825 3392 884 3437 ut
912 3399 1015 3438 vox
1052 3384 1185 3438 nulli
1231 3392 1539 3453 superesset
1600 3383 1667 3437 ad
1721 3383 1902 3438 verba.
1934 3383 2173 3439 Tandem

590 3474 756 3531 Pater
802 3477 1009 3530 medios
1045 3490 1305 3545 rumpens
1351 3474 1621 3545 singultus
1651 3475 1727 3529 ait
1758 3492 1771 3528 :
1807 3494 1826 3527 ‹
1859 3474 2174 3531 Charissimi

594 3568 721 3632 mei,
746 3568 899 3623 scitis
927 3568 1071 3637 quod
1115 3583 1212 3621 vos
1261 3582 1406 3633 esse,
1434 3580 1486 3624 et
1521 3587 1627 3640 quo
1682 3585 1777 3624 vos
1833 3569 2051 3623 tendere
2082 3583 2176 3623 cu-

591 3655 758 3727 piam.
793 3656 900 3711 Sed
927 3656 1059 3711 hora
1086 3656 1201 3710 haec
1221 3657 1375 3725 plura
1402 3659 1548 3728 loqui
1579 3668 1749 3724 vetat,
1780 3659 1892 3713 Deo
1921 3657 2174 3725 omnipo-

594 3750 728 3803 tenti
803 3760 861 3804 et
914 3749 1231 3806 beatissimo
1291 3751 1659 3820 apostolorum
1730 3751 1960 3821 principi
2017 3747 2178 3803 Petro

596 3855 692 3895 vos
721 3843 1065 3906 commendo,
1099 3851 1156 3896 nt
1179 3850 1234 3897 et
1263 3843 1379 3910 ipse
1408 3841 1551 3897 Deus
1580 3843 1723 3896 inter
1756 3855 1886 3896 suas
1910 3855 2041 3895 oves
2083 3854 2176 3895 vos

595 3942 875 4000 agnoscat,
899 3941 954 3987 et
974 3934 1164 3988 beatus
1179 3932 1374 3987 Petrus
1393 3933 1445 3986 in
1462 3932 1544 3986 sui
1564 3932 1872 3996 tuitionem,
1896 3933 2034 3986 sicut
2050 3944 2178 3984 oves

598 4022 691 4076 Dei
737 4023 838 4077 sibi
895 4024 1321 4088 commendatos,
1387 4037 1483 4078 vos
1532 4021 1811 4092 suscipiat.
1851 4022 1963 4091 Ego
1992 4031 2177 4077 vestra

594 4112 809 4168 licentia
867 4124 923 4170 et
968 4114 1348 4171 benedictione
1378 4114 1535 4181 vado,
1568 4128 1631 4168 ac
1680 4124 1739 4167 ut
1768 4113 1908 4167 Deus
1937 4111 2087 4182 pacis
2114 4124 2177 4165 ac

594 4204 901 4258 dilectionis
921 4208 1198 4261 vobiscum
1229 4214 1448 4261 maneat
1471 4220 1588 4261 oro.
1612 4223 1630 4255 ι
1651 4205 1906 4259 Posthzee
1918 4202 2176 4269 surrexit,

595 4303 651 4347 et
682 4295 809 4347 dato
840 4296 988 4362 pacis
1014 4297 1202 4352 osculo
1239 4286 1473 4360 cunctis,
1522 4296 1574 4349 in
1603 4295 1904 4349 oratorium
1935 4294 2052 4357 ivit,
2084 4308 2181 4362 po-

600 4383 727 4453 pulo
759 4397 1009 4441 sanctum
1062 4388 1181 4458 ejus
1231 4389 1521 4459 alloquium
1573 4387 1913 4458 przestolanti
1969 4401 2068 4456 pro
2094 4387 2178 4441 in-

2266 555 2545 611 denudare
2581 554 2815 610 volebat.
2851 555 2948 611 Die
2983 572 3112 613 vero
3165 560 3569 630 quintodecimo
3594 582 3718 625 cum
3743 587 3845 630 nos

2266 656 2445 703 nautae
2480 658 2734 719 urgerent
2764 664 2928 706 naves
2972 657 3173 719 petere,
3202 660 3257 705 et
3301 667 3400 707 nos
3432 658 3667 714 transire
3695 662 3846 719 avidi

2267 741 2332 795 ad
2363 742 2466 796 hoc
2495 740 2866 812 fatigaremur,
2907 757 3038 797 ecce
3066 742 3283 797 videres
3308 758 3421 797 rem
3449 746 3844 815 miserandam,

2264 841 2473 901 patrem
2497 834 2707 904 patriae,
2739 834 3025 904 primatem
3078 833 3244 888 totius
3293 832 3590 894 Britannia:
3620 839 3848 898 Wilhel-

2266 937 2386 978 mus
2411 922 2500 978 ille
2539 924 2692 994 quasi
2725 922 3004 994 fugitivum
3034 932 3090 978 et
3130 923 3358 992 alicujus
3386 928 3634 986 criminis
3682 945 3840 986 reum

2267 1014 2322 1071 in
2354 1016 2534 1072 littore
2582 1016 2809 1081 detinet,
2864 1031 2929 1071 ac
2964 1030 3031 1071 ne
3082 1031 3233 1072 mare
3286 1026 3526 1075 transeat
3573 1037 3642 1077 ex
3684 1032 3852 1093 parte

2268 1109 2473 1164 domini
2500 1109 2583 1163 sui
2602 1106 2779 1178 jubet,
2817 1109 2992 1163 donec
3033 1106 3215 1165 omnia
3243 1126 3363 1181 qua:
3401 1127 3586 1168 secum
3634 1113 3853 1171 ferebat

2267 1200 2579 1271 singulatim
2632 1199 2735 1254 sibi
2793 1199 3013 1254 revelet.
3071 1200 3257 1256 Allatte
3312 1202 3474 1273 igitur
3509 1212 3637 1258 ante
3691 1204 3849 1260 illuni

2267 1290 2439 1357 bulgae
2468 1291 2796 1345 etmanticaa
2844 1299 3100 1346 reseratas
3144 1302 3293 1357 sunt,
3346 1302 3458 1348 tota
3489 1295 3735 1365 supellex
3783 1297 3850 1352 il-

2268 1380 2372 1435 lius
2397 1397 2492 1452 spe
2522 1382 2765 1451 pecunia:
2804 1384 3135 1451 reperiendae
3173 1384 3427 1439 subversa
3472 1392 3637 1455 atque
3654 1390 3854 1456 exqui-

2268 1471 2371 1526 sita
2396 1480 2501 1536 est,
2531 1471 2733 1540 ingenti
2755 1471 2927 1541 plebis
2946 1473 3301 1527 multitudine
3330 1472 3745 1537 circumstante,
3778 1491 3845 1530 ac

2269 1563 2537 1619 nefarium
2580 1579 2716 1634 opus
2778 1579 2878 1634 pro
2925 1565 3008 1619 sui
3060 1564 3298 1619 novitate
3353 1564 3674 1620 admirando
3730 1580 3856 1635 spe-

2266 1665 2472 1721 ctante,
2510 1664 2565 1710 et
2610 1656 2909 1726 spectando
2929 1664 3267 1712 exsecrante.
3318 1654 3668 1728 Rebus‘ergo
3693 1668 3857 1711 ever—

2268 1749 2367 1815 sis,
2395 1749 2490 1804 sed
2513 1748 2645 1803 nihil
2681 1750 2875 1803 horum
2907 1764 3135 1818 quorum
3186 1763 3352 1804 causa
3398 1763 3604 1803 eversa:
3644 1757 3772 1803 sunt
3797 1749 3855 1802 iu

2269 1842 2351 1896 eis
2381 1850 2617 1910 reperto,
2647 1840 2832 1895 delusa
2884 1840 3191 1895 sollicitudo
3238 1839 3639 1910 perscrutantis
3677 1850 3763 1897 est
3796 1849 3858 1896 et

2270 1931 2559 1987 Ansclmus
2584 1946 2706 1985 cum
2737 1932 2851 1987 suis
2889 1931 3042 1987 abire
3080 1932 3399 2002 permissus.

2340 2024 2428 2080 35.
2479 2024 2667 2095 Itaque
2705 2038 2896 2079 navem
2952 2024 3266 2096 ingreditur,
3318 2024 3495 2079 ventis
3542 2024 3660 2078 vela
3710 2039 3853 2094 pan—

2270 2117 2475 2173 duntur
2524 2135 2539 2171 :
2582 2126 2638 2172 et
2684 2116 2965 2186 aliquanto
3017 2117 3181 2171 maris
3226 2116 3401 2186 spatio
3448 2131 3856 2186 promovemnr,

2271 2224 2391 2265 cum
2460 2209 2639 2265 subito
2700 2218 2883 2263 nautae
2940 2209 3119 2280 primo
3181 2208 3324 2264 inter
3387 2224 3447 2264 se
3496 2209 3859 2263 submurmn-

2271 2311 2471 2363 rantes,
2503 2316 2567 2355 ac
2612 2299 2805 2355 deinde
2848 2300 3133 2355 manifesta
3181 2313 3311 2355 voce
3376 2314 3622 2353 murmur
3672 2298 3856 2370 ipsum

2276 2391 2656 2460 depromentes
2681 2387 2951 2443 aﬂirmant
2998 2387 3145 2444 nullo
3189 2388 3407 2459 penitus
3432 2396 3650 2454 conatu,
3704 2388 3859 2443 nullo

2274 2496 2690 2537 numerosorum
2747 2494 3018 2535 remorum
3089 2480 3361 2551 impulsu,
3426 2496 3494 2537 eo
3550 2499 3661 2554 quo
3716 2483 3863 2536 fere-

2272 2575 2467 2629 bamur
2523 2580 2705 2636 vento,
2762 2570 3064 2627 Witsandis
3106 2571 3553 2642 pertingendum,
3634 2573 3746 2627 imo
3808 2572 3863 2628 si

2272 2661 2499 2716 marinis
2554 2660 2810 2716 ﬂuctibus
2876 2659 3084 2729 pariter
3145 2658 3346 2714 involvi
3411 2659 3681 2715 nollemus
3738 2660 3862 2715 sine

2272 2766 2424 2807 mora
2475 2748 3138 2818 remeandum.lngemuit
3180 2748 3470 2805 Anselmus
3522 2750 3588 2805 ad
3645 2751 3775 2817 ista,
3806 2760 3864 2806 et

2272 2842 2348 2895 ait
2382 2857 2396 2895 :
2434 2860 2453 2892 ι
2491 2840 2549 2894 Si
2573 2838 2959 2910 omnipotentis
2994 2838 3089 2893 Dei
3110 2838 3316 2909 judicio
3345 2839 3525 2908 placet
3567 2856 3655 2896 me
3683 2843 3864 2912 magis

2274 2931 2452 2986 redire
2482 2930 2549 2984 ad
2594 2930 2856 3001 pristinas
2888 2929 3155 2993 miserias,
3188 2943 3348 2999 quam
3370 2929 3662 2986 liberatum
3686 2931 3760 2986 ab
3793 2933 3861 2987 il-

2273 3023 2342 3079 lis
2365 3025 2585 3079 tendere
2622 3023 2689 3077 ad
2717 3023 2770 3077 id
2800 3023 2944 3093 quod
2979 3022 3094 3092 ipse
3124 3021 3275 3076 novit
3322 3023 3621 3077 me~animo
3652 3040 3862 3095 prepo-

2274 3117 2463 3180 suisse,
2512 3116 2623 3185 ipse
2651 3115 2848 3181 videat,
2880 3114 2997 3183 ipse
3055 3114 3373 3184 dispenset;
3425 3127 3528 3184 ego
3574 3115 3851 3170 voluntati

2275 3206 2393 3277 ejus
2446 3203 2670 3274 obsequi
2727 3211 2950 3273 paratus
3005 3217 3148 3266 sum,
3197 3217 3299 3257 nec
3335 3204 3481 3257 enim
3533 3219 3709 3269 meus,
3770 3206 3866 3261 sed

2277 3296 2449 3365 ipsius
2498 3310 2637 3348 sum.
2672 3311 2691 3345 ι
2739 3293 2882 3347 Dixit
2947 3299 3003 3346 et
3057 3290 3276 3348 sutl‘usis
3316 3293 3370 3347 in
3428 3292 3700 3364 lacrymas
3734 3311 3867 3350 ocu-

2277 3386 2345 3441 lis
2398 3385 2535 3456 ejus,
2613 3384 2996 3452 concussisque
3043 3383 3097 3438 in
3147 3387 3404 3454 gemitum
3455 3386 3715 3441 cordibus
3765 3403 3866 3441 no-

2277 3476 2407 3531 stris
2468 3475 2558 3544 qui
2612 3474 2728 3529 haec
2785 3472 3136 3528 audiebamus
3187 3490 3251 3530 ac
3307 3476 3657 3545 videbamus,
3724 3478 3868 3532 illico

2278 3575 2476 3620 ventus
2529 3580 2593 3619 ex
2654 3562 2761 3618 alio
2815 3562 2986 3617 latere
3035 3567 3275 3635 surgens
3308 3565 3360 3620 in
3414 3568 3590 3621 velum
3648 3584 3872 3638 percus-

2279 3658 2368 3723 sit,
2422 3664 2478 3711 ct
2516 3665 2707 3710 nautas
2753 3653 2866 3722 jam
2919 3654 3036 3711 velo
3091 3656 3291 3711 reﬂexo
3342 3668 3539 3713 terram
3594 3670 3866 3728 petentes,

2280 3750 2349 3804 ad
2376 3749 2614 3819 priorem
2641 3763 2858 3803 cursum
2889 3747 3086 3801 reverti
3138 3748 3339 3818 coegit.
3385 3748 3497 3804 Nos
3542 3750 3711 3820 igitur
3758 3766 3866 3805 non

2281 3840 2550 3895 modicum
2594 3838 2903 3905 exhilarati,
2932 3845 2986 3892 et
3035 3837 3086 3892 in
3117 3837 3266 3893 brevi
3305 3842 3671 3909 prosperrime
3701 3842 3873 3895 mari-

2281 3933 2367 3989 nis
2434 3930 2690 3988 ﬂuctibus
2757 3932 2953 3996 evecti,
3003 3927 3307 3985 Witsandis
3359 3947 3457 4002 pro
3510 3942 3636 3986 voto
3694 3934 3871 4003 apuli-
3938 3976 3945 3981 .

2282 4037 2422 4077 111118.

2351 4113 2440 4169 36.
2468 4113 2880 4185 Egredientibus
2936 4124 3114 4172 autem
3150 4114 3304 4171 nobis
3353 4113 3420 4168 de
3444 4112 3589 4178 navi,
3645 4113 3702 4167 hi
3732 4128 3875 4184 quo-

2282 4223 2402 4262 rum
2460 4207 2614 4261 navis
2659 4215 2797 4270 erat,
2843 4208 3141 4262 retinentes
3206 4207 3461 4259 domuum
3513 4202 3866 4266 Baldninum,

2282 4313 2446 4366 quem
2477 4297 2811 4364 provisorem
2861 4305 2915 4351 et
2961 4298 3327 4351 ordinatorcm
3389 4309 3572 4349 rerum
3620 4294 3872 4349 Anselmi

2284 4402 2446 4456 supra
2473 4388 2730 4451 diximus,
2791 4386 3147 4442 ostenderunt
3192 4389 3243 4442 ei
3291 4384 3539 4440 mirabile
3605 4385 3871 4453 quiddam

598 4479 795 4531 stantis
839 4480 1105 4548 qualitate
1146 4482 1348 4548 negotii
1402 4481 1627 4534 verbum
1706 4478 2096 4534 consolationis
2125 4484 2177 4532 et
2212 4492 2257 4547 ι)
2283 4478 2427 4547 quod
2450 4477 2745 4533 acciderat.
2783 4477 2838 4531 In
2865 4477 3031 4532 fundo
3060 4478 3260 4534 etenim
3304 4476 3480 4540 navis,
3532 4489 3654 4545 qua:
3683 4476 3871 4530 virum

597 4568 994 4623 exhortationis
1049 4569 1473 4625 ministraturns.
1530 4570 1685 4638 Quod
1719 4569 1807 4623 ubi
1847 4568 2182 4623 excellenter

598 4656 833 4727 peregit,
861 4665 1075 4710 astante
1101 4659 1510 4724 monachorum,
1541 4660 1864 4714 clericorum
1896 4674 1962 4714 ac
1993 4672 2183 4712 mtme-

600 4761 724 4803 rosa
796 4747 1114 4817 populorum
1184 4751 1527 4805 multitudine
1589 4764 1776 4819 peram
1826 4758 1881 4802 ct
1931 4748 2179 4802 baculum

600 4834 1068 4904 peregrinantium
1096 4850 1247 4889 more
1298 4851 1481 4890 coram
1531 4835 1691 4889 altari
1723 4835 1984 4902 suscepit,
2026 4848 2182 4889 com-

602 4928 978 4997 mendatisque
1000 4911 1249 4982 omnibus
1268 4928 1485 4984 Christo
1528 4928 1730 4998 ingenti
1756 4925 1880 4981 ﬂetu
1909 4935 1962 4980 ct
1983 4925 2183 4996 cjnlatu

601 5026 925 5087 prosccutus
951 5033 1205 5089 egressus
1225 5028 1329 5072 est.

806 5128 809 5131 ·
1230 5109 1459 5167 CAPUT
1483 5109 1568 5165 IV.

603 5197 875 5255 Discessu;
901 5203 954 5256 in
1002 5200 1256 5264 Galliam,
1288 5202 1411 5255 inde
1458 5198 1677 5256 Romam
1703 5212 1749 5257 et
1781 5202 1834 5257 in
1883 5203 2183 5259 Samnium.

676 5289 764 5345 54.
798 5292 919 5360 Ipso
967 5295 1054 5348 die
1105 5294 1172 5350 ad
1238 5304 1453 5364 portum
1510 5295 1704 5350 Dol'ras
1750 5297 1963 5361 ivimns,
2008 5299 2188 5368 ibique

605 5381 862 5436 clericum
889 5385 1176 5451 quemdam
1215 5386 1564 5441 Wilbelmum
1608 5387 1826 5439 nomine
1874 5401 1905 5439 a
1958 5405 2082 5458 rege
2118 5388 2184 5442 ad

605 5474 923 5529 Anselmum
991 5477 1258 5532 directum
1332 5479 1653 5548 reperimus.
1734 5477 1945 5533 Detenti
2004 5489 2185 5534 autem

608 5564 681 5619 ibi
709 5562 1013 5633 quindecim
1041 5568 1231 5623 diebus
1260 5585 1471 5638 sumus,
1496 5584 1659 5626 vento
1709 5572 1867 5628 nobis
1897 5572 2185 5625 transitum

606 5658 950 5727 prohibente.
984 5660 1039 5715 In
1071 5677 1177 5731 qua
1208 5677 1358 5717 mora
1388 5664 1532 5720 idem
1560 5665 1887 5721 Wilhclmns
1925 5680 2048 5721 cum
2078 5664 2184 5719 Pa-

610 5761 696 5807 m:
729 5752 939 5809 intrans
983 5764 1038 5811 et
1080 5753 1290 5820 exiens,
1339 5765 1393 5811 et
1441 5757 1494 5811 in
1526 5774 1711 5815 mensa
1760 5758 1899 5815 illius
1947 5758 2191 5829 quotidie

2285 4587 2382 4642 per
2409 4572 2582 4625 undas
2606 4579 2983 4626 transvexerat
3014 4571 3252 4625 fractura
3281 4569 3441 4622 unius
3491 4566 3691 4621 tabula:
3722 4568 3877 4622 lora-

2287 4676 2407 4715 men
2447 4675 2636 4724 unum,
2668 4658 3088 4715 ferme‘duorum
3114 4658 3289 4730 spatio
3311 4657 3507 4725 pedum
3545 4656 3879 4725 magnitudi-

2285 4755 2375 4810 nis
2413 4753 2639 4817 habens,
2667 4751 2943 4817 cti’eeerat,
2975 4752 3117 4823 quod
3143 4750 3371 4804 ﬂuitanti
3395 4748 3676 4802 elemento
3701 4747 3879 4801 latum

2289 4844 2410 4917 [ol.,
2469 4841 2669 4914 lacum]
2719 4842 3149 4908 demonstrabat,
3207 4838 3558 4917 sedgnullum
3618 4840 3876 4901 omnino,

2286 4914 2524 5007 quandiu
2560 4933 2848 4987 Anselmus
2899 4933 2950 4987 in
2996 4947 3057 4986 ea
3113 4914 3344 4993 fuerat;
3375 4928 3656 4985 reserabat
3702 4927 3884 4982 intro—

2288 5027 2443 5081 itum.
2471 5024 2601 5090 Qum
2627 5039 2711 5077 res
2730 5023 2774 5077 si
2819 5023 3234 5077 admirationem
3264 5035 3386 5075 sese
3416 5016 3756 5072 intuentibus
3794 5018 3882 5071 in-

2292 5116 2434 5183 tnlit,
2468 5128 2573 5167 non
2598 5122 2727 5181 puto
2751 5111 3079 5165 mirandum.
3122 5112 3274 5164 Tunc
3323 5107 3617 5160 Balduinus
3655 5120 3882 5160 summo

2290 5207 2471 5263 studio
2520 5203 2730 5258 cunctis
2762 5217 2875 5256 rem
2929 5202 3109 5257 celare
3144 5201 3424 5271 praecepit,
3469 5207 3523 5252 et
3549 5212 3613 5252 ea
3658 5211 3749 5250 res
3781 5211 3885 5267 per

2293 5298 2344 5353 id
2369 5295 2629 5365 temporis
2678 5310 2785 5347 non
2828 5292 3013 5347 multis
3062 5293 3319 5347 innotuit.
3359 5291 3470 5360 Ego
3514 5298 3695 5343 tamen
3747 5286 3886 5359 [al.,

2292 5385 2646 5458 autemjeum
2699 5385 2823 5437 inde
2873 5385 3122 5453 quaedam
3168 5382 3583 5454 persensisscm,
3628 5393 3694 5432 ac
3753 5388 3890 5449 post

2296 5480 2511 5548 longum
2561 5487 2768 5547 tempus
2830 5477 2954 5529 dum
2984 5476 3121 5536 istis,
3147 5489 3266 5543 qua:
3302 5474 3357 5528 in
3412 5486 3574 5525 manu
3609 5469 3891 5526 habemus

2293 5571 2615 5635 scribendis,
2675 5571 2911 5623 anitnum
2967 5568 3368 5638 applicuissem,
3427 5557 3669 5633 nihilque
3735 5565 3892 5620 unde

2296 5665 2426 5718 mihi
2456 5664 2535 5716 vel
2566 5663 2697 5717 levis
2747 5661 3009 5715 dubitatio
3056 5660 3235 5713 inesse
3295 5665 3505 5728 poterat
3558 5654 3893 5711 describere

2298 5755 2609 5821 voluissem,
2658 5749 2985 5821 in'crrogavi
3024 5748 3273 5806 eumdem
3328 5747 3506 5801 virum
3536 5744 3603 5799 de
3630 5746 3889 5814 negotio.
