4068 6286
213 364 269 421 97
1177 354 1337 410 VITA
1370 354 1697 413 AUCTORE
1736 354 2089 412 EADMERO.
2115 388 2184 397 --
2220 357 2343 412 ΚΑΒ.
2378 357 2440 412 ll.
3367 362 3437 422 98

215 486 259 532 rt
283 471 548 529 veritatem
591 482 919 539 magnopere
941 465 1252 523 sciscitatus
1273 482 1415 522 sum.
1451 466 1553 534 Qui
1586 468 1757 522 inter-
1785 471 1829 529 Α
1858 482 2073 555 quoque
2115 452 2463 539 quamplures
2511 468 2581 524 ob
2638 468 2690 524 id
2742 472 2918 539 ipsum
2970 474 3071 541 pro
3121 467 3328 528 ioribns
3355 485 3438 529 at.

212 565 360 638 posita
408 560 650 616 veritatis
701 558 1028 622 assertione,
1066 573 1171 627 qua
1224 572 1413 612 servus
1445 557 1536 611 Dei
1570 572 1632 611 ac
1667 572 1758 611 ve-

211 672 294 712 rus
317 653 605 709 monachus
652 651 810 704 inniti
867 651 1049 712 debet,
1076 647 1358 704 confessus
1398 642 1494 701 ‘est
1547 662 1659 702 rem
1688 663 1756 701 ex

210 758 308 803 toto
331 746 463 800 sicut
486 759 605 799 eam
644 742 803 797 retuli
857 741 1099 807 factam;
1139 756 1238 796 nec
1282 742 1578 811 quidquam
1610 744 1661 794 in
1693 756 1757 795 ea

209 836 491 893 confictam.

266 927 347 979 57.
367 924 650 987 Anselmus
681 924 862 992 itaque
882 932 1038 977 extra
1077 921 1329 991 Angliam
1362 923 1570 991 positus
1609 921 1667 975 in
1693 937 1760 977 eo

209 1018 470 1086 ntaguilice
514 1015 728 1070 laetatus
774 1027 859 1069 est
903 1024 959 1070 et
1010 1014 1333 1083 multiplices
1393 1014 1502 1068 Deo
1551 1016 1759 1082 gratias

206 1109 321 1180 egit,
350 1107 490 1176 quod
512 1120 571 1160 se
601 1106 755 1175 quasi
787 1106 1083 1161 immanem
1134 1104 1422 1174 Babylonis
1480 1105 1759 1160 fornacem

202 1200 416 1254 evasisse
463 1205 520 1252 et
568 1196 782 1251 culmen
830 1196 1231 1266 quodammodo
1294 1198 1520 1268 placidae
1562 1198 1762 1266 quietis

204 1290 477 1357 contigisse
532 1288 772 1343 videbat.
819 1286 1127 1341 Willelmus
1167 1296 1346 1342 autem
1414 1302 1533 1351 rex,
1579 1287 1763 1342 audito

201 1380 494 1435 Anseltnum
523 1377 925 1440 transfretasse,
962 1377 1247 1433 confestim
1274 1379 1531 1448 praecepit
1564 1387 1759 1433 cuncta

202 1488 305 1541 qua:
335 1472 476 1525 illitis
517 1471 660 1539 juris
700 1470 914 1525 fuerant
964 1470 1018 1523 in
1065 1486 1222 1524 suum
1268 1471 1554 1525 transcribi
1594 1471 1763 1524 domi-

201 1561 355 1622 nium,
383 1568 437 1613 et
470 1560 620 1613 irrita
671 1560 789 1613 fieri
818 1559 1001 1613 omnia
1034 1574 1154 1627 qua:
1205 1574 1299 1630 per
1354 1559 1528 1628 ipsum
1558 1568 1758 1614 statuta

200 1649 350 1704 fuisse
395 1650 611 1718 probari
658 1659 931 1719 poterant,
973 1665 1037 1704 ex
1077 1665 1187 1719 quo
1225 1660 1448 1705 venerat
1476 1651 1528 1705 in
1578 1653 1761 1707 archi-

199 1742 575 1811 episcopatum.
636 1742 785 1809 Quas
835 1743 1021 1811 itaque
1073 1742 1452 1798 tribulationes
1516 1744 1755 1800 Ecclesia

1865 566 2045 611 lentos
2071 566 2238 621 stare,
2279 567 2607 629 paratosque
2662 560 2984 630 irrumpere,
3037 562 3081 617 si
3110 563 3159 616 ei
3207 564 3307 619 soli
3347 579 3440 620 ae-

1859 647 2182 717 quiescerct,
2217 649 2591 716 detinueruut,
2623 659 2677 704 et
2724 668 2793 704 ne
2817 652 2931 705 voci
2968 651 3134 721 ipsius
3187 653 3431 708 auditum

1860 737 2125 806 praeberet
2147 737 2518 792 obtinuerunt.
2571 739 2675 793 Sed
2703 742 2792 795 ubi
2822 742 3154 810 aliquantum
3210 758 3436 811 proces-

1861 828 2054 891 simus,
2103 827 2252 881 venit
2302 826 2448 880 Patri
2482 829 2535 880 in
2564 839 2799 882 mentem
2838 830 3036 898 quibus
3079 831 3437 899 acquieverit,

1861 918 1988 988 quid
2010 918 2201 989 egerit.
2235 918 2380 971 lllieo
2402 917 2583 971 nimiae
2607 918 2901 987 impietatis
2923 919 3157 987 seipsunt
3182 934 3435 989 arguens,

1864 1019 2070 1064 tantum
2091 1011 2285 1065 exinde
2312 1011 2561 1079 concepit
2596 1010 2648 1063 in
2672 994 2853 1064 corde.
2879 1011 3143 1075 dolorem,
3184 1021 3242 1063 ut
3269 1026 3441 1080 quan-

1863 1101 1953 1155 ditt
2006 1098 2156 1155 vita!
2198 1102 2448 1170 praesenti
2506 1101 2801 1169 superfuit,
2847 1102 3126 1171 pmuitudo
3170 1102 3336 1171 ipsius
3361 1102 3440 1155 fa-

1863 1194 1959 1258 cti,
1990 1203 2049 1248 ut
2073 1208 2219 1264 saepe
2264 1193 2558 1259 fatebatur,
2590 1194 2659 1249 ab
2693 1194 2877 1248 animo
2912 1194 3029 1264 ejus
3057 1210 3162 1248 non
3196 1209 3438 1251 recesse-

1863 1282 1957 1336 rit.

1933 1374 2022 1428 40.
2042 1373 2206 1429 Nobis
2224 1375 2419 1431 dehinc
2440 1384 2675 1447 coeptam
2700 1376 2804 1430 iter
2824 1375 2891 1429 de
2911 1375 2999 1429 die
3032 1375 3085 1429 in
3115 1377 3260 1432 diem
3289 1394 3441 1434 acceo

1862 1467 2184 1533 lerantibus,
2217 1454 2357 1522 fama
2411 1468 2509 1523 viri
2560 1468 2732 1522 multo
2757 1468 2992 1523 celerius
3041 1471 3436 1537 prazcurrebat,

1862 1569 1917 1613 et
1945 1559 2225 1628 multiplici
2256 1559 2482 1630 papulos
2526 1574 2658 1615 voce
2684 1560 2947 1628 replebat.
2977 1559 3128 1615 Unde
3162 1562 3441 1616 turbarum

1863 1665 2183 1713 concursus,
2234 1650 2556 1704 clericorum
2606 1661 2801 1713 eteius,
2857 1651 3246 1705 monachorum
3285 1666 3443 1707 exer-

1862 1741 2006 1795 citus
2035 1742 2105 1805 ei,
2152 1755 2474 1809 quocunque
2517 1742 2786 1805 veniebat,
2818 1753 3115 1796 occurrunt
3143 1762 3155 1796 :
3192 1744 3277 1797 isti
3310 1761 3445 1814 gau-

198 1831 379 1886 Christi
410 1848 568 1901 passa
615 1834 687 1887 sit
719 1834 881 1896 intus,
915 1842 971 1887 et
1023 1842 1204 1898 extra,
1264 1836 1503 1903 cogitatu
1559 1836 1755 1892 nedum
1795 1816 1837 1871 Β
1863 1832 1952 1887 dio
1972 1841 2028 1885 et
2066 1833 2429 1887 exsultatione
2473 1843 2888 1903 concrepantes,
2932 1834 3006 1888 illi
3043 1836 3252 1890 vexillis
3273 1848 3442 1892 etso-

198 1923 326 1977 dictu
351 1925 630 1994 percipere
652 1924 866 1979 dillicile
883 1941 1005 1980 esse
1031 1927 1344 1994 pronuntio.

255 2015 335 2069 58.
369 2017 538 2086 Igitur
556 2016 849 2073 Anselmus
883 2032 913 2072 a
938 2018 1237 2073 Witsandis
1271 2032 1429 2072 mane
1450 2017 1755 2087 discedens,

136 2089 142 2095 ’
192 2113 239 2165 et
268 2117 387 2173 post
414 2108 532 2163 dies
561 2106 627 2161 ad
654 2118 900 2163 sanctum
930 2108 1206 2162 Bertinum
1258 2108 1501 2172 veniens,
1560 2124 1758 2180 magna

190 2195 373 2263 plebis,
397 2198 723 2254 clericorum
770 2215 836 2254 ac
874 2202 1262 2256 monachorum
1325 2200 1610 2256 alacritate
1637 2218 1757 2258 sus-

192 2296 370 2355 ceptus
400 2299 507 2353 est,
535 2298 586 2344 et
632 2306 728 2359 per
755 2291 995 2360 quinque
1024 2293 1138 2346 dies
1191 2291 1262 2345 ibi
1292 2292 1563 2348 detentus.
1612 2294 1760 2349 lute—

193 2390 272 2430 rca
307 2388 504 2446 rogatu
558 2382 942 2435 canonicorum
975 2379 1099 2451 [al.,
1135 2381 1436 2435 amicorum
1486 2392 1542 2436 et
1596 2397 1763 2439 cano-

190 2465 312 2539 nic.]
348 2468 528 2523 altare
555 2486 719 2524 unum
746 2470 888 2537 apud
930 2479 1178 2524 sanetum
1227 2471 1599 2525 Audomarum
1624 2486 1760 2526 con-

193 2559 439 2612 secravit.
469 2559 587 2625 Quo
610 2562 755 2614 facto
794 2572 1061 2615 venerunt
1089 2562 1155 2615 ad
1183 2577 1306 2615 eum
1357 2563 1604 2617 honorati
1635 2564 1761 2632 qui-

193 2648 304 2701 dam
334 2650 403 2702 de
441 2649 709 2716 indigenis
757 2649 883 2714 viri,
929 2651 1086 2704 ﬂexis
1114 2649 1343 2716 genibus
1381 2650 1757 2717 obsecrantes,

194 2748 451 2807 quatenus
472 2737 611 2792 tilios
630 2752 816 2793 eorum
855 2752 952 2806 per
978 2739 1381 2807 impositionem
1429 2756 1623 2795 manus
1650 2757 1764 2797 suae

201 2826 330 2880 sacri
372 2825 688 2881 chrismatis
737 2828 993 2882 unctione
1035 2829 1298 2898 signaret.
1335 2830 1420 2883 Ad
1457 2831 1600 2898 quod
1631 2846 1753 2885 mox

196 2915 262 2969 ita
284 2916 561 2987 respondit
586 2932 601 2969 :
648 2936 665 2966 ι
701 2916 770 2971 Et
800 2916 899 2972 hos
924 2933 1023 2987 pro
1052 2919 1247 2988 quibus
1279 2919 1461 2989 petitis
1507 2920 1680 2975 libens
1707 2922 1760 2976 in

196 3004 286 3059 hac
308 3021 467 3061 causa
498 3006 815 3077 suscipiam,
845 3016 901 3062 et
940 3008 1076 3063 alios
1108 3010 1209 3064 hoc
1227 3021 1570 3066 sacramento
1595 3027 1753 3082 egen-

197 3102 268 3148 tes
293 3094 335 3149 si
356 3105 557 3164 prmstu
577 3095 774 3151 fuerint
796 3112 902 3151 non
932 3096 1203 3171 abjiciam.
1242 3119 1261 3152 ι
1315 3099 1429 3167 Qua
1455 3100 1527 3154 illi
1577 3102 1756 3156 facili-

198 3192 295 3238 tate
323 3188 570 3258 responsi
606 3187 995 3256 benignitatem
1040 3189 1142 3244 viri
1188 3190 1524 3247 admirantes
1552 3193 1760 3261 magni-

198 3274 287 3331 fice
323 3278 460 3332 :etati
495 3286 643 3340 sunt,
670 3288 726 3333 et
757 3281 963 3348 gratias
1013 3291 1266 3349 egerunt,
1312 3282 1760 3352 confirmatisque

198 3374 363 3440 pueris
386 3375 525 3436 suis,
579 3374 725 3428 illico
778 3384 944 3429 totam
986 3374 1174 3429 urbem
1220 3375 1309 3430 his
1364 3392 1485 3445 qua:
1526 3376 1595 3430 ab
1645 3375 1763 3443 ejus

199 3478 284 3517 ore
315 3474 648 3535 acceperant
674 3465 1060 3535 impleverunt.
1119 3468 1341 3523 Videres
1366 3482 1497 3538 ergo
1521 3469 1668 3523 viros
1695 3484 1762 3523 ac

201 3552 433 3608 ntu'eres
483 3568 713 3625 magnos
735 3570 802 3609 ac
838 3571 1034 3624 parvos
1070 3571 1102 3612 e
1128 3557 1379 3612 domibus
1434 3573 1615 3623 ruere,
1645 3573 1764 3613 εει·-

203 3644 439 3713 t..timque
470 3644 747 3699 currendo
799 3647 867 3699 ad
910 3658 1154 3701 nostrum
1202 3650 1493 3717 hospitium
1518 3650 1760 3719 praedicti

201 3734 351 3800 gratia
423 3737 759 3790 sacramenti
849 3752 1162 3807 properare.
1222 3740 1421 3796 Plures
1488 3742 1757 3811 siquidem

203 3824 311 3876 anni
345 3823 455 3891 jatn
508 3824 650 3893 apud
698 3840 792 3881 eos
845 3829 1198 3896 transierant,
1232 3832 1284 3885 iu
1336 3832 1536 3901 quibus
1585 3833 1764 3888 nullus

201 3913 562 3985 episcoporum
614 3914 724 3971 illic
773 3916 953 3973 fuerat
1016 3918 1106 3972 tali
1141 3919 1317 3974 officio
1361 3937 1556 3991 passus
1595 3938 1764 3977 occu-

203 4016 325 4069 part.

261 4095 340 4150 59.
369 4098 540 4154 Sexto
563 4100 776 4154 demum
801 4101 885 4156 die
907 4117 1031 4155 cum
1079 4101 1190 4169 jam
1243 4103 1583 4157 innumeram
1628 4104 1765 4157 mul-

212 4184 476 4245 titudinem
527 4195 928 4257 confirmasset,
973 4205 1029 4250 et
1058 4210 1156 4249 nos
1198 4211 1228 4248 a
1257 4194 1376 4248 loco
1427 4194 1765 4250 discessuros

207 4274 398 4349 longum
461 4285 572 4343 iter
628 4287 799 4356 ipsius
860 4288 970 4341 diei
1019 4286 1163 4357 quod
1212 4286 1449 4341 instabat
1506 4284 1765 4342 festinare

208 4373 558 4440 compelleret,
608 4391 736 4432 ecce
789 4380 964 4450 puella
1007 4378 1250 4449 qumdam
1292 4379 1510 4433 domum
1556 4378 1622 4431 de
1656 4392 1763 4446 qua

208 4471 356 4555 equos
400 4466 681 4521 ascensuri
711 4470 1127 4537 egrediebantur
1172 4468 1405 4531 introiit,
1448 4466 1613 4522 flebili
1643 4469 1760 4536 pie-
1790 4498 1839 4555 υ

211 4549 319 4603 tatis
341 4552 532 4610 all'ectu
561 4572 620 4611 se
648 4559 960 4614 coittirmari
1013 4560 1331 4626 deposcens.
1364 4557 1516 4623 Quod
1541 4559 1759 4627 quidam

209 4651 266 4691 ex
288 4645 439 4700 sociis
470 4651 679 4705 ltOSll‘iS
714 4651 998 4706 audientes
1033 4651 1192 4704 nimis
1236 4650 1463 4704 moleste
1502 4650 1761 4717 tulerunt,

210 4738 258 4784 et
280 4736 428 4792 verba
452 4740 623 4809 illius,
657 4751 846 4813 utpote
891 4744 982 4813 qui
1024 4742 1140 4812 jam
1200 4744 1385 4798 talium
1425 4754 1582 4798 erant
1608 4747 1763 4800 taedio

210 4823 386 4894 allecti,
425 4835 853 4891 contradicendo
907 4837 1310 4904 depresserunt.
1361 4835 1501 4902 Quid
1561 4835 1763 4904 plura?

212 4909 378 4970 Virum
406 4922 660 4990 precibus
699 4925 889 4995 puellae
917 4941 1201 5004 assensum
1231 4925 1473 4995 praebere
1498 4926 1759 4981 volentem

212 5000 320 5070 ίνδί.
349 5011 563 5081 objecta
592 5014 928 5084 longitudine
953 5000 1160 5072 diurnae
1207 5016 1326 5079 viae,
1371 5013 1600 5084 objectis
1627 5018 1768 5086 peri-

211 5096 330 5154 culis
362 5117 477 5171 qua:
540 5115 837 5161 nocturnos
887 5108 1123 5161 viatores
1169 5107 1221 5161 in
1251 5109 1533 5178 peregrina
1577 5123 1767 5178 quam-

210 5190 423 5248 maxime
488 5195 668 5266 patria
744 5197 1202 5267 comprehendere
1267 5196 1487 5262 solent,
1552 5196 1766 5266 objecto

1861 1924 2011 1977 noris
2053 1923 2406 1978 concentibus
2446 1924 2559 1979 Deo
2590 1939 2689 1993 pro
2725 1924 2867 1977 illius
2914 1926 3148 1980 adventu
3197 1926 3446 1994 conjubi-

1859 2012 2051 2068 lantes.
2075 2013 2207 2068 Cum
2235 2020 2416 2068 autem
2464 2014 2787 2083 Lugdunum
2828 2015 3087 2080 venisset,
3137 2025 3191 2071 et
3237 2018 3307 2071 ab
3355 2034 3447 2071 ar-

1859 2104 2208 2174 chiepiscopo
2285 2105 2525 2160 civitatis
2602 2105 2773 2175 ipsius
2853 2105 3090 2176 gloriose
3156 2119 3446 2177 susceptus

1861 2195 2072 2261 fuisset,
2104 2206 2226 2267 post
2252 2196 2370 2252 dies
2397 2184 2597 2266 paucos
2632 2197 2816 2252 missis
2858 2198 3056 2254 litteris
3098 2201 3387 2255 consilium
3412 2217 3443 2258 a

1860 2284 2088 2340 Domino
2148 2301 2283 2354 papa
2330 2285 2399 2340 de
2456 2286 2672 2355 negetio
2720 2304 2819 2347 suo
2876 2290 3145 2359 quaesivit,
3204 2300 3260 2344 et
3313 2291 3443 2359 quia

1861 2376 2058 2445 partim
2091 2376 2465 2431 imbecillitate
2521 2376 2605 2430 sui
2639 2378 2905 2446 corporis,
2949 2380 3146 2449 partim
3181 2379 3302 2434 aliis
3331 2379 3446 2447 plu-

1863 2467 2011 2519 ribus
2037 2467 2218 2521 causis
2271 2467 2598 2536 pratpeditus
2640 2468 2781 2522 ultra
2832 2468 3151 2540 Lugdunum
3194 2469 3445 2538 progredi

1866 2570 2212 2623 nequaquam
2261 2565 2467 2625 posset,
2497 2558 2548 2611 ei
2585 2560 2871 2631 suggessit.
2902 2560 2978 2613 lta
3027 2576 3157 2630 ergo
3199 2560 3445 2627 Lugduni

1865 2648 2084 2711 resedit,
2114 2648 2346 2703 reditum
2376 2651 2694 2706 nuntiorum
2728 2668 2947 2707 suorum
2995 2653 3068 2707 ibi
3098 2662 3444 2721 exspectans.

1864 2736 1996 2791 Post
2024 2747 2234 2806 tempus
2260 2739 2431 2794 Roma
2455 2741 2629 2796 nuntii
2673 2741 2921 2806 redeunt,
2942 2752 2998 2796 et
3021 2743 3274 2811 quoniam
3297 2745 3443 2797 omni

1861 2826 2076 2880 sublata
2106 2831 2457 2886 excusatione
2479 2846 2603 2886 eum
2633 2832 2705 2887 ad
2726 2847 2786 2886 se
2807 2847 2944 2901 papa
2988 2846 3281 2901 properare
3309 2846 3451 2901 pras-
3508 2886 3517 2889 θ

1862 2917 2084 2986 ceperit,
2140 2916 2404 2974 referunt.
2473 2920 2567 2976 llle
2627 2921 2843 2976 nescius
2897 2936 3064 2975 morae
3124 2920 3450 2990 pontiﬁcali-

1862 3003 2154 3071 busjussis
2178 3006 2425 3071 obaudit,
2483 3008 2583 3064 via:
2636 3024 2695 3066 se
2750 3008 3007 3081 periculis
3062 3018 3293 3064 mortem
3345 3024 3449 3079 pro

1865 3094 1977 3151 Deo
2004 3112 2112 3151 non
2146 3097 2351 3152 veritus
2377 3099 2563 3156 tradit.

1932 3191 2023 3247 41.
2058 3191 2194 3247 Hinc
2220 3190 2498 3248 Secusiant
2531 3193 2643 3264 (28)
2674 3195 2944 3260 venimus,
2996 3203 3055 3250 et
3100 3210 3201 3249 nos
3258 3194 3447 3249 abbati

1870 3280 1972 3336 loci
2003 3281 2138 3336 iliius
2169 3283 2631 3349 prwsentaviums.
2682 3283 2914 3338 Eramus
2942 3284 3142 3353 quippe
3193 3283 3449 3338 monachi

1871 3382 2003 3434 tres,
2040 3375 2290 3428 dominus
2342 3374 2592 3428 videlicet
2610 3382 2667 3428 et
2715 3374 2879 3429 Pater
2927 3376 3240 3438 Anselmns,
3290 3375 3445 3428 dom-

1860 3479 1964 3518 nus
2012 3463 2331 3528 Balduinus,
2360 3473 2415 3518 et
2445 3478 2547 3535 ego
2583 3464 2677 3534 qui
2724 3466 2839 3521 haec
2887 3466 3070 3520 scribo
3097 3465 3269 3522 frater
3295 3466 3447 3520 Ead-

1862 3570 2059 3609 merus.
2101 3553 2200 3620 Qui
2229 3555 2303 3608 ita
2326 3554 2537 3610 ibamus
2586 3556 2739 3625 quasi
2794 3572 2954 3626 pares
2980 3572 3246 3621 essemus,
3287 3556 3438 3612 nullo

1860 3646 2060 3701 indicio
2096 3646 2219 3715 quis
2241 3644 2329 3699 cui
2358 3654 2639 3714 praestaret
2669 3661 2851 3703 coram
2900 3647 3023 3703 aliis
3062 3649 3437 3703 ostendentes.

1859 3740 1945 3794 Ab
1977 3739 2176 3793 abbate
2237 3738 2403 3809 igitur
2424 3738 2517 3807 qui
2545 3738 2629 3793 vel
2657 3739 2800 3794 unde
2825 3740 3444 3810 essemus,imerrogati,

1861 3831 2049 3899 paucis
2107 3829 2505 3900 respondimus.
2534 3830 2604 3884 Et
2643 3831 2831 3885 audito
2876 3831 3140 3900 quosdam
3181 3846 3251 3885 ex
3291 3830 3446 3884 nobis

1861 3919 2152 3977 Bcccensis
2191 3923 2425 3979 coenobii
2470 3921 2767 3976 monachos
2785 3936 2928 3985 esse,
2954 3921 3266 3976 sciscitatus
3298 3928 3381 3973 est
3430 3936 3443 3949 ·

1871 4031 1890 4063 ι
1925 4012 2169 4075 Fratres,
2200 4014 2425 4068 obsecro
2455 4029 2571 4078 vos,
2604 4013 2737 4067 vivit
2776 4010 2862 4065 ille
2889 4012 3084 4074 adhuc,
3141 4010 3230 4062 ille
3255 4008 3348 4061 Dei
3390 4017 3445 4069 et

1862 4102 2100 4156 omnium
2119 4102 2382 4155 bonorum
2411 4102 2620 4155 amicus
2664 4098 2976 4163 Anselmus,
3004 4098 3218 4153 scilicet
3259 4112 3449 4152 cceno-

1864 4187 1937 4243 bii
1969 4189 2137 4258 ipsius
2164 4189 2353 4253 abbas,
2379 4189 2462 4244 vir
2515 4188 2570 4243 in
2619 4188 2767 4244 omni
2798 4187 3059 4257 religione
3110 4187 3370 4256 probatus
3392 4194 3450 4241 et

1866 4281 2156 4351 acceptus?
2180 4300 2199 4334 ι
2227 4280 2523 4336 Balduinus
2544 4282 2612 4335 ad
2632 4282 2745 4336 lucc
2774 4298 2787 4334 :
2815 4299 2834 4333 ι
2853 4280 2947 4334 ille
2966 4280 3065 4344 ait,
3091 4280 3159 4335 ad
3182 4278 3449 4347 archiepi-

1865 4384 2144 4443 scopatum
2171 4376 2225 4429 in
2247 4373 2391 4428 aliud
2419 4388 2646 4442 regnum
2670 4382 2968 4442 raptusest.
2990 4392 3008 4423 ι
3037 4372 3213 4426 Atille
3239 4389 3253 4424 :
3294 4388 3311 4420 ι
3333 4370 3448 4425 Au-

1866 4464 1994 4519 divi.
2022 4464 2127 4520 Sed
2156 4481 2321 4530 nunc,
2344 4478 2548 4534 quteso,
2584 4463 2817 4533 qualiter
2843 4463 2968 4518 est?
2993 4463 3136 4517 valet
3157 4463 3180 4515 ?
3200 4461 3449 4530 -—Lqui-

1865 4557 1986 4610 dem
2018 4572 2084 4609 ex
2114 4573 2180 4612 eo
2206 4566 2469 4627 tempore,
2497 4559 2595 4624 ait,
2619 4573 2728 4627 quo
2748 4558 2965 4612 functus
2993 4566 3081 4611 est
3104 4554 3444 4626 pontiﬁcatu,

1864 4660 1971 4698 non
2007 4646 2112 4699 vidi
2144 4661 2267 4700 eum
2300 4646 2454 4702 Becci
2483 4664 2499 4715 ;
2529 4647 2732 4703 dicitur
2763 4657 2942 4702 tamen
2974 4645 3115 4701 bene
3143 4644 3326 4699 valere
3353 4644 3445 4698 ubi

1864 4753 1968 4799 est.
1996 4765 2014 4797 ι
2049 4745 2202 4800 Tunc
2252 4745 2423 4800 abbas
2447 4760 2461 4799 :
2495 4765 2512 4796 ι
2540 4746 2606 4800 Et
2635 4754 2692 4799 ut
2721 4745 2897 4800 valeat
2943 4759 3062 4799 oro.
3081 4762 3100 4795 ›
3135 4741 3264 4798 llaec
3290 4741 3356 4795 de
3385 4755 3446 4795 se

1862 4834 2153 4889 Anselmus
2176 4835 2281 4890 dici
2312 4836 2558 4902 audiens,
2603 4833 2888 4890 confestim
2916 4841 3058 4888 tecto
3082 4830 3304 4887 cucullae
3332 4841 3445 4882 sua:

1864 4927 2065 4994 capitio
2087 4929 2285 4997 capite.
2315 4927 2557 4983 demisso
2603 4926 2753 4981 vultu
2810 4925 3058 4980 sedebat.
3115 4922 3443 4978 Nolebamus

1863 5015 2006 5070 enim
2037 5016 2279 5087 agnosci,
2309 5032 2375 5071 ne
2399 5017 2536 5071 forte
2558 5023 2920 5086 prtecurrente
2945 5012 3090 5067 fama
3119 5011 3185 5065 de
3204 5010 3442 5063 adventu

1864 5106 2123 5161 tamiviri
2154 5106 2328 5161 cuivis
2378 5106 2618 5175 periculo
2672 5114 2855 5160 nostra
2930 5101 3138 5156 incuria
3191 5099 3444 5153 fieremus

1864 5199 2104 5253 obnoxii.
2139 5198 2439 5257 Celebratis
2480 5200 2677 5255 dehinc
2726 5199 2781 5253 in
2810 5192 3058 5252 coenobio
3104 5191 3214 5255 (29‘
3267 5193 3441 5248 sancti

1485 5286 1897 5345 llEASCHENll
1933 5290 2162 5346 NOTAE.

268 5368 373 5441 (28)
410 5374 635 5449 Secttsia
690 5377 846 5447 vulgo
900 5377 1078 5445 Susa,
1128 5379 1271 5435 haud
1315 5379 1505 5449 procul
1560 5379 1755 5435 Seniso

211 5448 392 5511 Emme,
442 5447 493 5500 in
543 5448 941 5503 Pcdemoutaua
995 5450 1218 5504 ditione.
1269 5447 1363 5504 Est
1414 5450 1483 5503 ibi
1540 5452 1756 5505 abbatia

214 5502 263 5559 5.
291 5502 445 5579 Jusii,
472 5528 650 5571 erecta
670 5502 824 5571 anno
856 5518 1011 5581 1029,
1036 5502 1513 5585 cujusereiniouis
1556 5502 1757 5575 instra:

213 5590 432 5657 utentum
459 5601 581 5639 eum
615 5590 957 5657 cbronologia
999 5590 1252 5643 abbatum
1278 5594 1497 5644 exhibet
1528 5590 1752 5645 Franci-

194 5656 320 5728 .fﬂl‘S
368 5655 695 5728 augustiuus
740 5658 807 5712 ab
856 5655 1081 5713 ecclesia
1128 5661 1180 5713 in
1236 5660 1469 5715 Historia
1526 5664 1757 5716 chrouo~

208 5709 360 5786 logica
391 5709 802 5781 l’e’detuoufnute
848 5709 1079 5797 regionis
1101 5709 1757 5801 ιι..’Ξέῆ-ξῖὶνέᾶιιιριιιέὺυξ.

1928 5382 2478 5451 (29)Celeberrimum
2506 5381 2632 5436 illud
2660 5390 2788 5435 tunc
2807 5385 2926 5434 erat
2945 5377 3251 5434 emnobium
3268 5374 3326 5429 S.
3351 5374 3445 5451 Ili-

1864 5449 2089 5514 chaclis,
2127 5470 2215 5505 an.
2243 5453 2347 5505 966
2375 5460 2771 5514 consecratum,
2806 5451 2891 5504 cui
2924 5451 3088 5503 variae
3125 5456 3280 5502 crant
3309 5449 3441 5500 sub-

1859 5524 2015 5593 jectat
2040 5524 2266 5593 abbaiim
2308 5541 2320 5574 :
2355 5540 2497 5576 nunc
2539 5532 2615 5593 est
2650 5520 2878 5593 ecclesia
2919 5519 3193 5593 collegiata
3222 5532 3443 5593 cauom—

1868 5585 2055 5647 iornm
2080 5592 2440 5656 swtularium,
2474 5592 2547 5645 uti
2576 5591 2772 5660 legitur
2804 5594 2856 5647 in
2888 5585 3439 5656 citatavchrouologia

1868 5680 1922 5733 p.
1946 5664 2050 5717 9.09
2075 5674 2127 5717 ct
2153 5677 2303 5729 seqq.
