4068 6286
556 352 626 411 99
1616 344 1675 400 S.
1716 342 2016 400 ANSELIII
2045 339 2395 399 CANTUAR.
2425 337 2723 397 ARCIIIEP

3722 342 3829 397 100

561 463 837 523 Michaelis
881 462 1209 535 archangeli,
1258 461 1402 532 quod
1439 459 1493 515 in
1542 467 1728 516 monte
1777 461 1942 515 situm
1980 456 2141 513 Clusa
2171 460 2221 515 Α
2242 453 2429 511 eduxit
2448 452 2502 508 iu
2546 468 2700 509 suam
2725 451 2909 509 villam
2954 451 3263 509 Schlaviam
3319 454 3564 521 nomine,
3619 468 3744 525 qua:
3765 456 3819 511 in

559 565 810 622 vocatur,
840 555 1109 624 passionis
1155 568 1220 608 ac
1248 551 1664 608 resurrectionis
1714 550 2009 605 Dominica:
2054 565 2142 605 so-

562 647 803 712 Iemniis,
861 646 912 698 iu
939 647 1044 699 iter
1070 643 1274 697 reversi
1330 644 1560 698 Romam
1614 643 2014 702 festinavimus.
2047 641 2144 703 Mi:

565 751 684 789 rum
716 736 862 788 dictu
909 750 922 787 :
961 736 1117 803 pauci
1151 744 1315 803 atque
1359 733 1528 803 ignoti
1581 747 1679 801 per
1708 732 1823 787 loca
1856 732 2143 801 peregrina

568 826 801 888 ibamus,
832 825 1105 879 neminem
1132 833 1516 895 agnoscentes,
1543 822 1745 876 nemini
1772 820 1864 891 qui
1889 821 1974 876 vel
2003 823 2145 876 unde

565 929 809 967 essemus
882 912 1309 977 innotescentes,
1388 922 1443 964 et
1519 926 1647 966 ecce
1712 910 1858 965 solus
1903 910 2143 967 Anseltni

571 1014 822 1072 aspectus
862 1003 915 1056 in
966 987 1381 1056 admirationem
1437 1002 1519 1056 sui
1574 1001 1800 1071 populos
1850 1002 2143 1066 excitabat,

564 1112 795 1164 eumque
816 1111 935 1150 esse
965 1096 1139 1148 virum
1172 1095 1296 1149 vitae
1344 1094 1684 1162 designabat.
1713 1094 1867 1156 Unde
1891 1108 2014 1148 cum
2033 1092 2146 1161 jam

568 1188 829 1257 hospitati
858 1187 1021 1241 etiam
1052 1187 1196 1254 inter
1222 1192 1338 1248 eos,
1388 1200 1620 1255 quorum
1671 1185 1898 1241 insidias
1939 1194 2149 1240 metue-

565 1279 783 1343 bamus,
823 1277 1135 1340 fuissemus,
1190 1291 1576 1347 nonnunquam
1622 1278 1725 1331 viri
1770 1292 1896 1333 cum
1952 1277 2146 1332 mulie-

565 1371 719 1426 ribus
746 1370 1038 1437 hospitium
1090 1368 1298 1423 intrare
1350 1367 1473 1441 [al.,
1500 1369 1817 1441 intravere],
1856 1377 1912 1423 et
1944 1378 2003 1423 ut
2050 1370 2151 1424 ho-

571 1465 773 1519 minem
832 1463 1018 1517 videre
1068 1462 1296 1532 ejusque
1368 1471 1706 1518 mererentur
1770 1462 2152 1519 benedictione

567 1559 731 1630 potiri
758 1558 958 1612 obnixe
982 1558 1347 1627 precabantur
1371 1556 1492 1629 [al.,
1518 1556 1777 1628 precari].

639 1651 730 1705 42.
757 1650 873 1705 Tali
901 1665 1030 1718 ergo
1060 1648 1200 1720 vulgi
1234 1649 1420 1703 favore
1475 1650 1702 1704 Romam
1753 1663 1924 1719 usque
1964 1663 2154 1719 prose~

572 1752 752 1804 cutus,
791 1741 1100 1806 Lateranis,
1145 1740 1235 1794 ubi
1267 1748 1394 1794 tunc
1430 1740 1689 1808 temporis
1728 1755 1977 1795 summus
2019 1755 2155 1811 pon-

2245 542 2448 597 montis
2479 542 2687 603 vertice
2708 543 2811 597 sita
2849 557 2986 598 sano
3023 541 3229 613 jugiter
3250 556 3358 599 tere
3387 553 3553 614 atque
3601 546 3829 615 tepenti,

2244 636 2695 692 conversantibus
2719 636 2831 693 illic
2859 636 3055 692 habilis
3086 646 3288 692 exstat.
3337 637 3509 707 Igitur
3563 639 3834 703 habitatio

2247 738 2438 780 nostra
2469 726 2523 780 in
2553 726 2752 781 montis
2778 736 2898 782 erat
2933 726 3248 781 summitate
3313 726 3514 793 locata,
3568 742 3599 781 a
3642 729 3835 784 turba-

2246 830 2366 869 runt
2434 815 2667 869 tumultu
2738 816 2912 870 instar
2959 813 3268 871 solitudinis
3304 830 3494 871 vacua.
3527 816 3684 883 Quod
3712 818 3845 873 Au»

2249 908 2456 964 selinus
2504 908 2817 973 advertens,
2845 922 2912 962 ex
2972 924 3068 979 spe
3116 909 3311 965 futura
3369 909 3571 978 quietis
3627 908 3838 965 exhila-

2247 1011 2398 1056 ratus
2414 1000 2521 1056 ait:
2554 998 2682 1055 Htcc
2704 1001 2903 1071 requies
2926 1016 3068 1066 utea,
3088 1003 3173 1056 hic
3187 1001 3436 1055 habitabo
3454 999 3631 1072 (Paul.
3646 1017 3837 1069 cum,

2251 1092 2361 1163 M).
2412 1092 2496 1147 Ad
2542 1092 2776 1161 primum
2849 1093 3013 1163 igitur
3071 1093 3512 1149 conversationis
3581 1094 3837 1148 ordinem

2251 1184 2433 1256 (quem
2463 1193 2754 1254 antequam
2783 1185 2954 1240 abbas
2982 1194 3128 1240 esset
3174 1185 3438 1250 habebat,
3477 1200 3754 1254 quemque
3779 1200 3841 1240 se

2251 1272 2306 1328 in
2332 1272 2646 1342 pontificatu
2677 1276 2913 1343 positum
2941 1274 3177 1329 maxime
3229 1274 3531 1345 perdidisse
3579 1273 3839 1345 deﬂeba,)

2250 1366 2420 1421 vitam
2446 1366 2700 1431 instituit,
2724 1366 2932 1422 sanctis
2971 1366 3250 1436 operibus,
3273 1365 3471 1421 divina:
3497 1367 3843 1437 contempla-

2253 1454 2411 1520 tioni,
2463 1454 2823 1526 mysticarum
2857 1470 3043 1511 rerum
3087 1454 3399 1511 euodationi
3446 1456 3533 1511 die
3562 1466 3842 1526 noctuque

2253 1554 2490 1599 mentem
2545 1544 2850 1614 intendens.
2882 1544 3035 1601 Unde
3090 1544 3416 1601 Christianae
3475 1545 3600 1601 fidei
3653 1563 3846 1603 amore

2253 1644 2554 1707 permotus,
2593 1636 2809 1708 insigne
2845 1637 3099 1693 volumen
3148 1638 3341 1703 edidit,
3392 1641 3536 1707 quod
3558 1637 3670 1692 Cur
3698 1638 3843 1694 Deus

2255 1727 2409 1781 Immo
2459 1726 2713 1781 titulavit.
2778 1727 2932 1794 Quod
2977 1743 3114 1800 opus
3170 1728 3314 1785 sicut
3363 1729 3416 1784 in
3443 1728 3671 1799 prologo
3725 1728 3845 1799 ejus

572 1832 701 1889 tifex
737 1831 1073 1896 morabatur,
1123 1830 1363 1886 advenit.
1423 1829 1714 1885 Nuntiatur
1758 1832 1999 1900 pontiﬁci
2048 1831 2154 1886 Pa.

2257 1816 2372 1886 ipse
2424 1824 2656 1872 testatur
2686 1814 2741 1869 in
2767 1815 2961 1888 Anglia
3011 1817 3202 1888 erepit,
3235 1817 3330 1873 sed
3366 1818 3456 1872 hic
3507 1818 3562 1872 in
3583 1816 3847 1888 Capuana

572 1921 676 1977 tris
727 1921 1012 1985 adventus,
1036 1929 1091 1975 et
1127 1935 1296 1975 ovans
1322 1919 1477 1989 jubet
1507 1920 1656 1975 illum
1687 1922 1739 1976 iu
1779 1931 1938 1990 parte
1983 1922 2156 1993 ipsius

572 2012 657 2067 sui
713 2011 896 2082 palatii
948 2011 1233 2081 hospitari,
1277 2020 1333 2066 et
1359 2012 1448 2066 dic
1498 2012 1592 2068 illo
1635 2013 1919 2085 indulgere
1961 2016 2152 2086 quieti.

570 2101 731 2158 Mane
779 2102 999 2158 conﬂuit
1028 2107 1095 2157 ad
1148 2119 1342 2173 papam
1393 2103 1638 2180 Romana
1698 2106 1974 2174 nobilitas,
2007 2116 2064 2163 et
2088 2108 2168 2164 de-

571 2194 697 2249 novi
729 2194 960 2264 hospitis
986 2196 1223 2250 adventu
1252 2211 1434 2250 sermo
1480 2197 1810 2253 conseritur.
1850 2199 2149 2255 Adducitur

570 2301 695 2341 eum
742 2286 1044 2340 reverentia
1085 2288 1169 2342 vir
1231 2287 1285 2342 in
1338 2282 1599 2354 medium,
1638 2298 1712 2343 'et
1745 2291 1934 2359 inqua
1966 2279 2155 2345 ceram

570 2393 710 2448 papa
741 2378 1000 2433 decenter
1026 2378 1233 2445 sedeat,
1263 2378 1394 2437 sella
1420 2380 1717 2449 profertur.
1748 2372 2026 2449 Ingressus
2055 2382 2154 2434 hu-

581 2467 760 2522 miliat
788 2481 849 2521 se
881 2482 980 2536 pro
1004 2483 1155 2522 more
1205 2468 1272 2521 ad
1314 2468 1482 2537 pedes
1509 2470 1705 2523 summi
1738 2469 2032 2539 pontificis,
2062 2470 2157 2524 sed

571 2558 752 2615 statim
795 2559 864 2612 ab
923 2559 1040 2627 ipso
1087 2559 1321 2628 erigitur
1364 2560 1443 2614 ad.
1484 2559 1727 2614 osculum
1760 2561 1911 2630 .ejus.
1970 2560 2153 2623 Sedet,

571 2664 639 2706 ac
660 2666 758 2721 pro
789 2650 1025 2705 adventu
1057 2650 1202 2705 illius
1254 2650 1425 2707 laetari
1455 2668 1516 2709 se
1552 2653 1884 2722 apostolicus
1905 2668 2028 2708 cum
2052 2652 2156 2707 Ilo-

570 2756 732 2795 mana
779 2741 930 2796 curia
964 2742 1118 2809 dicit,
1174 2742 1441 2799 acclamat
1516 2745 1670 2800 curia
1740 2746 1906 2799 dicto.
1964 2744 2158 2799 Postea

573 2829 791 2886 silentio
838 2830 1006 2895 facto,
1036 2830 1208 2885 multa
1240 2832 1295 2886 in
1319 2832 1537 2887 laudem
1570 2833 1808 2888 hominis
1836 2848 1974 2902 papa
2004 2833 2157 2887 loeu-

577 2925 665 2972 tus
696 2926 802 2982 est,
859 2920 1038 2972 virum
1092 2919 1242 2973 illum
1280 2919 1503 2974 virtutis
1551 2936 1639 2977 ac.
1669 2920 1835 2974 totius
1882 2920 2165 2990 religionis

579 3022 702 3064 esse
750 3013 1088 3063 contestans“.
1128 3008 1198 3062 Et
1242 3009 1484 3079 quidem,
1538 3009 1733 3079 inquit,
1756 3011 1830 3065 ita
1864 3021 1965 3065 est.
1995 3010 2160 3065 Cum-

578 3116 687 3173 que
713 3101 885 3169 illum,
924 3111 1108 3173 utpote
1139 3103 1414 3159 hominem
1471 3106 1683 3160 cunctis
1738 3104 2157 3160 Iiberaliumar-

580 3192 735 3248 tiutn‘
767 3191 1071 3260 disciplinis
1130 3192 1453 3249 innutritum
1517 3210 1619 3264 pro
1666 3190 2158 3266 magistrottenea-

575 3296 720 3351 mus,
745 3292 804 3338 et
842 3283 1000 3352 quasi
1055 3297 1365 3354 comparem
1413 3284 1579 3340 velut
1605 3287 1832 3343 alterius
1855 3287 2005 3342 orbis
2025 3302 2157 3356 apo-

576 3375 848 3441 stolicum,
879 3383 935 3430 et
967 3376 1338 3446 patriarcham
1363 3375 1487 3445 jure
1515 3379 1884 3433 veneramlum
1931 3394 2158 3435 censea-

577 3481 747 3532 mus;
783 3466 856 3519 ita
892 3475 1071 3520 tamen
1119 3464 1391 3521 excellens
1445 3468 1612 3522 menti
1670 3465 1788 3535 ejus
1837 3469 2161 3524 humilitatis

576 3555 884 3611 constantia
933 3554 1207 3624 praesidet,
1236 3565 1295 3608 ut
1325 3570 1427 3610 uec
1482 3556 1711 3610 marinis
1754 3557 2030 3626 periculis,
2059 3573 2160 3612 nec

577 3646 910 3717 longissimis
947 3647 1250 3716 peregrina:
1301 3656 1465 3702 terra:
1505 3643 1715 3716 spatiis
1750 3649 1945 3703 terreri
1973 3659 2163 3719 potue-

577 3740 671 3804 rit,
699 3738 829 3808 quin
861 3737 1103 3808 vestigiis
1150 3738 1294 3793 beati
1343 3738 1488 3793 Petri
1513 3754 1611 3808 pro
1648 3750 1847 3794 nostra:
1879 3741 2161 3810 parvitatis

578 3831 883 3886 ministerio
907 3845 965 3883 se
996 3838 1347 3899 praesentare,
1373 3843 1580 3900 nosque
1620 3830 1793 3900 magis
1820 3830 1963 3885 illius
1986 3846 2149 3900 quant

578 3923 730 3978 illum
774 3931 963 3977 nostro
1018 3931 1268 3992 egentem
1310 3921 1562 3986 consilio,
1607 3936 1771 3990 super
1815 3923 2001 3977 causis
2046 3923 2160 3978 suis

586 4014 945 4072 consulendos
978 4013 1129 4068 adire
1181 4013 1472 4069 studuerit.
1527 4015 1870 4084 Quapropter
1912 4015 2161 4070 conside-

579 4117 696 4160 rate
737 4118 846 4175 quo
900 4118 1106 4170 amore,
1157 4118 1266 4174 quo
1317 4104 1525 4160 honore
1577 4106 1958 4175 suscipiendus
2006 4107 2077 4162 sit
2104 4115 2161 4162 et

577 4194 1005 4263 amplectendus.
1047 4192 1171 4248 Haec
1196 4209 1331 4249 cum.
1373 4194 1662 4251 Auselmus
1698 4196 1764 4251 de
1790 4212 1870 4261 se,
1902 4207 1957 4252 et
1988 4198 2158 4253 multo

580 4286 669 4341 his
695 4285 847 4354 plura
879 4297 978 4352 pro
998 4283 1080 4337 sui
1112 4283 1269 4338 laude
1295 4284 1400 4338 dici
1450 4286 1682 4351 audiret,
1736 4286 1879 4341 sicut
1930 4289 2167 4358 ipsemet-

577 4374 909 4444 stepe'fateri
940 4372 1167 4437 solebat,
1220 4388 1324 4427 nou
1380 4388 1571 4443 parum
1601 4378 1839 4443 erubuit,
1905 4380 2165 4447 quoniam

2256 1906 2508 1963 videlicet
2530 1907 2812 1977 provincia
2866 1909 3195 1964 constitutus
3224 1909 3475 1965 absolvit.
3528 1909 3680 1965 Inter
3730 1913 3846 1966 hzec

2257 1998 2440 2065 omnia
2464 2013 2589 2054 sese
2628 1999 2887 2055 omnibus
2916 1998 3065 2064 fecit,
3097 2011 3295 2055 cuncta
3321 2015 3421 2071 pro
3446 2016 3605 2071 posse
3638 2001 3843 2057 subve-

2259 2092 2419 2146 niens
2448 2106 2464 2157 ;
2503 2100 2732 2155 cunctos
2761 2093 2856 2163 qui
2885 2106 2946 2148 se
2977 2092 3169 2148 audire
3196 2093 3475 2159 volebant,
3530 2109 3640 2149 non
3664 2096 3849 2152 consi-

2258 2183 2447 2239 derata
2471 2184 2703 2255 alicujus
2727 2199 2979 2255 persona,
3004 2185 3073 2240 ad
3099 2200 3256 2240 suum
3286 2185 3618 2255 colloquium
3644 2187 3848 2240 admit-

2260 2284 2404 2345 tens,
2459 2286 2516 2334 et
2560 2277 2788 2348 singulis
2843 2292 2943 2346 pro
2986 2274 3253 2348 qualitate
3312 2286 3474 2334 moue
3522 2278 3850 2344 quaestionis

2257 2368 2491 2439 benigna
2526 2366 2842 2423 affabilitate
2860 2372 3024 2438 atque
3044 2366 3244 2422 alfabili
3296 2368 3637 2438 benignitate
3678 2370 3847 2425 satis-

2259 2458 2485 2514 faciens.
2524 2459 2882 2529 Quapropter.
2900 2459 3047 2514 fatua
3089 2458 3234 2515 illius
3284 2459 3340 2514 in
3390 2458 3540 2515 brevi
3595 2461 3847 2515 circnm-

2258 2551 2402 2606 circa
2431 2551 2763 2622 percrebuit,
2795 2559 2853 2606 et
2882 2552 2936 2605 in
2964 2550 3314 2607 dilectionem
3347 2561 3511 2621 atque
3530 2555 3850 2608 veneratio-

2259 2658 2382 2699 nem
2411 2642 2528 2711 ejus
2581 2650 2901 2697 cunctorum
2944 2642 3109 2697 corda
3168 2644 3463 2700 convertit.
3518 2643 3849 2714 Quicunque

2260 2731 2424 2800 igitur
2474 2745 2598 2785 eum
2655 2731 2865 2798 videre,
2913 2731 3143 2801 ejusque
3184 2731 3362 2800 potuit
3407 2732 3849 2795 benedictionem

2263 2819 2491 2884 habere,
2523 2819 2743 2875 beatum
2773 2834 2834 2876 se
2856 2821 3064 2891 proprii
3099 2834 3337 2877 censura
3376 2821 3574 2891 judicii
3600 2823 3849 2878 aestima-

2260 2911 2359 2965 vit.

2329 3005 2421 3061 Μ.
2452 3005 2750 3063 Monachus
2769 3007 2937 3062 etiam
2963 3006 3056 3078 qui
3090 3006 3230 3063 villae
3278 3007 3449 3078 ipsius
3496 3022 3597 3077 pro
3628 3008 3861 3064 abbatis

2264 3095 2495 3165 imperio
2535 3106 2718 3153 custos
2753 3106 2894 3162 erat,
2923 3098 3126 3169 quique
3153 3099 3309 3154 nobis
3338 3113 3490 3155 more
3516 3098 3640 3153 boni
3672 3099 3849 3170 hospi-

2263 3188 2332 3243 tis
2358 3188 2411 3242 iu
2442 3188 2720 3243 nonnullis
2765 3190 3132 3256 ministrabat,
3189 3190 3547 3246 considerans
3589 3192 3852 3247 vitatuet

2260 3288 2419 3333 actus
2438 3277 2639 3344 Patris,
2674 3280 2926 3350 concepit
2953 3281 3093 3350 apud
3144 3295 3204 3335 se
3231 3295 3384 3351 spem
3431 3281 3555 3336 boui
3588 3282 3775 3351 magni
3795 3290 3854 3337 et

2260 3366 2492 3437 gratiam
2537 3367 2728 3424 Dei'iu
2763 3383 2830 3423 eo
2872 3368 3077 3439 vigere,
3129 3370 3467 3440 crediditqne
3514 3372 3660 3440 quod
3706 3372 3852 3426 Deus

2265 3455 2433 3510 multa
2480 3458 2655 3513 libens
2683 3458 2890 3514 faceret
2925 3461 2996 3515 ob
3049 3461 3243 3516 merita
3269 3461 3408 3531 ejus.
3457 3460 3722 3517 Homines
3755 3477 3854 3516 au-

2262 3556 2369 3603 tem
2423 3549 2563 3603 villa:
2615 3549 2814 3606 multas
2864 3551 3343 3607 incommoditates
3377 3552 3620 3623 quotidie
3667 3555 3850 3622 patie-

2260 3636 2462 3693 bantur
2482 3656 2582 3709 pro
2611 3641 2835 3711 penuria
2883 3656 3076 3712 aquae;
3112 3642 3164 3696 in
3200 3643 3407 3697 devexo
3440 3651 3623 3698 tamen
3675 3642 3853 3699 latere

2263 3732 2471 3800 montis
2494 3742 2688 3801 puteus
2709 3748 2850 3788 unus
2882 3733 3064 3787 nimiae
3088 3731 3476 3801 profunditatis
3502 3734 3805 3789 habebatur
3829 3775 3848 3798 ,

2262 3824 2357 3879 sed
2404 3822 2478 3875 ita
2508 3821 2740 3892 singulis
2784 3823 2978 3878 diebus
3021 3823 3475 3889 exhauriebatur,
3524 3832 3585 3876 ut
3612 3825 3682 3878 ab
3711 3825 3850 3878 hora

2263 3915 2368 3969 diei
2417 3929 2559 3967 noua
2612 3913 2756 3968 nulla
2803 3929 2926 3983 quae
2977 3914 3195 3969 extrahi
3247 3923 3435 3983 posset
3473 3915 3525 3969 in
3576 3915 3673 3971 illo
3700 3930 3845 3985 aqua

2264 4020 2435 4074 usque
2461 4019 2617 4059 inane
2650 4004 3002 4074 reperiretur.
3031 4003 3149 4070 Quo
3192 4004 3536 4058 incounnodo
3555 4002 3733 4059 frater
3759 4004 3853 4061 ille

2263 4096 2590 4152 subventum
2617 4095 2684 4149 iri
2724 4096 3066 4162 desiderans,
3127 4110 3244 4149 rem
3300 4094 3564 4150 Anselmo
3613 4110 3853 4167 conque-

2262 4188 2433 4244 rentis
2462 4202 2611 4243 more
2656 4187 2908 4253 innotuit,
2942 4198 3130 4242 etsuze
3178 4187 3442 4242 voluntati
3488 4186 3671 4242 inesse
3700 4188 3840 4243 sub-

2257 4281 2440 4351 junxit
2467 4290 2688 4352 puteum
2717 4281 2771 4336 in
2799 4282 2919 4350 ipso
2948 4299 3056 4354 quo
3084 4280 3467 4338 habitabamus
3496 4282 3615 4338 loco
3638 4283 3846 4346 facere,

2264 4371 2309 4425 si
2335 4370 2477 4425 forte
2500 4372 2639 4426 Deus
2663 4386 2762 4426 sua
2803 4373 3006 4442 pietate
3030 4374 3350 4446 dignaretur
3395 4376 3498 4430 hoc
3546 4372 3851 4427 incommo-

579 4481 640 4521 se
670 4465 830 4519 talem
869 4465 1010 4533 apud
1041 4479 1123 4528 se,
1164 4463 1344 4532 qualis
1382 4470 1415 4518 a
1463 4474 1613 4520 tanto
1656 4466 1775 4522 viro
1830 4470 2162 4535 praedicaba—
2194 4488 2240 4545 ι)
2266 4461 2393 4514 dum
2431 4460 2771 4530 propulsare.
2811 4460 3020 4518 Laudat
3055 4465 3347 4521 Anselmus
3368 4466 3513 4536 piam
3543 4462 3732 4519 fratris
3752 4478 3849 4516 vo-

580 4566 691 4621 tur,
746 4556 970 4617 minime
1023 4554 1295 4623 cognovit.
1376 4553 1765 4617 Verumtamen
1815 4570 1934 4614 erat
2018 4561 2158 4616 inter

576 4651 742 4706 verba
780 4656 988 4711 tacens,
1043 4646 1324 4701 decentius
1371 4645 1487 4701 fore
1538 4650 1879 4717 perpendens
1931 4651 1995 4705 ad
2042 4652 2160 4722 ejus

577 4740 725 4797 modi
755 4738 916 4794 silete
946 4746 1132 4809 quam
1183 4737 1351 4806 loqui.
1381 4737 1513 4793 Post
1536 4739 1652 4795 haec
1673 4742 1740 4797 de
1764 4743 1849 4797 sui
1886 4742 2160 4799 adventus

576 4846 738 4888 causa
771 4826 1154 4901 percunctatus
1190 4830 1221 4884 a
1251 4844 1411 4899 papa,
1441 4846 1507 4887 eo
1558 4832 1662 4888 sibi
1719 4835 1877 4890 modo
1907 4836 2167 4891 narravit

576 4939 719 4990 eam,
763 4936 871 4992 (tuo
911 4921 1157 4976 veritatis
1203 4938 1268 4979 ac
1310 4924 1657 4980 discretionis
1705 4927 1844 4981 ratio
1888 4929 2155 4998 poposcit.

574 5015 668 5070 llle
718 5014 786 5070 ad
835 5014 1020 5068 audita
1069 5013 1318 5078 miratur,
1361 5024 1417 5069 et
1474 5017 1890 5072 subventionem
1936 5018 2156 5088 plenam

576 5105 883 5174 pollicetur.
940 5102 1209 5172 Praecepit
1258 5103 1440 5174 itaque
1481 5114 1540 5158 ut
1580 5108 1952 5163 subveutionis
1991 5109 2160 5179 ipsius

577 5196 829 5248 effectum
854 5196 1000 5250 circa
1026 5210 1086 5250 se
1113 5194 1406 5251 Ansehnus
1432 5197 1857 5265 praestolaretur.

647 5282 737 5336 43.
775 5282 969 5361 Verum
1018 5284 1146 5354 quia
1204 5286 1355 5341 calor
1405 5286 1612 5341 testatis
1661 5287 1713 5341 in
1757 5287 2002 5357 partibus
2052 5288 2158 5346 illis

577 5386 770 5430 cuncta
801 5378 1010 5440 urebat,
1038 5389 1092 5433 et
1114 5380 1376 5436 habitatio
1402 5382 1553 5436 urbis
1576 5383 1801 5437 nimium
1839 5384 2156 5453 insalubris,

579 5469 673 5523 sed
690 5468 966 5553 interitum
1004 5474 1307 5542 peregrinis
1345 5471 1682 5529 hominibus
1742 5486 1884 5543 erat,
1916 5475 2155 5534 Joannes

578 5560 798 5630 quidam
828 5562 1068 5637 nomine,
1097 5564 1226 5617 olim
1261 5568 1559 5622 monachus
1586 5566 1770 5632 Bccci,
1800 5578 1927 5635 tunc
1975 5575 2174 5625 autem

578 5649 746 5706 abbas
770 5654 1002 5707 cmuobii
1037 5652 1223 5710 Sancti
1248 5656 1548 5713 Salvator-is
1595 5660 1849 5725 'I‘clesim,
1881 5673 2157 5717 annuente

578 5756 717 5814 papa
766 5744 1003 5815 suscepit
1045 5759 1170 5800 cum
1209 5754 1266 5800 ut
1315 5749 1591 5818 proprium
1640 5764 1846 5821 patrem
1879 5752 1930 5806 in
1956 5768 2075 5821 sua,
2103 5763 2156 5809 et

2264 4557 2551 4621 luntatem,
2596 4565 2652 4612 et
2700 4571 2812 4611 rem
2850 4567 3063 4614 tentare
3103 4562 3314 4616 suadet.
3361 4559 3605 4614 Laetatur
3659 4557 3752 4613 ille
3776 4557 3849 4613 ad

2263 4651 2402 4710 haec,
2444 4658 2501 4705 et
2535 4659 2688 4720 rogat
2730 4658 3001 4718 quatenus
3038 4652 3153 4721 ipse
3215 4651 3393 4707 locum
3460 4649 3739 4721 inspiciat,
3780 4664 3849 4704 ac

2261 4742 2541 4814 praemissa
2567 4755 2730 4812 prece
2775 4756 2901 4818 cum
2942 4742 3318 4800 benedictione
3356 4758 3453 4799 sua
3501 4743 3711 4813 primus
3739 4750 3848 4797 ter-

2261 4850 2378 4889 ram
2432 4834 2662 4905 aperiat.
2714 4832 3032 4900 Acquiescit
3086 4834 3178 4890 ille
3232 4833 3504 4905 precanti,
3548 4842 3606 4888 et
3654 4831 3849 4887 nolens

2260 4927 2533 4985 offendere
2579 4930 2911 4987 voluntatem
2978 4927 3209 4998 hospitis
3256 4928 3361 4982 sui.
3409 4925 3550 4993 Quid
3621 4922 3850 4978 dicam?

2260 5020 2603 5076 Cernebatur
2645 5004 2797 5077 mira:
2846 5019 3188 5077 celsitudinis
3237 5031 3421 5087 rupes,
3468 5027 3526 5071 et
3564 5013 3847 5085 quaside-

2260 5114 2465 5170 meutia
2505 5114 2796 5170 videbatur
2847 5115 2901 5169 in
2958 5102 3062 5167 'tali
3108 5113 3228 5168 loco
3271 5109 3410 5166 velle
3454 5107 3661 5165 fontem
3689 5120 3849 5176 aquae

2166 5222 2167 5227 π
2262 5206 2609 5276 investigare.
2644 5205 2804 5261 Vadit
2824 5213 3004 5259 tamen
3032 5203 3324 5259 Anselmus
3364 5199 3851 5257 nobiscomitatns

2262 5299 2330 5354 ad
2362 5298 2562 5364 locum,
2585 5308 2640 5353 et
2688 5298 2917 5368 supplici
2953 5311 3116 5368 prece
3166 5295 3468 5366 praemissa,
3515 5294 3619 5348 hoc
3648 5300 3755 5356 est,
3787 5299 3850 5344 ut

2259 5388 2650 5445 abundantiam
2699 5387 2847 5459 jugis
2874 5397 3040 5457 atque
3066 5385 3302 5441 salubris
3327 5394 3485 5455 aqua:
3510 5383 3656 5439 Deus
3709 5380 3845 5435 inibi

2261 5481 2573 5552 largiretur,
2621 5482 2779 5536 tertio
2830 5479 3032 5535 feriens
3086 5488 3289 5534 terram
3329 5478 3569 5549 aperuit,
3612 5484 3669 5531 et
3717 5475 3846 5530 reli-

2260 5588 2367 5644 quo
2388 5573 2537 5642 operi
2566 5574 2684 5628 dari
2713 5588 2935 5644 operam
2974 5570 3165 5640 jussit.
3197 5571 3464 5642 Perpauci
3515 5570 3634 5625 dies
3679 5565 3849 5638 erepti

2258 5665 2440 5733 operis
2464 5667 2816 5732 transierant,
2842 5676 2896 5722 et
2916 5681 3046 5722 ecce
3079 5666 3201 5722 fons
3222 5667 3382 5720 vivus
3407 5678 3439 5719 e
3466 5661 3665 5717 duritia
3690 5661 3877 5729 rupis.

2259 5771 2574 5829 erumpens,
2624 5758 2832 5830 ingenti
2866 5767 3091 5815 cunctos
3140 5765 3359 5826 stupore
3406 5751 3695 5823 percussit.
3731 5748 3853 5807 Nec
