4068 6286
187 335 291 417 ’θοι

1178 358 1335 416 Vl'l'A
1375 354 1707 413 AUCTORE
1744 355 2096 412 EADMERO.
2129 388 2200 399 -
2238 358 2363 415 LIB.
2399 359 2461 414 ll.

3329 364 3432 422 ωε

203 478 381 533 mirum
416 493 427 528 ε
464 488 600 543 aqua
632 464 802 537 enim,
858 487 1017 543 quam
1045 487 1104 528 se
1134 468 1393 546 magister
1419 478 1618 546 operis'
1651 490 1751 531 nec
1780 478 1826 533 Α
1856 474 2055 527 tionem
2107 474 2343 538 transiit,
2379 473 2589 529 obsidio
2640 474 2783 531 illius
2823 475 3100 532 dominum
3146 493 3340 550 papam
3373 488 3433 537 et

204 570 252 624 in
285 566 520 637 plurimis
541 566 734 620 diebus
765 576 1108 634 reperturum
1140 568 1383 636 putabat,
1412 585 1518 622 non
1550 570 1748 622 mirum

202 659 243 713 si
263 668 520 727 stuporem
550 655 841 710 incusserit
868 656 1016 709 brevi
1046 662 1284 725 reperta.
1328 657 1609 713 Perfectus
1644 658 1752 713 ita-
1780 680 1785 685 ο

199 764 292 820 que
318 756 503 818 puteus
547 756 652 809 est,
709 746 936 801 modicas
978 749 1195 816 quidem
1240 749 1628 818 profunditatis
1659 765 1755 804 ex-

200 846 351 899 stans,
374 837 465 890 sed
496 834 894 904 limpidissima:
940 844 1103 904 atque
1161 837 1394 892 salubris
1442 852 1595 907 aquae
1637 838 1752 908 jugi

200 925 329 981 fonte
349 925 674 979 redundans.
699 922 831 989 Qua:
853 938 941 979 res
965 924 1110 979 illico
1132 925 1410 997 divulgata
1438 944 1545 980 non
1572 943 1754 997 parva“:

198 1016 520 1072 admirationi
564 1015 685 1081 fuit,
740 1024 795 1071 et
845 1031 966 1072 eam
1010 1018 1110 1071 viri
1170 1021 1379 1074 meritis
1426 1022 1606 1075 omnis
1660 1022 1752 1091 qui

196 1108 380 1162 audivit
401 1108 676 1175 ascripsit.
702 1106 1108 1176 itaqueiputeus
1141 1108 1246 1170 ille,
1280 1120 1479 1178 puteus
1515 1111 1754 1168 Cantua-

196 1197 373 1251 riensis
400 1198 798 1267 archiepiscopi
833 1212 1003 1267 usque
1047 1200 1208 1255 hodie
1242 1200 1311 1254 ab
1344 1202 1537 1258 incolis
1584 1207 1784 1273 ipsius'

197 1296 341 1342 terra:
365 1274 613 1343 vocatur.
647 1289 849 1344 Ferunt
889 1299 1068 1345 autem
1120 1292 1192 1355 hi,
1234 1293 1325 1363 qui
1382 1295 1448 1348 ad
1494 1312 1594 1351 nos
1627 1298 1753 1355 inde

193 1394 318 1447 szepe
343 1389 632 1446 venerunt,
671 1381 797 1450 quia
831 1382 982 1435 multi
1022 1383 1256 1439 diversis
1302 1385 1657 1456 languoribus
1685 1407 1750 1446 ac

194 1468 414 1524 febribus
442 1470 598 1536 lenti,
630 1482 843 1540 sumpta
882 1473 936 1527 in
968 1483 1152 1543 potum
1204 1477 1396 1531 eadem
1426 1494 1589 1549 aqua,
1641 1483 1753 1551 pri-

191 1563 329 1616 stinte
349 1564 568 1618 sanitati
601 1576 723 1619 mox
758 1566 1122 1629 restituuntur
1145 1567 1281 1640 (30).
1344 1592 1349 1595 -

793 1673 1021 1731 CAPUT
1054 1677 1113 1733 V.

190 1758 429 1817 Excursio
456 1750 511 1818 ui
539 1747 905 1847 Cdmpaniant.
957 1766 1173 1890 Ileldims
1213 1771 1263 1825 in
1297 1770 1547 1829 Calliam.
1588 1773 1749 1832 Varia
1780 1778 1783 1783 ’

815 1853 1016 1890 numen
1041 1858 1093 1890 ιι.
1781 1872 1783 1878 ι

815 1853 1093 1893 ηιρναειιια.

246 1923 331 1978 45.
368 1923 464 1980 llis
513 1924 705 1981 diebus
759 1926 1026 1999 Rogerius
1066 1929 1174 1985 dux
1218 1932 1425 2002 Apuliae
1467 1934 1745 1992 civitatem

185 2012 405 2082 Capuam
447 2017 755 2073 obsederat.
801 2018 901 2085 Qui
932 2021 1073 2074 fama
1097 2023 1197 2077 viri
1226 2035 1503 2094 permotus
1529 2028 1750 2085 mitti-ns

183 2106 375 2175 rogarit
404 2121 529 2162 eum
566 2110 752 2165 venire
781 2111 847 2165 nd
884 2126 981 2167 se:
1024 2116 1391 2183 ascendimus,
1439 2118 1656 2185 ivimus,
1695 2131 1751 2176 et

182 2193 347 2260 plures
380 2196 434 2249 in
479 2198 763 2253 obsidione
808 2201 923 2256 dies
963 2205 1264 2274 exegimus,
1315 2210 1507 2264 remoti
1540 2212 1594 2265 itt
1633 2219 1751 2267 ten-

182 2285 321 2340 toriis
337 2301 369 2340 a
395 2285 702 2357 frequentia
724 2293 776 2343 et
797 2293 1024 2347 tumultu
1044 2288 1435 2365 perstrepentis
1455 2303 1746 2359 exercitus.
1774 2298 1779 2339 ί

184 2375 291 2431 Erat
340 2387 524 2433 autem
557 2381 645 2433 ubi
684 2395 902 2436 eramus
938 2386 1183 2453 quaedam
1214 2390 1499 2447 ecclesiola
1533 2397 1750 2464 penitus

183 2467 401 2534 deserta,
461 2480 514 2524 et
550 2469 712 2538 juxta
760 2473 960 2528 ostium
1007 2476 1245 2531 cisterna
1296 2476 1526 2551 desuper
1570 2485 1750 2541 diruta

184 2581 373 2636 magna:
400 2568 791 2638 profunditatis
827 2573 1031 2628 ltiatum
1059 2590 1154 2629 sua
1182 2576 1491 2645 diruptione
1520 2587 1754 2647 prmten-

184 2654 319 2711 deus.
372 2658 428 2711 In
484 2673 589 2727 qua
641 2660 871 2715 ecclesia
916 2662 1063 2717 velut
1104 2664 1156 2717 in
1203 2679 1418 2719 camera
1470 2682 1567 2736 pro
1617 2667 1754 2722 velle

185 2749 653 2815 ronversabamur,
705 2758 814 2805 tam
850 2753 1017 2821 quieti
1054 2770 1216 2824 quam
1270 2758 1420 2823 operi
1462 2757 1515 2810 in
1567 2773 1630 2812 ea
1663 2758 1749 2813 in-

186 2828 553 2908 dulgentes,'et
579 2842 769 2897 ducem
805 2844 979 2913 ipsum
1003 2860 1127 2900 cum
1157 2846 1270 2902 suis
1314 2847 1597 2903 nobiscum
1640 2851 1755 2905 sin-

186 2928 309 2998 gulis
349 2933 539 2989 diebus
564 2935 630 2990 ad
661 2951 783 3006 qua:
819 2935 1131 2995 volebamus
1161 2941 1213 2993 in
1256 2953 1504 3012 promptu
1546 2942 1751 2998 haben—

189 3027 276 3076 tes.
317 3020 562 3091 Quadam
602 3042 731 3082 vero
777 3039 937 3084 nocte
979 3045 1103 3084 cum
1149 3032 1201 3086 in
1249 3047 1311 3087 ea
1365 3034 1752 3099 dormiremus,

187 3115 393 3187 contigit
420 3108 741 3173 Anselmum
779 3121 859 3175 sui
892 3123 1141 3191 corporis
1173 3126 1498 3181 necessitate
1535 3126 1753 3183 silentio

187 3216 404 3275 surgere,
437 3218 497 3262 et
519 3221 606 3264 'ne
637 3210 1067 3279 inquietat-emitr
1094 3229 1193 3268 suo
1235 3212 1387 3271 more
1435 3216 1580 3272 lento
1613 3219 1747 3288 pede

189 3294 245 3347 ad
267 3300 450 3354 ostium
479 3304 722 3357 tendere.
766 3296 924 3372 Quod
955 3320 1075 3358 cum
1106 3306 1340 3373 exisset,
1384 3315 1439 3363 et
1466 3308 1771 3365 immemor

190 3384 337 3442 fovea:
368 3407 462 3459 per
507 3394 761 3450 tenebras
803 3396 854 3449 in
896 3407 1103 3465 partem
1145 3400 1477 3466 divertisset,
1521 3402 1575 3456 in
1627 3414 1773 3472 pro-‘

191 3478 392 3537 fundum
451 3486 692 3553 cecidit,
743 3488 982 3544 clamosa
1044 3490 1475 3547 voce’cadetttlo
1532 3494 1747 3548 dicens:

193 3567 368 3626 Sancta
399 3574 616 3629 Maria!
643 3578 723 3632 Ad
755 3594 914 3647 quem
943 3582 1176 3637 sonitum
1209 3598 1306 3638 nos
1329 3600 1391 3639 ac
1422 3585 1553 3639 socii
1580 3585 1750 3640 nostri

191 3666 266 3730 qui
319 3667 367 3719 in
420 3670 678 3725 tentoriis
730 3673 1082 3741 quiescebant
1143 3676 1539 3748 cxpergefacli,
1598 3677 1753 3734 lectis

191 3759 578 3828 prosilivinms,
633 3775 980 3821 accurrentes
1038 3767 1310 3823 hominem
1369 3770 1422 3824 in
1486 3764 1767 3840 profundo:

193 3848 416 3920 vidimus,
468 3866 528 3909 et
576 3872 686 3924 prte
724 3858 918 3913 timore
968 3861 1129 3913 simul
1181 3869 1235 3916 et
1277 3863 1523 3932 angustia
1575 3865 1754 3918 cordis

193 3941 456 3997 exanimati
502 3942 618 4000 fere
665 3961 870 4001 sumus.
917 3948 1068 4015 Quod
1103 3950 1216 4020 ipse
1253 3953 1575 4023 percipiens,
1629 3950 1765 4009 mox'

194 4023 346 4084 levato
385 4035 565 4104 capite
592 4036 732 4090 comi
767 4037 936 4103 vultu,
962 4040 1200 4109 jucundo
1247 4041 1443 4095 intuitu
1477 4043 1629 4098 nob’s
1671 4044 1753 4097 iu-

195 4121 295 4175 uuit
332 4126 460 4180 nihil
502 4127 746 4184 lmsionis
796 4145 917 4186 sese
967 4146 1302 4202 perpessmn.
1361 4133 1757 4191 Descendentes

197 4209 341 4279 igitur
387 4219 610 4288 quidam
664 4237 727 4275 ex
785 4223 986 4277 nostris
1045 4239 1109 4277 ex
1162 4224 1330 4278 altera
1383 4234 1535 4294 parte
1590 4226 1755 4295 ipsius

199 4307 486 4378 pnccipitii,
546 4327 651 4382 qua
700 4315 785 4368 via
836 4324 956 4370 erat
1011 4316 1403 4382 descendendi,
1452 4318 1756 4375 eduxerunt

198 4408 302 4451 cum
330 4418 356 4453 a
391 4403 508 4461 loco
537 4419 724 4461 sanum
756 4408 977 4464 omnino
1003 4419 1165 4479 atque
1193 4410 1535 4467 incolumem.

1855 562 2173 617 Anselmum
2209 564 2419 618 vicinos
2455 565 2665 629 habuit,
2715 566 2790 620 ita
2822 576 2880 620 ut
2917 565 3118 621 familia
3156 578 3434 623 utrorum-

1853 668 1960 722 que
2014 654 2189 723 magis
2235 654 2513 708 videretur
2564 671 2668 709 una
2720 673 2883 726 quam
2933 658 3073 721 dum,
3125 674 3224 714 nec
3271 659 3430 716 facile

1854 742 2033 811 quivis
2061 744 2358 798 declinaret
2399 746 2464 798 ad
2501 760 2715 814 papam,
2748 763 2839 816 qut
2892 764 2997 803 non
3028 747 3321 805 (livet-teret
3360 751 3430 805 ad

1853 832 2188 891 Anselmum.
2220 835 2360 903 Papa
2391 850 2629 905 namque
2655 838 2936 894 colebatur
2959 857 2988 893 a
3027 843 3261 909 cunctis,
3289 858 3429 911 que-

1855 926 2198 979 madmodum
2242 938 2395 994 pater
2438 936 2491 980 ct
2531 937 2715 996 pastor
2762 934 3091 997 communis;
3143 934 3431 991 Anselmus

1854 1032 1984 1072 vero
2013 1021 2338 1090 diligebatur
2365 1022 2433 1076 ab
2458 1023 2729 1090 omnibus,
2765 1026 2907 1079 sicut
2927 1028 3090 1081 homo
3118 1036 3433 1083 mansuetus

1854 1115 1909 1159 et
1943 1107 2111 1172 mitis,
2145 1119 2200 1163 et
2235 1109 2320 1163 cui
2361 1126 2459 1165 suo
2490 1112 2695 1179 judicio
2730 1113 2859 1166 nihil
2895 1114 3195 1170 debebatur
3231 1133 3258 1169 a
3291 1131 3431 1185 quo-

1855 1196 1955 1250 vis.
2005 1197 2061 1250 ln
2110 1214 2243 1268 papa
2296 1200 2529 1270 denique
2580 1204 2989 1272 supereminens
3038 1206 3252 1276 vigebat
3306 1222 3431 1261 cum

1855 1285 2134 1356 dignitatis
2165 1292 2488 1355 auctoritate
2514 1302 2779 1363 potestas;
2812 1295 2864 1349 in
2895 1296 3154 1351 Anselmo
3195 1298 3329 1351 mira
3375 1306 3431 1351 et

1854 1390 1975 1443 quae
2021 1390 2248 1449 cunctos
2309 1384 2650 1440 demulcebat
2710 1402 2845 1456 pura
2902 1405 3024 1443 cum
3086 1390 3433 1460 simplicitate

1854 1466 2151 1526 humilitas.
2202 1472 2351 1529 Multi
2403 1492 2552 1545 ergo,
2608 1493 2744 1547 quos
2796 1481 2957 1536 timor
3001 1484 3318 1551 prohibebat
3366 1489 3435 1542 ad

1770 1570 1783 1595 ε’
1855 1574 2050 1629 papam
2088 1565 2370 1631 accedere,
2413 1567 2747 1633 festinabant
2777 1572 2845 1625 ad
2872 1574 3190 1628 Anselmutn
3221 1577 3433 1643 venire,

1855 1665 2041 1708 amore
2092 1654 2237 1711 ducti
2286 1658 2379 1727 qui
2431 1660 2606 1714 nescit.
2656 1662 2868 1715 timere.
2925 1662 3181 1733 Majestas
3231 1667 3430 1720 etenim

1855 1760 2007 1813 papa:
2041 1746 2184 1802 solos
2225 1750 2548 1805 admittebat
2595 1753 2809 1818 divites,
2845 1755 3151 1810 immanitas
3193 1757 3433 1813 Auselii

1781 1825 1826 1879 Β
1852 1835 1970 1891 sine
1997 1852 2351 1906 personarum
2381 1842 2699 1912 acceptione
2739 1845 3067 1914 suscipiebat
3107 1862 3317 1902 omnes.
3367 1849 3433 1902 Et

1853 1943 1990 1997 quos
2034 1932 2267 1986 omnes?
2298 1932 2541 2003 Paganos
2570 1935 2762 1999 ctiam,
2794 1946 2855 1990 ut
2895 1936 2963 1991 de
3003 1936 3329 1995 Christianis
3359 1949 3436 1994 ta-

1850 2035 2026 2085 ceam.
2058 2021 2339 2092 Siquidem
2368 2026 2609 2081 nonnulli
2639 2027 2851 2093 talium,
2895 2045 3019 2084 nam
3049 2045 3237 2087 eorum
3262 2031 3431 2087 mula

1853 2110 2018 2165 millia
2041 2111 2095 2166 in
2116 2113 2289 2183 ipsam
2321 2119 2750 2185 exepeditionem
2791 2134 2976 2177 secum
3008 2122 3301 2179 adduxerat
3331 2122 3433 2196 {ah

1851 2201 1998 2256 omit.
2032 2218 2080 2257 s.
2106 2201 2184 2276 a.]
2210 2204 2371 2260 homo
2403 2208 2556 2262 ducis
2587 2209 2860 2281 Rogerus‘;
2887 2226 3093 2268 comes
3122 2214 3190 2268 de
3223 2214 3433 2282 Sicilia,

1849 2291 2118 2363 nonnulli,
2161 2293 2405 2363 inquam,
2452 2297 2638 2351 talium
2665 2300 2822 2355 fama
2852 2301 3111 2357 bonitatis
3147 2304 3265 2372 ejus
3294 2305 3436 2359 inter

1851 2395 1979 2436 suos
2012 2383 2175 2438 exciti
2218 2386 2569 2451 mansionem
2605 2398 2844 2444 nostram
2890 2391 3329 2461 frequentabant,
3376 2406 3434 2450 et

1852 2473 2082 2539 sumptis
2109 2474 2179 2528 ab
2222 2475 2476 2531 Anselmo
2507 2480 2880 2547 corporalibus
2922 2483 3062 2537 cibis
3095 2486 3319 2553 gratiosi
3348 2501 3433 2539 re-

1856 2564 2224 2637 vertebantur,
2280 2567 2656 2623 admirandam
2719 2572 2843 2626 viri.
2880 2574 3268 2645 benignitatem
3320 2579 3436 2633 suis

1852 2655 2210 2722 praedicantes
2261 2671 2424 2726 quam
2470 2659 2910 2728 experiebantur.
2974 2663 3128 2719 Unde
3180 2668 3236 2719 itt
3287 2678 3437 2721 tanta

1854 2744 2110 2814 deinceps
2133 2747 2480 2803 veneratione
2505 2749 2669 2804 etiam
2695 2752 2840 2821 apud
2862 2768 2960 2808 eos
3004 2754 3223 2810 habitus
3244 2766 3349 2821 est,
3377 2766 3438 2812 ut

1853 2852 1978 2890 cum
2008 2852 2107 2906 per
2129 2848 2308 2892 castra
2330 2837 2428 2911 [αι.
2448 2879 2463 2904 ,
2489 2839 2750 2914 claustra]
2775 2841 3011 2908 illorum,
3036 2858 3155 2913 qua:
3178 2843 3233 2899 in
3267 2862 3434 2901 unum

1854 2929 2034 2985 locata
2074 2942 2255 2996 erant,
2297 2934 2674 3000 transiremus,
2709 2935 2897 3005 ingens
2927 2936 3220 2993 multitudo
3247 2952 3436 2994 eorum

1853 3019 2079 3076 elevatis
2101 3022 2169 3076 ad
2197 3022 2394 3078 emlum
2424 3024 2675 3085 manibus
2702 3025 2751 3080 ei
2776 3041 3036 3096 prospera
3065 3024 3437 3098 imprecaren-

1858 3118 1966 3179 tur,
2000 3122 2057 3168 et
2085 3114 2344 3169 osculatis
2365 3129 2465 3184 pro
2494 3116 2600 3170 ritu
2637 3130 2736 3172 suo
2765 3119 3013 3174 manibus
3051 3121 3286 3190 propriis
3333 3137 3434 3178 nec

1855 3220 1924 3275 ne
1947 3220 2131 3263 coram
2157 3220 2223 3262 eo
2254 3209 2486 3280 genibus
2524 3207 2698 3275 flexis,
2737 3224 2837 3280 pro
2878 3226 2975 3266 sua
3027 3227 3150 3267 eum
3200 3215 3434 3285 benigna

1854 3294 2105 3366 largitate
2126 3308 2305 3368 grates
2329 3300 2538 3369 agendo
2560 3309 2972 3355 vcnerarcntur.
3002 3300 3240 3368 Quarum
3264 3305 3432 3358 etiam

1853 3388 2092 3457 plurimi,
2118 3390 2265 3444 velut
2289 3392 2676 3460 comperimus,
2704 3406 2764 3446 se
2784 3392 3014 3446 libenter
3034 3392 3148 3459 ejus
3174 3395 3437 3450 doctrina:

1854 3479 2202 3535 instruendus
2243 3480 2641 3544 submisissent,
2690 3495 2753 3534 ac
2793 3479 3118 3535 Christianae
3162 3482 3283 3537 fidei
3306 3484 3438 3556 jugo

1855 3588 1951 3628 sua
1981 3588 2079 3642 per
2100 3588 2224 3626 eum
2251 3573 2386 3627 colla
2419 3572 2470 3626 in
2474 3573 2756 3642 jeeissent,
2780 3572 2825 3626 si
2851 3571 3229 3627 credulitatem
3256 3577 3434 3630 corni-

1859 3666 1928 3721 tis
1961 3667 2042 3720 sui
2073 3680 2170 3735 per
2200 3665 2302 3720 hoc
2342 3665 2395 3719 in
2427 3679 2486 3719 se
2526 3664 2837 3720 saeviturum
2869 3680 2974 3719 non
3022 3664 3431 3722 formidassent.

1856 3757 1990 3812 Nam
2016 3773 2203 3812 revera
2232 3758 2433 3811 nullum
2458 3771 2646 3813 eormn
2685 3759 2794 3826 pati
2822 3758 3035 3813 volebat
3064 3759 3453 3815 Cltristiantnn-

1858 3851 2076 3920 impune
2116 3852 2252 3905 lleri.
2301 3845 2611 3918 Quod'qua
2665 3851 2956 3915 industria,
3001 3860 3061 3907 ut
3112 3853 3184 3906 ita
3232 3852 3435 3918 dicam,

1856 3942 2113 4002 fat-iebat.
2140 3944 2272 3996 nihil
2302 3950 2417 3997 ‘mea
2447 3942 2705 4006 interest;
2732 3943 2927 3998 viderit
2958 3943 3099 3998 Deus
3125 3952 3180 3997 et
3227 3944 3362 4012 ipse.

1880 4054 1887 4059 ι
1927 4034 2018 4087 47.
2074 4033 2295 4087 Dehine
2341 4034 2516 4087 soluta
2564 4034 2869 4096 obsidione,
2921 4033 3209 4088 Anseltnus
3268 4026 3438 4087 multa

1857 4138 2021 4193 prece
2048 4138 2242 4193 papam
2272 4122 2339 4176 ad
2370 4125 2471 4177 hoc
2505 4122 2724 4178 ﬂectere
2764 4132 2993 4178 conatus
3037 4132 3138 4187 est,
3169 4130 3440 4192 quatenus

1861 4216 1931 4270 ab
1964 4230 2130 4270 onere
2160 4213 2453 4284 pontificali
2484 4228 2606 4268 eum
2650 4213 2973 4280 absolveret,
3003 4222 3058 4269 et
3086 4214 3259 4283 quieti
3305 4213 3440 4269 libe-

1861 4323 1980 4363 rum
2023 4321 2220 4364 vacare
2262 4305 2604 4362 concederet.
2650 4303 2852 4361 Verum
2908 4321 3054 4371 cum,
3086 4307 3140 4360 in
3167 4314 3433 4377 quantum
3479 4366 3490 4379 θ

1764 4416 1769 4427 ν
1860 4404 2079 4475 quidem
2108 4401 2174 4455 ad
2214 4399 2462 4455 effectum
2488 4400 2800 4469 'spectabat,
2846 4400 2899 4454 in
2932 4398 3161 4456 nihilum
3198 4399 3453 4456 laboras--
3531 4388 3538 4397 ’

258 4488 336 4545 46.
361 4492 490 4551 Cum
527 4508 648 4567 post
685 4498 798 4553 tunc
828 4502 973 4557 sedis
1014 4501 1326 4571 apostolica:
1375 4502 1616 4575 pontifex
1651 4502 1753 4559 Ur-
1786 4519 1832 4576 υ
1859 4506 1968 4562 set;
2020 4493 2192 4550 fretus
2230 4492 2603 4548 benedictione
2649 4491 2801 4561 ejus,
2847 4492 3153 4547 Schlaviam
3187 4505 3440 4548 reversus

201 4574 351 4635 banus
378 4583 467 4639 illo
506 4587 847 4655 adventaret,
872 4598 927 4645 et
955 4591 1003 4644 ei
1038 4592 1105 4645 ah
1131 4574 1389 4649 Anselmo
1415 4604 1469 4647 et
1499 4595 1755 4664 princip?-

200 4664 290 4723 bus
339 4678 497 4731 totius
554 4679 826 4735 exercitus
873 4681 1083 4737 obviam
1137 4685 1270 4738 itum
1317 4693 1494 4749 esset,
1552 4684 1757 4755 ingenti

205 4764 463 4822 tuttudialis
508 4766 693 4838 gloria:
736 4785 928 4841 pompa
976 4782 1324 4841 prosecutus,
1360 4773 1554 4828 ductus
1586 4783 1667 4828 est
1700 4774 1754 4829 in

206 4856 469 4912 tentorium
511 4860 653 4928 quod
695 4860 847 4930 juxta
893 4879 1009 4917 mos
1035 4864 1136 4918 sibi
1169 4876 1289 4919 erat
1333 4867 1544 4921 caeteris
1580 4865 1759 4920 excel-

210 4936 380 5001 lentius
406 4951 781 5006 coustitutum.
828 4952 1030 5021 Sicque
1071 4955 1243 5011 donec
1277 4958 1468 5014 civitas
1516 4958 1568 5012 in
1607 4959 1759 5012 dedi-

1857 4599 1961 4651 est,
2010 4588 2265 4656 operiens
2306 4584 2377 4639 ibi
2411 4594 2621 4654 tempus
2651 4584 2890 4650 concilii,
2920 4585 3064 4655 quod
3110 4582 3251 4640 idem
3298 4600 3437 4655 papa

1859 4681 1999 4749 apud
2026 4679 2222 4732 Barum
2260 4675 2487 4730 Kalend.
2524 4674 2717 4731 Octob.
2746 4682 2865 4729 erat
2894 4674 3293 4731 celebraturus.
3339 4675 3439 4729 Cui

1859 4770 2087 4825 concilio
2123 4768 2251 4822 dum
2282 4766 2570 4821 Anselmus
2610 4779 2668 4819 se
2691 4774 3092 4834 prmsentassct,
3133 4775 3187 4820 et
3216 4779 3443 4835 persna-

1860 4877 1951 4916 sus
1984 4877 2011 4913 a
2045 4874 2183 4930 papa
2231 4857 2451 4915 Graecos
2484 4858 2536 4911 in
2581 4857 2930 4928 proccssione
2976 4857 3213 4927 Spiritus
3242 4856 3439 4920 sancti,

1862 4958 2047 5022 utpote
2075 4967 2235 5021 queui
2263 4966 2293 5004 a
2336 4950 2496 5004 Patre
2536 4961 2642 5003 non
2672 4963 2709 5004 -a
2739 4947 2876 5002 Filio
2897 4947 3200 5017 procedere
3231 4952 3442 4999 astrue-

1486 5088 1901 5169 llENSCllENll
1938 5050 2165 5145 Neri.

261 5169 361 5247 (ξρ)
400 5173 570 5247 llujus
596 5179 673 5233 rei
722 5187 884 5234 testes
930 5180 1142 5236 litteras
1175 5196 1432 5236 nanemus
1457 5198 1487 5235 ιι
1530 5183 1599 5237 cl.
1635 5184 1751 5238 viro

204 5234 542 5321 Pgﬁilvesti-n
584 5247 811 5318 Ayossa,
848 5234 1485 5321 presbyteroiCapuano;
1531 5234 1620 5321 qui
1658 5234 1747 5306 an.

205 5307 683 5391 liilllulcvotiuni's
712 5307 877 5373 causa
918 5323 982 5391 ad
1007 5307 1235 5389 "puteum
1274 5307 1419 5374 illttnt
1457 5307 1747 5391 proiectus,

204 5383 530 5459 eum_in_venit
559 5388 882 5454 profundum
908 5390 995 5457 5t},
1020 5383 1189 5444 latum
1216 5391 1248 5443 6
1270 5383 1506 5459 palmes;
1533 5383 1755 5446 hausta;

205 5463 295 5531 (pte
315 5452 432 5531 inde
458 5452 607 5531 aqua
626 5452 1160 5531 implevitvasculmn
1188 5471 1242 5514 et
1263 5452 1502 5531 Capuam
1526 5462 1746 5527 detulit;

206 5515 377 5599 deinde
404 5515 609 5599 mulieri
639 5515 886 5582 l'ebricnti
921 5532 1205 5599 potandam
1238 5515 1497 5598 deliget
1534 5515 1654 5585 cum

205 5589 750 5669 subitamsanitatetn.
789 5599 860 5651 Ex
893 5589 1079 5653 eadem
1109 5611 1325 5669 rogatus
1346 5589 1749 5657 cotnmuniCare

207 5654 384 5726 aliquid
408 5662 590 5730 juveni
622 5667 863 5730 Notario,
895 5654 1397 5736 Leonataloul’izzo,
1416 5654 1482 5725 de
1512 5674 1619 5727 vita
1649 5674 1747 5728 de-

208 5737 664 5809 speranti,_situilis
685 5738 906 5794 cﬂ'cctus
936 5741 1321 5809 experientiam
1356 5743 1568 5806 habuit;
1604 5745 1747 5798 vive-

208 5791 384 5868 batque
411 5791 583 5860 adhuc
601 5791 816 5881 juvenis
859 5791 1087 5865 illeharn.
1109 5791 1746 5885 Vl

1854 5177 2483 5256 cpistolafactnnrinse
2515 5176 2839 5256 miraculum
2862 5173 3179 5256 praedicans.
3214 5173 3440 5256 Duravit

1854 5245 1992 5320 aqua
2049 5250 2187 5320 illa,»
2218 5249 2444 5302 modicis
2488 5245 3234 5320 portiunculisdispensata,
3282 5245 3440 5299 annis

1852 5316 2073 5374 omnino
2124 5318 2299 5371 trilms
2348 5320 2555 5385 absque
2604 5316 3018 5384 corruptione:
3077 5327 3261 5384 postea
3313 5330 3445 5371 vero

1852 5391 2094 5460 ejusdem
2138 5387 2388 5441 Silvestri
2437 5389 2685 5448 hortatu,
2727 5387 2915 5439 doctor
2945 5387 3186 5460 medicus
3221 5386 3437 5460 cuidam

1853 5456 2100 5530 deposito
2121 5474 2268 5527 aegro
2295 5474 2361 5511 ex
2392 5459 2700 5530 ipsoputen
2727 5470 2922 5530 aquam
2953 5456 3207 5528 cutnﬂde
3237 5456 3436 5530 obtulit

1855 5524 1943 5584 an'.
1977 5531 2133 5591 l650,
2164 5524 2216 5581 et
2246 5524 2435 5582 sanum
2467 5525 2644 5592 subito
2667 5524 2816 5588 fecit,
2843 5542 2965 5580 cum
2992 5543 3087 5581 sua
3119 5524 3311 5592 magna
3337 5529 3440 5579 ad-

1855 5603 2165 5655 miratione.
2195 5597 2317 5652 ΙΙ.εο
2343 5597 2571 5676 Ayossa,
2605 5595 2913 5676 significans
2938 5606 3180 5676 castrum
3213 5595 3438 5676 Scia-vo-

1855 5687 1996 5732 rum,
2025 5686 2148 5723 esse
2174 5668 2227 5721 in
2255 5668 2504 5721 distrtetu
2534 5666 2794 5722 Calatiam
2824 5681 2918 5722 seu
2958 5666 3270 5732 Cajaceusis
3299 5666 3434 5719 civi-

1867 5742 2015 5806 latis,
2042 5738 2295 5793 distantis
2323 5753 2352 5791 a
2399 5733 2580 5807 Capua
2628 5738 2847 5795 circiter
2893 5752 2966 5793 ιι.
3014 5735 3076 5792 Ρ.
3131 5734 3199 5791 Μ.
3242 5750 3432 5794 versus

1864 5825 2149 5868 OI'ICIIIClll.
