4068 6286
538 359 641 415 103

1592 344 1651 397 S.
1692 337 1992 397 ANSELMI
2029 333 2381 392 CANI'UAR.
2421 328 2738 387 ARCUIEP.

3691 325 3794 382 104

537 474 686 536 bant,
718 477 988 533 errantes,
1021 466 1328 522 rationabili
1363 475 1528 534 atque
1563 462 1830 519 catholica
1861 461 2103 528 disputa—
2133 460 2178 514 Α
2208 456 2334 507 tiam
2385 463 2490 505 tam
2545 451 2596 504 in
2652 449 2818 503 laicos
2887 447 2980 516 qui
3026 443 3379 501 investituras
3431 441 3794 499 ecclesiarum

538 568 686 620 tione
715 563 1078 628 confutasset;
1121 563 1295 628 magni
1343 560 1482 628 apud
1527 571 1720 611 omnes
1759 555 1977 609 habitus
2005 560 2109 615 est,

538 669 592 712 et
631 658 979 712 veneratione
1015 655 1359 724 dignissimus
1388 651 1792 721 comprobatus.

608 752 697 804 48.
731 749 909 802 Finito
951 747 1197 808 concilio,
1235 745 1461 798 Romam
1494 758 1614 796 cum
1659 738 1953 809 apostolico
1984 751 2114 806 pro-

541 841 663 894 fecti
707 854 914 894 sumus.
960 835 1274 890 Transactis
1325 845 1506 888 autem
1551 831 1845 900 aliquantis
1901 828 2114 890 diebus,

542 934 686 985 venit
712 932 936 984 Romam
968 928 1275 982 Willelmus
1316 926 1425 988 ille,
1462 925 1615 993 cujus
1645 923 1698 975 in
1735 921 1882 974 exitu
1911 918 2116 986 Anglia:

543 1023 868 1075 n'ieutionem
902 1019 1151 1074 fecimus.
1202 1018 1252 1071 Is
1292 1019 1435 1070 inter
1463 1015 1565 1068 alia
1614 1015 1717 1068 hoc
1759 1011 1935 1065 effecit
1976 1010 2114 1078 apud

541 1112 914 1180 apostolicum,
945 1120 1005 1164 ut
1027 1109 1272 1163 inducias
1311 1106 1422 1176 regi
1453 1103 1656 1173 Anglire
1679 1106 1836 1156 daret
1858 1100 1924 1155 de
1952 1092 2114 1154 causa

538 1203 777 1256 Anselmi
811 1216 981 1271 usque
1021 1202 1087 1254 ad
1118 1201 1318 1253 festum
1366 1195 1538 1251 sancti
1578 1192 1857 1247 Michaelis
1884 1191 2117 1244 archan-

541 1292 665 1361 geli.
709 1292 859 1357 Quol
907 1290 1196 1344 Auselmus
1240 1300 1561 1358 agnoscens,
1611 1284 1760 1338 illico
1794 1283 2115 1351 Lugdunum

543 1384 722 1436 redire
765 1383 1006 1446 volebat;
1041 1380 1135 1435 sed
1185 1379 1492 1448 prohibitus
1520 1393 1548 1429 a
1581 1392 1716 1446 papa
1766 1384 1850 1429 est
1894 1385 2119 1445 propter

542 1474 847 1536 concilium,
877 1473 1017 1543 quod
1042 1488 1099 1527 se
1125 1472 1284 1526 tertia
1312 1468 1649 1530 hebdomoda
1677 1467 1903 1521 Pascha:
1932 1468 2116 1519 Romae

543 1565 849 1618 habiturum
894 1574 1182 1618 statuerat.
1219 1563 1414 1616 Morati
1467 1561 1650 1628 itaque
1698 1575 1886 1614 sumus
1936 1558 2119 1611 Romae

543 1657 712 1711 ferme
751 1671 847 1724 per
883 1657 1164 1710 dimidium
1195 1670 1416 1718 annum,
1449 1655 1707 1708 continue
1737 1653 1884 1705 circa
1925 1665 2118 1720 papam

545 1747 821 1816 degentes,
853 1755 907 1800 ct
936 1746 1088 1816 quasi
1139 1748 1191 1800 in
1235 1759 1521 1800 commune
1570 1743 1834 1796 viventes.
1890 1740 2039 1794 Unde
2065 1746 2119 1793 et

546 1838 660 1906 ipse
688 1852 825 1905 papa
854 1851 1240 1906 nonnunquam
1266 1837 1333 1890 ad
1362 1834 1677 1888 Anselmnm
1705 1833 1976 1899 veniebat,
2004 1831 2122 1884 lzete

542 1944 665 1983 cum
687 1943 750 1982 eo
776 1943 896 1983 sese
928 1929 1156 1999 agendo,
1185 1936 1239 1982 et
1261 1928 1470 1982 curiam
1497 1927 1547 1981 ei
1582 1924 1848 1980 faciendo.
1881 1923 2037 1977 Dedit
2073 1921 2121 1975 ci

543 2034 760 2086 quoque
807 2019 1100 2087 hospitium
1161 2018 1215 2071 in
1257 2033 1364 2087 quo
1400 2015 1859 2070 conversabamur
1889 2029 1953 2069 eo
1977 2013 2121 2081 jure,

545 2118 602 2167 ut
646 2110 690 2163 si
720 2109 1008 2178 aliquando
1051 2109 1279 2163 Romam
1318 2109 1543 2172 rediret,
1577 2116 1767 2163 contra
1795 2121 1984 2160 omnes
2030 2106 2126 2159 lio-

545 2202 720 2254 mines
763 2199 892 2254 illud
936 2201 1039 2254 sibi
1084 2201 1401 2255 vindicaret.
1431 2199 1550 2268 Ipse
1590 2199 1644 2253 in
1678 2209 1944 2253 conventu
1975 2197 2128 2250 nobi-

547 2290 704 2355 limn,
748 2290 798 2344 in
839 2291 1296 2359 processionibus,
1339 2291 1395 2344 in
1439 2289 1787 2350 stationibus,
1834 2301 2048 2355 semper
2072 2295 2128 2340 et

548 2381 746 2450 ubique
775 2398 802 2435 a
837 2398 974 2452 papa
1020 2382 1290 2436 secundus
1317 2391 1455 2448 erat,
1497 2397 1608 2451 prae
1636 2381 1854 2435 cunctis
1899 2381 2131 2434 honora-

551 2482 664 2537 tus,
710 2475 921 2528 cunctis
950 2483 1230 2544 acceptus,
1257 2483 1308 2528 et
1345 2475 1459 2544 ipse
1485 2474 1740 2528 omnibus
1763 2473 1993 2542 simplici
2029 2473 2130 2526 hu-

550 2566 782 2621 militate
811 2567 1132 2621 submissus.
1169 2567 1440 2620 Praeterea
1469 2565 1628 2634 Angli
1657 2563 1762 2618 illis
1792 2563 2128 2632 temporibus

550 2653 780 2708 Romam
821 2657 1120 2722 venientes,
1149 2655 1316 2724 pedes
1355 2652 1473 2722 ejus
1498 2654 1563 2706 ad
1596 2653 1768 2707 instar
1797 2653 1993 2721 pedum
2023 2651 2131 2707 Ro-

551 2747 692 2799 mani
719 2745 991 2814 pontificis
1013 2762 1110 2801 sua
1136 2747 1412 2802 oblatione
1433 2746 1702 2801 honorare
1723 2745 2127 2799 desiderabant.

549 2832 759 2899 Quibus
783 2834 874 2888 ille
894 2848 1244 2904 nequaquam
1281 2833 1658 2902 acquiescens,
1688 2831 1741 2883 in
1771 2831 2132 2885 secretiorem

553 2924 748 2980 domus
775 2935 985 2994 partem
1010 2923 1268 2991 fugiebat,
1295 2933 1349 2977 et
1375 2939 1469 2978 eos
1494 2937 1592 2993 pro
1618 2921 1709 2976 tali
1754 2937 1814 2976 re
1857 2922 2005 2978 nullo
2033 2939 2132 2993 pa-

557 3013 796 3068 tiebatur
842 3014 908 3069 ad
957 3029 1016 3069 se
1046 3022 1206 3083 pacto
1235 3014 1518 3069 accedere.
1550 3013 1702 3079 Quod
1743 3014 1834 3068 ubi
1870 3029 2020 3085 papa:
2050 3029 2136 3068 re—

556 3101 724 3156 latum
753 3112 857 3168 est,
883 3103 1185 3158 admiratus
1223 3103 1276 3157 in
1326 3103 1545 3157 homine
1591 3103 1946 3158 humilitatem
1977 3119 2129 3158 mun-

557 3195 718 3261 dique
761 3204 1147 3265 contemptum,
1187 3193 1354 3262 jussit
1399 3209 1518 3249 sese
1569 3195 1621 3248 in
1674 3210 1733 3249 se
1773 3194 1998 3263 [αιηοίιι
2042 3196 2131 3268 eo]

558 3296 761 3352 tenere,
808 3297 864 3342 et
901 3287 1104 3341 nullmn
1151 3287 1473 3342 benefacere
1505 3287 1644 3340 ultra
1684 3287 1952 3341 volentem
2001 3302 2131 3356 pro-

557 3380 765 3446 bibere,
806 3381 900 3434 sed
936 3393 1128 3434 omnes
1169 3392 1270 3446 pro
1303 3377 1396 3431 tali
1445 3392 1609 3432 causa
1641 3377 2001 3433 adventantes
2037 3395 2132 3447 pa-

560 3470 757 3524 tienter
803 3471 1114 3526 admittere.
1167 3471 1361 3525 Atille
1409 3473 1653 3527 modesta
1699 3473 1932 3542 quadam
1985 3489 2141 3528 vere‘

560 3562 756 3616 cundia
787 3573 942 3617 actus
990 3562 1125 3634 [al.,
1163 3562 1352 3634 ictus],
1389 3563 1540 3632 jussa
1570 3563 1814 3633 profecto
1855 3574 2144 3634 postpone-

563 3664 681 3719 ret,
738 3655 785 3710 si
851 3671 958 3710 non
1018 3653 1397 3710 iuobedientia:
1451 3670 1602 3710 ntevo
1651 3657 1929 3727 corrumpi
1987 3657 2144 3712 time-

562 3756 665 3800 ret.

631 3833 720 3888 49.
749 3833 888 3900 Quid
921 3831 1149 3888 referam
1187 3833 1474 3888 nonnullos
1504 3834 1650 3888 cives
1682 3833 1876 3898 Urbis,
1905 3850 2140 3904 quorum

564 3924 755 3994 ingens
804 3923 1088 3977 multitudo
1138 3931 1358 3991 propter
1411 3923 1725 3977 fidelitatem
1796 3924 2145 3992 imperatoris

565 4016 664 4085 ipsi
703 4031 854 4085 papae
885 4023 1002 4068 erat
1033 4014 1254 4078 infesta,
1304 4029 1692 4082 nonnunquam
1719 4012 1772 4067 in
1819 4029 1983 4067 unum
2015 4028 2144 4067 con-

563 4106 830 4174 globatos,
849 4105 1164 4160 Anselmum
1187 4121 1216 4159 a
1241 4104 1524 4159 Lateranis
1547 4105 1612 4158 ad
1637 4104 1898 4158 Sanctum
1919 4103 2141 4159 Petrum

564 4206 784 4250 euntem
829 4213 950 4250 cum
993 4198 1104 4250 suis
1151 4207 1372 4265 propter
1401 4197 1582 4252 odium
1617 4213 1767 4266 papa:
1809 4212 2008 4265 capere
2050 4213 2147 4251 vo-

566 4286 760 4349 lentes,
807 4285 901 4339 sed
951 4301 1073 4337 mox
1115 4286 1229 4338 viso
1273 4286 1422 4339 vultu
1466 4285 1583 4352 ejus
1622 4289 1846 4339 territos
1888 4286 2146 4355 projectis

567 4375 735 4430 armis
780 4383 938 4427 terra:
971 4373 1351 4443 procumbere,
1387 4384 1444 4428 et
1480 4388 1540 4428 se
1577 4373 1722 4428 illius
1761 4376 2142 4430 benedictione

2215 543 2368 605 dant,
2397 555 2560 609 quam
2593 538 2650 592 in
2674 552 2768 592 eos
2809 536 2900 604 qui
2929 535 2995 589 de
3019 535 3272 589 manibus
3295 546 3484 586 eorum
3518 531 3640 586 illas
3670 546 3792 586 sus-

2215 605 2444 700 eipiuut,
2492 645 2615 684 cum
2663 636 2777 682 toto
2825 625 3060 680 concilio
3107 639 3245 694 papa
3297 622 3536 678 intorsit.
3592 605 3796 675 Eadem

2215 723 2483 778 sententia
2513 734 2731 790 quoque
2765 717 3045 772 damnavit
3080 726 3136 770 et
3173 729 3269 769 eos
3300 713 3395 783 qui
3439 713 3493 767 in
3550 711 3793 766 officium

2216 817 2294 870 sic
2321 813 2503 881 adepti
2539 810 2763 865 honoris
2795 809 3032 876 aliquem
3057 813 3296 859 sacrant.

2234 937 2239 941 «
2284 904 2373 957 50.
2412 901 2602 956 Soluto
2642 907 2936 960 conventu,
2986 903 3208 963 accepta
3238 893 3486 957 licentia,
3511 892 3686 948 Roma
3718 890 3801 946 di-

2217 994 2514 1064 gredimnr.
2569 990 2662 1046 Via
2696 1004 2824 1044 vero
2860 987 3118 1043 redeundi
3161 985 3348 1043 multis
3377 994 3498 1040 erat
3542 981 3800 1055 periculis

2216 1084 2479 1146 obnoxia,
2543 1082 2640 1136 sed
2713 1087 3032 1149 protegente
3097 1092 3200 1132 nos
3263 1076 3496 1131 Domino
3557 1075 3802 1145 pericula

2218 1183 2413 1230 cuncta
2454 1171 2746 1236 evasimus,
2778 1184 2841 1223 ac
2885 1167 3202 1238 Lugdunum
3231 1165 3381 1220 illaesi
3427 1164 3800 1234 pervenimus.

2221 1266 2322 1322 Ubi
2371 1277 2583 1319 summo
2609 1276 2734 1316 cum
2780 1260 2986 1314 honore
3028 1256 3336 1326 gaudioque
3377 1254 3639 1323 suscepti,
3683 1265 3742 1308 et
3771 1270 3802 1307 a

2219 1343 2474 1428 pontifice
2530 1351 2768 1406 civitatis
2810 1347 3110 1404 venerabili
3167 1345 3379 1400 scilicet
3425 1343 3651 1414 llugone
3701 1341 3800 1413 [αι.

2221 1449 2366 1500 omit.
2383 1461 2434 1498 v.
2453 1457 2504 1500 ‘s.
2523 1440 2613 1514 l'l.]
2627 1439 2850 1506 detenti,
2866 1437 3202 1492 mansionem
3225 1443 3467 1489 nostram
3491 1433 3598 1486 illic
3619 1431 3806 1486 firma-

2221 1537 2396 1590 vimus
2425 1535 2625 1589 amissa
2648 1531 2795 1586 omni
2841 1527 3060 1595 fiducia,
3092 1527 3309 1581 vivente
3350 1539 3476 1594 rege
3508 1522 3802 1586 Willelmo,

2220 1627 2466 1699 Angliam
2491 1623 2787 1680 remeandi.
2819 1621 3109 1676 Hahitatus
3137 1626 3374 1686 estergo
3399 1616 3471 1670 ibi
3505 1613 3806 1669 Ansclmus

2224 1737 2330 1775 non
2367 1719 2504 1774 sicut
2531 1719 2725 1786 hospes
2750 1723 2843 1768 aut
2884 1713 3246 1784 peregrimus,
3272 1709 3366 1766 sed
3392 1723 3518 1764 vere
3546 1707 3694 1762 sicut
3723 1707 3808 1759 in-

2151 1810 2196 1869 Β
2225 1816 2417 1883 digcna
2447 1822 2501 1866 et
2533 1809 2637 1864 loci
2669 1808 2942 1862 dominus.
2994 1805 3146 1862 Unde
3190 1817 3456 1871 nusquam
3490 1800 3604 1868 ipse
3636 1798 3808 1868 ipsius

2225 1908 2375 1962 urbis
2421 1906 2648 1959 antistes
2691 1917 2758 1957 eo
2789 1906 3058 1971 prsesente
3097 1911 3194 1952 suo
3225 1893 3439 1949 volebat
3467 1892 3588 1946 loco
3617 1891 3811 1957 praesi—

2227 2001 2374 2066 dere,
2403 1999 2494 2053 sed
2522 1995 2847 2067 pnesidente
2879 1990 3079 2060 ubique
3112 1985 3389 2052 Anselmo,
3417 1983 3505 2038 ille
3541 1982 3680 2036 mira
3706 1981 3809 2034 hu-

2227 2091 2456 2146 militate
2488 2098 2543 2142 et
2577 2088 2863 2142 honestate
2896 2081 3173 2153 praeditus,
3214 2077 3510 2142 inferioris,
3552 2083 3608 2128 et
3649 2073 3810 2141 quasi

2228 2181 2555 2252 suifraganci
2599 2180 2717 2234 loco
2745 2175 2906 2232 simul
2935 2183 2992 2229 et
3031 2172 3209 2228 oﬂicio
3239 2169 3585 2240 fungebatur.
3631 2165 3812 2234 Super

2229 2277 2345 2331 haec
2396 2284 2454 2328 ut
2499 2270 2804 2342 cpisc0pale
2838 2266 3069 2324 officium
3122 2279 3217 2334 per
3271 2271 3440 2317 totam
3492 2259 3811 2330 parochiam

2231 2380 2382 2421 suam
2410 2379 2508 2434 pro
2544 2361 2679 2417 velle
2721 2365 3025 2420 exerceret,
3057 2357 3111 2410 in
3152 2353 3432 2408 voluntate
3477 2347 3596 2417 ejus
3629 2363 3696 2402 ac
3723 2347 3816 2401 de-

2231 2456 2554 2511 liberatione
2603 2450 2909 2508 constituit.
2956 2447 3113 2514 Quod
3167 2443 3257 2498 tibi
3309 2457 3406 2511 per
3456 2439 3575 2494 loca
3636 2438 3814 2492 vicina
3897 2467 3900 2470 ~

2232 2545 2487 2612 innotuit,
2520 2542 2663 2597 illico
2684 2541 2938 2610 frequens
2966 2534 3285 2607 populorum
3309 2543 3609 2586 concursus
3634 2527 3815 2581 factus

2232 2647 2335 2705 est,
2370 2637 2676 2690 unctionem
2725 2630 2865 2684 sacri
2911 2624 3222 2682 chrismatis
3265 2637 3362 2693 per
3408 2617 3816 2688 impositiouem

2233 2742 2426 2782 manus
2452 2725 2597 2780 illius
2625 2719 2964 2791 poscentium
2993 2716 3098 2772 sibi
3127 2711 3384 2768 conferri.
3409 2711 3480 2764 At
3505 2709 3594 2764 ille
3623 2721 3819 2764 omnes

2234 2821 2302 2874 ad
2352 2818 2584 2890 gratiam
2634 2813 2804 2884 ipsius
2851 2807 3180 2866 sacramenti
3227 2803 3575 2867 admittebat,
3629 2801 3708 2856 ita
3760 2809 3823 2854 ut

2235 2913 2532 2983 smpissime
2573 2909 2627 2964 in
2671 2907 2774 2962 hoc
2823 2913 2967 2959 totus
3011 2900 3130 2956 dies
3172 2897 3594 2968 expenderetu‘r,
3629 2902 3687 2948 et
3717 2907 3820 2947 nos

2236 3005 2327 3076 qui
2357 3003 2408 3059 ei
2434 2998 2880 3057 ministrabamus
2910 2991 3062 3064 gravi
3105 2989 3264 3044 taedio
3297 2987 3660 3050 afﬁcerentur,
3702 2983 3822 3053 ipso

2237 3071 2450 3164 semper
2487 3086 2728 3158 jucunde
2775 3091 2832 3138 et
2880 3080 3040 3136 hilari
3089 3077 3240 3132 vultu
3290 3077 3585 3131 existente.
3633 3071 3830 3128 Crevit

2239 3163 2419 3240 autem
2449 3197 2515 3238 ex
2545 3181 2648 3235 hoc
2685 3180 2738 3233 in
2775 3191 2900 3230 eum
2936 3171 3074 3226 mira
3115 3167 3361 3238 qtuedam
3403 3178 3456 3222 et
3485 3163 3825 3220 incredibilis

2241 3277 2454 3334 dilectio
2496 3273 2762 3336 omnium,
2794 3277 2850 3324 et
2892 3264 3109 3322 bonitas
3151 3258 3269 3329 ejus
3311 3257 3696 3328 divulgahatur
3727 3269 3826 3324 per

2209 3399 2212 3402 ~
2241 3368 2551 3425 circuitum.

2312 3461 2402 3514 51.
2453 3459 2618 3528 Igitur
2667 3453 2756 3523 qui
2806 3449 2912 3505 illis
2959 3446 3152 3502 diebus
3195 3447 3389 3500 saltem
3441 3439 3703 3509 reliquias
3755 3437 3824 3493 de

2244 3563 2433 3605 mensa
2461 3548 2603 3601 illius
2645 3550 2857 3614 poterat
2887 3539 3113 3603 habere,
3153 3540 3345 3589 contra
3373 3531 3555 3586 omnia
3583 3529 3830 3599 pericula

2244 3653 2301 3698 et
2326 3639 2673 3697 infirmitates
2705 3649 2764 3689 se
2794 3628 3076 3688 salutifera
3118 3626 3376 3682 credebat
3422 3623 3708 3678 medecina
3747 3621 3828 3674 di-

2245 3746 2435 3792 tatum.
2467 3733 2575 3787 Nec
2603 3732 2702 3786 ista
2739 3728 2871 3783 fides
2895 3711 3117 3781 fallebat
3154 3736 3270 3776 eos.
3312 3717 3447 3773 Nam
3475 3731 3668 3771 revera
3693 3730 3832 3769 non-

2249 3828 2424 3882 nullos
2455 3824 2697 3879 febribus
2728 3828 2928 3887 tentes,
2961 3826 3015 3872 et
3037 3813 3364 3886 quibusdam
3391 3808 3510 3862 aliis
3536 3806 3830 3860 infirmita-

2251 3921 2392 3974 tibus
2421 3930 2656 3988 pressos,
2703 3927 2828 3966 mox
2854 3909 3082 3978 sumptis
3127 3906 3371 3960 ciborum
3403 3899 3521 3968 ejus
3559 3898 3832 3967 reliquiis,

2248 4010 2497 4064 novimus
2527 4005 2749 4073 integra:
2770 3999 2993 4066 sanitati
3024 3996 3319 4052 restitutos.
3355 3988 3597 4056 Exempli
3629 3988 3831 4057 gratia,

2248 4100 2510 4156 festivitas
2585 4094 2729 4149 beati
2804 4087 3041 4144 Mani-itii
3121 4086 3230 4156 (51)
3290 4081 3522 4136 celebris
3601 4077 3835 4132 habetur

2252 4194 2489 4246 Viennae.
2533 4188 2772 4258 Rogatus
2807 4183 2992 4248 itaque
3032 4175 3321 4232 Anselmus
3361 4189 3390 4226 a
3430 4170 3680 4224 Guidone
3712 4169 3832 4238 (5-3)

2250 4285 2420 4356 ipsius
2450 4281 2600 4336 urbis
2628 4277 3057 4345 archiepiscopo,
3096 4271 3150 4324 in
3183 4269 3298 4337 ipsa
3338 4263 3642 4318 festivitate
3683 4260 3838 4312 venit

2249 4351 2333 4429 eo.
2381 4374 2446 4426 Et
2491 4371 2766 4425 celebrato
2811 4364 3039 4420 solemni
3087 4360 3267 4414 missae
3315 4370 3381 4408 ac
3430 4351 3838 4424 praedicationis

571 4468 862 4534 deposcere
899 4464 1185 4533 insigniri?
1217 4463 1283 4517 Hi
1324 4467 1578 4528 honores,
1623 4474 1678 4518 et
1707 4467 1898 4520 horum
1944 4468 2148 4524 similes
2178 4492 2225 4549 υ
2251 4467 2451 4530 ollicio,
2483 4477 2603 4518 cum
2651 4462 2717 4515 ad
2767 4458 3119 4514 refectionem
3167 4450 3413 4519 corporis
3442 4447 3694 4510 sedisset,
3744 4460 3840 4498 ve-

569 4555 712 4624 vulgi
735 4555 946 4608 favores
973 4555 1120 4608 illum
1150 4554 1347 4623 ubique
1367 4554 1790 4621 comitabantur,
1813 4559 1939 4627 quia
1969 4574 2149 4614 mores

571 4647 654 4700 sui
699 4647 751 4699 in
782 4646 992 4700 cunctis
1029 4646 1140 4700 Deo
1172 4647 1592 4704 famulabantur.
1631 4649 1771 4705 Hinc
1807 4651 1971 4704 etiam
2009 4659 2145 4716 erat,

572 4737 714 4807 quod
751 4751 856 4791 non
885 4736 1042 4791 facile
1064 4753 1094 4791 a
1117 4753 1390 4807 quoquam
1421 4741 1604 4794 Romae
1632 4741 1954 4810 simpliciter
1988 4743 2149 4796 homo

571 4829 655 4886 vel
681 4827 1142 4896 archiepiscopus,
1192 4829 1288 4883 sed
1318 4831 1474 4897 quasi
1506 4832 1726 4900 proprio
1758 4831 1980 4886 nomine
2022 4847 2137 4885 san-

573 4929 692 4976 ctus
733 4918 896 4973 homo
934 4919 1246 4974 v0cabatur.
1287 4918 1606 4989 Quicunque
1654 4922 1818 4990 igitur
1852 4921 1900 4975 ci
1945 4921 2148 4976 servic-

573 5010 785 5071 bamus,
823 5007 996 5061 amori
1036 5016 1090 5062 et
1119 5007 1312 5065 honori
1342 5011 1552 5064 cunctis
1593 5028 1827 5066 eramus.
1859 5013 1994 5066 Cum
2021 5027 2149 5066 vero

578 5099 674 5170 [αι.
699 5140 712 5163 ,
745 5098 897 5171 ergo]
949 5099 1018 5153 ad
1065 5097 1349 5168 praefatum
1397 5101 1686 5154 concilium
1725 5111 1940 5156 ventum
1981 5111 2148 5168 esset,

577 5201 631 5247 ct
649 5189 762 5259 jam
786 5209 903 5261 qua:
930 5191 1218 5246 recidenda
1245 5191 1440 5258 recisa,
1471 5201 1526 5247 et
1553 5208 1670 5260 quae
1692 5195 1980 5247 statuenda
2005 5196 2152 5248 vidc-

577 5286 775 5342 bantur
803 5295 1001 5339 statuta
1037 5285 1286 5350 fuissent,
1323 5286 1906 5340 exconnnuuicationis
1933 5297 2152 5341 senten-

2253 4567 2448 4615 nerunt
2479 4564 2602 4609 ante
2634 4553 2781 4608 illum
2814 4549 3016 4604 milites
3057 4548 3184 4611 duo,
3216 4557 3347 4597 voce
3395 4549 3449 4595 et
3477 4537 3626 4592 vultu
3659 4551 3840 4606 regre-

2255 4650 2471 4704 talionis
2509 4643 2813 4700 molestiam
2863 4655 2967 4710 qua
3019 4635 3405 4707 premebantur
3454 4628 3839 4699 praeferentes,

2255 4749 2506 4809 rogantes
2534 4746 2803 4804 quatenus
2839 4732 2906 4786 de
2949 4728 3105 4783 micis
3135 4723 3216 4780 sui
3265 4723 3420 4792 panis
3465 4720 3547 4774 eis
3577 4719 3711 4773 dare
3759 4719 3843 4773 di-

2255 4839 2534 4903 gnaretur.
2585 4827 2657 4881 At
2691 4825 2820 4880 ille:
2867 4840 2884 4873 ι
2920 4820 3298 4888 Nequaquam,
3330 4812 3533 4882 inquit;
3563 4825 3663 4864 nec
3688 4811 3840 4864 enim

2257 4939 2394 4993 pane
2426 4923 2635 4991 integro
2676 4917 2874 4972 nedum
2926 4911 3080 4965 micis
3109 4922 3204 4963 vos
3247 4907 3488 4977 indigere
3532 4904 3842 4972 conspicio.

2255 5016 2360 5070 Sed
2405 5015 2448 5068 si
2494 5011 2778 5068 comedere
2827 5006 2978 5062 vobis
3026 5001 3224 5072 placet,
3271 4998 3483 5068 amplus
3532 4997 3685 5051 locus
3731 5004 3843 5059 est,

2256 5109 2461 5167 sedete.
2508 5114 2716 5159 etcum
2756 5098 3133 5156 benedictione
3179 5093 3273 5148 Dei
3304 5109 3423 5163 qua:
3469 5091 3626 5146 vobis
3674 5104 3848 5161 appo-

2257 5208 2455 5252 ncutur
2505 5193 2792 5250 comedite.
2824 5211 2842 5244 ›
2899 5189 3317 5259 Responderunt
3346 5199 3404 5238 se
3449 5197 3548 5252 pro
3577 5182 3680 5236 hoc
3733 5195 3852 5236 non

2257 5289 2490 5343 venisse.
2521 5305 2538 5337 ι
2575 5284 2681 5340 Nec
2702 5299 2822 5354 ego,
2857 5283 2953 5348 ait,
2987 5279 3141 5334 vobis
3163 5277 3306 5330 aliud
3331 5273 3546 5328 faciam.
3577 5291 3594 5321 ι
3624 5269 3855 5325 [nte-lle.

1876 5377 2282 5436 HENSCHENII
2337 5379 2564 5435 NOTAE.

655 5472 767 5542 (31)
810 5470 1184 5542 S.’7Mauritius
1227 5470 1562 5542 Agaunensis
1604 5467 2039 5542 colitnribidetu
2077 5471 2158 5525 bis

582 5539 808 5598 solemni
843 5541 1038 5606 cilicio,
1071 5539 1378 5596 scilicet'Qi
1406 5541 1739 5611 Septembris
1767 5539 1852 5590 die
1882 5539 2062 5611 natali,
2104 5552 2158 5595 et

585 5614 780 5667 iterum
824 5612 894 5665 ‘26
940 5611 1206 5675 Octobris,
1247 5622 1300 5664 et
1341 5609 1536 5665 dicitur
1574 5610 1612 5662 ft
1629 5620 1771 5662 stum
1814 5609 2158 5664 revelationis

587 5685 644 5736 S.
719 5683 948 5735 Mattrilii
1008 5693 1059 5735 et
1109 5685 1399 5742 sociorum,
1473 5681 1686 5748 quando
1752 5694 1904 5731 sacra
1956 5696 2155 5748 eorum

587 5766 814 5826 Corpora
837 5771 900 5808 co
930 5754 1145 5808 fuerunt.
1173 5753 1365 5815 delata,
1399 5761 1450 5805 ct
1481 5751 1593 5804 lucc
1640 5749 1924 5803 Festivitas
1954 5747 2038 5803 hic
2080 5753 2160 5804 vi-

2263 5475 2418 5526 detur
2449 5470 2674 5525 indicari
2701 5486 2715 5534 ;
2747 5477 2937 5538 estque
2964 5466 3036 5520 illi
3068 5462 3298 5518 ecclesia
3328 5455 3661 5514 calbedralis
3694 5454 3859 5509 dedi-

2281 5554 2362 5582 ιλ..

2263 5561 2402 5596 Οιὶῑζὶ.

2338 5613 2447 5682 (5‘2)
2489 5610 2662 5665 Guido
2717 5605 3056 5682 Viennensis
3088 5601 3530 5682 archiepiscopus
3557 5637 3573 5663 ,
3615 5606 3859 5682 creatus

2265 5668 2351 5737 an.
2391 5668 2540 5748 1083,
2573 5683 2745 5735 factus
2770 5691 2849 5735 est
2877 5677 3118 5747 pontifex
3151 5668 3290 5727 lll‘J
3335 5671 3581 5726 Calixtns
3615 5668 3673 5720 ll
