4068 6286
173 336 260 396 105

1135 323 1296 380 νιτΑ
1324 321 1649 379 AUCTORE
1679 298 2142 410 montano:
2165 320 2292 377 LIB.
2338 318 2403 376 II.

3276 300 3400 382 'tos

173 449 309 499 xerat
333 437 468 494 enim
498 452 606 508 quo
635 437 998 492 intenderent.
1046 436 1197 493 Unus
1238 453 1368 511 ergo
1405 455 1468 494 ex
1510 440 1594 493 his
1623 437 1714 508 qni
1747 437 1790 494 Α
1819 434 2038 499 struxit,
2075 441 2130 489 et
2154 433 2472 490 familiarem
2503 433 2606 490 sibi
2638 431 2886 489 effectum
2931 437 3246 493 correctiori
3279 439 3406 494 vitae

174 532 218 588 in
268 528 373 594 ejus
423 527 614 583 dextra
675 527 936 582 sedebant
991 527 1303 599 intelligens
1357 529 1476 582 illos
1528 527 1723 582 salutis

171 618 374 693 propriae
418 631 604 672 curam
639 616 860 678 habere,
906 625 961 670 et
992 617 1166 670 virum
1197 617 1250 670 in
1285 618 1388 672 huc
1413 617 1547 671 nihil
1580 617 1726 686 quod

173 706 403 766 miraculo
451 715 637 776 posset
678 706 878 761 ascribi
913 706 1050 762 velle
1102 707 1302 774 facere,
1347 710 1499 778 quasi
1535 723 1724 762 eorum

173 801 553 872 importunitate
609 811 904 871 pertaesus,
968 809 1186 872 arrepta
1244 803 1476 872 desuper
1539 816 1724 855 mensa

171 893 442 964 fragmenta
483 893 715 962 prmbnit
753 893 855 959 eis,
886 902 940 948 et
987 909 1056 949 ne
1102 894 1378 948 hominem
1433 894 1729 966 fatigarent

169 985 397 1038 secedere
438 985 666 1037 monuit.
718 983 820 1051 Qui
872 985 1054 1040 statim
1106 993 1166 1040 ut
1207 987 1402 1041 exinde
1455 987 1722 1041 modicmn

166 1083 493 1147 gnstaverunt
512 1092 634 1130 eum
664 1077 1040 1132 benedictione
1067 1079 1166 1132 viri
1194 1078 1396 1148 egressi
1429 1087 1572 1132 sunt.
1598 1077 1727 1132 Post

165 1181 384 1222 mensam
414 1166 469 1220 in
501 1167 854 1220 secretiorem
887 1168 1065 1221 locum
1091 1184 1175 1222 me
1207 1168 1463 1233 tulerunt,
1495 1183 1725 1238 magno-

164 1271 276 1326 pere
301 1255 640 1324 postulantes
683 1265 956 1325 quatenus
1002 1253 1171 1323 adjuti
1217 1272 1336 1310 mea
1361 1272 1463 1326 ope
1485 1257 1553 1310 ad
1593 1256 1728 1310 mis-

161 1361 261 1402 sam
291 1346 464 1401 Patris
514 1354 856 1401 mererentur
897 1347 965 1400 de
1010 1362 1172 1401 manu
1219 1346 1337 1415 ejus
1379 1346 1728 1401 Dominieum

160 1455 336 1510 corpus
366 1452 421 1496 et
452 1440 772 1512 sanguinem
824 1456 1063 1496 sumere.
1114 1443 1262 1510 Quos
1313 1459 1438 1498 cum
1492 1442 1728 1498 libenter

163 1530 434 1599 audissem,
481 1539 536 1586 et
563 1531 804 1601 quando,
835 1547 1012 1603 quove
1045 1532 1264 1604 inloco
1318 1533 1372 1587 id
1420 1533 1576 1587 fieret
1601 1534 1730 1586 edo-

161 1619 393 1685 cuissem,
427 1620 666 1690 gratiosa
715 1635 848 1675 voce
886 1621 1324 1690 responderunt:
1371 1619 1439 1675 Et
1470 1636 1569 1676 nos
1602 1619 1726 1689 qui-

167 1711 272 1764 dem
301 1711 448 1766 onmi
499 1712 854 1767 excusatione
899 1722 1126 1779 semota,
1159 1713 1301 1768 sicut
1332 1713 1490 1775 dit-is,
1538 1713 1728 1767 venie-

163 1813 286 1867 mus,
315 1800 360 1855 si
390 1801 493 1856 hac
525 1801 828 1868 medecina,
853 1818 1014 1873 qnam
1047 1820 1190 1859 nunc
1237 1805 1304 1860 de
1334 1821 1520 1858 mensa
1563 1804 1731 1874 ipsius

161 1879 483 1959 suscepimus
523 1909 552 1947 a
579 1896 884 1964 quartanis,
930 1905 986 1950 et
1019 1897 1318 1952 mortiferis
1367 1896 1633 1964 febribus,
1666 1913 1730 1952 ac

163 1981 528 2038 intestinorum
579 1986 932 2054 tortionibus,
981 1989 1182 2056 quibus
1230 1988 1558 2044 intolerabili
1600 2006 1727 2044 crn-

160 2071 284 2125 ciatu
333 2076 713 2144 coneutimur,
764 2077 980 2132 liberati
1029 2094 1135 2132 non
1187 2079 1472 2135 fuerimus.
1519 2081 1585 2136 Et
1627 2083 1729 2136 hoc

158 2165 246 2219 erit
280 2165 494 2238 signum
542 2167 638 2240 [ιιι.
664 2210 678 2236 ,
717 2168 880 2242 signi]
915 2169 1054 2224 inter
1103 2186 1202 2226 nos
1232 2181 1286 2226 et
1342 2181 1416 2238 te,
1465 2176 1727 2242 quoniam

158 2257 192 2308 si
219 2259 680 2324 convaluerimus,
713 2276 821 2314 non
850 2262 1128 2318 veniemus
1155 2277 1170 2314 :
1214 2265 1496 2318 veniemus
1526 2266 1571 2318 si
1621 2281 1726 2319 non

157 2349 535 2404 convaluimus.
582 2351 844 2420 Adquievl
877 2352 1021 2404 dicto
1051 2351 1149 2422 [αι.
1172 2392 1188 2417 ,
1222 2354 1418 2421 quibus
1461 2354 1646 2427 dictis]
1678 2365 1732 2408 et

162 2441 211 2495 ad
243 2442 480 2497 invicem
514 2443 672 2498 divisi
705 2458 912 2498 sumus.
947 2442 1061 2498 Non
1113 2454 1401 2510 venerunt,
1435 2446 1562 2514 quia
1595 2447 1735 2500 sicut

160 2535 319 2604 accepi
355 2535 428 2588 ab
473 2536 553 2591 eis
593 2536 685 2604 qni
731 2546 1021 2606 utrumque
1071 2546 1339 2591 noverunt
1382 2551 1446 2591 co
1495 2537 1636 2606 quod
1670 2538 1736 2592 de

163 2639 320 2676 mensa
353 2633 681 2692 acceperant
727 2624 794 2677 ad
829 2625 1045 2694 plenum
1095 2625 1187 2678 Dei
1221 2625 1396 2696 gratia
1441 2625 1737 2681 conVaIue-

165 2730 290 2772 runt.
318 2719 472 2786 Quod
502 2719 721 2788 quidem
767 2723 810 2774 si
842 2720 914 2774 ita
947 2736 1050 2774 non
1097 2719 1316 2783 fuisset,
1378 2722 1736 2790 quemadmo-

165 2805 273 2862 dmn
325 2810 445 2865 illos
513 2811 834 2865 infirmitate
897 2823 1153 2882 gravatos
1213 2812 1439 2866 sanitati
1500 2814 1738 2868 voluisse

167 2899 357 2954 restitui
391 2902 654 2957 credibile
685 2912 800 2968 est;
835 2901 907 2956 ita
938 2917 1033 2956 eos
1069 2903 1138 2956 ab
1180 2903 1535 2971 requisitione
1578 2903 1736 2958 istius

167 2993 463 3058 posterioris
514 2993 796 3050 medicina:
840 2995 1203 3066 supersedere
1243 2994 1483 3051 noluisse
1511 2995 1734 3050 dubium

169 3095 258 3136 non
285 3093 380 3139 est.

226 3178 496 3271 δέξϐοἷιὸ
539 3213 734 3269 nempe
772 3199 1036 3255 tenebant
1067 3199 1168 3254 ista
1201 3213 1280 3265 se,
1319 3200 1451 3270 quin
1479 3199 1738 3254 conVaIe-

171 3299 364 3344 scerent
419 3289 538 3344 falli
592 3305 698 3344 non
753 3304 936 3361 posse,
999 3290 1237 3344 scientes
1290 3291 1578 3360 quemdam
1631 3305 1738 3344 non

173 3373 318 3446 ignoti
347 3380 591 3435 nominis
611 3380 795 3434 virum
819 3394 884 3434 eo
915 3379 1034 3434 solo
1061 3381 1204 3449 quod
1229 3395 1325 3450 spe
1352 3379 1738 3449 recuperandae

172 3467 395 3541 sanitatis
434 3470 621 3525 missa:
665 3470 809 3524 illius
840 3468 1106 3532 interfuit,
1139 3486 1168 3524 a
1206 3469 1324 3539 pari
1373 3478 1500 3524 tunc
1529 3470 1742 3523 noviter

174 3553 517 3614 invaletudine
550 3559 916 3614 convaluisse.
954 3559 1233 3628 Siquidem
1267 3575 1408 3612 nnns
1457 3575 1487 3614 e
1536 3559 1740 3628 princi-

176 3646 310 3714 pibus
359 3660 518 3706 terra:
577 3651 720 3704 illius
772 3651 863 3704 diu
913 3651 1104 3706 eadem
1160 3667 1267 3721 qua
1305 3651 1406 3719 ipsi
1463 3652 1741 3722 languoris

180 3736 389 3794 molestia
424 3749 659 3796 vexatus
695 3741 894 3796 fuerat.
946 3739 1045 3794 llic
1095 3741 1280 3810 agnito
1313 3741 1632 3796 Anselmunt
1684 3743 1740 3797 in

179 3828 372 3884 ecclesia
403 3831 563 3886 Beati
610 3830 868 3901 Stephani
901 3832 1014 3902 (53)
1048 3832 1267 3886 missam
1313 3847 1378 3886 ex
1423 3848 1573 3888 more
1601 3833 1743 3888 cele—

180 3917 450 3990 bratnrum,
486 3923 775 3978 festinavit
817 3922 910 3976 illo
939 3923 1215 3978 arbitrans
1244 3923 1346 3977 sibi
1395 3925 1461 3977 ad
1512 3940 1742 3994 recupe»

186 4013 378 4068 randam
421 4016 724 4071 sanitatem
772 4015 904 4068 utile
956 4013 1094 4078 fore,
1145 4015 1191 4069 si
1241 4015 1406 4070 missa
1460 4016 1597 4070 tanti
1641 4017 1742 4070 viri

183 4116 234 4157 ac
259 4109 629 4164 benedictione
672 4107 966 4163 meruisset
1011 4107 1197 4176 potiri.
1250 4107 1473 4170 Fateor,
1507 4107 1744 4160 vidimus

184 4191 423 4252 hominem
463 4213 694 4255 suorum
746 4199 998 4252 manibus
1047 4197 1292 4252 innixum
1325 4196 1614 4252 ecclesiam
1662 4197 1747 4250 in-

186 4291 476 4358 troeuntem,
503 4298 726 4346 mortuo
751 4301 915 4358 quam
943 4288 1143 4344 viventi
1189 4287 1532 4342 similiorem.
1567 4287 1742 4352 Sedit,

186 4384 231 4426 et
256 4375 389 4433 finita
428 4381 596 4436 missa
629 4395 883 4450 egressus
927 4388 1031 4434 est.
1081 4378 1244 4434 Nobis
1286 4394 1442 4442 vero,
1473 4393 1573 4432 nec
1600 4377 1744 4446 quis,

1829 535 1888 576 ut
1923 533 2043 594 post
2092 523 2382 578 multorum
2431 523 2742 582 testimonio
2789 525 3175 594 comperimus,
3226 527 3405 582 reddi-

1828 614 1922 668 dit.

1897 707 1987 760 55.
2044 707 2137 761 llis
2184 707 2295 762 fere
2350 709 2724 779 temporibus,
2780 709 3098 765 Clnniacum
3155 710 3412 767 euntibus

1829 797 1986 852 nobis
2015 799 2252 852 occurrit
2280 799 2500 868 quidam
2525 801 2664 854 sacri
2691 801 2900 855 ordinis
2926 802 3106 867 homo,
3137 802 3414 873 lacrymo-

1827 887 1901 942 sis
1932 889 2185 958 precibus
2222 890 2398 944 virum
2436 891 2735 960 deprecans
2774 902 3042 962 quatenus
3077 902 3135 948 et
3161 909 3221 948 se
3249 893 3413 949 oculo

1827 979 2214 1034 misericordia:
2276 990 2332 1036 et
2387 995 2631 1036 sororem
2688 998 2846 1036 suam
2902 999 3075 1054 nuper
3136 994 3411 1040 amentem

1827 1069 2072 1124 effectam
2125 1070 2349 1125 dextera
2387 1087 2498 1126 sua:
2547 1071 2941 1127 benedictionis
2988 1074 3303 1146 dignaretur
3329 1089 3416 1130 re-

1827 1161 2054 1232 spicere.
2094 1162 2158 1216 Et
2191 1162 2468 1218 subdens:
2516 1163 2678 1228 Ecce,
2706 1165 2802 1230 ait,
2851 1164 2905 1218 in
2946 1165 3032 1218 via
3062 1181 3169 1236 qua
3215 1166 3416 1222 transi-

1830 1254 1935 1308 turi
1966 1254 2099 1309 estis
2130 1255 2273 1309 inter
2298 1255 2498 1310 multos
2526 1265 2766 1322 tenetur,
2792 1267 3080 1329 sperantes
3101 1261 3225 1329 quia
3257 1262 3302 1316 si
3334 1272 3411 1326 tu,

1827 1343 2062 1408 domine,
2117 1345 2166 1398 ei
2207 1360 2424 1399 manum
2477 1345 2825 1416 imposueris,
2881 1348 3141 1402 continuo
3188 1346 3413 1404 favente

1827 1436 2002 1506 gratia
2044 1436 2162 1501 Dei,
2193 1453 2305 1492 sua:
2353 1438 2522 1492 menti
2579 1437 2986 1494 restitueretur.
3035 1438 3118 1506 Ad
3165 1439 3278 1495 hth
3327 1441 3417 1497 ille

1829 1539 1979 1582 muta
2031 1543 2165 1583 voce
2193 1538 2248 1583 et
2303 1529 2460 1598 quasi
2511 1529 2673 1585 surda
2724 1531 3040 1600 pertransiit
3083 1547 3233 1589 aure.
3289 1531 3419 1588 Pre-

1828 1620 2106 1690 sbyterum
2157 1627 2338 1673 autem
2395 1634 2462 1672 eo
2519 1618 2692 1688 magis
2747 1620 3037 1675 instantem
3103 1635 3167 1675 ac
3223 1636 3416 1691 preces

1829 1711 2280 1781 multiplicantem
2308 1711 2504 1781 repulit
2531 1728 2562 1766 a
2592 1727 2671 1776 se,
2694 1713 2945 1768 omnibus
2966 1715 3140 1770 modis
3163 1730 3416 1771 asserens

1763 1791 1806 1847 Β
1834 1809 1942 1854 tam
1975 1811 2300 1857 extraneum
2349 1801 2554 1858 factum
2602 1803 2749 1857 nulla
2800 1803 2900 1858 sibi
2944 1806 3154 1861 ratione
3204 1816 3418 1863 tentan-

1834 1893 1982 1947 dum.
2012 1892 2156 1947 Inter
2183 1893 2298 1948 haze
2336 1893 2682 1963 procedimus
2723 1901 2778 1947 et
2807 1893 3047 1950 illam-in
3080 1897 3258 1950 medio
3284 1897 3421 1952 adu-

1833 1994 1976 2039 natae
2030 1985 2394 2040 multitudinis
2465 1985 2716 2040 cominus
2769 1986 2940 2040 teneri
3007 1988 3418 2056 conspicimus,

1831 2077 2154 2134 furibundos
2181 2086 2381 2143 motus,
2420 2086 2476 2134 et
2505 2077 2832 2132 inhumanos
2863 2086 3054 2143 nutus,
3091 2079 3266 2145 vultu,
3298 2094 3416 2146 ore,

1831 2169 2024 2235 oculis,
2068 2177 2123 2222 et
2172 2168 2336 2223 totius
2387 2167 2636 2239 corporis
2665 2176 2819 2237 gestu
2857 2169 3133 2224 edentem.
3182 2169 3422 2240 Populus

1833 2263 2018 2331 itaque
2062 2262 2235 2316 virum
2267 2261 2647 2316 advenientem
2682 2260 3010 2326 circumdat,
3043 2262 3275 2316 retentis
3320 2263 3422 2317 ha-

1833 2353 1990 2407 benis
2013 2366 2206 2421 preces
2246 2350 2570 2420 ingeminat,
2609 2357 2669 2402 ut
2691 2350 2911 2404 misera:
2951 2350 3164 2406 mulieri
3198 2367 3420 2407 manum

1835 2443 2100 2513 imponat,
2131 2449 2276 2504 orat,
2323 2441 2596 2495 obsecrat.
2642 2439 2872 2495 Obsistit
2902 2440 2992 2498 ille
3035 2441 3222 2498 dicens
3279 2443 3425 2513 quod

1835 2531 2112 2602 postulant
2151 2546 2495 2600 nequaquam
2540 2547 2664 2587 esse
2690 2532 2992 2600 sapientiae.
3021 2530 3298 2602 Objiciunt
3345 2533 3423 2588 illi

1838 2622 1983 2692 vulgi
2016 2637 2168 2676 more
2214 2637 2338 2691 qua:
2380 2623 2779 2689 occurrebant,
2833 2621 3028 2678 saltem
3075 2625 3425 2692 improbitate

1838 2713 2058 2768 vincere
2100 2712 2416 2782 gestientes.
2470 2711 2622 2767 Tunc
2669 2714 2755 2768 vir
2800 2713 2962 2768 aliter
3010 2729 3068 2770 se
3106 2731 3213 2770 non
3264 2731 3425 2786 posse

1837 2803 2070 2859 evadere
2101 2802 2367 2868 sentiens,
2405 2803 2508 2857 hoc
2548 2803 2666 2858 solo
2701 2803 2782 2858 eis
2824 2820 3030 2860 morem
3061 2807 3248 2876 gessit,
3275 2809 3424 2864 vide-

1838 2894 1967 2949 licet
2006 2893 2150 2964 quod
2195 2892 2325 2946 nulli
2360 2907 2560 2960 negare
2601 2892 2833 2960 solebat,
2862 2895 3020 2963 signo
3063 2909 3182 2950 eam
3224 2908 3428 2952 saneta:

1840 2988 2018 3042 crucis
2055 2987 2230 3040 levata
2280 2985 2472 3038 dextra
2527 2985 2781 3055 signavit.
2838 2987 2956 3053 Quo
3005 2988 3170 3053 facto,
3225 2989 3428 3044 laxatis

1843 3079 2068 3133 habenis
2091 3079 2240 3132 ocior
2261 3077 2395 3140 abit,
2430 3077 2793 3146 impositoque
2828 3077 3054 3134 cucullie
3085 3095 3197 3134 sua:
3227 3081 3429 3150 capitio

1841 3167 2030 3238 capiti,
2062 3168 2287 3222 remotis
2317 3166 2507 3231 sociis,
2552 3156 2847 3237 singularis
2873 3169 3046 3234 vadit,
3078 3169 3310 3226 infelicis
3345 3171 3430 3226 fe-

1842 3263 2003 3317 mina:
2031 3276 2304 3316 :erumnas
2330 3261 2548 3330 pietatis
2575 3259 2770 3316 affectu
2798 3261 3307 3333 perfususlacrymis
3325 3263 3348 3337 [
3353 3266 3429 3320 al.

1842 3356 1990 3408 omit.
2030 3369 2083 3423 p.
2126 3352 2191 3424 1.]
2225 3353 2520 3408 tenerrime
2558 3353 2783 3408 deflens.
2821 3353 2935 3408 Hac
2975 3370 3086 3409 nos.
3101 3357 3430 3412 contritione

1843 3449 2390 3516 alllictiCluniacum,
2439 3452 2530 3505 illa
2560 3450 2702 3519 vulgi
2753 3452 3005 3508 manibus
3049 3464 3174 3508 acta
3207 3456 3428 3511 domum

1844 3539 2094 3594 tetendit.
2121 3538 2360 3595 Necdum
2397 3556 2492 3609 pes
2523 3539 2640 3609 ejus
2679 3541 2849 3596 limen
2891 3556 3005 3598 suae
3043 3543 3235 3601 domus
3271 3547 3428 3601 attri~

1844 3635 1941 3700 vit,
1972 3641 2028 3688 et
2057 3633 2426 3704 integerrima:
2467 3636 2686 3690 sanitati
2733 3637 2934 3690 donata
2983 3638 3036 3692 in
3071 3639 3290 3694 laudem
3325 3642 3428 3696 viri

1843 3725 2053 3796 linguas
2079 3726 2323 3782 omnium
2353 3727 2534 3782 solvit.
2578 3727 2752 3794 Quam
2783 3742 2900 3784 rem
2945 3729 3024 3785 sic
3067 3728 3270 3786 factam
3301 3734 3428 3788 dum

1843 3827 1990 3872 certa
2019 3817 2282 3873 relatione
2302 3817 2546 3874 Cluniaci
2566 3821 2986 3888 accepissemus,
3015 3823 3182 3892 gavisi
3216 3839 3424 3891 sumus,

1843 3923 1908 3964 ac
1955 3925 2054 3978 pro
2105 3925 2204 3965 sua
2256 3909 2629 3966 misericordia
2683 3911 2794 3967 Deo
2841 3913 3072 3982 gratiam
3119 3923 3174 3968 et
3202 3913 3430 3984 gloriam

1843 4002 2110 4058 dedimus.

1916 4093 2006 4148 54.
2051 4091 2204 4147 Actis
2241 4093 2434 4147 deinde
2459 4099 2680 4161 propter
2706 4107 2828 4161 quas
2859 4092 3180 4147 Cluniacum
3211 4094 3432 4148 adveni-

1846 4199 1988 4249 mus,
2040 4183 2310 4238 reversuri
2353 4181 2672 4250 Lugdunum
2720 4183 2825 4237 iter
2867 4197 2963 4252 pcr
3001 4183 3278 4239 civitatem
3322 4185 3434 4240 Ma-

1849 4277 2208 4331 tisconensem
2237 4275 2586 4345 arripuimus.
2637 4273 2736 4330 Ubi
2766 4274 3052 4330 Anselmns
3097 4285 3285 4346 rogatu
3313 4279 3430 4347 epi-

1849 4370 1997 4439 scopi
2053 4368 2166 4440 (δι)
2217 4378 2274 4423 et
2317 4368 2700 4422 canonicorum
2751 4367 2972 4421 missam
3026 4366 3240 4437 publice
3287 4371 3429 4439 apml

186 4465 255 4518 vel
280 4471 406 4527 unde
451 4483 550 4528 aut
582 4489 679 4528 cur
708 4475 988 4528 advenerit
1017 4473 1314 4529 scientibus
1363 4480 1456 4527 aut
1497 4471 1744 4526 curanti-
1778 4485 1824 4544 ι)
1851 4462 2108 4518 Sanctum
2160 4459 2498 4516 Vincellliulll
2549 4459 2874 4524 εθιειιηνίις
2927 4469 2983 4512 ει
3038 4459 3181 4512 ίηῑετ
3230 4473 3434 4514 881⁵111οθ

191 4553 291 4623 bus‘,
334 4563 466 4619 idem
518 4564 626 4629 vir,
671 4565 903 4620 evolutis
931 4565 1115 4634 paucis
1161 4564 1368 4630 diebus,
1417 4563 1483 4616 ad
1528 4562 1744 4617 Patrem

189 4650 332 4714 venit,
374 4655 526 4712 flexis
558 4657 788 4724 genibus
816 4656 862 4710 ei
913 4671 1010 4724 pro
1040 4655 1232 4724 adepta
1283 4654 1516 4707 sanitate
1541 4654 1746 4721 gratias

193 4747 350 4804 agens.
384 4743 462 4799 Ad
489 4745 634 4815 quod
663 4761 787 4800 eum
821 4745 908 4798 ille
943 4745 1372 4813 ohstupesceret,
1405 4741 1664 4795 indicavit
1697 4741 1749 4796 ei

191 4828 405 4888 ordinem
444 4846 610 4905 gesta:
661 4837 760 4903 rei,
810 4835 1140 4891 confirmans
1184 4833 1326 4904 quod
1363 4835 1432 4887 ab
1475 4848 1538 4886 ea
1589 4833 1744 4895 hora,

192 4933 280 4987 qua
303 4939 356 4980 se
383 4929 562 4984 misszc
593 4929 734 4982 illius
770 4927 1142 4999 praesentavit,
1173 4926 1318 4979 omni
1362 4924 1562 4980 doloris
1585 4940 1746 4978 vexa-

194 5008 317 5066 tione
341 5015 580 5088 depulsa,
616 5021 837 5074 sanitati
887 5019 1168 5073 restitutus
1192 5018 1281 5072 sit.
1313 5018 1383 5071 At
1409 5016 1495 5070 ille
1519 5017 1650 5070 nihil
1679 5015 1746 5072 ad

196 5112 243 5152 se
275 5103 368 5160 hoc
398 5112 691 5178 pertinere,
724 5112 819 5165 sed
862 5110 1034 5179 ipsius
1079 5108 1202 5162 ﬁdei
1246 5123 1310 5162 ae
1352 5107 1562 5162 meritis
1604 5105 1747 5161 beati

193 5201 442 5269 martyris,
487 5205 557 5258 ad
585 5219 744 5274 quem
775 5203 1026 5270 divertit,
1062 5200 1440 5256 ascribendum
1479 5215 1748 5263 asserens,

196 5280 265 5337 his
303 5303 413 5358 quae
457 5294 623 5348 saluti
659 5295 855 5348 anima:
884 5293 1025 5346 illius
1063 5297 1456 5358 competerent,
1503 5305 1633 5343 eum
1665 5289 1750 5342 in-

1850 4569 1996 4619 nem,
2023 4565 2182 4621 quem
2211 4551 2279 4606 ad
2303 4548 2556 4619 populum
2589 4549 2798 4612 habuit,
2833 4556 2892 4602 ut
2915 4562 3108 4602 omnes
3149 4546 3432 4602 Dominum

1850 4659 1948 4714 pro
1979 4643 2229 4698 siccitate
2259 4656 2366 4711 qua
2407 4641 2463 4695 in
2493 4640 2816 4695 immensum
2844 4646 2993 4692 terra
3021 4648 3260 4705 aruerat,
3289 4656 3437 4696 com-

1851 4735 2090 4791 mnniter
2129 4741 2504 4802 precarentur,
2551 4732 2848 4787 admonuit.
2884 4730 3084 4785 Dicunt
3125 4744 3184 4786 se
3225 4731 3336 4800 jam
3382 4732 3435 4785 id

1851 4828 2051 4897 saepius
2106 4825 2322 4893 fecisse,
2372 4827 2467 4881 sed
2517 4825 2652 4880 nihil
2705 4823 2979 4892 effecisse;
3035 4836 3091 4880 et
3135 4839 3198 4880 ea
3250 4839 3327 4884 re,
3378 4831 3437 4876 ut

1854 4933 2044 4988 preces
2085 4931 2272 4972 eorum
2311 4916 2427 4986 ipse
2455 4929 2551 4968 sua
2597 4930 2762 4984 prece
2789 4930 2973 4969 coram
3024 4915 3136 4969 Deo
3189 4910 3436 4967 efficaces

1857 5011 2079 5075 efficiat,
2105 5024 2432 5078 magnopere
2453 5018 2611 5062 orant
2629 5016 2685 5060 et
2705 4996 3016 5061 obsecrant.
3048 5005 3187 5071 Quid
3213 5004 3389 5056 dicam
3413 5002 3439 5056 ?

1858 5099 2097 5156 Necdum
2136 5098 2320 5169 pransi
2356 5110 2591 5159 eramus,
2620 5107 2675 5150 et
2702 5110 2832 5150 ecce
2879 5094 3058 5147 subito
3090 5090 3438 5158 stupentibus

1861 5195 2071 5252 cunctis
2100 5192 2374 5249 serenitas
2399 5189 2522 5245 cmli
2556 5188 2610 5246 in
2641 5187 2880 5242 nubilum
2909 5184 3164 5249 vertitur,
3211 5183 3438 5252 ipsaque

1863 5288 1950 5343 die
1995 5287 2309 5356 priusquam
2362 5281 2586 5334 civitate
2641 5275 3047 5347 egrederemur,
3086 5273 3266 5337 pluvia
3321 5273 3442 5329 dul-

1475 5402 1884 5462 IIENSCHENII
1936 5398 2162 5456 ΝΟΤᾸΞ.

255 5501 360 5572 (33)
395 5502 665 5575 Oppidum
710 5501 768 5575 S.
827 5500 1086 5575 Stephani
1135 5499 1204 5553 de
1254 5497 1550 5575 Furennis,
1607 5497 1748 5575 intra

195 5568 368 5628 nonam
413 5568 698 5628 aHVienna
755 5568 986 5635 leueam,
1034 5571 1262 5625 fortasse
1307 5568 1749 5636 intelligitnr;.si

197 5650 352 5699 tamen
393 5657 554 5701 extra
591 5645 861 5699 civitatem
899 5643 1068 5711 ipsam
1110 5641 1485 5702 Viennensem,
1537 5637 1750 5711 Lugdu-

200 5724 422 5782 nensem,
443 5726 544 5771 aut
566 5715 796 5770 similem
815 5709 974 5767 aliain
999 5713 1348 5782 quaerendum
1373 5711 1475 5765 hoc
1491 5709 1748 5778 tem'plum

499 5818 772 5878 Puncta
818 5809 1092 5874 CLVIII,
1142 5814 1158 5830 '

1857 5506 2042 5636 θδὶὲι)
2082 5561 2390 5636 Bernardus
2419 5561 2465 5614 is
2488 5557 2604 5622 fuit,
2632 5572 2772 5613 anno
2799 5556 2932 5612 l097
2958 5555 3133 5625 factus
3156 5554 3441 5625 episcopus

1859 5634 2289 5691 Matisconensis.

2891 5786 2927 5845 fa.
