  <div class='ocr_page' id='page_1' title='image "/cluster/home/n/w/nwhite01/storage/ocr_20150623/158/hvd.32044024236689/063.png"; bbox 0 0 4068 6286; ppageno 0'>
   <div class='ocr_carea' id='block_1_1' title="bbox 595 350 707 416">
    <p class='ocr_par' dir='ltr' id='par_1_1' title="bbox 595 350 707 416">
     <span class='ocr_line' id='line_1_1' title="bbox 595 350 707 416; baseline 0 -1"><span class='ocrx_word' id='word_1_1' title='bbox 595 350 707 416; x_wconf 67' lang='lat'><strong>407&#39;</strong></span> 
     </span>
    </p>
   </div>
   <div class='ocr_carea' id='block_1_2' title="bbox 1584 339 2752 404">
    <p class='ocr_par' dir='ltr' id='par_1_2' title="bbox 1584 339 2752 404">
     <span class='ocr_line' id='line_1_2' title="bbox 1584 339 2752 404; baseline -0.009 0"><span class='ocrx_word' id='word_1_2' title='bbox 1584 348 1643 404; x_wconf 75' lang='lat'><strong>5.</strong></span> <span class='ocrx_word' id='word_1_3' title='bbox 1693 345 1996 404; x_wconf 78' lang='lat' dir='ltr'><strong>ANSELMI</strong></span> <span class='ocrx_word' id='word_1_4' title='bbox 2029 345 2378 404; x_wconf 81' lang='lat' dir='ltr'><strong>CANTUAR.</strong></span> <span class='ocrx_word' id='word_1_5' title='bbox 2434 339 2752 402; x_wconf 71' lang='lat' dir='ltr'><strong>ARCIIIEP.</strong></span> 
     </span>
    </p>
   </div>
   <div class='ocr_carea' id='block_1_3' title="bbox 3753 328 3857 384">
    <p class='ocr_par' dir='ltr' id='par_1_3' title="bbox 3753 328 3857 384">
     <span class='ocr_line' id='line_1_3' title="bbox 3753 328 3857 384; baseline -0.01 0"><span class='ocrx_word' id='word_1_6' title='bbox 3753 328 3857 384; x_wconf 64' lang='lat'><strong>{(38</strong></span> 
     </span>
    </p>
   </div>
   <div class='ocr_carea' id='block_1_4' title="bbox 598 447 3854 546">
    <p class='ocr_par' dir='ltr' id='par_1_4' title="bbox 598 447 3854 546">
     <span class='ocr_line' id='line_1_4' title="bbox 598 447 3854 546; baseline -0.01 -12"><span class='ocrx_word' id='word_1_7' title='bbox 598 478 678 534; x_wconf 91' lang='lat' dir='ltr'><strong>cis</strong></span> <span class='ocrx_word' id='word_1_8' title='bbox 708 483 763 531; x_wconf 87' lang='lat' dir='ltr'><strong>et</strong></span> <span class='ocrx_word' id='word_1_9' title='bbox 792 471 1007 546; x_wconf 71' lang='lat' dir='ltr'><strong>copiosa</strong></span> <span class='ocrx_word' id='word_1_10' title='bbox 1041 468 1200 526; x_wconf 86' lang='lat' dir='ltr'><strong>terris</strong></span> <span class='ocrx_word' id='word_1_11' title='bbox 1236 466 1492 522; x_wconf 75' lang='lat' dir='ltr'><strong>illabitur.</strong></span> <span class='ocrx_word' id='word_1_12' title='bbox 1524 447 1684 518; x_wconf 86' lang='lat' dir='ltr'><strong>Plebs</strong></span> <span class='ocrx_word' id='word_1_13' title='bbox 1722 463 1886 534; x_wconf 78' lang='lat' dir='ltr'><strong>igitur</strong></span> <span class='ocrx_word' id='word_1_14' title='bbox 1910 463 2028 517; x_wconf 92' lang='lat' dir='ltr'><strong>viso</strong></span> <span class='ocrx_word' id='word_1_15' title='bbox 2056 464 2158 518; x_wconf 90' lang='lat' dir='ltr'><strong>hoc</strong></span> <span class='ocrx_word' id='word_1_16' title='bbox 2187 464 2237 525; x_wconf 75' lang='grc' dir='ltr'><strong>Α</strong></span> <span class='ocrx_word' id='word_1_17' title='bbox 2266 472 2322 518; x_wconf 89' lang='lat' dir='ltr'><strong>et</strong></span> <span class='ocrx_word' id='word_1_18' title='bbox 2351 461 2678 519; x_wconf 85' lang='lat' dir='ltr'><strong>Willelmum</strong></span> <span class='ocrx_word' id='word_1_19' title='bbox 2703 469 2904 526; x_wconf 83' lang='lat' dir='ltr'><strong>regem,</strong></span> <span class='ocrx_word' id='word_1_20' title='bbox 2935 449 3352 507; x_wconf 82' lang='lat' dir='ltr'><strong>determinatam</strong></span> <span class='ocrx_word' id='word_1_21' title='bbox 3390 456 3664 517; x_wconf 87' lang='lat' dir='ltr'><strong>estatque</strong></span> <span class='ocrx_word' id='word_1_22' title='bbox 3690 449 3854 503; x_wconf 82' lang='lat' dir='ltr'><strong>seda-</strong></span> 
     </span>
    </p>
   </div>
   <div class='ocr_carea' id='block_1_5' title="bbox 597 553 2170 624">
    <p class='ocr_par' dir='ltr' id='par_1_5' title="bbox 597 553 2170 624">
     <span class='ocr_line' id='line_1_5' title="bbox 597 553 2170 624; baseline -0.01 1"><span class='ocrx_word' id='word_1_23' title='bbox 597 569 741 624; x_wconf 89' lang='lat' dir='ltr'><strong>facto</strong></span> <span class='ocrx_word' id='word_1_24' title='bbox 786 562 1067 622; x_wconf 83' lang='lat' dir='ltr'><strong>benedixit</strong></span> <span class='ocrx_word' id='word_1_25' title='bbox 1097 559 1406 621; x_wconf 91' lang='lat' dir='ltr'><strong>Dominum,</strong></span> <span class='ocrx_word' id='word_1_26' title='bbox 1451 564 1502 610; x_wconf 91' lang='lat' dir='ltr'><strong>et</strong></span> <span class='ocrx_word' id='word_1_27' title='bbox 1541 553 1657 623; x_wconf 83' lang='lat' dir='ltr'><strong>ejus</strong></span> <span class='ocrx_word' id='word_1_28' title='bbox 1702 563 1828 624; x_wconf 89' lang='lat' dir='ltr'><strong>post</strong></span> <span class='ocrx_word' id='word_1_29' title='bbox 1874 554 2043 610; x_wconf 92' lang='lat' dir='ltr'><strong>Deum</strong></span> <span class='ocrx_word' id='word_1_30' title='bbox 2072 571 2170 611; x_wconf 88' lang='lat' dir='ltr'><strong>au-</strong></span> 
     </span>
    </p>
   </div>
   <div class='ocr_carea' id='block_1_6' title="bbox 598 645 2169 725">
    <p class='ocr_par' dir='ltr' id='par_1_6' title="bbox 598 645 2169 725">
     <span class='ocr_line' id='line_1_6' title="bbox 598 645 2169 725; baseline -0.01 -7"><span class='ocrx_word' id='word_1_31' title='bbox 598 672 806 718; x_wconf 87' lang='lat' dir='ltr'><strong>ctorem</strong></span> <span class='ocrx_word' id='word_1_32' title='bbox 834 654 1042 725; x_wconf 75' lang='lat' dir='ltr'><strong>magnis</strong></span> <span class='ocrx_word' id='word_1_33' title='bbox 1072 650 1318 706; x_wconf 84' lang='lat' dir='ltr'><strong>laudibus</strong></span> <span class='ocrx_word' id='word_1_34' title='bbox 1347 646 1645 717; x_wconf 74' lang='lat' dir='ltr'><strong>pnedicant</strong></span> <span class='ocrx_word' id='word_1_35' title='bbox 1690 645 2028 700; x_wconf 89' lang='lat' dir='ltr'><strong>Anselmum.</strong></span> <span class='ocrx_word' id='word_1_36' title='bbox 2059 646 2169 703; x_wconf 85' lang='lat' dir='ltr'><strong>Ita-</strong></span> 
     </span>
    </p>
   </div>
   <div class='ocr_carea' id='block_1_7' title="bbox 599 737 2169 824">
    <p class='ocr_par' dir='ltr' id='par_1_7' title="bbox 599 737 2169 824">
     <span class='ocr_line' id='line_1_7' title="bbox 599 737 2169 824; baseline -0.009 -17"><span class='ocrx_word' id='word_1_37' title='bbox 599 767 726 824; x_wconf 87' lang='lat' dir='ltr'><strong>que,</strong></span> <span class='ocrx_word' id='word_1_38' title='bbox 757 750 813 804; x_wconf 91' lang='lat' dir='ltr'><strong>in</strong></span> <span class='ocrx_word' id='word_1_39' title='bbox 867 743 1234 803; x_wconf 90' lang='lat' dir='ltr'><strong>habitaculum</strong></span> <span class='ocrx_word' id='word_1_40' title='bbox 1291 748 1534 795; x_wconf 89' lang='lat' dir='ltr'><strong>nostrum</strong></span> <span class='ocrx_word' id='word_1_41' title='bbox 1591 737 1911 808; x_wconf 78' lang='lat' dir='ltr'><strong>Lugdunum</strong></span> <span class='ocrx_word' id='word_1_42' title='bbox 1945 741 2169 805; x_wconf 84' lang='lat' dir='ltr'><strong>reversi,</strong></span> 
     </span>
    </p>
   </div>
   <div class='ocr_carea' id='block_1_8' title="bbox 598 829 2174 914">
    <p class='ocr_par' dir='ltr' id='par_1_8' title="bbox 598 829 2174 914">
     <span class='ocr_line' id='line_1_8' title="bbox 598 829 2174 914; baseline -0.008 -16"><span class='ocrx_word' id='word_1_43' title='bbox 598 844 839 914; x_wconf 82' lang='lat' dir='ltr'><strong>quietam</strong></span> <span class='ocrx_word' id='word_1_44' title='bbox 868 838 1034 891; x_wconf 87' lang='lat' dir='ltr'><strong>vitam</strong></span> <span class='ocrx_word' id='word_1_45' title='bbox 1062 835 1132 889; x_wconf 88' lang='lat' dir='ltr'><strong>ab</strong></span> <span class='ocrx_word' id='word_1_46' title='bbox 1177 831 1324 887; x_wconf 90' lang='lat' dir='ltr'><strong>omni</strong></span> <span class='ocrx_word' id='word_1_47' title='bbox 1371 829 1602 885; x_wconf 81' lang='lat' dir='ltr'><strong>tumultu</strong></span> <span class='ocrx_word' id='word_1_48' title='bbox 1648 829 1848 899; x_wconf 85' lang='lat' dir='ltr'><strong>negotii</strong></span> <span class='ocrx_word' id='word_1_49' title='bbox 1897 829 2174 885; x_wconf 86' lang='lat' dir='ltr'><strong>saecularis</strong></span> 
     </span>
    </p>
   </div>
   <div class='ocr_carea' id='block_1_9' title="bbox 602 919 2172 1002">
    <p class='ocr_par' dir='ltr' id='par_1_9' title="bbox 602 919 2172 1002">
     <span class='ocr_line' id='line_1_9' title="bbox 602 919 2172 1002; baseline -0.009 -14"><span class='ocrx_word' id='word_1_50' title='bbox 602 932 914 1002; x_wconf 83' lang='lat' dir='ltr'><strong>agebamus.</strong></span> <span class='ocrx_word' id='word_1_51' title='bbox 959 925 1247 980; x_wconf 88' lang='lat' dir='ltr'><strong>Anselmus</strong></span> <span class='ocrx_word' id='word_1_52' title='bbox 1276 935 1406 976; x_wconf 89' lang='lat' dir='ltr'><strong>vero</strong></span> <span class='ocrx_word' id='word_1_53' title='bbox 1452 919 1616 974; x_wconf 90' lang='lat' dir='ltr'><strong>vitam</strong></span> <span class='ocrx_word' id='word_1_54' title='bbox 1647 920 1760 975; x_wconf 89' lang='lat' dir='ltr'><strong>veri</strong></span> <span class='ocrx_word' id='word_1_55' title='bbox 1806 920 1948 976; x_wconf 84' lang='lat' dir='ltr'><strong>servi</strong></span> <span class='ocrx_word' id='word_1_56' title='bbox 1981 921 2070 974; x_wconf 89' lang='lat' dir='ltr'><strong>Dei</strong></span> <span class='ocrx_word' id='word_1_57' title='bbox 2118 921 2172 975; x_wconf 93' lang='lat' dir='ltr'><strong>in</strong></span> 
     </span>
    </p>
   </div>
   <div class='ocr_carea' id='block_1_10' title="bbox 601 1009 2176 1079">
    <p class='ocr_par' dir='ltr' id='par_1_10' title="bbox 601 1009 2176 1079">
     <span class='ocr_line' id='line_1_10' title="bbox 601 1009 2176 1079; baseline -0.008 0"><span class='ocrx_word' id='word_1_58' title='bbox 601 1022 806 1079; x_wconf 84' lang='lat' dir='ltr'><strong>sanctis</strong></span> <span class='ocrx_word' id='word_1_59' title='bbox 853 1013 1314 1077; x_wconf 82' lang='lat' dir='ltr'><strong>meditationibus,</strong></span> <span class='ocrx_word' id='word_1_60' title='bbox 1357 1011 1411 1066; x_wconf 93' lang='lat' dir='ltr'><strong>in</strong></span> <span class='ocrx_word' id='word_1_61' title='bbox 1455 1009 1631 1066; x_wconf 91' lang='lat' dir='ltr'><strong>omnis</strong></span> <span class='ocrx_word' id='word_1_62' title='bbox 1673 1025 1856 1076; x_wconf 88' lang='lat' dir='ltr'><strong>sexus,</strong></span> <span class='ocrx_word' id='word_1_63' title='bbox 1899 1011 2076 1065; x_wconf 88' lang='lat' dir='ltr'><strong>aetatis</strong></span> <span class='ocrx_word' id='word_1_64' title='bbox 2121 1020 2176 1066; x_wconf 92' lang='lat' dir='ltr'><strong>et</strong></span> 
     </span>
    </p>
   </div>
   <div class='ocr_carea' id='block_1_11' title="bbox 603 1100 2173 1169">
    <p class='ocr_par' dir='ltr' id='par_1_11' title="bbox 603 1100 2173 1169">
     <span class='ocr_line' id='line_1_11' title="bbox 603 1100 2173 1169; baseline -0.008 -1"><span class='ocrx_word' id='word_1_65' title='bbox 603 1111 809 1169; x_wconf 86' lang='lat' dir='ltr'><strong>ordinis</strong></span> <span class='ocrx_word' id='word_1_66' title='bbox 839 1107 1123 1165; x_wconf 86' lang='lat' dir='ltr'><strong>hominum</strong></span> <span class='ocrx_word' id='word_1_67' title='bbox 1153 1104 1222 1158; x_wconf 89' lang='lat' dir='ltr'><strong>ad</strong></span> <span class='ocrx_word' id='word_1_68' title='bbox 1250 1118 1309 1158; x_wconf 91' lang='lat' dir='ltr'><strong>se</strong></span> <span class='ocrx_word' id='word_1_69' title='bbox 1344 1101 1675 1156; x_wconf 88' lang='lat' dir='ltr'><strong>venientium</strong></span> <span class='ocrx_word' id='word_1_70' title='bbox 1705 1100 2173 1167; x_wconf 67' lang='lat' dir='ltr'><strong>aedificationibus,</strong></span> 
     </span>
    </p>
   </div>
   <div class='ocr_carea' id='block_1_12' title="bbox 605 1190 2174 1257">
    <p class='ocr_par' dir='ltr' id='par_1_12' title="bbox 605 1190 2174 1257">
     <span class='ocr_line' id='line_1_12' title="bbox 605 1190 2174 1257; baseline -0.007 1"><span class='ocrx_word' id='word_1_71' title='bbox 605 1218 668 1257; x_wconf 89' lang='lat' dir='ltr'><strong>ac</strong></span> <span class='ocrx_word' id='word_1_72' title='bbox 694 1202 749 1256; x_wconf 90' lang='lat' dir='ltr'><strong>in</strong></span> <span class='ocrx_word' id='word_1_73' title='bbox 778 1209 1100 1256; x_wconf 63' lang='lat' dir='ltr'><strong>caeterarum</strong></span> <span class='ocrx_word' id='word_1_74' title='bbox 1129 1194 1390 1248; x_wconf 88' lang='lat' dir='ltr'><strong>virtutum</strong></span> <span class='ocrx_word' id='word_1_75' title='bbox 1408 1190 1840 1246; x_wconf 86' lang='lat' dir='ltr'><strong>exhibitionibus</strong></span> <span class='ocrx_word' id='word_1_76' title='bbox 1863 1193 2174 1247; x_wconf 79' lang='lat' dir='ltr'><strong>exercebat.</strong></span> 
     </span>
    </p>
   </div>
   <div class='ocr_carea' id='block_1_13' title="bbox 605 1279 2180 1353">
    <p class='ocr_par' dir='ltr' id='par_1_13' title="bbox 605 1279 2180 1353">
     <span class='ocr_line' id='line_1_13' title="bbox 605 1279 2180 1353; baseline -0.007 -8"><span class='ocrx_word' id='word_1_77' title='bbox 605 1290 710 1345; x_wconf 78' lang='lat' dir='ltr'><strong>Per</strong></span> <span class='ocrx_word' id='word_1_78' title='bbox 757 1289 811 1343; x_wconf 90' lang='lat' dir='ltr'><strong>id</strong></span> <span class='ocrx_word' id='word_1_79' title='bbox 860 1287 1023 1343; x_wconf 90' lang='lat' dir='ltr'><strong>etiam</strong></span> <span class='ocrx_word' id='word_1_80' title='bbox 1069 1282 1327 1353; x_wconf 89' lang='lat' dir='ltr'><strong>temporis</strong></span> <span class='ocrx_word' id='word_1_81' title='bbox 1371 1280 1589 1350; x_wconf 82' lang='lat' dir='ltr'><strong>scripsit</strong></span> <span class='ocrx_word' id='word_1_82' title='bbox 1636 1279 1833 1334; x_wconf 90' lang='lat' dir='ltr'><strong>librum</strong></span> <span class='ocrx_word' id='word_1_83' title='bbox 1891 1295 2056 1334; x_wconf 90' lang='lat' dir='ltr'><strong>unum</strong></span> <span class='ocrx_word' id='word_1_84' title='bbox 2106 1279 2180 1334; x_wconf 87' lang='lat' dir='ltr'><strong>De</strong></span> 
     </span>
    </p>
   </div>
   <div class='ocr_carea' id='block_1_14' title="bbox 608 1369 2182 1448">
    <p class='ocr_par' dir='ltr' id='par_1_14' title="bbox 608 1369 2182 1448">
     <span class='ocr_line' id='line_1_14' title="bbox 608 1369 2182 1448; baseline -0.006 -14"><span class='ocrx_word' id='word_1_85' title='bbox 608 1387 856 1448; x_wconf 82' lang='lat' dir='ltr'><strong>conceptu</strong></span> <span class='ocrx_word' id='word_1_86' title='bbox 897 1373 1140 1446; x_wconf 82' lang='lat' dir='ltr'><strong>virginali</strong></span> <span class='ocrx_word' id='word_1_87' title='bbox 1169 1381 1223 1428; x_wconf 90' lang='lat' dir='ltr'><strong>et</strong></span> <span class='ocrx_word' id='word_1_88' title='bbox 1263 1371 1341 1425; x_wconf 88' lang='lat' dir='ltr'><strong>De</strong></span> <span class='ocrx_word' id='word_1_89' title='bbox 1367 1379 1577 1440; x_wconf 82' lang='lat' dir='ltr'><strong>peccato</strong></span> <span class='ocrx_word' id='word_1_90' title='bbox 1625 1369 1890 1439; x_wconf 79' lang='lat' dir='ltr'><strong>originali,</strong></span> <span class='ocrx_word' id='word_1_91' title='bbox 1935 1377 1990 1425; x_wconf 90' lang='lat' dir='ltr'><strong>et</strong></span> <span class='ocrx_word' id='word_1_92' title='bbox 2037 1369 2182 1424; x_wconf 87' lang='lat' dir='ltr'><strong>aliud</strong></span> 
     </span>
    </p>
   </div>
   <div class='ocr_carea' id='block_1_15' title="bbox 609 1453 2181 1535">
    <p class='ocr_par' dir='ltr' id='par_1_15' title="bbox 609 1453 2181 1535">
     <span class='ocr_line' id='line_1_15' title="bbox 609 1453 2181 1535; baseline -0.01 -14"><span class='ocrx_word' id='word_1_93' title='bbox 609 1466 879 1535; x_wconf 87' lang='lat' dir='ltr'><strong>quoddam</strong></span> <span class='ocrx_word' id='word_1_94' title='bbox 909 1459 1225 1533; x_wconf 87' lang='lat' dir='ltr'><strong>epusculum</strong></span> <span class='ocrx_word' id='word_1_95' title='bbox 1256 1455 1442 1511; x_wconf 88' lang='lat' dir='ltr'><strong>multis</strong></span> <span class='ocrx_word' id='word_1_96' title='bbox 1486 1463 1699 1526; x_wconf 86' lang='lat' dir='ltr'><strong>gratum</strong></span> <span class='ocrx_word' id='word_1_97' title='bbox 1741 1464 1795 1508; x_wconf 92' lang='lat' dir='ltr'><strong>et</strong></span> <span class='ocrx_word' id='word_1_98' title='bbox 1838 1453 2181 1520; x_wconf 87' lang='lat' dir='ltr'><strong>delectabile,</strong></span> 
     </span>
    </p>
   </div>
   <div class='ocr_carea' id='block_1_16' title="bbox 612 1545 2184 1616">
    <p class='ocr_par' dir='ltr' id='par_1_16' title="bbox 612 1545 2184 1616">
     <span class='ocr_line' id='line_1_16' title="bbox 612 1545 2184 1616; baseline -0.01 -2"><span class='ocrx_word' id='word_1_99' title='bbox 612 1559 700 1613; x_wconf 90' lang='lat' dir='ltr'><strong>cui</strong></span> <span class='ocrx_word' id='word_1_100' title='bbox 755 1556 967 1612; x_wconf 85' lang='lat' dir='ltr'><strong>titulum</strong></span> <span class='ocrx_word' id='word_1_101' title='bbox 1027 1551 1268 1607; x_wconf 86' lang='lat' dir='ltr'><strong>indidit:</strong></span> <span class='ocrx_word' id='word_1_102' title='bbox 1328 1548 1602 1602; x_wconf 83' lang='lat' dir='ltr'><strong>Meditatio</strong></span> <span class='ocrx_word' id='word_1_103' title='bbox 1658 1546 2025 1616; x_wconf 80' lang='lat' dir='ltr'><strong>redemptionis</strong></span> <span class='ocrx_word' id='word_1_104' title='bbox 2080 1545 2184 1599; x_wconf 81' lang='lat' dir='ltr'><strong>Itu-</strong></span> 
     </span>
    </p>
   </div>
   <div class='ocr_carea' id='block_1_17' title="bbox 610 1664 797 1703">
    <p class='ocr_par' dir='ltr' id='par_1_17' title="bbox 610 1664 797 1703">
     <span class='ocr_line' id='line_1_17' title="bbox 610 1664 797 1703; baseline 0.016 -3"><span class='ocrx_word' id='word_1_105' title='bbox 610 1664 797 1703; x_wconf 71' lang='grc' dir='ltr'><strong>ηιαηαν.</strong></span> 
     </span>
    </p>
   </div>
   <div class='ocr_carea' id='block_1_18' title="bbox 1211 1724 1576 1784">
    <p class='ocr_par' dir='ltr' id='par_1_18' title="bbox 1211 1724 1576 1784">
     <span class='ocr_line' id='line_1_18' title="bbox 1211 1724 1576 1784; baseline -0.008 0"><span class='ocrx_word' id='word_1_106' title='bbox 1211 1726 1440 1784; x_wconf 82' lang='lat' dir='ltr'><strong>CAPUT</strong></span> <span class='ocrx_word' id='word_1_107' title='bbox 1490 1724 1576 1782; x_wconf 82' lang='lat' dir='ltr'><strong>VI.</strong></span> 
     </span>
    </p>
   </div>
   <div class='ocr_carea' id='block_1_19' title="bbox 2274 538 3858 619">
    <p class='ocr_par' dir='ltr' id='par_1_19' title="bbox 2274 538 3858 619">
     <span class='ocr_line' id='line_1_19' title="bbox 2274 538 3858 619; baseline -0.011 -11"><span class='ocrx_word' id='word_1_108' title='bbox 2274 562 2406 608; x_wconf 91' lang='lat' dir='ltr'><strong>tum.</strong></span> <span class='ocrx_word' id='word_1_109' title='bbox 2438 552 2520 606; x_wconf 89' lang='lat' dir='ltr'><strong>Ad</strong></span> <span class='ocrx_word' id='word_1_110' title='bbox 2567 549 2710 619; x_wconf 92' lang='lat' dir='ltr'><strong>quod</strong></span> <span class='ocrx_word' id='word_1_111' title='bbox 2741 545 2832 600; x_wconf 90' lang='lat' dir='ltr'><strong>ille</strong></span> <span class='ocrx_word' id='word_1_112' title='bbox 2864 541 3099 598; x_wconf 82' lang='lat' dir='ltr'><strong>alacrior</strong></span> <span class='ocrx_word' id='word_1_113' title='bbox 3127 539 3300 594; x_wconf 88' lang='lat' dir='ltr'><strong>factus</strong></span> <span class='ocrx_word' id='word_1_114' title='bbox 3331 538 3473 593; x_wconf 90' lang='lat' dir='ltr'><strong>illico</strong></span> <span class='ocrx_word' id='word_1_115' title='bbox 3516 546 3679 607; x_wconf 91' lang='lat' dir='ltr'><strong>caput</strong></span> <span class='ocrx_word' id='word_1_116' title='bbox 3707 538 3858 592; x_wconf 74' lang='lat' dir='ltr'><strong>leva-</strong></span> 
     </span>
    </p>
   </div>
   <div class='ocr_carea' id='block_1_20' title="bbox 2269 627 3859 710">
    <p class='ocr_par' dir='ltr' id='par_1_20' title="bbox 2269 627 3859 710">
     <span class='ocr_line' id='line_1_20' title="bbox 2269 627 3859 710; baseline -0.01 -12"><span class='ocrx_word' id='word_1_117' title='bbox 2269 643 2370 708; x_wconf 86' lang='lat' dir='ltr'><strong>vit,</strong></span> <span class='ocrx_word' id='word_1_118' title='bbox 2400 650 2454 697; x_wconf 91' lang='lat' dir='ltr'><strong>et</strong></span> <span class='ocrx_word' id='word_1_119' title='bbox 2483 639 2686 710; x_wconf 88' lang='lat' dir='ltr'><strong>apertis</strong></span> <span class='ocrx_word' id='word_1_120' title='bbox 2713 634 2885 690; x_wconf 90' lang='lat' dir='ltr'><strong>oculis</strong></span> <span class='ocrx_word' id='word_1_121' title='bbox 2909 633 3372 700; x_wconf 80' lang='lat' dir='ltr'><strong>circumspectans</strong></span> <span class='ocrx_word' id='word_1_122' title='bbox 3402 628 3675 683; x_wconf 88' lang='lat' dir='ltr'><strong>neminem</strong></span> <span class='ocrx_word' id='word_1_123' title='bbox 3696 627 3859 682; x_wconf 87' lang='lat' dir='ltr'><strong>vidit.</strong></span> 
     </span>
    </p>
   </div>
   <div class='ocr_carea' id='block_1_21' title="bbox 2273 719 3864 802">
    <p class='ocr_par' dir='ltr' id='par_1_21' title="bbox 2273 719 3864 802">
     <span class='ocr_line' id='line_1_21' title="bbox 2273 719 3864 802; baseline -0.01 -16"><span class='ocrx_word' id='word_1_124' title='bbox 2273 728 2535 802; x_wconf 87' lang='lat' dir='ltr'><strong>Sequenti</strong></span> <span class='ocrx_word' id='word_1_125' title='bbox 2563 736 2740 782; x_wconf 91' lang='lat' dir='ltr'><strong>autem</strong></span> <span class='ocrx_word' id='word_1_126' title='bbox 2765 733 2927 779; x_wconf 89' lang='lat' dir='ltr'><strong>nocte</strong></span> <span class='ocrx_word' id='word_1_127' title='bbox 2957 722 3100 775; x_wconf 90' lang='lat' dir='ltr'><strong>inter</strong></span> <span class='ocrx_word' id='word_1_128' title='bbox 3119 719 3418 772; x_wconf 86' lang='lat' dir='ltr'><strong>matutinas</strong></span> <span class='ocrx_word' id='word_1_129' title='bbox 3444 732 3582 770; x_wconf 89' lang='lat' dir='ltr'><strong>unus</strong></span> <span class='ocrx_word' id='word_1_130' title='bbox 3613 727 3864 772; x_wconf 83' lang='lat' dir='ltr'><strong>nostrum</strong></span> 
     </span>
    </p>
   </div>
   <div class='ocr_carea' id='block_1_22' title="bbox 2271 809 3864 884">
    <p class='ocr_par' dir='ltr' id='par_1_22' title="bbox 2271 809 3864 884">
     <span class='ocr_line' id='line_1_22' title="bbox 2271 809 3864 884; baseline -0.011 -5"><span class='ocrx_word' id='word_1_131' title='bbox 2271 822 2468 880; x_wconf 85' lang='lat' dir='ltr'><strong>clausis</strong></span> <span class='ocrx_word' id='word_1_132' title='bbox 2495 818 2666 876; x_wconf 91' lang='lat' dir='ltr'><strong>oculis</strong></span> <span class='ocrx_word' id='word_1_133' title='bbox 2697 816 2874 872; x_wconf 89' lang='lat' dir='ltr'><strong>stabat</strong></span> <span class='ocrx_word' id='word_1_134' title='bbox 2893 821 2950 869; x_wconf 89' lang='lat' dir='ltr'><strong>et</strong></span> <span class='ocrx_word' id='word_1_135' title='bbox 2979 810 3266 884; x_wconf 87' lang='lat' dir='ltr'><strong>psallebat.</strong></span> <span class='ocrx_word' id='word_1_136' title='bbox 3291 810 3358 864; x_wconf 84' lang='lat' dir='ltr'><strong>Et</strong></span> <span class='ocrx_word' id='word_1_137' title='bbox 3385 822 3511 865; x_wconf 90' lang='lat' dir='ltr'><strong>ecce</strong></span> <span class='ocrx_word' id='word_1_138' title='bbox 3534 809 3610 863; x_wconf 93' lang='lat' dir='ltr'><strong>illi</strong></span> <span class='ocrx_word' id='word_1_139' title='bbox 3635 809 3864 880; x_wconf 89' lang='lat' dir='ltr'><strong>quidam</strong></span> 
     </span>
    </p>
   </div>
   <div class='ocr_carea' id='block_1_23' title="bbox 2275 900 3864 974">
    <p class='ocr_par' dir='ltr' id='par_1_23' title="bbox 2275 900 3864 974">
     <span class='ocr_line' id='line_1_23' title="bbox 2275 900 3864 974; baseline -0.011 -5"><span class='ocrx_word' id='word_1_140' title='bbox 2275 912 2576 970; x_wconf 89' lang='lat' dir='ltr'><strong>chartulam</strong></span> <span class='ocrx_word' id='word_1_141' title='bbox 2632 907 2923 964; x_wconf 89' lang='lat' dir='ltr'><strong>admodum</strong></span> <span class='ocrx_word' id='word_1_142' title='bbox 2978 919 3199 974; x_wconf 90' lang='lat' dir='ltr'><strong>parvam</strong></span> <span class='ocrx_word' id='word_1_143' title='bbox 3253 902 3538 971; x_wconf 84' lang='lat' dir='ltr'><strong>legendam</strong></span> <span class='ocrx_word' id='word_1_144' title='bbox 3592 900 3864 955; x_wconf 84' lang='lat' dir='ltr'><strong>exhibuit.</strong></span> 
     </span>
    </p>
   </div>
   <div class='ocr_carea' id='block_1_24' title="bbox 2273 989 3866 1070">
    <p class='ocr_par' dir='ltr' id='par_1_24' title="bbox 2273 989 3866 1070">
     <span class='ocr_line' id='line_1_24' title="bbox 2273 989 3866 1070; baseline -0.009 -15"><span class='ocrx_word' id='word_1_145' title='bbox 2273 999 2519 1070; x_wconf 81' lang='lat' dir='ltr'><strong>Aspexit,</strong></span> <span class='ocrx_word' id='word_1_146' title='bbox 2552 1007 2607 1052; x_wconf 86' lang='lat' dir='ltr'><strong>et</strong></span> <span class='ocrx_word' id='word_1_147' title='bbox 2633 998 2686 1050; x_wconf 92' lang='lat' dir='ltr'><strong>in</strong></span> <span class='ocrx_word' id='word_1_148' title='bbox 2713 1011 2799 1056; x_wconf 89' lang='lat' dir='ltr'><strong>ea.</strong></span> <span class='ocrx_word' id='word_1_149' title='bbox 2829 994 2970 1048; x_wconf 80' lang='lat' dir='ltr'><strong>Obiit</strong></span> <span class='ocrx_word' id='word_1_150' title='bbox 3008 1009 3099 1046; x_wconf 76' lang='lat' dir='ltr'><strong>rex</strong></span> <span class='ocrx_word' id='word_1_151' title='bbox 3131 990 3454 1057; x_wconf 84' lang='lat' dir='ltr'><strong>Willelmus,</strong></span> <span class='ocrx_word' id='word_1_152' title='bbox 3484 989 3749 1059; x_wconf 89' lang='lat' dir='ltr'><strong>scriptum</strong></span> <span class='ocrx_word' id='word_1_153' title='bbox 3779 990 3866 1042; x_wconf 44' lang='lat' dir='ltr'><strong>ine</strong></span> 
     </span>
    </p>
   </div>
   <div class='ocr_carea' id='block_1_25' title="bbox 2275 1079 3869 1155">
    <p class='ocr_par' dir='ltr' id='par_1_25' title="bbox 2275 1079 3869 1155">
     <span class='ocr_line' id='line_1_25' title="bbox 2275 1079 3869 1155; baseline -0.01 -7"><span class='ocrx_word' id='word_1_154' title='bbox 2275 1092 2442 1147; x_wconf 91' lang='lat' dir='ltr'><strong>venit.</strong></span> <span class='ocrx_word' id='word_1_155' title='bbox 2501 1087 2802 1143; x_wconf 84' lang='lat' dir='ltr'><strong>Confestim</strong></span> <span class='ocrx_word' id='word_1_156' title='bbox 2851 1083 3068 1155; x_wconf 89' lang='lat' dir='ltr'><strong>aperuit</strong></span> <span class='ocrx_word' id='word_1_157' title='bbox 3114 1082 3327 1149; x_wconf 89' lang='lat' dir='ltr'><strong>oculos,</strong></span> <span class='ocrx_word' id='word_1_158' title='bbox 3375 1089 3429 1136; x_wconf 86' lang='lat' dir='ltr'><strong>et</strong></span> <span class='ocrx_word' id='word_1_159' title='bbox 3479 1080 3687 1134; x_wconf 88' lang='lat' dir='ltr'><strong>nullum</strong></span> <span class='ocrx_word' id='word_1_160' title='bbox 3731 1079 3869 1134; x_wconf 85' lang='lat' dir='ltr'><strong>vidit</strong></span> 
     </span>
    </p>
   </div>
   <div class='ocr_carea' id='block_1_26' title="bbox 2277 1180 2698 1253">
    <p class='ocr_par' dir='ltr' id='par_1_26' title="bbox 2277 1180 2698 1253">
     <span class='ocr_line' id='line_1_26' title="bbox 2277 1180 2698 1253; baseline -0.014 -16"><span class='ocrx_word' id='word_1_161' title='bbox 2277 1191 2476 1253; x_wconf 70' lang='lat' dir='ltr'><strong>praeter</strong></span> <span class='ocrx_word' id='word_1_162' title='bbox 2503 1180 2698 1234; x_wconf 86' lang='lat' dir='ltr'><strong>socios.</strong></span> 
     </span>
    </p>
   </div>
   <div class='ocr_carea' id='block_1_27' title="bbox 2350 1263 3871 1332">
    <p class='ocr_par' dir='ltr' id='par_1_27' title="bbox 2350 1263 3871 1332">
     <span class='ocr_line' id='line_1_27' title="bbox 2350 1263 3871 1332; baseline -0.008 -5"><span class='ocrx_word' id='word_1_163' title='bbox 2350 1273 2439 1327; x_wconf 84' lang='lat'><strong>57.</strong></span> <span class='ocrx_word' id='word_1_164' title='bbox 2479 1270 2607 1326; x_wconf 79' lang='lat' dir='ltr'><strong>Post</strong></span> <span class='ocrx_word' id='word_1_165' title='bbox 2637 1269 2874 1323; x_wconf 87' lang='lat' dir='ltr'><strong>triduum</strong></span> <span class='ocrx_word' id='word_1_166' title='bbox 2910 1266 3110 1322; x_wconf 91' lang='lat' dir='ltr'><strong>abhinc</strong></span> <span class='ocrx_word' id='word_1_167' title='bbox 3144 1265 3213 1318; x_wconf 92' lang='lat' dir='ltr'><strong>ad</strong></span> <span class='ocrx_word' id='word_1_168' title='bbox 3252 1263 3524 1319; x_wconf 86' lang='lat' dir='ltr'><strong>abbatiam</strong></span> <span class='ocrx_word' id='word_1_169' title='bbox 3557 1277 3679 1332; x_wconf 67' lang='lat' dir='ltr'><strong>quae</strong></span> <span class='ocrx_word' id='word_1_170' title='bbox 3706 1277 3871 1316; x_wconf 81' lang='lat' dir='ltr'><strong>voca-</strong></span> 
     </span>
    </p>
   </div>
   <div class='ocr_carea' id='block_1_28' title="bbox 2283 1350 3875 1426">
    <p class='ocr_par' dir='ltr' id='par_1_28' title="bbox 2283 1350 3875 1426">
     <span class='ocr_line' id='line_1_28' title="bbox 2283 1350 3875 1426; baseline -0.009 -9"><span class='ocrx_word' id='word_1_171' title='bbox 2283 1371 2369 1418; x_wconf 90' lang='lat' dir='ltr'><strong>tur</strong></span> <span class='ocrx_word' id='word_1_172' title='bbox 2411 1361 2551 1417; x_wconf 87' lang='lat' dir='ltr'><strong>Casa</strong></span> <span class='ocrx_word' id='word_1_173' title='bbox 2598 1359 2712 1425; x_wconf 89' lang='lat' dir='ltr'><strong>Dei,</strong></span> <span class='ocrx_word' id='word_1_174' title='bbox 2763 1357 2948 1412; x_wconf 91' lang='lat' dir='ltr'><strong>multis</strong></span> <span class='ocrx_word' id='word_1_175' title='bbox 2983 1355 3236 1426; x_wconf 86' lang='lat' dir='ltr'><strong>precibus</strong></span> <span class='ocrx_word' id='word_1_176' title='bbox 3274 1353 3533 1411; x_wconf 70' lang='lat' dir='ltr'><strong>invitatus</strong></span> <span class='ocrx_word' id='word_1_177' title='bbox 3578 1350 3875 1406; x_wconf 86' lang='lat' dir='ltr'><strong>Anselmus</strong></span> 
     </span>
    </p>
   </div>
   <div class='ocr_carea' id='block_1_29' title="bbox 2285 1442 3873 1525">
    <p class='ocr_par' dir='ltr' id='par_1_29' title="bbox 2285 1442 3873 1525">
     <span class='ocr_line' id='line_1_29' title="bbox 2285 1442 3873 1525; baseline -0.009 -18"><span class='ocrx_word' id='word_1_178' title='bbox 2285 1453 2542 1525; x_wconf 85' lang='lat' dir='ltr'><strong>perrexit.</strong></span> <span class='ocrx_word' id='word_1_179' title='bbox 2586 1450 2690 1506; x_wconf 88' lang='lat' dir='ltr'><strong>Ubi</strong></span> <span class='ocrx_word' id='word_1_180' title='bbox 2720 1465 2840 1504; x_wconf 91' lang='lat' dir='ltr'><strong>cum</strong></span> <span class='ocrx_word' id='word_1_181' title='bbox 2877 1447 3173 1502; x_wconf 80' lang='lat' dir='ltr'><strong>honorifice</strong></span> <span class='ocrx_word' id='word_1_182' title='bbox 3210 1451 3495 1514; x_wconf 87' lang='lat' dir='ltr'><strong>susceptus</strong></span> <span class='ocrx_word' id='word_1_183' title='bbox 3531 1450 3586 1496; x_wconf 92' lang='lat' dir='ltr'><strong>et</strong></span> <span class='ocrx_word' id='word_1_184' title='bbox 3628 1442 3873 1511; x_wconf 79' lang='lat' dir='ltr'><strong>hospita-</strong></span> 
     </span>
    </p>
   </div>
   <div class='ocr_carea' id='block_1_30' title="bbox 2289 1535 3875 1607">
    <p class='ocr_par' dir='ltr' id='par_1_30' title="bbox 2289 1535 3875 1607">
     <span class='ocr_line' id='line_1_30' title="bbox 2289 1535 3875 1607; baseline -0.008 -7"><span class='ocrx_word' id='word_1_185' title='bbox 2289 1555 2373 1600; x_wconf 89' lang='lat' dir='ltr'><strong>tus</strong></span> <span class='ocrx_word' id='word_1_186' title='bbox 2403 1545 2611 1607; x_wconf 87' lang='lat' dir='ltr'><strong>fuisset,</strong></span> <span class='ocrx_word' id='word_1_187' title='bbox 2636 1557 2741 1596; x_wconf 88' lang='lat' dir='ltr'><strong>una</strong></span> <span class='ocrx_word' id='word_1_188' title='bbox 2766 1542 2974 1595; x_wconf 89' lang='lat' dir='ltr'><strong>dierum</strong></span> <span class='ocrx_word' id='word_1_189' title='bbox 2997 1537 3257 1593; x_wconf 84' lang='lat' dir='ltr'><strong>fratribus</strong></span> <span class='ocrx_word' id='word_1_190' title='bbox 3281 1536 3386 1591; x_wconf 90' lang='lat' dir='ltr'><strong>loci</strong></span> <span class='ocrx_word' id='word_1_191' title='bbox 3411 1535 3552 1590; x_wconf 91' lang='lat' dir='ltr'><strong>illius</strong></span> <span class='ocrx_word' id='word_1_192' title='bbox 3575 1543 3700 1604; x_wconf 89' lang='lat' dir='ltr'><strong>post</strong></span> <span class='ocrx_word' id='word_1_193' title='bbox 3720 1549 3875 1588; x_wconf 83' lang='lat' dir='ltr'><strong>men-</strong></span> 
     </span>
    </p>
   </div>
   <div class='ocr_carea' id='block_1_31' title="bbox 2287 1625 3872 1703">
    <p class='ocr_par' dir='ltr' id='par_1_31' title="bbox 2287 1625 3872 1703">
     <span class='ocr_line' id='line_1_31' title="bbox 2287 1625 3872 1703; baseline -0.009 -11"><span class='ocrx_word' id='word_1_194' title='bbox 2287 1651 2404 1692; x_wconf 86' lang='lat' dir='ltr'><strong>sam</strong></span> <span class='ocrx_word' id='word_1_195' title='bbox 2435 1637 2488 1690; x_wconf 92' lang='lat' dir='ltr'><strong>in</strong></span> <span class='ocrx_word' id='word_1_196' title='bbox 2514 1635 2666 1689; x_wconf 88' lang='lat' dir='ltr'><strong>lectis</strong></span> <span class='ocrx_word' id='word_1_197' title='bbox 2692 1633 2804 1688; x_wconf 89' lang='lat' dir='ltr'><strong>suis</strong></span> <span class='ocrx_word' id='word_1_198' title='bbox 2829 1631 3204 1703; x_wconf 89' lang='lat' dir='ltr'><strong>pausantibus,</strong></span> <span class='ocrx_word' id='word_1_199' title='bbox 3232 1629 3410 1684; x_wconf 92' lang='lat' dir='ltr'><strong>subito</strong></span> <span class='ocrx_word' id='word_1_200' title='bbox 3433 1627 3648 1695; x_wconf 79' lang='lat' dir='ltr'><strong>fragore</strong></span> <span class='ocrx_word' id='word_1_201' title='bbox 3671 1625 3872 1681; x_wconf 67' lang='lat' dir='ltr'><strong>malum</strong></span> 
     </span>
    </p>
   </div>
   <div class='ocr_carea' id='block_1_32' title="bbox 2291 1721 3878 1794">
    <p class='ocr_par' dir='ltr' id='par_1_32' title="bbox 2291 1721 3878 1794">
     <span class='ocr_line' id='line_1_32' title="bbox 2291 1721 3878 1794; baseline -0.008 -11"><span class='ocrx_word' id='word_1_202' title='bbox 2291 1728 2545 1794; x_wconf 82' lang='lat' dir='ltr'><strong>intonuit,</strong></span> <span class='ocrx_word' id='word_1_203' title='bbox 2576 1735 2631 1782; x_wconf 88' lang='lat' dir='ltr'><strong>et</strong></span> <span class='ocrx_word' id='word_1_204' title='bbox 2655 1725 2996 1781; x_wconf 87' lang='lat' dir='ltr'><strong>vibrantibus</strong></span> <span class='ocrx_word' id='word_1_205' title='bbox 3027 1721 3266 1778; x_wconf 90' lang='lat' dir='ltr'><strong>coruscis</strong></span> <span class='ocrx_word' id='word_1_206' title='bbox 3296 1721 3487 1776; x_wconf 80' lang='lat' dir='ltr'><strong>crebra</strong></span> <span class='ocrx_word' id='word_1_207' title='bbox 3507 1735 3604 1790; x_wconf 89' lang='lat' dir='ltr'><strong>per</strong></span> <span class='ocrx_word' id='word_1_208' title='bbox 3630 1727 3878 1772; x_wconf 82' lang='lat' dir='ltr'><strong>montem</strong></span> 
     </span>
    </p>
   </div>
   <div class='ocr_carea' id='block_1_33' title="bbox 612 1810 2203 1913">
    <p class='ocr_par' dir='ltr' id='par_1_33' title="bbox 612 1837 2186 1913">
     <span class='ocr_line' id='line_1_33' title="bbox 612 1837 2186 1913; baseline -0.008 -10"><span class='ocrx_word' id='word_1_209' title='bbox 612 1849 758 1904; x_wconf 75' lang='lat' dir='ltr'><strong>Mors</strong></span> <span class='ocrx_word' id='word_1_210' title='bbox 787 1844 1059 1902; x_wconf 82' lang='lat' dir='ltr'><strong>Willielmi</strong></span> <span class='ocrx_word' id='word_1_211' title='bbox 1084 1843 1239 1913; x_wconf 79' lang='lat' dir='ltr'><strong>regis,</strong></span> <span class='ocrx_word' id='word_1_212' title='bbox 1268 1850 1315 1894; x_wconf 87' lang='lat' dir='ltr'><strong>et</strong></span> <span class='ocrx_word' id='word_1_213' title='bbox 1338 1856 1609 1913; x_wconf 85' lang='lat' dir='ltr'><strong>nova_cum</strong></span> <span class='ocrx_word' id='word_1_214' title='bbox 1633 1854 1932 1913; x_wconf 64' lang='lat' dir='ltr'><strong>successore</strong></span> <span class='ocrx_word' id='word_1_215' title='bbox 1955 1837 2186 1913; x_wconf 57' lang='lat' dir='ltr'><strong>[lanifica</strong></span> 
     </span>
    </p>
   </div>
   <div class='ocr_carea' id='block_1_34' title="bbox 2304 1810 3878 1913">
    <p class='ocr_par' dir='ltr' id='par_1_34' title="bbox 2304 1810 3878 1892">
     <span class='ocr_line' id='line_1_34' title="bbox 2304 1810 3878 1892; baseline -0.007 -18"><span class='ocrx_word' id='word_1_216' title='bbox 2304 1820 2501 1892; x_wconf 62' lang='lat' dir='ltr'><strong>Fulgura</strong></span> <span class='ocrx_word' id='word_1_217' title='bbox 2531 1818 2778 1873; x_wconf 88' lang='lat' dir='ltr'><strong>volitant.</strong></span> <span class='ocrx_word' id='word_1_218' title='bbox 2813 1815 3026 1872; x_wconf 87' lang='lat' dir='ltr'><strong>Crescit</strong></span> <span class='ocrx_word' id='word_1_219' title='bbox 3054 1823 3350 1884; x_wconf 88' lang='lat' dir='ltr'><strong>tempestas</strong></span> <span class='ocrx_word' id='word_1_220' title='bbox 3387 1812 3498 1878; x_wconf 89' lang='lat' dir='ltr'><strong>illa,</strong></span> <span class='ocrx_word' id='word_1_221' title='bbox 3532 1821 3587 1867; x_wconf 90' lang='lat' dir='ltr'><strong>et</strong></span> <span class='ocrx_word' id='word_1_222' title='bbox 3612 1810 3878 1880; x_wconf 88' lang='lat' dir='ltr'><strong>multipli-</strong></span> 
     </span>
    </p>
   </div>
   <div class='ocr_carea' id='block_1_35' title="bbox 681 1907 2188 1989">
    <p class='ocr_par' dir='ltr' id='par_1_35' title="bbox 681 1907 2188 1989">
     <span class='ocr_line' id='line_1_35' title="bbox 681 1907 2188 1989; baseline -0.007 -17"><span class='ocrx_word' id='word_1_223' title='bbox 681 1917 958 1989; x_wconf 67' lang='lat' dir='ltr'><strong>difﬁcultas</strong></span> <span class='ocrx_word' id='word_1_224' title='bbox 988 1917 1050 1969; x_wconf 88' lang='lat' dir='ltr'><strong>ob</strong></span> <span class='ocrx_word' id='word_1_225' title='bbox 1074 1907 1426 1976; x_wconf 60' lang='lat' dir='ltr'><strong>inuestituras.</strong></span> <span class='ocrx_word' id='word_1_226' title='bbox 1464 1909 1701 1963; x_wconf 74' lang='lat' dir='ltr'><strong>Romana</strong></span> <span class='ocrx_word' id='word_1_227' title='bbox 1725 1907 1934 1979; x_wconf 79' lang='lat' dir='ltr'><strong>legatio.</strong></span> <span class='ocrx_word' id='word_1_228' title='bbox 1970 1907 2188 1962; x_wconf 81' lang='lat' dir='ltr'><strong>Reditus</strong></span> 
     </span>
    </p>
   </div>
   <div class='ocr_carea' id='block_1_36' title="bbox 680 1987 1014 2044">
    <p class='ocr_par' dir='ltr' id='par_1_36' title="bbox 680 1987 1014 2044">
     <span class='ocr_line' id='line_1_36' title="bbox 680 1987 1014 2044; baseline -0.015 0"><span class='ocrx_word' id='word_1_229' title='bbox 680 1987 1014 2044; x_wconf 70' lang='lat' dir='ltr'><strong>interdictas.</strong></span> 
     </span>
    </p>
   </div>
   <div class='ocr_carea' id='block_1_37' title="bbox 685 2088 2193 2162">
    <p class='ocr_par' dir='ltr' id='par_1_37' title="bbox 685 2088 2193 2162">
     <span class='ocr_line' id='line_1_37' title="bbox 685 2088 2193 2162; baseline -0.007 -7"><span class='ocrx_word' id='word_1_230' title='bbox 685 2100 773 2155; x_wconf 76' lang='lat'><strong>55.</strong></span> <span class='ocrx_word' id='word_1_231' title='bbox 815 2099 960 2153; x_wconf 87' lang='lat' dir='ltr'><strong>Inter</strong></span> <span class='ocrx_word' id='word_1_232' title='bbox 988 2097 1103 2151; x_wconf 83' lang='lat' dir='ltr'><strong>haec</strong></span> <span class='ocrx_word' id='word_1_233' title='bbox 1139 2095 1393 2151; x_wconf 90' lang='lat' dir='ltr'><strong>Urbanus</strong></span> <span class='ocrx_word' id='word_1_234' title='bbox 1431 2091 1578 2148; x_wconf 87' lang='lat' dir='ltr'><strong>sedis</strong></span> <span class='ocrx_word' id='word_1_235' title='bbox 1615 2090 1924 2162; x_wconf 72' lang='lat' dir='ltr'><strong>apostolica:</strong></span> <span class='ocrx_word' id='word_1_236' title='bbox 1949 2088 2193 2161; x_wconf 83' lang='lat' dir='ltr'><strong>pontifex</strong></span> 
     </span>
    </p>
   </div>
   <div class='ocr_carea' id='block_1_38' title="bbox 617 2182 2194 2252">
    <p class='ocr_par' dir='ltr' id='par_1_38' title="bbox 617 2182 2194 2252">
     <span class='ocr_line' id='line_1_38' title="bbox 617 2182 2194 2252; baseline -0.008 -6"><span class='ocrx_word' id='word_1_237' title='bbox 617 2191 742 2246; x_wconf 87' lang='lat' dir='ltr'><strong>huic</strong></span> <span class='ocrx_word' id='word_1_238' title='bbox 767 2189 890 2243; x_wconf 75' lang='lat' dir='ltr'><strong>vitae</strong></span> <span class='ocrx_word' id='word_1_239' title='bbox 919 2186 1160 2250; x_wconf 84' lang='lat' dir='ltr'><strong>decedit;</strong></span> <span class='ocrx_word' id='word_1_240' title='bbox 1187 2191 1243 2240; x_wconf 91' lang='lat' dir='ltr'><strong>et</strong></span> <span class='ocrx_word' id='word_1_241' title='bbox 1263 2183 1331 2238; x_wconf 90' lang='lat' dir='ltr'><strong>ad</strong></span> <span class='ocrx_word' id='word_1_242' title='bbox 1360 2182 1606 2238; x_wconf 90' lang='lat' dir='ltr'><strong>inducias</strong></span> <span class='ocrx_word' id='word_1_243' title='bbox 1633 2196 1770 2252; x_wconf 81' lang='lat' dir='ltr'><strong>quas</strong></span> <span class='ocrx_word' id='word_1_244' title='bbox 1796 2182 1861 2236; x_wconf 91' lang='lat' dir='ltr'><strong>de</strong></span> <span class='ocrx_word' id='word_1_245' title='bbox 1892 2196 2054 2236; x_wconf 90' lang='lat' dir='ltr'><strong>causa</strong></span> <span class='ocrx_word' id='word_1_246' title='bbox 2079 2182 2194 2235; x_wconf 84' lang='lat' dir='ltr'><strong>An-</strong></span> 
     </span>
    </p>
   </div>
   <div class='ocr_carea' id='block_1_39' title="bbox 618 2273 2196 2350">
    <p class='ocr_par' dir='ltr' id='par_1_39' title="bbox 618 2273 2196 2350">
     <span class='ocr_line' id='line_1_39' title="bbox 618 2273 2196 2350; baseline -0.004 -14"><span class='ocrx_word' id='word_1_247' title='bbox 618 2281 772 2337; x_wconf 87' lang='lat' dir='ltr'><strong>selmi</strong></span> <span class='ocrx_word' id='word_1_248' title='bbox 818 2279 928 2350; x_wconf 89' lang='lat' dir='ltr'><strong>regi</strong></span> <span class='ocrx_word' id='word_1_249' title='bbox 980 2277 1230 2340; x_wconf 86' lang='lat' dir='ltr'><strong>dederat,</strong></span> <span class='ocrx_word' id='word_1_250' title='bbox 1291 2290 1396 2330; x_wconf 91' lang='lat' dir='ltr'><strong>non</strong></span> <span class='ocrx_word' id='word_1_251' title='bbox 1452 2274 1720 2344; x_wconf 88' lang='lat' dir='ltr'><strong>pervenit.</strong></span> <span class='ocrx_word' id='word_1_252' title='bbox 1786 2273 1903 2341; x_wconf 88' lang='lat' dir='ltr'><strong>Quo</strong></span> <span class='ocrx_word' id='word_1_253' title='bbox 1956 2283 2196 2344; x_wconf 83' lang='lat' dir='ltr'><strong>tempore</strong></span> 
     </span>
    </p>
   </div>
   <div class='ocr_carea' id='block_1_40' title="bbox 619 2366 2197 2437">
    <p class='ocr_par' dir='ltr' id='par_1_40' title="bbox 619 2366 2197 2437">
     <span class='ocr_line' id='line_1_40' title="bbox 619 2366 2197 2437; baseline -0.007 -8"><span class='ocrx_word' id='word_1_254' title='bbox 619 2374 785 2429; x_wconf 90' lang='lat' dir='ltr'><strong>multa</strong></span> <span class='ocrx_word' id='word_1_255' title='bbox 813 2372 977 2427; x_wconf 89' lang='lat' dir='ltr'><strong>etiam</strong></span> <span class='ocrx_word' id='word_1_256' title='bbox 1011 2371 1076 2424; x_wconf 91' lang='lat' dir='ltr'><strong>de</strong></span> <span class='ocrx_word' id='word_1_257' title='bbox 1106 2368 1246 2437; x_wconf 88' lang='lat' dir='ltr'><strong>regis</strong></span> <span class='ocrx_word' id='word_1_258' title='bbox 1286 2367 1507 2422; x_wconf 88' lang='lat' dir='ltr'><strong>interitu</strong></span> <span class='ocrx_word' id='word_1_259' title='bbox 1539 2382 1569 2420; x_wconf 92' lang='lat' dir='ltr'><strong>a</strong></span> <span class='ocrx_word' id='word_1_260' title='bbox 1609 2366 1793 2421; x_wconf 91' lang='lat' dir='ltr'><strong>multis</strong></span> <span class='ocrx_word' id='word_1_261' title='bbox 1823 2366 2197 2436; x_wconf 80' lang='lat' dir='ltr'><strong>praediceban-</strong></span> 
     </span>
    </p>
   </div>
   <div class='ocr_carea' id='block_1_41' title="bbox 620 2457 2196 2530">
    <p class='ocr_par' dir='ltr' id='par_1_41' title="bbox 620 2457 2196 2530">
     <span class='ocr_line' id='line_1_41' title="bbox 620 2457 2196 2530; baseline -0.006 -11"><span class='ocrx_word' id='word_1_262' title='bbox 620 2476 727 2530; x_wconf 87' lang='lat' dir='ltr'><strong>tur,</strong></span> <span class='ocrx_word' id='word_1_263' title='bbox 755 2475 811 2519; x_wconf 88' lang='lat' dir='ltr'><strong>et</strong></span> <span class='ocrx_word' id='word_1_264' title='bbox 838 2471 945 2516; x_wconf 90' lang='lat' dir='ltr'><strong>tam</strong></span> <span class='ocrx_word' id='word_1_265' title='bbox 977 2476 1042 2515; x_wconf 84' lang='lat' dir='ltr'><strong>ex</strong></span> <span class='ocrx_word' id='word_1_266' title='bbox 1074 2459 1240 2530; x_wconf 83' lang='lat' dir='ltr'><strong>signis</strong></span> <span class='ocrx_word' id='word_1_267' title='bbox 1265 2473 1383 2528; x_wconf 76' lang='lat' dir='ltr'><strong>quae</strong></span> <span class='ocrx_word' id='word_1_268' title='bbox 1415 2474 1550 2513; x_wconf 85' lang='lat' dir='ltr'><strong>nova</strong></span> <span class='ocrx_word' id='word_1_269' title='bbox 1581 2467 1636 2513; x_wconf 90' lang='lat' dir='ltr'><strong>et</strong></span> <span class='ocrx_word' id='word_1_270' title='bbox 1671 2457 1927 2512; x_wconf 87' lang='lat' dir='ltr'><strong>inusitata</strong></span> <span class='ocrx_word' id='word_1_271' title='bbox 1957 2472 2054 2528; x_wconf 92' lang='lat' dir='ltr'><strong>per</strong></span> <span class='ocrx_word' id='word_1_272' title='bbox 2083 2457 2196 2511; x_wconf 86' lang='lat' dir='ltr'><strong>An-</strong></span> 
     </span>
    </p>
   </div>
   <div class='ocr_carea' id='block_1_42' title="bbox 619 2548 2198 2626">
    <p class='ocr_par' dir='ltr' id='par_1_42' title="bbox 619 2548 2198 2626">
     <span class='ocr_line' id='line_1_42' title="bbox 619 2548 2198 2626; baseline -0.004 -18"><span class='ocrx_word' id='word_1_273' title='bbox 619 2554 782 2626; x_wconf 83' lang='lat' dir='ltr'><strong>gliam</strong></span> <span class='ocrx_word' id='word_1_274' title='bbox 812 2550 1272 2613; x_wconf 87' lang='lat' dir='ltr'><strong>monstrabantur,</strong></span> <span class='ocrx_word' id='word_1_275' title='bbox 1299 2564 1461 2618; x_wconf 91' lang='lat' dir='ltr'><strong>quam</strong></span> <span class='ocrx_word' id='word_1_276' title='bbox 1491 2564 1554 2604; x_wconf 86' lang='lat' dir='ltr'><strong>ex</strong></span> <span class='ocrx_word' id='word_1_277' title='bbox 1584 2548 1886 2604; x_wconf 88' lang='lat' dir='ltr'><strong>visionibus</strong></span> <span class='ocrx_word' id='word_1_278' title='bbox 1925 2563 2045 2618; x_wconf 62' lang='lat' dir='ltr'><strong>quae</strong></span> <span class='ocrx_word' id='word_1_279' title='bbox 2075 2548 2198 2618; x_wconf 90' lang='lat' dir='ltr'><strong>plu-</strong></span> 
     </span>
    </p>
   </div>
   <div class='ocr_carea' id='block_1_43' title="bbox 619 2639 2200 2713">
    <p class='ocr_par' dir='ltr' id='par_1_43' title="bbox 619 2639 2200 2713">
     <span class='ocr_line' id='line_1_43' title="bbox 619 2639 2200 2713; baseline -0.004 -12"><span class='ocrx_word' id='word_1_280' title='bbox 619 2646 772 2701; x_wconf 83' lang='lat' dir='ltr'><strong>ribus</strong></span> <span class='ocrx_word' id='word_1_281' title='bbox 819 2642 1084 2713; x_wconf 80' lang='lat' dir='ltr'><strong>religiosis</strong></span> <span class='ocrx_word' id='word_1_282' title='bbox 1127 2641 1377 2712; x_wconf 89' lang='lat' dir='ltr'><strong>personis</strong></span> <span class='ocrx_word' id='word_1_283' title='bbox 1431 2641 1834 2705; x_wconf 85' lang='lat' dir='ltr'><strong>revelabantur,</strong></span> <span class='ocrx_word' id='word_1_284' title='bbox 1887 2641 2012 2711; x_wconf 85' lang='lat' dir='ltr'><strong>quia</strong></span> <span class='ocrx_word' id='word_1_285' title='bbox 2067 2639 2200 2695; x_wconf 90' lang='lat' dir='ltr'><strong>ultio</strong></span> 
     </span>
    </p>
   </div>
   <div class='ocr_carea' id='block_1_44' title="bbox 619 2730 2201 2806">
    <p class='ocr_par' dir='ltr' id='par_1_44' title="bbox 619 2730 2201 2806">
     <span class='ocr_line' id='line_1_44' title="bbox 619 2730 2201 2806; baseline -0.004 -16"><span class='ocrx_word' id='word_1_286' title='bbox 619 2737 797 2791; x_wconf 87' lang='lat' dir='ltr'><strong>divina</strong></span> <span class='ocrx_word' id='word_1_287' title='bbox 830 2736 884 2790; x_wconf 93' lang='lat' dir='ltr'><strong>in</strong></span> <span class='ocrx_word' id='word_1_288' title='bbox 926 2734 1174 2806; x_wconf 88' lang='lat' dir='ltr'><strong>proximo</strong></span> <span class='ocrx_word' id='word_1_289' title='bbox 1221 2747 1344 2788; x_wconf 90' lang='lat' dir='ltr'><strong>eum</strong></span> <span class='ocrx_word' id='word_1_290' title='bbox 1391 2747 1490 2802; x_wconf 88' lang='lat' dir='ltr'><strong>pro</strong></span> <span class='ocrx_word' id='word_1_291' title='bbox 1531 2733 1910 2802; x_wconf 89' lang='lat' dir='ltr'><strong>persecutione</strong></span> <span class='ocrx_word' id='word_1_292' title='bbox 1960 2730 2201 2785; x_wconf 83' lang='lat' dir='ltr'><strong>Auselmi</strong></span> 
     </span>
    </p>
   </div>
   <div class='ocr_carea' id='block_1_45' title="bbox 619 2817 2204 2896">
    <p class='ocr_par' dir='ltr' id='par_1_45' title="bbox 619 2817 2204 2896">
     <span class='ocr_line' id='line_1_45' title="bbox 619 2817 2204 2896; baseline -0.004 -18"><span class='ocrx_word' id='word_1_293' title='bbox 619 2838 943 2896; x_wconf 88' lang='lat' dir='ltr'><strong>oppressura</strong></span> <span class='ocrx_word' id='word_1_294' title='bbox 982 2832 1128 2878; x_wconf 89' lang='lat' dir='ltr'><strong>esset</strong></span> <span class='ocrx_word' id='word_1_295' title='bbox 1161 2820 1459 2876; x_wconf 81' lang='lat' dir='ltr'><strong>ferebatur.</strong></span> <span class='ocrx_word' id='word_1_296' title='bbox 1501 2820 1609 2875; x_wconf 90' lang='lat' dir='ltr'><strong>Sed</strong></span> <span class='ocrx_word' id='word_1_297' title='bbox 1641 2819 1932 2874; x_wconf 84' lang='lat' dir='ltr'><strong>Anselmus</strong></span> <span class='ocrx_word' id='word_1_298' title='bbox 1975 2819 2026 2872; x_wconf 91' lang='lat' dir='ltr'><strong>in</strong></span> <span class='ocrx_word' id='word_1_299' title='bbox 2066 2817 2204 2872; x_wconf 90' lang='lat' dir='ltr'><strong>nihil</strong></span> 
     </span>
    </p>
   </div>
   <div class='ocr_carea' id='block_1_46' title="bbox 623 2909 2205 2981">
    <p class='ocr_par' dir='ltr' id='par_1_46' title="bbox 623 2909 2205 2981">
     <span class='ocr_line' id='line_1_46' title="bbox 623 2909 2205 2981; baseline -0.003 -13"><span class='ocrx_word' id='word_1_300' title='bbox 623 2915 815 2970; x_wconf 84' lang='lat' dir='ltr'><strong>horum</strong></span> <span class='ocrx_word' id='word_1_301' title='bbox 847 2913 1085 2967; x_wconf 91' lang='lat' dir='ltr'><strong>animum</strong></span> <span class='ocrx_word' id='word_1_302' title='bbox 1107 2926 1333 2981; x_wconf 87' lang='lat' dir='ltr'><strong>ponens,</strong></span> <span class='ocrx_word' id='word_1_303' title='bbox 1365 2909 1606 2980; x_wconf 88' lang='lat' dir='ltr'><strong>quotidie</strong></span> <span class='ocrx_word' id='word_1_304' title='bbox 1632 2924 1730 2980; x_wconf 93' lang='lat' dir='ltr'><strong>pro</strong></span> <span class='ocrx_word' id='word_1_305' title='bbox 1760 2909 2117 2964; x_wconf 89' lang='lat' dir='ltr'><strong>conversione</strong></span> <span class='ocrx_word' id='word_1_306' title='bbox 2151 2915 2205 2964; x_wconf 89' lang='lat' dir='ltr'><strong>et</strong></span> 
     </span>
    </p>
   </div>
   <div class='ocr_carea' id='block_1_47' title="bbox 625 3001 2204 3074">
    <p class='ocr_par' dir='ltr' id='par_1_47' title="bbox 625 3001 2204 3074">
     <span class='ocr_line' id='line_1_47' title="bbox 625 3001 2204 3074; baseline -0.003 -14"><span class='ocrx_word' id='word_1_307' title='bbox 625 3007 800 3060; x_wconf 88' lang='lat' dir='ltr'><strong>salute</strong></span> <span class='ocrx_word' id='word_1_308' title='bbox 843 3004 960 3073; x_wconf 88' lang='lat' dir='ltr'><strong>ejus</strong></span> <span class='ocrx_word' id='word_1_309' title='bbox 1007 3005 1175 3058; x_wconf 87' lang='lat' dir='ltr'><strong>Deum</strong></span> <span class='ocrx_word' id='word_1_310' title='bbox 1219 3002 1562 3074; x_wconf 87' lang='lat' dir='ltr'><strong>precabatur.</strong></span> <span class='ocrx_word' id='word_1_311' title='bbox 1613 3001 1752 3058; x_wconf 85' lang='lat' dir='ltr'><strong>ilinc</strong></span> <span class='ocrx_word' id='word_1_312' title='bbox 1794 3001 1973 3057; x_wconf 87' lang='lat' dir='ltr'><strong>exsilii</strong></span> <span class='ocrx_word' id='word_1_313' title='bbox 2030 3002 2204 3056; x_wconf 89' lang='lat' dir='ltr'><strong>nostri</strong></span> 
     </span>
    </p>
   </div>
   <div class='ocr_carea' id='block_1_48' title="bbox 626 3091 2205 3164">
    <p class='ocr_par' dir='ltr' id='par_1_48' title="bbox 626 3091 2205 3164">
     <span class='ocr_line' id='line_1_48' title="bbox 626 3091 2205 3164; baseline -0.001 -16"><span class='ocrx_word' id='word_1_314' title='bbox 626 3109 768 3150; x_wconf 89' lang='lat' dir='ltr'><strong>anno</strong></span> <span class='ocrx_word' id='word_1_315' title='bbox 796 3093 977 3161; x_wconf 89' lang='lat' dir='ltr'><strong>tertio,</strong></span> <span class='ocrx_word' id='word_1_316' title='bbox 1009 3093 1102 3164; x_wconf 89' lang='lat' dir='ltr'><strong>qui</strong></span> <span class='ocrx_word' id='word_1_317' title='bbox 1137 3107 1204 3146; x_wconf 85' lang='lat' dir='ltr'><strong>ex</strong></span> <span class='ocrx_word' id='word_1_318' title='bbox 1234 3106 1340 3162; x_wconf 91' lang='lat' dir='ltr'><strong>quo</strong></span> <span class='ocrx_word' id='word_1_319' title='bbox 1381 3091 1552 3148; x_wconf 82' lang='lat' dir='ltr'><strong>Roma</strong></span> <span class='ocrx_word' id='word_1_320' title='bbox 1597 3092 1916 3164; x_wconf 87' lang='lat' dir='ltr'><strong>Lugdunum</strong></span> <span class='ocrx_word' id='word_1_321' title='bbox 1959 3092 2205 3147; x_wconf 89' lang='lat' dir='ltr'><strong>venimus</strong></span> 
     </span>
    </p>
   </div>
   <div class='ocr_carea' id='block_1_49' title="bbox 624 3160 2279 3252">
    <p class='ocr_par' dir='ltr' id='par_1_49' title="bbox 624 3160 2279 3252">
     <span class='ocr_line' id='line_1_49' title="bbox 624 3160 2279 3252; baseline -0.004 -12"><span class='ocrx_word' id='word_1_322' title='bbox 624 3193 744 3241; x_wconf 86' lang='lat' dir='ltr'><strong>erat</strong></span> <span class='ocrx_word' id='word_1_323' title='bbox 765 3160 1052 3249; x_wconf 56' lang='lat' dir='ltr'><strong>secundus,</strong></span> <span class='ocrx_word' id='word_1_324' title='bbox 1083 3183 1180 3238; x_wconf 87' lang='lat' dir='ltr'><strong>ivit</strong></span> <span class='ocrx_word' id='word_1_325' title='bbox 1202 3160 1490 3238; x_wconf 81' lang='lat' dir='ltr'><strong>Anselmus</strong></span> <span class='ocrx_word' id='word_1_326' title='bbox 1509 3160 1891 3237; x_wconf 79' lang='lat' dir='ltr'><strong>Marciniacum</strong></span> <span class='ocrx_word' id='word_1_327' title='bbox 1921 3181 2034 3252; x_wconf 80' lang='lat'><strong>(55)</strong></span> <span class='ocrx_word' id='word_1_328' title='bbox 2061 3179 2206 3250; x_wconf 90' lang='lat' dir='ltr'><strong>loqui</strong></span> <span class='ocrx_word' id='word_1_329' title='bbox 2229 3160 2279 3222; x_wconf 72' lang='grc' dir='ltr'>ο</span> 
     </span>
    </p>
   </div>
   <div class='ocr_carea' id='block_1_50' title="bbox 626 3269 2210 3344">
    <p class='ocr_par' dir='ltr' id='par_1_50' title="bbox 626 3269 2210 3344">
     <span class='ocr_line' id='line_1_50' title="bbox 626 3269 2210 3344; baseline -0.004 -13"><span class='ocrx_word' id='word_1_330' title='bbox 626 3276 848 3331; x_wconf 89' lang='lat' dir='ltr'><strong>domino</strong></span> <span class='ocrx_word' id='word_1_331' title='bbox 871 3273 1056 3328; x_wconf 90' lang='lat' dir='ltr'><strong>abbati</strong></span> <span class='ocrx_word' id='word_1_332' title='bbox 1093 3272 1438 3328; x_wconf 88' lang='lat' dir='ltr'><strong>Cluniacensi</strong></span> <span class='ocrx_word' id='word_1_333' title='bbox 1467 3271 1674 3344; x_wconf 80' lang='lat' dir='ltr'><strong>ilugoni</strong></span> <span class='ocrx_word' id='word_1_334' title='bbox 1702 3281 1757 3326; x_wconf 87' lang='lat' dir='ltr'><strong>et</strong></span> <span class='ocrx_word' id='word_1_335' title='bbox 1782 3269 2210 3327; x_wconf 90' lang='lat' dir='ltr'><strong>sanctimoniali-</strong></span> 
     </span>
    </p>
   </div>
   <div class='ocr_carea' id='block_1_51' title="bbox 626 3362 2206 3433">
    <p class='ocr_par' dir='ltr' id='par_1_51' title="bbox 626 3362 2206 3433">
     <span class='ocr_line' id='line_1_51' title="bbox 626 3362 2206 3433; baseline -0.004 -11"><span class='ocrx_word' id='word_1_336' title='bbox 626 3367 746 3422; x_wconf 90' lang='lat' dir='ltr'><strong>bus.</strong></span> <span class='ocrx_word' id='word_1_337' title='bbox 782 3364 886 3422; x_wconf 88' lang='lat' dir='ltr'><strong>Ubi</strong></span> <span class='ocrx_word' id='word_1_338' title='bbox 927 3379 1049 3420; x_wconf 88' lang='lat' dir='ltr'><strong>cum</strong></span> <span class='ocrx_word' id='word_1_339' title='bbox 1094 3370 1221 3418; x_wconf 88' lang='lat' dir='ltr'><strong>ante</strong></span> <span class='ocrx_word' id='word_1_340' title='bbox 1262 3362 1438 3433; x_wconf 89' lang='lat' dir='ltr'><strong>ipsum</strong></span> <span class='ocrx_word' id='word_1_341' title='bbox 1475 3363 1726 3418; x_wconf 88' lang='lat' dir='ltr'><strong>abbatem</strong></span> <span class='ocrx_word' id='word_1_342' title='bbox 1751 3363 2206 3428; x_wconf 89' lang='lat' dir='ltr'><strong>consedissemus,</strong></span> 
     </span>
    </p>
   </div>
   <div class='ocr_carea' id='block_1_52' title="bbox 629 3453 2209 3526">
    <p class='ocr_par' dir='ltr' id='par_1_52' title="bbox 629 3453 2209 3526">
     <span class='ocr_line' id='line_1_52' title="bbox 629 3453 2209 3526; baseline -0.002 -14"><span class='ocrx_word' id='word_1_343' title='bbox 629 3465 684 3511; x_wconf 90' lang='lat' dir='ltr'><strong>et</strong></span> <span class='ocrx_word' id='word_1_344' title='bbox 721 3457 790 3512; x_wconf 93' lang='lat' dir='ltr'><strong>de</strong></span> <span class='ocrx_word' id='word_1_345' title='bbox 833 3456 918 3511; x_wconf 91' lang='lat' dir='ltr'><strong>his</strong></span> <span class='ocrx_word' id='word_1_346' title='bbox 956 3470 1076 3526; x_wconf 67' lang='lat' dir='ltr'><strong>qua:</strong></span> <span class='ocrx_word' id='word_1_347' title='bbox 1111 3455 1254 3510; x_wconf 87' lang='lat' dir='ltr'><strong>inter</strong></span> <span class='ocrx_word' id='word_1_348' title='bbox 1287 3453 1602 3510; x_wconf 85' lang='lat' dir='ltr'><strong>Anselmum</strong></span> <span class='ocrx_word' id='word_1_349' title='bbox 1632 3463 1687 3510; x_wconf 90' lang='lat' dir='ltr'><strong>et</strong></span> <span class='ocrx_word' id='word_1_350' title='bbox 1721 3468 1902 3524; x_wconf 90' lang='lat' dir='ltr'><strong>regem</strong></span> <span class='ocrx_word' id='word_1_351' title='bbox 1940 3469 2006 3510; x_wconf 88' lang='lat' dir='ltr'><strong>eo</strong></span> <span class='ocrx_word' id='word_1_352' title='bbox 2034 3469 2209 3525; x_wconf 84' lang='lat' dir='ltr'><strong>usque</strong></span> 
     </span>
    </p>
   </div>
   <div class='ocr_carea' id='block_1_53' title="bbox 629 3545 2208 3616">
    <p class='ocr_par' dir='ltr' id='par_1_53' title="bbox 629 3545 2208 3616">
     <span class='ocr_line' id='line_1_53' title="bbox 629 3545 2208 3616; baseline -0.001 -13"><span class='ocrx_word' id='word_1_353' title='bbox 629 3549 1010 3614; x_wconf 88' lang='lat' dir='ltr'><strong>versabantur,</strong></span> <span class='ocrx_word' id='word_1_354' title='bbox 1041 3548 1208 3602; x_wconf 89' lang='lat' dir='ltr'><strong>verba</strong></span> <span class='ocrx_word' id='word_1_355' title='bbox 1232 3555 1290 3600; x_wconf 89' lang='lat' dir='ltr'><strong>ut</strong></span> <span class='ocrx_word' id='word_1_356' title='bbox 1320 3545 1379 3601; x_wconf 86' lang='lat' dir='ltr'><strong>fit</strong></span> <span class='ocrx_word' id='word_1_357' title='bbox 1407 3547 1660 3602; x_wconf 87' lang='lat' dir='ltr'><strong>nonnulla</strong></span> <span class='ocrx_word' id='word_1_358' title='bbox 1690 3547 1816 3602; x_wconf 92' lang='lat' dir='ltr'><strong>hinc</strong></span> <span class='ocrx_word' id='word_1_359' title='bbox 1843 3547 1967 3601; x_wconf 89' lang='lat' dir='ltr'><strong>inde</strong></span> <span class='ocrx_word' id='word_1_360' title='bbox 1996 3547 2208 3616; x_wconf 89' lang='lat' dir='ltr'><strong>profer-</strong></span> 
     </span>
    </p>
   </div>
   <div class='ocr_carea' id='block_1_54' title="bbox 633 3635 2210 3707">
    <p class='ocr_par' dir='ltr' id='par_1_54' title="bbox 633 3635 2210 3707">
     <span class='ocr_line' id='line_1_54' title="bbox 633 3635 2210 3707; baseline -0.003 -11"><span class='ocrx_word' id='word_1_361' title='bbox 633 3649 842 3707; x_wconf 85' lang='lat' dir='ltr'><strong>rentur,</strong></span> <span class='ocrx_word' id='word_1_362' title='bbox 879 3638 1058 3692; x_wconf 90' lang='lat' dir='ltr'><strong>intulit</strong></span> <span class='ocrx_word' id='word_1_363' title='bbox 1084 3637 1224 3692; x_wconf 92' lang='lat' dir='ltr'><strong>idem</strong></span> <span class='ocrx_word' id='word_1_364' title='bbox 1258 3635 1580 3691; x_wconf 88' lang='lat' dir='ltr'><strong>venerabilis</strong></span> <span class='ocrx_word' id='word_1_365' title='bbox 1620 3637 1790 3692; x_wconf 85' lang='lat' dir='ltr'><strong>abbas</strong></span> <span class='ocrx_word' id='word_1_366' title='bbox 1835 3636 1935 3691; x_wconf 89' lang='lat' dir='ltr'><strong>sub</strong></span> <span class='ocrx_word' id='word_1_367' title='bbox 1967 3637 2210 3692; x_wconf 89' lang='lat' dir='ltr'><strong>testimo-</strong></span> 
     </span>
    </p>
   </div>
   <div class='ocr_carea' id='block_1_55' title="bbox 634 3728 2211 3799">
    <p class='ocr_par' dir='ltr' id='par_1_55' title="bbox 634 3728 2211 3799">
     <span class='ocr_line' id='line_1_55' title="bbox 634 3728 2211 3799; baseline -0.002 -11"><span class='ocrx_word' id='word_1_368' title='bbox 634 3733 725 3788; x_wconf 91' lang='lat' dir='ltr'><strong>nio</strong></span> <span class='ocrx_word' id='word_1_369' title='bbox 739 3730 985 3785; x_wconf 89' lang='lat' dir='ltr'><strong>veritatis</strong></span> <span class='ocrx_word' id='word_1_370' title='bbox 1009 3728 1254 3799; x_wconf 85' lang='lat' dir='ltr'><strong>proxime</strong></span> <span class='ocrx_word' id='word_1_371' title='bbox 1275 3728 1546 3798; x_wconf 64' lang='lat' dir='ltr'><strong>praeterita</strong></span> <span class='ocrx_word' id='word_1_372' title='bbox 1575 3738 1732 3783; x_wconf 91' lang='lat' dir='ltr'><strong>nocte</strong></span> <span class='ocrx_word' id='word_1_373' title='bbox 1752 3729 2002 3784; x_wconf 91' lang='lat' dir='ltr'><strong>eumdem</strong></span> <span class='ocrx_word' id='word_1_374' title='bbox 2029 3743 2211 3797; x_wconf 81' lang='lat' dir='ltr'><strong>regem</strong></span> 
     </span>
    </p>
   </div>
   <div class='ocr_carea' id='block_1_56' title="bbox 636 3819 2215 3889">
    <p class='ocr_par' dir='ltr' id='par_1_56' title="bbox 636 3819 2215 3889">
     <span class='ocr_line' id='line_1_56' title="bbox 636 3819 2215 3889; baseline -0.003 -11"><span class='ocrx_word' id='word_1_375' title='bbox 636 3831 761 3878; x_wconf 89' lang='lat' dir='ltr'><strong>ante</strong></span> <span class='ocrx_word' id='word_1_376' title='bbox 807 3821 1061 3876; x_wconf 86' lang='lat' dir='ltr'><strong>thronum</strong></span> <span class='ocrx_word' id='word_1_377' title='bbox 1089 3820 1206 3874; x_wconf 79' lang='lat' dir='ltr'><strong>-Dei</strong></span> <span class='ocrx_word' id='word_1_378' title='bbox 1253 3828 1586 3884; x_wconf 89' lang='lat' dir='ltr'><strong>accusatum,</strong></span> <span class='ocrx_word' id='word_1_379' title='bbox 1630 3819 1953 3889; x_wconf 89' lang='lat' dir='ltr'><strong>judicatum,</strong></span> <span class='ocrx_word' id='word_1_380' title='bbox 1997 3828 2215 3874; x_wconf 81' lang='lat' dir='ltr'><strong>senten-</strong></span> 
     </span>
    </p>
   </div>
   <div class='ocr_carea' id='block_1_57' title="bbox 641 3909 2214 3982">
    <p class='ocr_par' dir='ltr' id='par_1_57' title="bbox 641 3909 2214 3982">
     <span class='ocr_line' id='line_1_57' title="bbox 641 3909 2214 3982; baseline -0.001 -16"><span class='ocrx_word' id='word_1_381' title='bbox 641 3915 878 3982; x_wconf 89' lang='lat' dir='ltr'><strong>tiamque</strong></span> <span class='ocrx_word' id='word_1_382' title='bbox 901 3909 1264 3968; x_wconf 88' lang='lat' dir='ltr'><strong>damnationis</strong></span> <span class='ocrx_word' id='word_1_383' title='bbox 1302 3910 1356 3963; x_wconf 89' lang='lat' dir='ltr'><strong>in</strong></span> <span class='ocrx_word' id='word_1_384' title='bbox 1385 3925 1508 3965; x_wconf 89' lang='lat' dir='ltr'><strong>eum</strong></span> <span class='ocrx_word' id='word_1_385' title='bbox 1536 3909 1951 3980; x_wconf 85' lang='lat' dir='ltr'><strong>promulgatam.</strong></span> <span class='ocrx_word' id='word_1_386' title='bbox 1987 3910 2066 3964; x_wconf 86' lang='lat' dir='ltr'><strong>Ex</strong></span> <span class='ocrx_word' id='word_1_387' title='bbox 2091 3911 2214 3981; x_wconf 87' lang='lat' dir='ltr'><strong>qui-</strong></span> 
     </span>
    </p>
   </div>
   <div class='ocr_carea' id='block_1_58' title="bbox 637 4003 2216 4074">
    <p class='ocr_par' dir='ltr' id='par_1_58' title="bbox 637 4003 2216 4074">
     <span class='ocr_line' id='line_1_58' title="bbox 637 4003 2216 4074; baseline 0 -15"><span class='ocrx_word' id='word_1_388' title='bbox 637 4005 736 4059; x_wconf 92' lang='lat' dir='ltr'><strong>bus</strong></span> <span class='ocrx_word' id='word_1_389' title='bbox 773 4005 949 4058; x_wconf 87' lang='lat' dir='ltr'><strong>verbis</strong></span> <span class='ocrx_word' id='word_1_390' title='bbox 975 4003 1226 4058; x_wconf 86' lang='lat' dir='ltr'><strong>admirati</strong></span> <span class='ocrx_word' id='word_1_391' title='bbox 1254 4018 1358 4057; x_wconf 90' lang='lat' dir='ltr'><strong>non</strong></span> <span class='ocrx_word' id='word_1_392' title='bbox 1390 4003 1598 4058; x_wconf 88' lang='lat' dir='ltr'><strong>modice</strong></span> <span class='ocrx_word' id='word_1_393' title='bbox 1627 4018 1834 4068; x_wconf 88' lang='lat' dir='ltr'><strong>sumus,</strong></span> <span class='ocrx_word' id='word_1_394' title='bbox 1865 4004 1958 4058; x_wconf 89' lang='lat' dir='ltr'><strong>sed</strong></span> <span class='ocrx_word' id='word_1_395' title='bbox 1987 4018 2216 4074; x_wconf 87' lang='lat' dir='ltr'><strong>perpen-</strong></span> 
     </span>
    </p>
   </div>
   <div class='ocr_carea' id='block_1_59' title="bbox 638 4093 2213 4164">
    <p class='ocr_par' dir='ltr' id='par_1_59' title="bbox 638 4093 2213 4164">
     <span class='ocr_line' id='line_1_59' title="bbox 638 4093 2213 4164; baseline -0.001 -13"><span class='ocrx_word' id='word_1_396' title='bbox 638 4097 828 4152; x_wconf 89' lang='lat' dir='ltr'><strong>dentes</strong></span> <span class='ocrx_word' id='word_1_397' title='bbox 867 4094 1221 4149; x_wconf 87' lang='lat' dir='ltr'><strong>eminentiam</strong></span> <span class='ocrx_word' id='word_1_398' title='bbox 1269 4093 1572 4148; x_wconf 90' lang='lat' dir='ltr'><strong>sanctitatis</strong></span> <span class='ocrx_word' id='word_1_399' title='bbox 1607 4108 1671 4147; x_wconf 88' lang='lat' dir='ltr'><strong>ac</strong></span> <span class='ocrx_word' id='word_1_400' title='bbox 1710 4095 2030 4149; x_wconf 86' lang='lat' dir='ltr'><strong>reverentiae</strong></span> <span class='ocrx_word' id='word_1_401' title='bbox 2073 4093 2213 4164; x_wconf 90' lang='lat' dir='ltr'><strong>ejus,</strong></span> 
     </span>
    </p>
   </div>
   <div class='ocr_carea' id='block_1_60' title="bbox 639 4185 2212 4256">
    <p class='ocr_par' dir='ltr' id='par_1_60' title="bbox 639 4185 2212 4256">
     <span class='ocr_line' id='line_1_60' title="bbox 639 4185 2212 4256; baseline 0.001 -16"><span class='ocrx_word' id='word_1_402' title='bbox 639 4188 798 4242; x_wconf 83' lang='lat' dir='ltr'><strong>fidem</strong></span> <span class='ocrx_word' id='word_1_403' title='bbox 828 4187 914 4240; x_wconf 92' lang='lat' dir='ltr'><strong>his</strong></span> <span class='ocrx_word' id='word_1_404' title='bbox 943 4200 1062 4256; x_wconf 75' lang='lat' dir='ltr'><strong>qua:</strong></span> <span class='ocrx_word' id='word_1_405' title='bbox 1103 4186 1335 4249; x_wconf 90' lang='lat' dir='ltr'><strong>dicebat,</strong></span> <span class='ocrx_word' id='word_1_406' title='bbox 1377 4185 1685 4242; x_wconf 89' lang='lat' dir='ltr'><strong>nullatenus</strong></span> <span class='ocrx_word' id='word_1_407' title='bbox 1729 4201 1835 4240; x_wconf 91' lang='lat' dir='ltr'><strong>non</strong></span> <span class='ocrx_word' id='word_1_408' title='bbox 1877 4185 2078 4243; x_wconf 88' lang='lat' dir='ltr'><strong>habere</strong></span> <span class='ocrx_word' id='word_1_409' title='bbox 2117 4202 2212 4241; x_wconf 86' lang='lat' dir='ltr'><strong>ne-</strong></span> 
     </span>
    </p>
   </div>
   <div class='ocr_carea' id='block_1_61' title="bbox 641 4289 932 4344">
    <p class='ocr_par' dir='ltr' id='par_1_61' title="bbox 641 4289 932 4344">
     <span class='ocr_line' id='line_1_61' title="bbox 641 4289 932 4344; baseline 0 -17"><span class='ocrx_word' id='word_1_410' title='bbox 641 4289 932 4344; x_wconf 75' lang='lat' dir='ltr'><strong>qmvnmus.</strong></span> 
     </span>
    </p>
   </div>
   <div class='ocr_carea' id='block_1_62' title="bbox 713 4365 2217 4436">
    <p class='ocr_par' dir='ltr' id='par_1_62' title="bbox 713 4365 2217 4436">
     <span class='ocr_line' id='line_1_62' title="bbox 713 4365 2217 4436; baseline 0.003 -17"><span class='ocrx_word' id='word_1_411' title='bbox 713 4365 802 4420; x_wconf 85' lang='lat'><strong>56.</strong></span> <span class='ocrx_word' id='word_1_412' title='bbox 838 4365 1058 4422; x_wconf 87' lang='lat' dir='ltr'><strong>Postera</strong></span> <span class='ocrx_word' id='word_1_413' title='bbox 1091 4365 1178 4420; x_wconf 89' lang='lat' dir='ltr'><strong>die</strong></span> <span class='ocrx_word' id='word_1_414' title='bbox 1207 4380 1328 4420; x_wconf 90' lang='lat' dir='ltr'><strong>eum</strong></span> <span class='ocrx_word' id='word_1_415' title='bbox 1362 4365 1488 4420; x_wconf 89' lang='lat' dir='ltr'><strong>inde</strong></span> <span class='ocrx_word' id='word_1_416' title='bbox 1513 4366 1738 4436; x_wconf 89' lang='lat' dir='ltr'><strong>digressi</strong></span> <span class='ocrx_word' id='word_1_417' title='bbox 1772 4367 2085 4436; x_wconf 87' lang='lat' dir='ltr'><strong>Lugdunum</strong></span> <span class='ocrx_word' id='word_1_418' title='bbox 2125 4383 2217 4423; x_wconf 86' lang='lat' dir='ltr'><strong>ve-</strong></span> 
     </span>
    </p>
   </div>
   <div class='ocr_carea' id='block_1_63' title="bbox 2291 1900 3878 1974">
    <p class='ocr_par' dir='ltr' id='par_1_63' title="bbox 2291 1900 3878 1974">
     <span class='ocr_line' id='line_1_63' title="bbox 2291 1900 3878 1974; baseline -0.007 -8"><span class='ocrx_word' id='word_1_419' title='bbox 2291 1918 2409 1966; x_wconf 87' lang='lat' dir='ltr'><strong>cata</strong></span> <span class='ocrx_word' id='word_1_420' title='bbox 2441 1923 2546 1964; x_wconf 85' lang='lat' dir='ltr'><strong>non</strong></span> <span class='ocrx_word' id='word_1_421' title='bbox 2593 1909 2866 1962; x_wconf 88' lang='lat' dir='ltr'><strong>modicum</strong></span> <span class='ocrx_word' id='word_1_422' title='bbox 2903 1905 3146 1960; x_wconf 86' lang='lat' dir='ltr'><strong>fulminis</strong></span> <span class='ocrx_word' id='word_1_423' title='bbox 3176 1919 3337 1974; x_wconf 87' lang='lat' dir='ltr'><strong>super</strong></span> <span class='ocrx_word' id='word_1_424' title='bbox 3374 1905 3618 1967; x_wconf 88' lang='lat' dir='ltr'><strong>donnnn,</strong></span> <span class='ocrx_word' id='word_1_425' title='bbox 3655 1918 3763 1970; x_wconf 89' lang='lat' dir='ltr'><strong>qua</strong></span> <span class='ocrx_word' id='word_1_426' title='bbox 3791 1900 3878 1955; x_wconf 88' lang='lat' dir='ltr'><strong>fe-</strong></span> 
     </span>
    </p>
   </div>
   <div class='ocr_carea' id='block_1_64' title="bbox 2292 1994 3878 2067">
    <p class='ocr_par' dir='ltr' id='par_1_64' title="bbox 2292 1994 3878 2067">
     <span class='ocr_line' id='line_1_64' title="bbox 2292 1994 3878 2067; baseline -0.006 -11"><span class='ocrx_word' id='word_1_427' title='bbox 2292 2017 2421 2057; x_wconf 89' lang='lat' dir='ltr'><strong>num</strong></span> <span class='ocrx_word' id='word_1_428' title='bbox 2446 1999 2762 2056; x_wconf 87' lang='lat' dir='ltr'><strong>monasterii</strong></span> <span class='ocrx_word' id='word_1_429' title='bbox 2791 1999 3135 2064; x_wconf 88' lang='lat' dir='ltr'><strong>servabatur,</strong></span> <span class='ocrx_word' id='word_1_430' title='bbox 3173 1997 3492 2067; x_wconf 88' lang='lat' dir='ltr'><strong>praecipitat.</strong></span> <span class='ocrx_word' id='word_1_431' title='bbox 3528 1994 3681 2050; x_wconf 89' lang='lat' dir='ltr'><strong>Unde</strong></span> <span class='ocrx_word' id='word_1_432' title='bbox 3711 1995 3878 2064; x_wconf 90' lang='lat' dir='ltr'><strong>proti-</strong></span> 
     </span>
    </p>
   </div>
   <div class='ocr_carea' id='block_1_65' title="bbox 2293 2088 3882 2163">
    <p class='ocr_par' dir='ltr' id='par_1_65' title="bbox 2293 2088 3882 2163">
     <span class='ocr_line' id='line_1_65' title="bbox 2293 2088 3882 2163; baseline -0.006 -14"><span class='ocrx_word' id='word_1_433' title='bbox 2293 2109 2397 2149; x_wconf 89' lang='lat' dir='ltr'><strong>nus</strong></span> <span class='ocrx_word' id='word_1_434' title='bbox 2424 2093 2677 2149; x_wconf 88' lang='lat' dir='ltr'><strong>horridus</strong></span> <span class='ocrx_word' id='word_1_435' title='bbox 2703 2091 2842 2163; x_wconf 86' lang='lat' dir='ltr'><strong>ignis</strong></span> <span class='ocrx_word' id='word_1_436' title='bbox 2866 2106 3127 2146; x_wconf 91' lang='lat' dir='ltr'><strong>accensus</strong></span> <span class='ocrx_word' id='word_1_437' title='bbox 3152 2091 3495 2145; x_wconf 87' lang='lat' dir='ltr'><strong>teterrinnnu</strong></span> <span class='ocrx_word' id='word_1_438' title='bbox 3519 2098 3687 2159; x_wconf 87' lang='lat' dir='ltr'><strong>atque</strong></span> <span class='ocrx_word' id='word_1_439' title='bbox 3713 2088 3882 2144; x_wconf 81' lang='lat' dir='ltr'><strong>feten-</strong></span> 
     </span>
    </p>
   </div>
   <div class='ocr_carea' id='block_1_66' title="bbox 2297 2179 3883 2253">
    <p class='ocr_par' dir='ltr' id='par_1_66' title="bbox 2297 2179 3883 2253">
     <span class='ocr_line' id='line_1_66' title="bbox 2297 2179 3883 2253; baseline -0.006 -12"><span class='ocrx_word' id='word_1_440' title='bbox 2297 2195 2404 2241; x_wconf 90' lang='lat' dir='ltr'><strong>tem</strong></span> <span class='ocrx_word' id='word_1_441' title='bbox 2432 2199 2498 2240; x_wconf 88' lang='lat' dir='ltr'><strong>ex</strong></span> <span class='ocrx_word' id='word_1_442' title='bbox 2525 2200 2584 2240; x_wconf 92' lang='lat' dir='ltr'><strong>se</strong></span> <span class='ocrx_word' id='word_1_443' title='bbox 2604 2185 2811 2238; x_wconf 92' lang='lat' dir='ltr'><strong>fumum</strong></span> <span class='ocrx_word' id='word_1_444' title='bbox 2843 2199 2940 2253; x_wconf 91' lang='lat' dir='ltr'><strong>per</strong></span> <span class='ocrx_word' id='word_1_445' title='bbox 2967 2198 3092 2238; x_wconf 87' lang='lat' dir='ltr'><strong>aera</strong></span> <span class='ocrx_word' id='word_1_446' title='bbox 3122 2183 3345 2252; x_wconf 88' lang='lat' dir='ltr'><strong>spargit.</strong></span> <span class='ocrx_word' id='word_1_447' title='bbox 3372 2181 3694 2249; x_wconf 86' lang='lat' dir='ltr'><strong>Quicunque</strong></span> <span class='ocrx_word' id='word_1_448' title='bbox 3718 2179 3883 2248; x_wconf 86' lang='lat' dir='ltr'><strong>igitur</strong></span> 
     </span>
    </p>
   </div>
   <div class='ocr_carea' id='block_1_67' title="bbox 2297 2267 3881 2342">
    <p class='ocr_par' dir='ltr' id='par_1_67' title="bbox 2297 2267 3881 2342">
     <span class='ocr_line' id='line_1_67' title="bbox 2297 2267 3881 2342; baseline -0.007 -11"><span class='ocrx_word' id='word_1_449' title='bbox 2297 2291 2418 2331; x_wconf 90' lang='lat' dir='ltr'><strong>cum</strong></span> <span class='ocrx_word' id='word_1_450' title='bbox 2477 2273 2733 2329; x_wconf 85' lang='lat' dir='ltr'><strong>Anselmo</strong></span> <span class='ocrx_word' id='word_1_451' title='bbox 2778 2272 2833 2327; x_wconf 91' lang='lat' dir='ltr'><strong>in</strong></span> <span class='ocrx_word' id='word_1_452' title='bbox 2881 2271 3117 2342; x_wconf 90' lang='lat' dir='ltr'><strong>hospitio</strong></span> <span class='ocrx_word' id='word_1_453' title='bbox 3162 2279 3342 2335; x_wconf 87' lang='lat' dir='ltr'><strong>erant,</strong></span> <span class='ocrx_word' id='word_1_454' title='bbox 3391 2270 3586 2325; x_wconf 90' lang='lat' dir='ltr'><strong>timore</strong></span> <span class='ocrx_word' id='word_1_455' title='bbox 3625 2267 3881 2322; x_wconf 88' lang='lat' dir='ltr'><strong>concussi</strong></span> 
     </span>
    </p>
   </div>
   <div class='ocr_carea' id='block_1_68' title="bbox 2298 2359 3884 2435">
    <p class='ocr_par' dir='ltr' id='par_1_68' title="bbox 2298 2359 3884 2435">
     <span class='ocr_line' id='line_1_68' title="bbox 2298 2359 3884 2435; baseline -0.008 -11"><span class='ocrx_word' id='word_1_456' title='bbox 2298 2368 2594 2425; x_wconf 87' lang='lat' dir='ltr'><strong>dissiliunt.</strong></span> <span class='ocrx_word' id='word_1_457' title='bbox 2626 2366 2884 2421; x_wconf 79' lang='lat' dir='ltr'><strong>Remansi</strong></span> <span class='ocrx_word' id='word_1_458' title='bbox 2916 2365 3100 2435; x_wconf 86' lang='lat' dir='ltr'><strong>itaque</strong></span> <span class='ocrx_word' id='word_1_459' title='bbox 3146 2363 3293 2418; x_wconf 93' lang='lat' dir='ltr'><strong>solus</strong></span> <span class='ocrx_word' id='word_1_460' title='bbox 3336 2378 3458 2417; x_wconf 90' lang='lat' dir='ltr'><strong>cum</strong></span> <span class='ocrx_word' id='word_1_461' title='bbox 3502 2360 3640 2416; x_wconf 89' lang='lat' dir='ltr'><strong>solo.</strong></span> <span class='ocrx_word' id='word_1_462' title='bbox 3677 2360 3748 2413; x_wconf 84' lang='lat' dir='ltr'><strong>At</strong></span> <span class='ocrx_word' id='word_1_463' title='bbox 3797 2359 3884 2414; x_wconf 86' lang='lat' dir='ltr'><strong>ille</strong></span> 
     </span>
    </p>
   </div>
   <div class='ocr_carea' id='block_1_69' title="bbox 2297 2455 3881 2525">
    <p class='ocr_par' dir='ltr' id='par_1_69' title="bbox 2297 2455 3881 2525">
     <span class='ocr_line' id='line_1_69' title="bbox 2297 2455 3881 2525; baseline -0.009 -10"><span class='ocrx_word' id='word_1_464' title='bbox 2297 2461 2439 2517; x_wconf 92' lang='lat' dir='ltr'><strong>lecto</strong></span> <span class='ocrx_word' id='word_1_465' title='bbox 2469 2459 2656 2515; x_wconf 90' lang='lat' dir='ltr'><strong>volens</strong></span> <span class='ocrx_word' id='word_1_466' title='bbox 2684 2456 3034 2522; x_wconf 84' lang='lat' dir='ltr'><strong>decumbere,</strong></span> <span class='ocrx_word' id='word_1_467' title='bbox 3066 2455 3422 2525; x_wconf 79' lang='lat' dir='ltr'><strong>interrogavit</strong></span> <span class='ocrx_word' id='word_1_468' title='bbox 3454 2469 3537 2508; x_wconf 89' lang='lat' dir='ltr'><strong>me</strong></span> <span class='ocrx_word' id='word_1_469' title='bbox 3566 2461 3881 2505; x_wconf 90' lang='lat' dir='ltr'><strong>utrumnam</strong></span> 
     </span>
    </p>
   </div>
   <div class='ocr_carea' id='block_1_70' title="bbox 2299 2544 3885 2624">
    <p class='ocr_par' dir='ltr' id='par_1_70' title="bbox 2299 2544 3885 2624">
     <span class='ocr_line' id='line_1_70' title="bbox 2299 2544 3885 2624; baseline -0.008 -17"><span class='ocrx_word' id='word_1_470' title='bbox 2299 2552 2458 2624; x_wconf 85' lang='lat' dir='ltr'><strong>ignis,</strong></span> <span class='ocrx_word' id='word_1_471' title='bbox 2501 2551 2592 2620; x_wconf 90' lang='lat' dir='ltr'><strong>qui</strong></span> <span class='ocrx_word' id='word_1_472' title='bbox 2622 2556 2899 2619; x_wconf 87' lang='lat' dir='ltr'><strong>eruperat,</strong></span> <span class='ocrx_word' id='word_1_473' title='bbox 2939 2548 3148 2618; x_wconf 87' lang='lat' dir='ltr'><strong>sepitus</strong></span> <span class='ocrx_word' id='word_1_474' title='bbox 3173 2555 3342 2602; x_wconf 87' lang='lat' dir='ltr'><strong>esset.</strong></span> <span class='ocrx_word' id='word_1_475' title='bbox 3374 2544 3472 2598; x_wconf 86' lang='lat' dir='ltr'><strong>Cui</strong></span> <span class='ocrx_word' id='word_1_476' title='bbox 3503 2559 3626 2598; x_wconf 88' lang='lat' dir='ltr'><strong>cum</strong></span> <span class='ocrx_word' id='word_1_477' title='bbox 3659 2558 3885 2611; x_wconf 87' lang='lat' dir='ltr'><strong>respon-</strong></span> 
     </span>
    </p>
   </div>
   <div class='ocr_carea' id='block_1_71' title="bbox 2301 2638 3885 2717">
    <p class='ocr_par' dir='ltr' id='par_1_71' title="bbox 2301 2638 3885 2717">
     <span class='ocr_line' id='line_1_71' title="bbox 2301 2638 3885 2717; baseline -0.008 -12"><span class='ocrx_word' id='word_1_478' title='bbox 2301 2650 2487 2706; x_wconf 88' lang='lat' dir='ltr'><strong>derem</strong></span> <span class='ocrx_word' id='word_1_479' title='bbox 2518 2657 2737 2703; x_wconf 88' lang='lat' dir='ltr'><strong>auctum</strong></span> <span class='ocrx_word' id='word_1_480' title='bbox 2767 2647 2946 2717; x_wconf 91' lang='lat' dir='ltr'><strong>potius</strong></span> <span class='ocrx_word' id='word_1_481' title='bbox 2971 2660 3137 2714; x_wconf 89' lang='lat' dir='ltr'><strong>quam</strong></span> <span class='ocrx_word' id='word_1_482' title='bbox 3173 2643 3405 2712; x_wconf 88' lang='lat' dir='ltr'><strong>sopitum</strong></span> <span class='ocrx_word' id='word_1_483' title='bbox 3433 2655 3573 2704; x_wconf 89' lang='lat' dir='ltr'><strong>esse,</strong></span> <span class='ocrx_word' id='word_1_484' title='bbox 3605 2638 3784 2694; x_wconf 85' lang='lat' dir='ltr'><strong>erexit</strong></span> <span class='ocrx_word' id='word_1_485' title='bbox 3808 2653 3885 2700; x_wconf 88' lang='lat' dir='ltr'><strong>se,</strong></span> 
     </span>
    </p>
   </div>
   <div class='ocr_carea' id='block_1_72' title="bbox 2303 2729 3887 2810">
    <p class='ocr_par' dir='ltr' id='par_1_72' title="bbox 2303 2729 3887 2810">
     <span class='ocr_line' id='line_1_72' title="bbox 2303 2729 3887 2810; baseline -0.007 -16"><span class='ocrx_word' id='word_1_486' title='bbox 2303 2756 2366 2797; x_wconf 92' lang='lat' dir='ltr'><strong>ac</strong></span> <span class='ocrx_word' id='word_1_487' title='bbox 2390 2740 2538 2794; x_wconf 92' lang='lat' dir='ltr'><strong>vultu</strong></span> <span class='ocrx_word' id='word_1_488' title='bbox 2564 2738 2774 2810; x_wconf 91' lang='lat' dir='ltr'><strong>placido</strong></span> <span class='ocrx_word' id='word_1_489' title='bbox 2805 2746 2969 2806; x_wconf 90' lang='lat' dir='ltr'><strong>atque</strong></span> <span class='ocrx_word' id='word_1_490' title='bbox 2997 2735 3243 2790; x_wconf 88' lang='lat' dir='ltr'><strong>modesto</strong></span> <span class='ocrx_word' id='word_1_491' title='bbox 3272 2733 3410 2787; x_wconf 82' lang='lat' dir='ltr'><strong>dixit</strong></span> <span class='ocrx_word' id='word_1_492' title='bbox 3443 2749 3457 2786; x_wconf 92' lang='lat'>:</span> <span class='ocrx_word' id='word_1_493' title='bbox 3492 2729 3686 2785; x_wconf 83' lang='lat' dir='ltr'><strong>Melius</strong></span> <span class='ocrx_word' id='word_1_494' title='bbox 3715 2739 3801 2784; x_wconf 90' lang='lat' dir='ltr'><strong>est</strong></span> <span class='ocrx_word' id='word_1_495' title='bbox 3832 2739 3887 2784; x_wconf 88' lang='lat' dir='ltr'><strong>ut</strong></span> 
     </span>
    </p>
   </div>
   <div class='ocr_carea' id='block_1_73' title="bbox 2304 2822 3890 2902">
    <p class='ocr_par' dir='ltr' id='par_1_73' title="bbox 2304 2822 3890 2902">
     <span class='ocr_line' id='line_1_73' title="bbox 2304 2822 3890 2902; baseline -0.009 -14"><span class='ocrx_word' id='word_1_496' title='bbox 2304 2833 2460 2888; x_wconf 88' lang='lat' dir='ltr'><strong>nobis</strong></span> <span class='ocrx_word' id='word_1_497' title='bbox 2486 2832 2889 2902; x_wconf 88' lang='lat' dir='ltr'><strong>provideamus,</strong></span> <span class='ocrx_word' id='word_1_498' title='bbox 2917 2827 3042 2898; x_wconf 89' lang='lat' dir='ltr'><strong>quia</strong></span> <span class='ocrx_word' id='word_1_499' title='bbox 3083 2836 3171 2882; x_wconf 90' lang='lat' dir='ltr'><strong>tua</strong></span> <span class='ocrx_word' id='word_1_500' title='bbox 3205 2837 3330 2879; x_wconf 92' lang='lat' dir='ltr'><strong>tunc</strong></span> <span class='ocrx_word' id='word_1_501' title='bbox 3367 2839 3457 2879; x_wconf 90' lang='lat' dir='ltr'><strong>res</strong></span> <span class='ocrx_word' id='word_1_502' title='bbox 3482 2824 3681 2894; x_wconf 87' lang='lat' dir='ltr'><strong>agitur,</strong></span> <span class='ocrx_word' id='word_1_503' title='bbox 3707 2822 3890 2891; x_wconf 88' lang='lat' dir='ltr'><strong>paries</strong></span> 
     </span>
    </p>
   </div>
   <div class='ocr_carea' id='block_1_74' title="bbox 2306 2913 3890 2992">
    <p class='ocr_par' dir='ltr' id='par_1_74' title="bbox 2306 2913 3890 2992">
     <span class='ocr_line' id='line_1_74' title="bbox 2306 2913 3890 2992; baseline -0.011 -13"><span class='ocrx_word' id='word_1_504' title='bbox 2306 2939 2427 2979; x_wconf 89' lang='lat' dir='ltr'><strong>cum</strong></span> <span class='ocrx_word' id='word_1_505' title='bbox 2457 2922 2734 2992; x_wconf 80' lang='lat' dir='ltr'><strong>proximus</strong></span> <span class='ocrx_word' id='word_1_506' title='bbox 2782 2921 2957 2974; x_wconf 88' lang='lat' dir='ltr'><strong>ardet.</strong></span> <span class='ocrx_word' id='word_1_507' title='bbox 3007 2918 3124 2986; x_wconf 91' lang='lat' dir='ltr'><strong>Quo</strong></span> <span class='ocrx_word' id='word_1_508' title='bbox 3154 2917 3298 2972; x_wconf 91' lang='lat' dir='ltr'><strong>dicto</strong></span> <span class='ocrx_word' id='word_1_509' title='bbox 3332 2915 3398 2969; x_wconf 89' lang='lat' dir='ltr'><strong>ad</strong></span> <span class='ocrx_word' id='word_1_510' title='bbox 3431 2916 3606 2984; x_wconf 85' lang='lat' dir='ltr'><strong>ignem</strong></span> <span class='ocrx_word' id='word_1_511' title='bbox 3644 2913 3890 2966; x_wconf 90' lang='lat' dir='ltr'><strong>concitus</strong></span> 
     </span>
    </p>
   </div>
   <div class='ocr_carea' id='block_1_75' title="bbox 2307 3005 3891 3084">
    <p class='ocr_par' dir='ltr' id='par_1_75' title="bbox 2307 3005 3891 3084">
     <span class='ocr_line' id='line_1_75' title="bbox 2307 3005 3891 3084; baseline -0.009 -14"><span class='ocrx_word' id='word_1_512' title='bbox 2307 3017 2480 3082; x_wconf 85' lang='lat' dir='ltr'><strong>venit;</strong></span> <span class='ocrx_word' id='word_1_513' title='bbox 2511 3030 2682 3084; x_wconf 89' lang='lat' dir='ltr'><strong>eoque</strong></span> <span class='ocrx_word' id='word_1_514' title='bbox 2714 3014 2848 3076; x_wconf 87' lang='lat' dir='ltr'><strong>viso,</strong></span> <span class='ocrx_word' id='word_1_515' title='bbox 2879 3027 3004 3067; x_wconf 87' lang='lat' dir='ltr'><strong>mox</strong></span> <span class='ocrx_word' id='word_1_516' title='bbox 3035 3011 3110 3065; x_wconf 90' lang='lat' dir='ltr'><strong>illi</strong></span> <span class='ocrx_word' id='word_1_517' title='bbox 3139 3018 3338 3064; x_wconf 68' lang='lat' dir='ltr'><strong>sancta:</strong></span> <span class='ocrx_word' id='word_1_518' title='bbox 3362 3008 3541 3062; x_wconf 92' lang='lat' dir='ltr'><strong>crucis</strong></span> <span class='ocrx_word' id='word_1_519' title='bbox 3566 3006 3784 3074; x_wconf 91' lang='lat' dir='ltr'><strong>signum</strong></span> <span class='ocrx_word' id='word_1_520' title='bbox 3820 3005 3891 3056; x_wconf 87' lang='lat' dir='ltr'><strong>le-</strong></span> 
     </span>
    </p>
   </div>
   <div class='ocr_carea' id='block_1_76' title="bbox 2309 3094 3891 3172">
    <p class='ocr_par' dir='ltr' id='par_1_76' title="bbox 2309 3094 3891 3172">
     <span class='ocr_line' id='line_1_76' title="bbox 2309 3094 3891 3172; baseline -0.009 -11"><span class='ocrx_word' id='word_1_521' title='bbox 2309 3116 2431 3161; x_wconf 90' lang='lat' dir='ltr'><strong>vata</strong></span> <span class='ocrx_word' id='word_1_522' title='bbox 2471 3106 2693 3160; x_wconf 89' lang='lat' dir='ltr'><strong>dextera</strong></span> <span class='ocrx_word' id='word_1_523' title='bbox 2724 3101 2942 3172; x_wconf 90' lang='lat' dir='ltr'><strong>objecit.</strong></span> <span class='ocrx_word' id='word_1_524' title='bbox 2980 3099 3209 3156; x_wconf 79' lang='lat' dir='ltr'><strong>Videres</strong></span> <span class='ocrx_word' id='word_1_525' title='bbox 3251 3098 3509 3169; x_wconf 83' lang='lat' dir='ltr'><strong>evestigio</strong></span> <span class='ocrx_word' id='word_1_526' title='bbox 3536 3094 3811 3149; x_wconf 83' lang='lat' dir='ltr'><strong>flammam</strong></span> <span class='ocrx_word' id='word_1_527' title='bbox 3837 3109 3891 3147; x_wconf 77' lang='lat' dir='ltr'><strong>se</strong></span> 
     </span>
    </p>
   </div>
   <div class='ocr_carea' id='block_1_77' title="bbox 2314 3185 3895 3262">
    <p class='ocr_par' dir='ltr' id='par_1_77' title="bbox 2314 3185 3895 3262">
     <span class='ocr_line' id='line_1_77' title="bbox 2314 3185 3895 3262; baseline -0.008 -12"><span class='ocrx_word' id='word_1_528' title='bbox 2314 3198 2385 3250; x_wconf 91' lang='lat' dir='ltr'><strong>ita</strong></span> <span class='ocrx_word' id='word_1_529' title='bbox 2431 3195 2829 3258; x_wconf 86' lang='lat' dir='ltr'><strong>demittentcm,</strong></span> <span class='ocrx_word' id='word_1_530' title='bbox 2876 3208 2940 3248; x_wconf 89' lang='lat' dir='ltr'><strong>ac</strong></span> <span class='ocrx_word' id='word_1_531' title='bbox 2982 3206 3080 3262; x_wconf 90' lang='lat' dir='ltr'><strong>pro</strong></span> <span class='ocrx_word' id='word_1_532' title='bbox 3119 3189 3466 3260; x_wconf 88' lang='lat' dir='ltr'><strong>suscipienda</strong></span> <span class='ocrx_word' id='word_1_533' title='bbox 3513 3185 3895 3241; x_wconf 83' lang='lat' dir='ltr'><strong>benedictione</strong></span> 
     </span>
    </p>
   </div>
   <div class='ocr_carea' id='block_1_78' title="bbox 2313 3277 3893 3353">
    <p class='ocr_par' dir='ltr' id='par_1_78' title="bbox 2313 3277 3893 3353">
     <span class='ocr_line' id='line_1_78' title="bbox 2313 3277 3893 3353; baseline -0.007 -12"><span class='ocrx_word' id='word_1_534' title='bbox 2313 3286 2453 3341; x_wconf 90' lang='lat' dir='ltr'><strong>illius</strong></span> <span class='ocrx_word' id='word_1_535' title='bbox 2483 3284 2909 3353; x_wconf 86' lang='lat' dir='ltr'><strong>conquiesceret.</strong></span> <span class='ocrx_word' id='word_1_536' title='bbox 2948 3281 3088 3353; x_wconf 92' lang='lat' dir='ltr'><strong>Ignis</strong></span> <span class='ocrx_word' id='word_1_537' title='bbox 3131 3296 3262 3352; x_wconf 88' lang='lat' dir='ltr'><strong>ergo</strong></span> <span class='ocrx_word' id='word_1_538' title='bbox 3291 3279 3478 3335; x_wconf 80' lang='lat' dir='ltr'><strong>statim</strong></span> <span class='ocrx_word' id='word_1_539' title='bbox 3518 3277 3570 3331; x_wconf 87' lang='lat' dir='ltr'><strong>in</strong></span> <span class='ocrx_word' id='word_1_540' title='bbox 3599 3286 3775 3330; x_wconf 88' lang='lat' dir='ltr'><strong>semet</strong></span> <span class='ocrx_word' id='word_1_541' title='bbox 3806 3290 3893 3330; x_wconf 83' lang='lat' dir='ltr'><strong>rc-</strong></span> 
     </span>
    </p>
   </div>
   <div class='ocr_carea' id='block_1_79' title="bbox 2311 3371 3897 3445">
    <p class='ocr_par' dir='ltr' id='par_1_79' title="bbox 2311 3371 3897 3445">
     <span class='ocr_line' id='line_1_79' title="bbox 2311 3371 3897 3445; baseline -0.008 -12"><span class='ocrx_word' id='word_1_542' title='bbox 2311 3379 2463 3434; x_wconf 90' lang='lat' dir='ltr'><strong>diens</strong></span> <span class='ocrx_word' id='word_1_543' title='bbox 2517 3385 2661 3432; x_wconf 89' lang='lat' dir='ltr'><strong>totus</strong></span> <span class='ocrx_word' id='word_1_544' title='bbox 2724 3375 3006 3445; x_wconf 85' lang='lat' dir='ltr'><strong>elanguit,</strong></span> <span class='ocrx_word' id='word_1_545' title='bbox 3076 3389 3178 3429; x_wconf 91' lang='lat' dir='ltr'><strong>nec</strong></span> <span class='ocrx_word' id='word_1_546' title='bbox 3243 3371 3450 3441; x_wconf 88' lang='lat' dir='ltr'><strong>aliquid</strong></span> <span class='ocrx_word' id='word_1_547' title='bbox 3505 3371 3897 3437; x_wconf 84' lang='lat' dir='ltr'><strong>absumptums</strong></span> 
     </span>
    </p>
   </div>
   <div class='ocr_carea' id='block_1_80' title="bbox 2311 3461 3899 3539">
    <p class='ocr_par' dir='ltr' id='par_1_80' title="bbox 2311 3461 3899 3539">
     <span class='ocr_line' id='line_1_80' title="bbox 2311 3461 3899 3539; baseline -0.008 -15"><span class='ocrx_word' id='word_1_548' title='bbox 2311 3485 2539 3539; x_wconf 90' lang='lat' dir='ltr'><strong>usquam</strong></span> <span class='ocrx_word' id='word_1_549' title='bbox 2571 3467 2852 3538; x_wconf 89' lang='lat' dir='ltr'><strong>processit.</strong></span> <span class='ocrx_word' id='word_1_550' title='bbox 2883 3466 3146 3535; x_wconf 87' lang='lat' dir='ltr'><strong>Quodque</strong></span> <span class='ocrx_word' id='word_1_551' title='bbox 3172 3464 3419 3519; x_wconf 84' lang='lat' dir='ltr'><strong>fortassis</strong></span> <span class='ocrx_word' id='word_1_552' title='bbox 3446 3477 3551 3517; x_wconf 90' lang='lat' dir='ltr'><strong>non</strong></span> <span class='ocrx_word' id='word_1_553' title='bbox 3587 3461 3766 3514; x_wconf 89' lang='lat' dir='ltr'><strong>minus</strong></span> <span class='ocrx_word' id='word_1_554' title='bbox 3790 3468 3899 3514; x_wconf 86' lang='lat' dir='ltr'><strong>stu-</strong></span> 
     </span>
    </p>
   </div>
   <div class='ocr_carea' id='block_1_81' title="bbox 2313 3555 3894 3632">
    <p class='ocr_par' dir='ltr' id='par_1_81' title="bbox 2313 3555 3894 3632">
     <span class='ocr_line' id='line_1_81' title="bbox 2313 3555 3894 3632; baseline -0.006 -17"><span class='ocrx_word' id='word_1_555' title='bbox 2313 3575 2459 3632; x_wconf 90' lang='lat' dir='ltr'><strong>peas,</strong></span> <span class='ocrx_word' id='word_1_556' title='bbox 2495 3559 2702 3614; x_wconf 88' lang='lat' dir='ltr'><strong>voratis</strong></span> <span class='ocrx_word' id='word_1_557' title='bbox 2748 3558 3072 3628; x_wconf 86' lang='lat' dir='ltr'><strong>quibusdam</strong></span> <span class='ocrx_word' id='word_1_558' title='bbox 3119 3557 3343 3620; x_wconf 67' lang='lat' dir='ltr'><strong>(edibus,</strong></span> <span class='ocrx_word' id='word_1_559' title='bbox 3378 3571 3498 3626; x_wconf 86' lang='lat' dir='ltr'><strong>quae</strong></span> <span class='ocrx_word' id='word_1_560' title='bbox 3539 3555 3685 3608; x_wconf 90' lang='lat' dir='ltr'><strong>circa</strong></span> <span class='ocrx_word' id='word_1_561' title='bbox 3720 3562 3894 3615; x_wconf 86' lang='lat' dir='ltr'><strong>erant,</strong></span> 
     </span>
    </p>
   </div>
   <div class='ocr_carea' id='block_1_82' title="bbox 2314 3643 3897 3714">
    <p class='ocr_par' dir='ltr' id='par_1_82' title="bbox 2314 3643 3897 3714">
     <span class='ocr_line' id='line_1_82' title="bbox 2314 3643 3897 3714; baseline -0.008 -7"><span class='ocrx_word' id='word_1_562' title='bbox 2314 3653 2449 3707; x_wconf 88' lang='lat' dir='ltr'><strong>nihil</strong></span> <span class='ocrx_word' id='word_1_563' title='bbox 2479 3651 2712 3706; x_wconf 70' lang='lat' dir='ltr'><strong>lcesionis</strong></span> <span class='ocrx_word' id='word_1_564' title='bbox 2758 3650 2934 3704; x_wconf 89' lang='lat' dir='ltr'><strong>intulit</strong></span> <span class='ocrx_word' id='word_1_565' title='bbox 2967 3648 3091 3704; x_wconf 87' lang='lat' dir='ltr'><strong>feno</strong></span> <span class='ocrx_word' id='word_1_566' title='bbox 3122 3648 3510 3703; x_wconf 90' lang='lat' dir='ltr'><strong>monachorum</strong></span> <span class='ocrx_word' id='word_1_567' title='bbox 3555 3645 3646 3714; x_wconf 92' lang='lat' dir='ltr'><strong>qui</strong></span> <span class='ocrx_word' id='word_1_568' title='bbox 3700 3643 3897 3696; x_wconf 85' lang='lat' dir='ltr'><strong>Ansel-</strong></span> 
     </span>
    </p>
   </div>
   <div class='ocr_carea' id='block_1_83' title="bbox 2314 3733 3901 3811">
    <p class='ocr_par' dir='ltr' id='par_1_83' title="bbox 2314 3733 3901 3811">
     <span class='ocr_line' id='line_1_83' title="bbox 2314 3733 3901 3811; baseline -0.004 -16"><span class='ocrx_word' id='word_1_569' title='bbox 2314 3757 2460 3795; x_wconf 88' lang='lat' dir='ltr'><strong>mum</strong></span> <span class='ocrx_word' id='word_1_570' title='bbox 2497 3741 2766 3811; x_wconf 89' lang='lat' dir='ltr'><strong>hospitem</strong></span> <span class='ocrx_word' id='word_1_571' title='bbox 2806 3739 3099 3805; x_wconf 87' lang='lat' dir='ltr'><strong>habebant,</strong></span> <span class='ocrx_word' id='word_1_572' title='bbox 3145 3752 3252 3808; x_wconf 93' lang='lat' dir='ltr'><strong>quo</strong></span> <span class='ocrx_word' id='word_1_573' title='bbox 3291 3735 3499 3791; x_wconf 89' lang='lat' dir='ltr'><strong>scilicet</strong></span> <span class='ocrx_word' id='word_1_574' title='bbox 3542 3733 3664 3789; x_wconf 88' lang='lat' dir='ltr'><strong>feno</strong></span> <span class='ocrx_word' id='word_1_575' title='bbox 3704 3734 3901 3788; x_wconf 88' lang='lat' dir='ltr'><strong>domus</strong></span> 
     </span>
    </p>
   </div>
   <div class='ocr_carea' id='block_1_84' title="bbox 2315 3827 3902 3904">
    <p class='ocr_par' dir='ltr' id='par_1_84' title="bbox 2315 3827 3902 3904">
     <span class='ocr_line' id='line_1_84' title="bbox 2315 3827 3902 3904; baseline -0.004 -18"><span class='ocrx_word' id='word_1_576' title='bbox 2315 3831 2486 3888; x_wconf 87' lang='lat' dir='ltr'><strong>ferme</strong></span> <span class='ocrx_word' id='word_1_577' title='bbox 2528 3833 2684 3904; x_wconf 90' lang='lat' dir='ltr'><strong>plena</strong></span> <span class='ocrx_word' id='word_1_578' title='bbox 2714 3841 2853 3897; x_wconf 89' lang='lat' dir='ltr'><strong>erat,</strong></span> <span class='ocrx_word' id='word_1_579' title='bbox 2881 3846 3045 3901; x_wconf 90' lang='lat' dir='ltr'><strong>super</strong></span> <span class='ocrx_word' id='word_1_580' title='bbox 3077 3845 3238 3899; x_wconf 89' lang='lat' dir='ltr'><strong>quam</strong></span> <span class='ocrx_word' id='word_1_581' title='bbox 3287 3829 3466 3897; x_wconf 86' lang='lat' dir='ltr'><strong>fulgur</strong></span> <span class='ocrx_word' id='word_1_582' title='bbox 3508 3827 3686 3897; x_wconf 90' lang='lat' dir='ltr'><strong>ipsum</strong></span> <span class='ocrx_word' id='word_1_583' title='bbox 3725 3827 3902 3898; x_wconf 88' lang='lat' dir='ltr'><strong>primo</strong></span> 
     </span>
    </p>
   </div>
   <div class='ocr_carea' id='block_1_85' title="bbox 2317 3936 2619 3979">
    <p class='ocr_par' dir='ltr' id='par_1_85' title="bbox 2317 3936 2619 3979">
     <span class='ocr_line' id='line_1_85' title="bbox 2317 3936 2619 3979; baseline 0.003 -1"><span class='ocrx_word' id='word_1_584' title='bbox 2317 3936 2619 3979; x_wconf 85' lang='lat' dir='ltr'><strong>corruerat.</strong></span> 
     </span>
    </p>
   </div>
   <div class='ocr_carea' id='block_1_86' title="bbox 2385 4010 3904 4072">
    <p class='ocr_par' dir='ltr' id='par_1_86' title="bbox 2385 4010 3904 4072">
     <span class='ocr_line' id='line_1_86' title="bbox 2385 4010 3904 4072; baseline -0.004 -1"><span class='ocrx_word' id='word_1_585' title='bbox 2385 4016 2475 4072; x_wconf 84' lang='lat'><strong>58.</strong></span> <span class='ocrx_word' id='word_1_586' title='bbox 2517 4016 2723 4071; x_wconf 78' lang='lat' dir='ltr'><strong>Exinde</strong></span> <span class='ocrx_word' id='word_1_587' title='bbox 2756 4015 2863 4071; x_wconf 90' lang='lat' dir='ltr'><strong>duo</strong></span> <span class='ocrx_word' id='word_1_588' title='bbox 2908 4016 2988 4070; x_wconf 93' lang='lat' dir='ltr'><strong>sui</strong></span> <span class='ocrx_word' id='word_1_589' title='bbox 3019 4014 3268 4069; x_wconf 87' lang='lat' dir='ltr'><strong>monachi</strong></span> <span class='ocrx_word' id='word_1_590' title='bbox 3303 4013 3370 4066; x_wconf 90' lang='lat' dir='ltr'><strong>ad</strong></span> <span class='ocrx_word' id='word_1_591' title='bbox 3397 4010 3712 4066; x_wconf 85' lang='lat' dir='ltr'><strong>Ansehnum</strong></span> <span class='ocrx_word' id='word_1_592' title='bbox 3744 4025 3904 4065; x_wconf 79' lang='lat' dir='ltr'><strong>vene-</strong></span> 
     </span>
    </p>
   </div>
   <div class='ocr_carea' id='block_1_87' title="bbox 2317 4099 3904 4175">
    <p class='ocr_par' dir='ltr' id='par_1_87' title="bbox 2317 4099 3904 4175">
     <span class='ocr_line' id='line_1_87' title="bbox 2317 4099 3904 4175; baseline -0.006 -13"><span class='ocrx_word' id='word_1_593' title='bbox 2317 4117 2462 4175; x_wconf 88' lang='lat' dir='ltr'><strong>runt,</strong></span> <span class='ocrx_word' id='word_1_594' title='bbox 2505 4107 2817 4162; x_wconf 90' lang='lat' dir='ltr'><strong>nuntiantes</strong></span> <span class='ocrx_word' id='word_1_595' title='bbox 2857 4105 2906 4162; x_wconf 92' lang='lat' dir='ltr'><strong>ei</strong></span> <span class='ocrx_word' id='word_1_596' title='bbox 2947 4105 3226 4160; x_wconf 88' lang='lat' dir='ltr'><strong>decessum</strong></span> <span class='ocrx_word' id='word_1_597' title='bbox 3258 4102 3379 4174; x_wconf 84' lang='lat' dir='ltr'><strong>[al.,</strong></span> <span class='ocrx_word' id='word_1_598' title='bbox 3409 4099 3734 4171; x_wconf 88' lang='lat' dir='ltr'><strong>discessum]</strong></span> <span class='ocrx_word' id='word_1_599' title='bbox 3762 4114 3904 4168; x_wconf 64' lang='lat' dir='ltr'><strong>prte-</strong></span> 
     </span>
    </p>
   </div>
   <div class='ocr_carea' id='block_1_88' title="bbox 2321 4191 3905 4270">
    <p class='ocr_par' dir='ltr' id='par_1_88' title="bbox 2321 4191 3905 4270">
     <span class='ocr_line' id='line_1_88' title="bbox 2321 4191 3905 4270; baseline -0.007 -15"><span class='ocrx_word' id='word_1_600' title='bbox 2321 4201 2415 4255; x_wconf 88' lang='lat' dir='ltr'><strong>fati</strong></span> <span class='ocrx_word' id='word_1_601' title='bbox 2444 4200 2604 4270; x_wconf 88' lang='lat' dir='ltr'><strong>regis.</strong></span> <span class='ocrx_word' id='word_1_602' title='bbox 2631 4198 2910 4270; x_wconf 89' lang='lat' dir='ltr'><strong>Siquidem</strong></span> <span class='ocrx_word' id='word_1_603' title='bbox 2941 4198 3174 4254; x_wconf 88' lang='lat' dir='ltr'><strong>secunda</strong></span> <span class='ocrx_word' id='word_1_604' title='bbox 3199 4197 3286 4251; x_wconf 89' lang='lat' dir='ltr'><strong>die</strong></span> <span class='ocrx_word' id='word_1_605' title='bbox 3314 4197 3514 4250; x_wconf 88' lang='lat' dir='ltr'><strong>mensis</strong></span> <span class='ocrx_word' id='word_1_606' title='bbox 3536 4193 3788 4262; x_wconf 88' lang='lat' dir='ltr'><strong>Augusti,</strong></span> <span class='ocrx_word' id='word_1_607' title='bbox 3812 4191 3905 4261; x_wconf 89' lang='lat' dir='ltr'><strong>qui</strong></span> 
     </span>
    </p>
   </div>
   <div class='ocr_carea' id='block_1_89' title="bbox 2321 4283 3908 4362">
    <p class='ocr_par' dir='ltr' id='par_1_89' title="bbox 2321 4283 3908 4362">
     <span class='ocr_line' id='line_1_89' title="bbox 2321 4283 3908 4362; baseline -0.006 -16"><span class='ocrx_word' id='word_1_608' title='bbox 2321 4301 2444 4362; x_wconf 88' lang='lat' dir='ltr'><strong>post</strong></span> <span class='ocrx_word' id='word_1_609' title='bbox 2475 4293 2704 4362; x_wconf 90' lang='lat' dir='ltr'><strong>primam</strong></span> <span class='ocrx_word' id='word_1_610' title='bbox 2731 4291 3018 4354; x_wconf 82' lang='lat' dir='ltr'><strong>visionem,</strong></span> <span class='ocrx_word' id='word_1_611' title='bbox 3058 4303 3220 4359; x_wconf 85' lang='lat' dir='ltr'><strong>quam</strong></span> <span class='ocrx_word' id='word_1_612' title='bbox 3243 4287 3488 4358; x_wconf 87' lang='lat' dir='ltr'><strong>Lugduni</strong></span> <span class='ocrx_word' id='word_1_613' title='bbox 3517 4285 3716 4339; x_wconf 87' lang='lat' dir='ltr'><strong>factam</strong></span> <span class='ocrx_word' id='word_1_614' title='bbox 3755 4283 3908 4338; x_wconf 83' lang='lat' dir='ltr'><strong>novi-</strong></span> 
     </span>
    </p>
   </div>
   <div class='ocr_carea' id='block_1_90' title="bbox 2321 4373 3902 4450">
    <p class='ocr_par' dir='ltr' id='par_1_90' title="bbox 2321 4373 3902 4450">
     <span class='ocr_line' id='line_1_90' title="bbox 2321 4373 3902 4450; baseline -0.007 -14"><span class='ocrx_word' id='word_1_615' title='bbox 2321 4392 2403 4437; x_wconf 90' lang='lat' dir='ltr'><strong>ter</strong></span> <span class='ocrx_word' id='word_1_616' title='bbox 2433 4383 2590 4437; x_wconf 90' lang='lat' dir='ltr'><strong>retuli</strong></span> <span class='ocrx_word' id='word_1_617' title='bbox 2631 4383 2919 4445; x_wconf 90' lang='lat' dir='ltr'><strong>secundus,</strong></span> <span class='ocrx_word' id='word_1_618' title='bbox 2954 4391 3009 4437; x_wconf 91' lang='lat' dir='ltr'><strong>et</strong></span> <span class='ocrx_word' id='word_1_619' title='bbox 3050 4389 3172 4450; x_wconf 91' lang='lat' dir='ltr'><strong>post</strong></span> <span class='ocrx_word' id='word_1_620' title='bbox 3201 4378 3498 4435; x_wconf 87' lang='lat' dir='ltr'><strong>secundam</strong></span> <span class='ocrx_word' id='word_1_621' title='bbox 3541 4376 3752 4446; x_wconf 90' lang='lat' dir='ltr'><strong>primus</strong></span> <span class='ocrx_word' id='word_1_622' title='bbox 3781 4373 3902 4428; x_wconf 88' lang='lat' dir='ltr'><strong>illu-</strong></span> 
     </span>
    </p>
   </div>
   <div class='ocr_carea' id='block_1_91' title="bbox 643 4456 2203 4557">
    <p class='ocr_par' dir='ltr' id='par_1_91' title="bbox 643 4456 2203 4531">
     <span class='ocr_line' id='line_1_91' title="bbox 643 4456 2203 4531; baseline 0.003 -19"><span class='ocrx_word' id='word_1_623' title='bbox 643 4457 928 4524; x_wconf 88' lang='lat' dir='ltr'><strong>nissemus,</strong></span> <span class='ocrx_word' id='word_1_624' title='bbox 955 4466 1011 4512; x_wconf 93' lang='lat' dir='ltr'><strong>et</strong></span> <span class='ocrx_word' id='word_1_625' title='bbox 1031 4457 1250 4514; x_wconf 88' lang='lat' dir='ltr'><strong>instanti</strong></span> <span class='ocrx_word' id='word_1_626' title='bbox 1297 4456 1434 4512; x_wconf 90' lang='lat' dir='ltr'><strong>festo</strong></span> <span class='ocrx_word' id='word_1_627' title='bbox 1465 4458 1608 4512; x_wconf 90' lang='lat' dir='ltr'><strong>beati</strong></span> <span class='ocrx_word' id='word_1_628' title='bbox 1632 4457 1776 4513; x_wconf 86' lang='lat' dir='ltr'><strong>Petri</strong></span> <span class='ocrx_word' id='word_1_629' title='bbox 1808 4459 1940 4531; x_wconf 75' lang='lat'><strong>(36),</strong></span> <span class='ocrx_word' id='word_1_630' title='bbox 1968 4461 2109 4530; x_wconf 91' lang='lat' dir='ltr'><strong>quod</strong></span> <span class='ocrx_word' id='word_1_631' title='bbox 2130 4477 2203 4517; x_wconf 24' lang='lat' dir='ltr'><strong>col</strong></span> 
     </span>
    </p>
   </div>
   <div class='ocr_carea' id='block_1_92' title="bbox 2304 4456 3908 4557">
    <p class='ocr_par' dir='ltr' id='par_1_92' title="bbox 2325 4466 3908 4540">
     <span class='ocr_line' id='line_1_92' title="bbox 2325 4466 3908 4540; baseline -0.006 -12"><span class='ocrx_word' id='word_1_632' title='bbox 2325 4474 2423 4540; x_wconf 85' lang='lat' dir='ltr'><strong>xit,</strong></span> <span class='ocrx_word' id='word_1_633' title='bbox 2453 4473 2593 4528; x_wconf 91' lang='lat' dir='ltr'><strong>idem</strong></span> <span class='ocrx_word' id='word_1_634' title='bbox 2631 4489 2729 4529; x_wconf 91' lang='lat' dir='ltr'><strong>rex</strong></span> <span class='ocrx_word' id='word_1_635' title='bbox 2762 4489 2921 4529; x_wconf 89' lang='lat' dir='ltr'><strong>mane</strong></span> <span class='ocrx_word' id='word_1_636' title='bbox 2963 4474 3014 4527; x_wconf 91' lang='lat' dir='ltr'><strong>in</strong></span> <span class='ocrx_word' id='word_1_637' title='bbox 3057 4472 3250 4527; x_wconf 90' lang='lat' dir='ltr'><strong>silvam</strong></span> <span class='ocrx_word' id='word_1_638' title='bbox 3281 4479 3537 4524; x_wconf 86' lang='lat' dir='ltr'><strong>venatum</strong></span> <span class='ocrx_word' id='word_1_639' title='bbox 3569 4467 3685 4530; x_wconf 88' lang='lat' dir='ltr'><strong>ivit,</strong></span> <span class='ocrx_word' id='word_1_640' title='bbox 3725 4466 3908 4536; x_wconf 86' lang='lat' dir='ltr'><strong>ibique</strong></span> 
     </span>
    </p>
   </div>
   <div class='ocr_carea' id='block_1_93' title="bbox 643 4541 2219 4622">
    <p class='ocr_par' dir='ltr' id='par_1_93' title="bbox 643 4541 2219 4622">
     <span class='ocr_line' id='line_1_93' title="bbox 643 4541 2219 4622; baseline 0.004 -21"><span class='ocrx_word' id='word_1_641' title='bbox 643 4547 772 4602; x_wconf 88' lang='lat' dir='ltr'><strong>litur</strong></span> <span class='ocrx_word' id='word_1_642' title='bbox 805 4541 1060 4604; x_wconf 81' lang='lat' dir='ltr'><strong>Kalendis</strong></span> <span class='ocrx_word' id='word_1_643' title='bbox 1101 4549 1352 4619; x_wconf 83' lang='lat' dir='ltr'><strong>Augusti,</strong></span> <span class='ocrx_word' id='word_1_644' title='bbox 1409 4547 1569 4604; x_wconf 88' lang='lat' dir='ltr'><strong>dictis</strong></span> <span class='ocrx_word' id='word_1_645' title='bbox 1622 4549 1926 4617; x_wconf 90' lang='lat' dir='ltr'><strong>matutinis,</strong></span> <span class='ocrx_word' id='word_1_646' title='bbox 1979 4567 2077 4608; x_wconf 92' lang='lat' dir='ltr'><strong>nos</strong></span> <span class='ocrx_word' id='word_1_647' title='bbox 2128 4555 2219 4622; x_wconf 91' lang='lat' dir='ltr'><strong>qui</strong></span> 
     </span>
    </p>
   </div>
   <div class='ocr_carea' id='block_1_94' title="bbox 645 4637 2220 4715">
    <p class='ocr_par' dir='ltr' id='par_1_94' title="bbox 645 4637 2220 4715">
     <span class='ocr_line' id='line_1_94' title="bbox 645 4637 2220 4715; baseline 0.004 -21"><span class='ocrx_word' id='word_1_648' title='bbox 645 4640 790 4694; x_wconf 88' lang='lat' dir='ltr'><strong>circa</strong></span> <span class='ocrx_word' id='word_1_649' title='bbox 830 4637 1142 4694; x_wconf 86' lang='lat' dir='ltr'><strong>Anselmum</strong></span> <span class='ocrx_word' id='word_1_650' title='bbox 1192 4639 1407 4694; x_wconf 89' lang='lat' dir='ltr'><strong>assidue</strong></span> <span class='ocrx_word' id='word_1_651' title='bbox 1443 4655 1680 4704; x_wconf 90' lang='lat' dir='ltr'><strong>eramus,</strong></span> <span class='ocrx_word' id='word_1_652' title='bbox 1725 4641 1895 4710; x_wconf 89' lang='lat' dir='ltr'><strong>quieti</strong></span> <span class='ocrx_word' id='word_1_653' title='bbox 1941 4642 2220 4715; x_wconf 86' lang='lat' dir='ltr'><strong>indulgere</strong></span> 
     </span>
    </p>
   </div>
   <div class='ocr_carea' id='block_1_95' title="bbox 644 4730 2219 4802">
    <p class='ocr_par' dir='ltr' id='par_1_95' title="bbox 644 4730 2219 4802">
     <span class='ocr_line' id='line_1_95' title="bbox 644 4730 2219 4802; baseline 0.005 -18"><span class='ocrx_word' id='word_1_654' title='bbox 644 4745 988 4801; x_wconf 87' lang='lat' dir='ltr'><strong>euperemus,</strong></span> <span class='ocrx_word' id='word_1_655' title='bbox 1038 4744 1163 4784; x_wconf 88' lang='lat' dir='ltr'><strong>cccc</strong></span> <span class='ocrx_word' id='word_1_656' title='bbox 1210 4730 1431 4799; x_wconf 90' lang='lat' dir='ltr'><strong>quidam</strong></span> <span class='ocrx_word' id='word_1_657' title='bbox 1471 4731 1688 4802; x_wconf 84' lang='lat' dir='ltr'><strong>juvenis</strong></span> <span class='ocrx_word' id='word_1_658' title='bbox 1729 4743 1924 4789; x_wconf 89' lang='lat' dir='ltr'><strong>ornatu</strong></span> <span class='ocrx_word' id='word_1_659' title='bbox 1968 4749 2034 4790; x_wconf 89' lang='lat' dir='ltr'><strong>ac</strong></span> <span class='ocrx_word' id='word_1_660' title='bbox 2069 4737 2219 4792; x_wconf 93' lang='lat' dir='ltr'><strong>vultu</strong></span> 
     </span>
    </p>
   </div>
   <div class='ocr_carea' id='block_1_96' title="bbox 647 4821 2222 4894">
    <p class='ocr_par' dir='ltr' id='par_1_96' title="bbox 647 4821 2222 4894">
     <span class='ocr_line' id='line_1_96' title="bbox 647 4821 2222 4894; baseline 0.004 -16"><span class='ocrx_word' id='word_1_661' title='bbox 647 4839 753 4878; x_wconf 88' lang='lat' dir='ltr'><strong>non</strong></span> <span class='ocrx_word' id='word_1_662' title='bbox 785 4822 908 4878; x_wconf 89' lang='lat' dir='ltr'><strong>vilis</strong></span> <span class='ocrx_word' id='word_1_663' title='bbox 935 4821 1134 4876; x_wconf 90' lang='lat' dir='ltr'><strong>clerico</strong></span> <span class='ocrx_word' id='word_1_664' title='bbox 1177 4829 1365 4876; x_wconf 90' lang='lat' dir='ltr'><strong>nostro</strong></span> <span class='ocrx_word' id='word_1_665' title='bbox 1402 4823 1492 4890; x_wconf 92' lang='lat' dir='ltr'><strong>qui</strong></span> <span class='ocrx_word' id='word_1_666' title='bbox 1537 4838 1705 4894; x_wconf 87' lang='lat' dir='ltr'><strong>prope</strong></span> <span class='ocrx_word' id='word_1_667' title='bbox 1750 4825 1950 4881; x_wconf 91' lang='lat' dir='ltr'><strong>ostium</strong></span> <span class='ocrx_word' id='word_1_668' title='bbox 1991 4843 2222 4884; x_wconf 87' lang='lat' dir='ltr'><strong>camerae</strong></span> 
     </span>
    </p>
   </div>
   <div class='ocr_carea' id='block_1_97' title="bbox 640 4912 2222 4986">
    <p class='ocr_par' dir='ltr' id='par_1_97' title="bbox 640 4912 2222 4986">
     <span class='ocr_line' id='line_1_97' title="bbox 640 4912 2222 4986; baseline 0.002 -16"><span class='ocrx_word' id='word_1_669' title='bbox 640 4915 880 4986; x_wconf 73' lang='lat' dir='ltr'><strong>iacebat,</strong></span> <span class='ocrx_word' id='word_1_670' title='bbox 901 4923 957 4970; x_wconf 90' lang='lat' dir='ltr'><strong>et</strong></span> <span class='ocrx_word' id='word_1_671' title='bbox 984 4912 1211 4968; x_wconf 86' lang='lat' dir='ltr'><strong>necdum</strong></span> <span class='ocrx_word' id='word_1_672' title='bbox 1235 4913 1531 4979; x_wconf 89' lang='lat' dir='ltr'><strong>dormiens,</strong></span> <span class='ocrx_word' id='word_1_673' title='bbox 1560 4915 1746 4970; x_wconf 90' lang='lat' dir='ltr'><strong>oculos</strong></span> <span class='ocrx_word' id='word_1_674' title='bbox 1775 4925 1956 4971; x_wconf 86' lang='lat' dir='ltr'><strong>tamen</strong></span> <span class='ocrx_word' id='word_1_675' title='bbox 1987 4919 2054 4972; x_wconf 92' lang='lat' dir='ltr'><strong>ad</strong></span> <span class='ocrx_word' id='word_1_676' title='bbox 2077 4933 2222 4974; x_wconf 91' lang='lat' dir='ltr'><strong>som-</strong></span> 
     </span>
    </p>
   </div>
   <div class='ocr_carea' id='block_1_98' title="bbox 647 5005 2224 5070">
    <p class='ocr_par' dir='ltr' id='par_1_98' title="bbox 647 5005 2224 5070">
     <span class='ocr_line' id='line_1_98' title="bbox 647 5005 2224 5070; baseline 0.001 -5"><span class='ocrx_word' id='word_1_677' title='bbox 647 5025 777 5065; x_wconf 89' lang='lat' dir='ltr'><strong>num</strong></span> <span class='ocrx_word' id='word_1_678' title='bbox 819 5008 1034 5065; x_wconf 91' lang='lat' dir='ltr'><strong>clausos</strong></span> <span class='ocrx_word' id='word_1_679' title='bbox 1079 5006 1315 5070; x_wconf 85' lang='lat' dir='ltr'><strong>tenebat,</strong></span> <span class='ocrx_word' id='word_1_680' title='bbox 1372 5005 1545 5061; x_wconf 88' lang='lat' dir='ltr'><strong>astitit</strong></span> <span class='ocrx_word' id='word_1_681' title='bbox 1597 5022 1800 5062; x_wconf 90' lang='lat' dir='ltr'><strong>vocans</strong></span> <span class='ocrx_word' id='word_1_682' title='bbox 1836 5023 1958 5063; x_wconf 89' lang='lat' dir='ltr'><strong>eum</strong></span> <span class='ocrx_word' id='word_1_683' title='bbox 2007 5012 2224 5067; x_wconf 85' lang='lat' dir='ltr'><strong>nomine</strong></span> 
     </span>
    </p>
   </div>
   <div class='ocr_carea' id='block_1_99' title="bbox 647 5097 2227 5172">
    <p class='ocr_par' dir='ltr' id='par_1_99' title="bbox 647 5097 2227 5172">
     <span class='ocr_line' id='line_1_99' title="bbox 647 5097 2227 5172; baseline 0.001 -17"><span class='ocrx_word' id='word_1_684' title='bbox 647 5115 746 5155; x_wconf 88' lang='lat' dir='ltr'><strong>suo</strong></span> <span class='ocrx_word' id='word_1_685' title='bbox 775 5117 790 5155; x_wconf 87' lang='lat'><strong>:</strong></span> <span class='ocrx_word' id='word_1_686' title='bbox 819 5101 1009 5166; x_wconf 86' lang='lat' dir='ltr'><strong>Adam,</strong></span> <span class='ocrx_word' id='word_1_687' title='bbox 1043 5097 1236 5166; x_wconf 90' lang='lat' dir='ltr'><strong>inquit,</strong></span> <span class='ocrx_word' id='word_1_688' title='bbox 1267 5097 1508 5152; x_wconf 84' lang='lat' dir='ltr'><strong>dormis?</strong></span> <span class='ocrx_word' id='word_1_689' title='bbox 1535 5097 1632 5152; x_wconf 90' lang='lat' dir='ltr'><strong>Cui</strong></span> <span class='ocrx_word' id='word_1_690' title='bbox 1657 5100 1784 5153; x_wconf 92' lang='lat' dir='ltr'><strong>dum</strong></span> <span class='ocrx_word' id='word_1_691' title='bbox 1817 5099 1905 5155; x_wconf 89' lang='lat' dir='ltr'><strong>ille</strong></span> <span class='ocrx_word' id='word_1_692' title='bbox 1935 5104 2227 5172; x_wconf 84' lang='lat' dir='ltr'><strong>responde-</strong></span> 
     </span>
    </p>
   </div>
   <div class='ocr_carea' id='block_1_100' title="bbox 649 5188 2223 5256">
    <p class='ocr_par' dir='ltr' id='par_1_100' title="bbox 649 5188 2223 5256">
     <span class='ocr_line' id='line_1_100' title="bbox 649 5188 2223 5256; baseline 0.001 -12"><span class='ocrx_word' id='word_1_693' title='bbox 649 5198 732 5244; x_wconf 89' lang='lat' dir='ltr'><strong>ret</strong></span> <span class='ocrx_word' id='word_1_694' title='bbox 762 5207 778 5244; x_wconf 90' lang='lat'><strong>:</strong></span> <span class='ocrx_word' id='word_1_695' title='bbox 804 5191 941 5246; x_wconf 82' lang='lat' dir='ltr'><strong>Non.</strong></span> <span class='ocrx_word' id='word_1_696' title='bbox 974 5189 1120 5245; x_wconf 84' lang='lat' dir='ltr'><strong>Dixit</strong></span> <span class='ocrx_word' id='word_1_697' title='bbox 1147 5189 1196 5244; x_wconf 91' lang='lat' dir='ltr'><strong>ei</strong></span> <span class='ocrx_word' id='word_1_698' title='bbox 1227 5205 1240 5242; x_wconf 90' lang='lat'><strong>:</strong></span> <span class='ocrx_word' id='word_1_699' title='bbox 1275 5189 1369 5250; x_wconf 81' lang='lat' dir='ltr'><strong>Vis</strong></span> <span class='ocrx_word' id='word_1_700' title='bbox 1402 5188 1590 5244; x_wconf 90' lang='lat' dir='ltr'><strong>audire</strong></span> <span class='ocrx_word' id='word_1_701' title='bbox 1616 5190 1790 5244; x_wconf 79' lang='lat' dir='ltr'><strong>nova?</strong></span> <span class='ocrx_word' id='word_1_702' title='bbox 1814 5191 1881 5245; x_wconf 84' lang='lat' dir='ltr'><strong>Et</strong></span> <span class='ocrx_word' id='word_1_703' title='bbox 1906 5192 2101 5256; x_wconf 90' lang='lat' dir='ltr'><strong>libens,</strong></span> <span class='ocrx_word' id='word_1_704' title='bbox 2135 5194 2223 5248; x_wconf 91' lang='lat' dir='ltr'><strong>in-</strong></span> 
     </span>
    </p>
   </div>
   <div class='ocr_carea' id='block_1_101' title="bbox 651 5280 2223 5354">
    <p class='ocr_par' dir='ltr' id='par_1_101' title="bbox 651 5280 2223 5354">
     <span class='ocr_line' id='line_1_101' title="bbox 651 5280 2223 5354; baseline 0.005 -22"><span class='ocrx_word' id='word_1_705' title='bbox 651 5280 790 5349; x_wconf 93' lang='lat' dir='ltr'><strong>quit.</strong></span> <span class='ocrx_word' id='word_1_706' title='bbox 831 5282 903 5336; x_wconf 87' lang='lat' dir='ltr'><strong>At</strong></span> <span class='ocrx_word' id='word_1_707' title='bbox 946 5281 1034 5337; x_wconf 93' lang='lat' dir='ltr'><strong>ille</strong></span> <span class='ocrx_word' id='word_1_708' title='bbox 1079 5301 1092 5336; x_wconf 91' lang='lat'><strong>:</strong></span> <span class='ocrx_word' id='word_1_709' title='bbox 1143 5280 1248 5334; x_wconf 86' lang='lat' dir='ltr'><strong>Pro</strong></span> <span class='ocrx_word' id='word_1_710' title='bbox 1287 5290 1458 5345; x_wconf 88' lang='lat' dir='ltr'><strong>certo,</strong></span> <span class='ocrx_word' id='word_1_711' title='bbox 1500 5281 1594 5346; x_wconf 84' lang='lat' dir='ltr'><strong>ait,</strong></span> <span class='ocrx_word' id='word_1_712' title='bbox 1642 5283 1858 5337; x_wconf 92' lang='lat' dir='ltr'><strong>noveris</strong></span> <span class='ocrx_word' id='word_1_713' title='bbox 1894 5285 2020 5354; x_wconf 91' lang='lat' dir='ltr'><strong>quia</strong></span> <span class='ocrx_word' id='word_1_714' title='bbox 2054 5293 2223 5340; x_wconf 89' lang='lat' dir='ltr'><strong>totum</strong></span> 
     </span>
    </p>
   </div>
   <div class='ocr_carea' id='block_1_102' title="bbox 653 5369 2221 5442">
    <p class='ocr_par' dir='ltr' id='par_1_102' title="bbox 653 5369 2221 5442">
     <span class='ocr_line' id='line_1_102' title="bbox 653 5369 2221 5442; baseline 0.005 -19"><span class='ocrx_word' id='word_1_715' title='bbox 653 5369 932 5425; x_wconf 90' lang='lat' dir='ltr'><strong>dissidium</strong></span> <span class='ocrx_word' id='word_1_716' title='bbox 959 5372 1098 5438; x_wconf 89' lang='lat' dir='ltr'><strong>quod</strong></span> <span class='ocrx_word' id='word_1_717' title='bbox 1120 5382 1202 5425; x_wconf 88' lang='lat' dir='ltr'><strong>est</strong></span> <span class='ocrx_word' id='word_1_718' title='bbox 1233 5372 1373 5425; x_wconf 90' lang='lat' dir='ltr'><strong>inter</strong></span> <span class='ocrx_word' id='word_1_719' title='bbox 1394 5371 1858 5442; x_wconf 66' lang='lat' dir='ltr'><strong>archiepiscolmm</strong></span> <span class='ocrx_word' id='word_1_720' title='bbox 1883 5374 2221 5442; x_wconf 84' lang='lat' dir='ltr'><strong>Anselmum,</strong></span> 
     </span>
    </p>
   </div>
   <div class='ocr_carea' id='block_1_103' title="bbox 2330 4557 3910 4632">
    <p class='ocr_par' dir='ltr' id='par_1_103' title="bbox 2330 4557 3910 4632">
     <span class='ocr_line' id='line_1_103' title="bbox 2330 4557 3910 4632; baseline -0.006 -14"><span class='ocrx_word' id='word_1_721' title='bbox 2330 4564 2478 4620; x_wconf 92' lang='lat' dir='ltr'><strong>illum</strong></span> <span class='ocrx_word' id='word_1_722' title='bbox 2509 4564 2698 4632; x_wconf 87' lang='lat' dir='ltr'><strong>sagitta</strong></span> <span class='ocrx_word' id='word_1_723' title='bbox 2737 4565 2792 4618; x_wconf 91' lang='lat' dir='ltr'><strong>in</strong></span> <span class='ocrx_word' id='word_1_724' title='bbox 2837 4563 3000 4618; x_wconf 90' lang='lat' dir='ltr'><strong>corde</strong></span> <span class='ocrx_word' id='word_1_725' title='bbox 3039 4561 3323 4631; x_wconf 89' lang='lat' dir='ltr'><strong>percussit,</strong></span> <span class='ocrx_word' id='word_1_726' title='bbox 3374 4567 3430 4614; x_wconf 90' lang='lat' dir='ltr'><strong>et</strong></span> <span class='ocrx_word' id='word_1_727' title='bbox 3473 4557 3617 4612; x_wconf 88' lang='lat' dir='ltr'><strong>nulla</strong></span> <span class='ocrx_word' id='word_1_728' title='bbox 3669 4557 3910 4610; x_wconf 86' lang='lat' dir='ltr'><strong>interve-</strong></span> 
     </span>
    </p>
   </div>
   <div class='ocr_carea' id='block_1_104' title="bbox 2325 4648 3911 4721">
    <p class='ocr_par' dir='ltr' id='par_1_104' title="bbox 2325 4648 3911 4721">
     <span class='ocr_line' id='line_1_104' title="bbox 2325 4648 3911 4721; baseline -0.007 -10"><span class='ocrx_word' id='word_1_729' title='bbox 2325 4656 2507 4711; x_wconf 89' lang='lat' dir='ltr'><strong>niente</strong></span> <span class='ocrx_word' id='word_1_730' title='bbox 2528 4670 2675 4710; x_wconf 90' lang='lat' dir='ltr'><strong>mora</strong></span> <span class='ocrx_word' id='word_1_731' title='bbox 2697 4655 2977 4710; x_wconf 87' lang='lat' dir='ltr'><strong>exstinxit.</strong></span> <span class='ocrx_word' id='word_1_732' title='bbox 3001 4654 3118 4721; x_wconf 87' lang='lat' dir='ltr'><strong>Quo</strong></span> <span class='ocrx_word' id='word_1_733' title='bbox 3143 4652 3430 4708; x_wconf 88' lang='lat' dir='ltr'><strong>Anselmus</strong></span> <span class='ocrx_word' id='word_1_734' title='bbox 3455 4648 3770 4704; x_wconf 89' lang='lat' dir='ltr'><strong>vehementi</strong></span> <span class='ocrx_word' id='word_1_735' title='bbox 3793 4655 3911 4702; x_wconf 86' lang='lat' dir='ltr'><strong>stu-</strong></span> 
     </span>
    </p>
   </div>
   <div class='ocr_carea' id='block_1_105' title="bbox 2325 4739 3911 4818">
    <p class='ocr_par' dir='ltr' id='par_1_105' title="bbox 2325 4739 3911 4818">
     <span class='ocr_line' id='line_1_105' title="bbox 2325 4739 3911 4818; baseline -0.006 -16"><span class='ocrx_word' id='word_1_736' title='bbox 2325 4762 2457 4817; x_wconf 90' lang='lat' dir='ltr'><strong>pore</strong></span> <span class='ocrx_word' id='word_1_737' title='bbox 2499 4763 2806 4818; x_wconf 90' lang='lat' dir='ltr'><strong>percussus,</strong></span> <span class='ocrx_word' id='word_1_738' title='bbox 2853 4762 2978 4800; x_wconf 85' lang='lat' dir='ltr'><strong>mox</strong></span> <span class='ocrx_word' id='word_1_739' title='bbox 3023 4754 3107 4800; x_wconf 89' lang='lat' dir='ltr'><strong>est</strong></span> <span class='ocrx_word' id='word_1_740' title='bbox 3154 4746 3207 4800; x_wconf 93' lang='lat' dir='ltr'><strong>in</strong></span> <span class='ocrx_word' id='word_1_741' title='bbox 3263 4743 3674 4800; x_wconf 88' lang='lat' dir='ltr'><strong>acerbissimum</strong></span> <span class='ocrx_word' id='word_1_742' title='bbox 3723 4739 3911 4794; x_wconf 83' lang='lat' dir='ltr'><strong>ﬂetum</strong></span> 
     </span>
    </p>
   </div>
   <div class='ocr_carea' id='block_1_106' title="bbox 2327 4836 3912 4906">
    <p class='ocr_par' dir='ltr' id='par_1_106' title="bbox 2327 4836 3912 4906">
     <span class='ocr_line' id='line_1_106' title="bbox 2327 4836 3912 4906; baseline -0.007 -11"><span class='ocrx_word' id='word_1_743' title='bbox 2327 4855 2637 4895; x_wconf 89' lang='lat' dir='ltr'><strong>concussus.</strong></span> <span class='ocrx_word' id='word_1_744' title='bbox 2663 4839 2816 4906; x_wconf 86' lang='lat' dir='ltr'><strong>Quod</strong></span> <span class='ocrx_word' id='word_1_745' title='bbox 2831 4839 3094 4900; x_wconf 85' lang='lat' dir='ltr'><strong>videntes,</strong></span> <span class='ocrx_word' id='word_1_746' title='bbox 3117 4836 3368 4891; x_wconf 87' lang='lat' dir='ltr'><strong>admirati</strong></span> <span class='ocrx_word' id='word_1_747' title='bbox 3392 4836 3683 4890; x_wconf 89' lang='lat' dir='ltr'><strong>admodum</strong></span> <span class='ocrx_word' id='word_1_748' title='bbox 3699 4847 3912 4887; x_wconf 88' lang='lat' dir='ltr'><strong>sumus.</strong></span> 
     </span>
    </p>
   </div>
   <div class='ocr_carea' id='block_1_107' title="bbox 2328 4922 3912 5001">
    <p class='ocr_par' dir='ltr' id='par_1_107' title="bbox 2328 4922 3912 5001">
     <span class='ocr_line' id='line_1_107' title="bbox 2328 4922 3912 5001; baseline -0.008 -15"><span class='ocrx_word' id='word_1_749' title='bbox 2328 4933 2398 4986; x_wconf 87' lang='lat' dir='ltr'><strong>At</strong></span> <span class='ocrx_word' id='word_1_750' title='bbox 2426 4932 2514 4986; x_wconf 89' lang='lat' dir='ltr'><strong>ille</strong></span> <span class='ocrx_word' id='word_1_751' title='bbox 2552 4931 2787 5001; x_wconf 90' lang='lat' dir='ltr'><strong>singultu</strong></span> <span class='ocrx_word' id='word_1_752' title='bbox 2830 4932 2994 4985; x_wconf 85' lang='lat' dir='ltr'><strong>verba</strong></span> <span class='ocrx_word' id='word_1_753' title='bbox 3036 4928 3152 4998; x_wconf 88' lang='lat' dir='ltr'><strong>ejus</strong></span> <span class='ocrx_word' id='word_1_754' title='bbox 3191 4929 3644 4994; x_wconf 89' lang='lat' dir='ltr'><strong>interrumpente,</strong></span> <span class='ocrx_word' id='word_1_755' title='bbox 3675 4922 3912 4978; x_wconf 86' lang='lat' dir='ltr'><strong>asseruit</strong></span> 
     </span>
    </p>
   </div>
   <div class='ocr_carea' id='block_1_108' title="bbox 2329 5014 3916 5091">
    <p class='ocr_par' dir='ltr' id='par_1_108' title="bbox 2329 5014 3916 5091">
     <span class='ocr_line' id='line_1_108' title="bbox 2329 5014 3916 5091; baseline -0.006 -15"><span class='ocrx_word' id='word_1_756' title='bbox 2329 5022 2471 5091; x_wconf 84' lang='lat' dir='ltr'><strong>quod</strong></span> <span class='ocrx_word' id='word_1_757' title='bbox 2500 5021 2543 5075; x_wconf 92' lang='lat' dir='ltr'><strong>si</strong></span> <span class='ocrx_word' id='word_1_758' title='bbox 2587 5022 2688 5076; x_wconf 92' lang='lat' dir='ltr'><strong>hoc</strong></span> <span class='ocrx_word' id='word_1_759' title='bbox 2713 5019 2923 5075; x_wconf 73' lang='lat' dir='ltr'><strong>efﬁcere</strong></span> <span class='ocrx_word' id='word_1_760' title='bbox 2950 5029 3154 5089; x_wconf 89' lang='lat' dir='ltr'><strong>posset,</strong></span> <span class='ocrx_word' id='word_1_761' title='bbox 3186 5018 3357 5071; x_wconf 91' lang='lat' dir='ltr'><strong>multo</strong></span> <span class='ocrx_word' id='word_1_762' title='bbox 3388 5016 3562 5086; x_wconf 90' lang='lat' dir='ltr'><strong>magis</strong></span> <span class='ocrx_word' id='word_1_763' title='bbox 3592 5014 3822 5084; x_wconf 89' lang='lat' dir='ltr'><strong>eligeret</strong></span> <span class='ocrx_word' id='word_1_764' title='bbox 3854 5027 3916 5066; x_wconf 87' lang='lat' dir='ltr'><strong>se</strong></span> 
     </span>
    </p>
   </div>
   <div class='ocr_carea' id='block_1_109' title="bbox 2328 5110 3917 5182">
    <p class='ocr_par' dir='ltr' id='par_1_109' title="bbox 2328 5110 3917 5182">
     <span class='ocr_line' id='line_1_109' title="bbox 2328 5110 3917 5182; baseline -0.006 -16"><span class='ocrx_word' id='word_1_765' title='bbox 2328 5113 2502 5181; x_wconf 90' lang='lat' dir='ltr'><strong>ipsum</strong></span> <span class='ocrx_word' id='word_1_766' title='bbox 2531 5127 2778 5182; x_wconf 90' lang='lat' dir='ltr'><strong>corpore,</strong></span> <span class='ocrx_word' id='word_1_767' title='bbox 2803 5126 2963 5181; x_wconf 89' lang='lat' dir='ltr'><strong>quam</strong></span> <span class='ocrx_word' id='word_1_768' title='bbox 2995 5110 3145 5165; x_wconf 93' lang='lat' dir='ltr'><strong>illum</strong></span> <span class='ocrx_word' id='word_1_769' title='bbox 3169 5110 3307 5164; x_wconf 91' lang='lat' dir='ltr'><strong>sicut</strong></span> <span class='ocrx_word' id='word_1_770' title='bbox 3332 5116 3449 5163; x_wconf 89' lang='lat' dir='ltr'><strong>erat</strong></span> <span class='ocrx_word' id='word_1_771' title='bbox 3470 5116 3742 5161; x_wconf 85' lang='lat' dir='ltr'><strong>mortuum</strong></span> <span class='ocrx_word' id='word_1_772' title='bbox 3771 5118 3917 5159; x_wconf 86' lang='lat' dir='ltr'><strong>esse.</strong></span> 
     </span>
    </p>
   </div>
   <div class='ocr_carea' id='block_1_110' title="bbox 2327 5194 3916 5274">
    <p class='ocr_par' dir='ltr' id='par_1_110' title="bbox 2327 5194 3916 5274">
     <span class='ocr_line' id='line_1_110' title="bbox 2327 5194 3916 5274; baseline -0.006 -17"><span class='ocrx_word' id='word_1_773' title='bbox 2327 5202 2494 5259; x_wconf 88' lang='lat' dir='ltr'><strong>Nobis</strong></span> <span class='ocrx_word' id='word_1_774' title='bbox 2535 5213 2657 5274; x_wconf 85' lang='lat' dir='ltr'><strong>post</strong></span> <span class='ocrx_word' id='word_1_775' title='bbox 2705 5205 2820 5259; x_wconf 71' lang='lat' dir='ltr'><strong>hazc</strong></span> <span class='ocrx_word' id='word_1_776' title='bbox 2864 5202 3182 5269; x_wconf 76' lang='lat' dir='ltr'><strong>Lugdunum</strong></span> <span class='ocrx_word' id='word_1_777' title='bbox 3238 5199 3494 5265; x_wconf 86' lang='lat' dir='ltr'><strong>reversis,</strong></span> <span class='ocrx_word' id='word_1_778' title='bbox 3548 5211 3679 5250; x_wconf 89' lang='lat' dir='ltr'><strong>ecce</strong></span> <span class='ocrx_word' id='word_1_779' title='bbox 3729 5194 3916 5249; x_wconf 90' lang='lat' dir='ltr'><strong>nuntii</strong></span> 
     </span>
    </p>
   </div>
   <div class='ocr_carea' id='block_1_111' title="bbox 2327 5285 3921 5365">
    <p class='ocr_par' dir='ltr' id='par_1_111' title="bbox 2327 5285 3921 5365">
     <span class='ocr_line' id='line_1_111' title="bbox 2327 5285 3921 5365; baseline -0.007 -17"><span class='ocrx_word' id='word_1_780' title='bbox 2327 5310 2467 5350; x_wconf 90' lang='lat' dir='ltr'><strong>unus</strong></span> <span class='ocrx_word' id='word_1_781' title='bbox 2486 5305 2606 5365; x_wconf 90' lang='lat' dir='ltr'><strong>post</strong></span> <span class='ocrx_word' id='word_1_782' title='bbox 2637 5311 2800 5349; x_wconf 90' lang='lat' dir='ltr'><strong>unum</strong></span> <span class='ocrx_word' id='word_1_783' title='bbox 2831 5294 3086 5348; x_wconf 86' lang='lat' dir='ltr'><strong>Anselmo</strong></span> <span class='ocrx_word' id='word_1_784' title='bbox 3122 5300 3441 5355; x_wconf 87' lang='lat' dir='ltr'><strong>occurrunt,</strong></span> <span class='ocrx_word' id='word_1_785' title='bbox 3466 5289 3678 5342; x_wconf 85' lang='lat' dir='ltr'><strong>litteras</strong></span> <span class='ocrx_word' id='word_1_786' title='bbox 3713 5285 3764 5341; x_wconf 88' lang='lat' dir='ltr'><strong>ei</strong></span> <span class='ocrx_word' id='word_1_787' title='bbox 3789 5300 3921 5340; x_wconf 88' lang='lat' dir='ltr'><strong>cum</strong></span> 
     </span>
    </p>
   </div>
   <div class='ocr_carea' id='block_1_112' title="bbox 2326 5378 3921 5455">
    <p class='ocr_par' dir='ltr' id='par_1_112' title="bbox 2326 5378 3921 5455">
     <span class='ocr_line' id='line_1_112' title="bbox 2326 5378 3921 5455; baseline -0.007 -17"><span class='ocrx_word' id='word_1_788' title='bbox 2326 5385 2580 5453; x_wconf 89' lang='lat' dir='ltr'><strong>precibus</strong></span> <span class='ocrx_word' id='word_1_789' title='bbox 2628 5400 2692 5438; x_wconf 89' lang='lat' dir='ltr'><strong>ex</strong></span> <span class='ocrx_word' id='word_1_790' title='bbox 2755 5394 2908 5455; x_wconf 89' lang='lat' dir='ltr'><strong>parte</strong></span> <span class='ocrx_word' id='word_1_791' title='bbox 2955 5385 3143 5438; x_wconf 88' lang='lat' dir='ltr'><strong>matris</strong></span> <span class='ocrx_word' id='word_1_792' title='bbox 3190 5382 3444 5437; x_wconf 73' lang='lat' dir='ltr'><strong>Ecclesia:</strong></span> <span class='ocrx_word' id='word_1_793' title='bbox 3488 5378 3809 5448; x_wconf 84' lang='lat' dir='ltr'><strong>Anglorum,</strong></span> <span class='ocrx_word' id='word_1_794' title='bbox 3850 5390 3921 5428; x_wconf 76' lang='lat' dir='ltr'><strong>ex</strong></span> 
     </span>
    </p>
   </div>
   <div class='ocr_carea' id='block_1_113' title="bbox 1960 5488 2614 5553">
    <p class='ocr_par' dir='ltr' id='par_1_113' title="bbox 1960 5488 2614 5553">
     <span class='ocr_line' id='line_1_113' title="bbox 1960 5488 2614 5553; baseline 0.014 -12"><span class='ocrx_word' id='word_1_795' title='bbox 1960 5488 2370 5550; x_wconf 85' lang='lat' dir='ltr'><strong>HENSCHENII</strong></span> <span class='ocrx_word' id='word_1_796' title='bbox 2407 5496 2614 5553; x_wconf 75' lang='grc' dir='ltr'><strong>ΝΟΤᾹΞ</strong></span> 
     </span>
    </p>
   </div>
   <div class='ocr_carea' id='block_1_114' title="bbox 657 5585 2219 5679">
    <p class='ocr_par' dir='ltr' id='par_1_114' title="bbox 657 5585 2219 5679">
     <span class='ocr_line' id='line_1_114' title="bbox 657 5585 2219 5679; baseline 0.007 -30"><span class='ocrx_word' id='word_1_797' title='bbox 657 5667 668 5679; x_wconf 44' lang='lat'><strong>.</strong></span> <span class='ocrx_word' id='word_1_798' title='bbox 708 5585 839 5679; x_wconf 62' lang='grc' dir='ltr'><strong>’(ξξᾷ)</strong></span> <span class='ocrx_word' id='word_1_799' title='bbox 879 5595 1279 5679; x_wconf 66' lang='lat' dir='ltr'><strong>Marciniacum,</strong></span> <span class='ocrx_word' id='word_1_800' title='bbox 1318 5601 2219 5679; x_wconf 61' lang='lat' dir='ltr'><strong>monasteriumsanctimonialium</strong></span> 
     </span>
    </p>
   </div>
   <div class='ocr_carea' id='block_1_115' title="bbox 655 5668 2218 5740">
    <p class='ocr_par' dir='ltr' id='par_1_115' title="bbox 655 5668 2218 5740">
     <span class='ocr_line' id='line_1_115' title="bbox 655 5668 2218 5740; baseline 0.005 -20"><span class='ocrx_word' id='word_1_801' title='bbox 655 5668 710 5721; x_wconf 91' lang='lat' dir='ltr'><strong>in</strong></span> <span class='ocrx_word' id='word_1_802' title='bbox 751 5668 968 5740; x_wconf 71' lang='lat' dir='ltr'><strong>diwcesi</strong></span> <span class='ocrx_word' id='word_1_803' title='bbox 1001 5668 1468 5740; x_wconf 75' lang='lat' dir='ltr'><strong>Augustodunensi</strong></span> <span class='ocrx_word' id='word_1_804' title='bbox 1512 5686 1545 5725; x_wconf 89' lang='lat' dir='ltr'><strong>a</strong></span> <span class='ocrx_word' id='word_1_805' title='bbox 1593 5671 1653 5726; x_wconf 90' lang='lat' dir='ltr'><strong>S.</strong></span> <span class='ocrx_word' id='word_1_806' title='bbox 1692 5669 1916 5740; x_wconf 85' lang='lat' dir='ltr'><strong>Hugone</strong></span> <span class='ocrx_word' id='word_1_807' title='bbox 1964 5684 2218 5728; x_wconf 90' lang='lat' dir='ltr'><strong>constru-</strong></span> 
     </span>
    </p>
   </div>
   <div class='ocr_carea' id='block_1_116' title="bbox 653 5737 2218 5814">
    <p class='ocr_par' dir='ltr' id='par_1_116' title="bbox 653 5737 2218 5814">
     <span class='ocr_line' id='line_1_116' title="bbox 653 5737 2218 5814; baseline 0.003 -20"><span class='ocrx_word' id='word_1_808' title='bbox 653 5745 819 5806; x_wconf 89' lang='lat' dir='ltr'><strong>ctum,</strong></span> <span class='ocrx_word' id='word_1_809' title='bbox 869 5737 946 5793; x_wconf 89' lang='lat' dir='ltr'><strong>uti</strong></span> <span class='ocrx_word' id='word_1_810' title='bbox 989 5737 1054 5792; x_wconf 87' lang='lat' dir='ltr'><strong>ad</strong></span> <span class='ocrx_word' id='word_1_811' title='bbox 1096 5737 1254 5807; x_wconf 87' lang='lat' dir='ltr'><strong>hujus</strong></span> <span class='ocrx_word' id='word_1_812' title='bbox 1284 5737 1460 5794; x_wconf 77' lang='lat' dir='ltr'><strong>Vitam</strong></span> <span class='ocrx_word' id='word_1_813' title='bbox 1486 5740 1591 5796; x_wconf 87' lang='lat' dir='ltr'><strong>late</strong></span> <span class='ocrx_word' id='word_1_814' title='bbox 1617 5737 1933 5799; x_wconf 75' lang='lat' dir='ltr'><strong>deducimus</strong></span> <span class='ocrx_word' id='word_1_815' title='bbox 1951 5743 2025 5799; x_wconf 76' lang='lat'><strong>‘29</strong></span> <span class='ocrx_word' id='word_1_816' title='bbox 2057 5743 2218 5814; x_wconf 87' lang='lat' dir='ltr'><strong>Apri-</strong></span> 
     </span>
    </p>
   </div>
   <div class='ocr_carea' id='block_1_117' title="bbox 2327 5610 3625 5752">
    <p class='ocr_par' dir='ltr' id='par_1_117' title="bbox 2327 5610 3625 5752">
     <span class='ocr_line' id='line_1_117' title="bbox 2327 5610 3625 5752; baseline -0.008 -15"><span class='ocrx_word' id='word_1_817' title='bbox 2327 5610 2510 5752; x_wconf 54' lang='lat' dir='ltr'><strong>hsZ56)</strong></span> <span class='ocrx_word' id='word_1_818' title='bbox 2550 5679 2640 5736; x_wconf 84' lang='lat' dir='ltr'><strong>Est</strong></span> <span class='ocrx_word' id='word_1_819' title='bbox 2668 5681 2721 5736; x_wconf 86' lang='lat' dir='ltr'><strong>id</strong></span> <span class='ocrx_word' id='word_1_820' title='bbox 2750 5681 2944 5738; x_wconf 80' lang='lat' dir='ltr'><strong>festum</strong></span> <span class='ocrx_word' id='word_1_821' title='bbox 2981 5679 3329 5736; x_wconf 79' lang='lat' dir='ltr'><strong>Vinculorum</strong></span> <span class='ocrx_word' id='word_1_822' title='bbox 3359 5677 3419 5732; x_wconf 84' lang='lat' dir='ltr'><strong>S.</strong></span> <span class='ocrx_word' id='word_1_823' title='bbox 3459 5675 3625 5731; x_wconf 84' lang='lat' dir='ltr'><strong>Petri.</strong></span> 
     </span>
    </p>
   </div>
  </div>
