4068 6286
1682 163 1719 175 .-

226 283 309 338 109

1180 273 1340 331 ἮΤΑ
1377 271 1704 332 AUCTORE
1741 271 2087 329 EADMEllO.
2137 302 2204 312 --—
2243 271 2369 326 LIB.
2421 271 2523 334 ll.,

3314 270 3417 326 110

221 401 351 462 parte
373 387 486 442 novi
517 387 662 457 regis
691 385 929 451 llenrici,
969 387 1059 456 qui
1087 385 1238 442 fratri
1265 395 1622 453 successerat,
1657 399 1758 440 nec
1785 389 1832 448 Α
1861 399 1988 440 ecce
2015 384 2104 454 qui
2137 396 2379 449 venerat,
2419 384 2658 440 secundo
2681 381 2793 455 jam
2827 385 2972 438 vultu
3014 384 3291 453 paululum
3335 386 3439 439 mi-

221 498 310 538 non
333 496 390 534 ex
415 489 564 550 parte
597 478 898 549 principum
933 479 1106 549 regni,
1140 477 1390 532 deferunt
1415 492 1758 547 summopere

219 569 516 642 postulantes
547 583 670 623 eum
701 568 955 622 festinato
985 583 1172 638 gressu
1197 567 1394 634 redire,
1433 576 1488 621 et
1517 581 1763 622 asseren-

219 671 286 714 tes
311 667 462 712 totam
499 666 698 711 terram
729 657 782 710 in
809 657 1100 712 adventum
1131 655 1275 710 illius
1305 657 1612 721 attonitam,
1643 669 1763 709 om-

214 750 384 816 niaque
409 746 616 817 negotia
645 745 793 815 regni
827 746 895 800 ad
925 753 1115 799 nutum
1162 743 1278 811 ejus
1308 747 1544 814 pendere
1572 744 1760 798 dilata.

217 839 296 895 llis
336 839 566 906 acceptis
612 835 899 892 Anselmus
943 838 1098 892 velox
1147 837 1393 909 Angliam
1443 837 1576 908 petit
1637 836 1760 908 [al.,

211 931 341 984 omit.
387 928 447 982 ll.
486 944 540 983 a.
570 928 636 982 A.
662 943 715 982 v.
749 928 811 984 Α.
842 927 948 1000 ρ.].

271 1020 349 1074 59.
383 1019 578 1073 Verum
607 1019 696 1074 ubi
736 1019 1044 1074 Serberiam
1090 1021 1158 1076 ad
1210 1036 1389 1091 regem
1430 1020 1598 1084 venit,
1627 1029 1680 1074 et
1716 1021 1763 1074 ei

205 1111 320 1182 quid
357 1110 418 1163 de
448 1109 814 1165 Ecclesiarum
837 1111 1167 1166 investituris
1193 1111 1245 1165 in
1273 1111 1518 1166 Romano
1538 1109 1767 1165 concilio

206 1202 473 1270 acceperit,
516 1201 676 1271 plano
711 1217 962 1258 sermone
987 1204 1244 1269 innOtuit;
1273 1205 1518 1258 turbatus
1543 1213 1627 1258 est
1651 1218 1765 1270 rex,

202 1315 259 1352 ac
291 1298 630 1353 vehementer
671 1300 918 1366 indoluit,
953 1314 1053 1354 nec
1091 1309 1278 1353 nutum
1317 1298 1432 1368 ejus
1470 1300 1522 1353 in
1561 1299 1767 1368 aliquo,

201 1388 328 1440 sicut
356 1387 528 1440 nuntii
560 1388 832 1452 dixerant,
863 1399 1178 1458 exspectare
1205 1389 1394 1442 voluit.
1440 1389 1568 1456 Quae
1607 1389 1770 1459 igitur

202 1478 327 1532 inter
350 1493 440 1534 eos
468 1494 562 1549 per
586 1479 719 1535 duos
750 1481 918 1534 semis
945 1477 1066 1552 [al.,
1098 1480 1243 1533 omit.
1265 1478 1337 1551 s.]
1365 1495 1535 1534 annos
1550 1494 1648 1548 pro
1669 1480 1770 1533 isto

201 1572 397 1640 negotio
425 1581 549 1626 acta
579 1573 709 1639 sint,
739 1582 794 1628 et
821 1582 954 1645 quot
981 1583 1278 1644 quantasve
1303 1574 1480 1628 minas
1505 1589 1570 1629 ac
1601 1574 1771 1628 tribu-

201 1659 412 1715 lationes
449 1661 739 1716 Anselmus
783 1677 975 1732 passus
1014 1663 1109 1729 sit,
1153 1662 1238 1718 vel
1283 1664 1557 1732 quomodo
1593 1663 1767 1718 nuntii

1861 473 1981 528 naci
2027 473 2255 537 assistit,
2290 484 2539 543 repetens
2581 475 2723 529 dicta
2759 491 2879 544 quae
2917 475 3090 544 primo
3119 475 3438 544 protulerat.

1861 567 1933 620 At
1968 566 2056 620 ille
2081 566 2510 634 expergefactus,
2550 583 2614 622 ac
2659 568 2866 622 visione
2906 579 2963 622 ut
3001 569 3179 638 primo
3223 569 3445 638 postha-

1864 656 1994 719 bita,
2030 665 2189 710 nocte
2214 657 2369 711 tertia
2403 659 2456 711 in
2483 659 2641 712 solito
2669 660 2788 715 loco
2816 676 3007 716 somno
3035 675 3093 714 se
3127 661 3311 714 tradit.
3345 659 3441 714 Cui

1863 745 2243 812 ohdormienti,
2296 747 2436 802 idem
2485 749 2575 816 qui
2612 752 2852 806 secundo
2899 759 3247 821 apparuerat,
3283 751 3444 806 tertio

1865 836 2110 904 apparuit
2161 835 2282 890 irati
2332 845 2564 890 mentem
2603 840 2752 894 vultu
2796 855 2859 893 ac
2898 856 3028 895 voce
3080 841 3442 909 praetendens.

1866 925 2063 992 Quare,
2099 927 2197 991 ait,
2229 927 2362 983 facis
2389 930 2530 997 quod
2555 928 2668 998 jam
2699 931 2865 986 semel
2911 931 3006 986 tibi
3047 944 3101 987 et
3145 933 3338 987 iterum
3380 947 3449 986 ne

1866 1017 2073 1071 faceres
2094 1016 2240 1071 dixi?
2269 1015 2420 1071 Nunc
2447 1018 2610 1088 igitur
2635 1019 2717 1074 vel
2748 1021 2908 1074 tertio
2929 1022 3237 1076 admonitus
3266 1036 3446 1091 surge,

1867 1117 1922 1162 et
1952 1118 2004 1162 te
2033 1124 2061 1160 a
2095 1108 2237 1163 lecto
2263 1109 2536 1178 pontificis
2562 1112 2754 1166 amodo
2785 1113 2996 1166 cohibe.
3033 1112 3167 1168 Nam
3194 1115 3316 1170 dico
3351 1115 3447 1168 tibi

1869 1199 1995 1270 quia
2030 1199 2073 1254 si
2109 1199 2246 1254 ultra
2274 1200 2328 1254 in
2355 1216 2420 1254 co
2464 1211 2712 1270 repertus
2743 1203 2929 1267 fueris,
2976 1203 3273 1272 experieris
3316 1204 3451 1258 nihil

1869 1292 2262 1360 phantasmatis
2282 1306 2400 1347 esse
2432 1293 2483 1346 in
2515 1294 2631 1348 istis
2657 1310 2774 1364 qua:
2802 1295 2976 1350 audis.
3006 1295 3157 1351 Tunc
3183 1297 3271 1350 ille
3292 1296 3454 1351 vehe-

1872 1389 2083 1434 menter
2108 1383 2402 1435 exterritus
2433 1381 2570 1436 lecto
2600 1383 2800 1447 desilit,
2833 1385 3143 1454 episcopum
3177 1383 3291 1454 (57)
3323 1385 3454 1438 civi-

1872 1471 1998 1524 tatis
2035 1486 2197 1540 super
2229 1472 2443 1542 negotio
2481 1473 2824 1528 consulturus
2862 1474 3091 1530 celerius
3133 1475 3268 1539 adit,
3296 1475 3455 1542 eique

1871 1562 2114 1616 ordinem
2145 1563 2221 1617 rei
2254 1564 2306 1617 in
2334 1565 2622 1633 przesentia
2653 1567 2946 1620 multorum
2969 1568 3208 1636 exponit.
3234 1567 3456 1636 Episco-

1872 1665 1972 1719 pus
2001 1661 2180 1705 autem
2201 1651 2519 1719 jamdudum
2554 1654 2652 1707 viri
2683 1656 3024 1709 sanctitatem
3057 1657 3196 1709 fama
3238 1656 3453 1710 discur-

198 1752 348 1806 seme]
377 1769 442 1808 ac
476 1754 670 1808 item."
701 1731 927 1808 Romam
960 1770 1059 1825 ριιο
1087 1731 1385 1810 ιηυιθιίάηε
1416 1755 1652 1824 ipsorum
1676 1755 1772 1810 de-
1803 1731 1847 1790 Β
1875 1751 2025 1797 rente
2051 1744 2292 1805 edoctus,
2333 1761 2399 1798 ac
2447 1746 2757 1815 nuperrime
2799 1763 2866 1800 ex
2911 1747 3270 1803 collocutione
3313 1749 3457 1803 illius

197 1851 460 1894 cretorum
495 1843 643 1896 missi
684 1843 817 1905 sint,
847 1843 1086 1914 quidque
1123 1843 1423 1909 effecerint,
1471 1844 1563 1912 qui
1612 1857 1772 1898 nosse

195 1927 436 1997 voluerit,
467 1946 604 2000 opus
628 1931 778 1998 illud,
811 1933 964 2000 cujus
991 1933 1045 1988 in
1083 1933 1307 2004 prologo
1337 1933 1498 2003 hujus
1525 1933 1773 2003 opusculi

195 2021 518 2076 mentionem
550 2022 800 2088 fecimus,
832 2023 994 2094 legat,
1030 2033 1086 2080 et
1122 2024 1193 2078 ibi
1220 2025 1430 2094 singula
1465 2024 1622 2096 plene
1649 2024 1769 2096 [al.,

191 2109 387 2180 plane],
439 2121 499 2166 ut
545 2121 698 2181 puto,
735 2114 943 2184 digesta
988 2116 1245 2186 reperiet.
1276 2115 1405 2170 Post
1433 2131 1554 2186 quae
1590 2115 1773 2171 omnia

193 2203 394 2270 rogavit
445 2205 765 2260 Anselmum
818 2223 934 2272 rex,
975 2217 1243 2276 quatenus
1282 2208 1509 2278 ipsemet
1548 2207 1774 2262 Romam

192 2291 302 2358 iret,
347 2301 408 2347 et
437 2308 562 2346 cum
595 2295 786 2349 nuntio
815 2311 974 2364 quem
1007 2311 1073 2350 eo
1103 2299 1408 2351 directurus
1434 2306 1572 2362 erat,
1601 2313 1777 2352 causa:

193 2397 301 2449 qua:
330 2391 664 2455 emerserat,
701 2400 797 2454 pro
817 2400 915 2439 suo
945 2385 1150 2441 honore
1176 2401 1332 2454 opem
1362 2385 1550 2442 ferret.
1583 2387 1639 2441 ln
1672 2403 1780 2457 quo

191 2487 302 2524 cum
331 2486 532 2525 omnes
565 2473 728 2526 totius
746 2473 955 2543 Anglia:
996 2473 1231 2543 episcopi
1259 2472 1377 2546 [al.,
1406 2473 1530 2546 ipsi]
1557 2476 1782 2531 abbatcs

195 2569 241 2612 et
263 2559 549 2630 principes
568 2561 998 2629 acquiescerent,
1021 2571 1076 2616 et
1097 2579 1221 2617 eum
1249 2579 1347 2632 pro
1375 2573 1522 2634 tanta
1547 2582 1624 2632 re,
1650 2565 1781 2634 quin

198 2651 291 2707 iret
338 2651 658 2705 nullatenus
698 2654 1054 2722 supersedere
1099 2655 1296 2708 debere
1343 2633 1778 2721 conclamarent;

199 2757 250 2795 se
277 2743 503 2810 quidem
539 2743 738 2796 iturum
765 2743 1065 2812 respondit,
1103 2744 1198 2798 sed
1228 2744 1364 2798 nihil
1393 2746 1538 2814 quod
1566 2746 1650 2800 vel
1680 2747 1780 2801 Ec-

199 2833 483 2888 rlesiarum
527 2833 784 2901 libertati,
828 2834 912 2888 vel
948 2850 1059 2890 suae
1107 2844 1291 2904 posset
1339 2835 1561 2892 obviare
1611 2839 1779 2892 hone-

201 2924 339 2989 stati,
375 2939 478 2977 suo
521 2923 607 2978 vel
655 2933 844 2994 rogatu
901 2925 983 2980 vel
1035 2927 1264 2982 consilio
1304 2943 1541 2998 unquam
1588 2943 1778 2999 papam

199 3025 436 3068 acturum
468 3013 592 3068 viva
623 3031 751 3070 voce
773 3017 1061 3086 spopondit
1092 3017 1214 3090 [al.,
1242 3019 1565 3092 respondit].
1599 3021 1782 3091 itaque

198 3116 312 3155 cum
348 3103 586 3158 Romam
628 3105 889 3172 venisset,
921 3122 951 3160 a
981 3107 1202 3162 domino
1231 3123 1364 3178 papa
1392 3109 1639 3165 Paschali
1689 3111 1781 3180 qui

203 3191 411 3249 Urbano
438 3206 808 3264 successerat,
849 3207 1070 3268 totaque
1102 3201 1252 3254 urbis
1288 3201 1571 3256 nobilitate
1609 3203 1781 3257 hono-

201 3281 340 3336 rifice
367 3293 660 3354 susceptus
694 3295 796 3341 est.
835 3287 930 3342 Die
977 3288 1173 3342 dehinc
1212 3291 1527 3356 constituto,
1570 3291 1781 3347 Willel-

202 3386 312 3426 mus
343 3373 452 3440 ille,
493 3375 653 3444 cujus
687 3393 849 3445 supra
887 3378 1257 3442 meminimus,
1291 3395 1320 3432 a
1372 3395 1499 3449 rege
1524 3381 1782 3445 directus,

199 3476 406 3518 causam
455 3465 612 3536 regis
649 3466 702 3519 in
742 3468 980 3522 medium
1022 3467 1162 3535 tulit,
1194 3484 1258 3523 ac
1298 3469 1440 3523 inter
1475 3470 1602 3536 alia,
1641 3471 1785 3540 quod

202 3564 286 3604 rex
319 3554 432 3622 ipse
474 3572 586 3612 nec
628 3571 728 3626 pro
770 3558 923 3627 regni
967 3558 1261 3612 amissione
1300 3559 1651 3615 investituras
1683 3561 1786 3618 Ec-

201 3641 486 3702 clesiarum
551 3657 832 3718 pateretur
894 3650 1186 3717 amittere,
1253 3651 1556 3707 minacibus
1606 3654 1787 3708 verbis

202 3738 442 3791 asseruit.
495 3739 586 3793 Ad
623 3753 742 3808 quae
783 3754 917 3808 papa
966 3757 980 3793 :
1027 3739 1103 3802 Si,
1137 3741 1590 3810 quemadmodum
1627 3744 1783 3809 dicis,

201 3842 287 3881 rex
333 3838 460 3886 tuus
511 3845 620 3885 nec
662 3845 760 3900 pro
803 3831 953 3901 regni
999 3833 1292 3888 amissione
1325 3835 1564 3904 patietur
1599 3835 1786 3891 Eccle-

201 3917 392 3974 siarum
449 3921 782 3978 donationes
837 3923 1131 3990 amittere;
1187 3925 1362 3993 scias,
1421 3941 1551 3981 ecce
1600 3943 1787 3982 coram

201 4005 302 4063 Deo
347 4011 490 4076 dico,
553 4011 682 4080 quia
730 4027 828 4066 nec
887 4028 984 4082 pro
1033 4013 1115 4066 sui
1171 4014 1366 4083 capitis
1414 4016 1791 4084 redemptione

201 4111 287 4153 eas
328 4101 402 4156 illi
442 4103 746 4172 aliquando
776 4102 1053 4158 Paschalis
1091 4118 1225 4172 papa
1264 4103 1483 4174 impune
1514 4105 1791 4174 permittet

206 4191 422 4249 habere.

264 4289 348 4343 60.
390 4291 446 4345 In
477 4292 570 4347 his
601 4290 873 4361 negotium
903 4289 1046 4360 regis
1075 4290 1151 4344 ita
1181 4289 1342 4345 ﬁnem
1369 4299 1498 4346 tunc
1531 4290 1790 4362 temporis

1808 3071 1855 3135 C

1875 1851 1996 1889 eam
2044 1835 2290 1889 nonnihil
2337 1844 2614 1905 expertus,
2665 1837 2898 1891 hominis
2940 1838 3219 1894 audaciam
3271 1840 3460 1894 durius

1873 1926 2198 1996 increpavit,
2255 1937 2312 1981 et
2367 1928 2494 1997 quia
2562 1927 2724 1983 stulte
2764 1936 2821 1982 et
2871 1927 3238 1997 insipientium
3305 1945 3459 1985 more

1875 2018 2066 2088 egerit,
2123 2019 2266 2088 quod
2315 2018 2453 2074 lecto
2513 2019 2600 2073 ubi
2651 2019 2735 2072 vir
2787 2027 2969 2073 tantus
3010 2021 3314 2087 quieverat,
3361 2036 3457 2075 cu-

1874 2111 2006 2166 bare
2057 2111 2509 2182 praesumpsisset,
2556 2111 2908 2167 asseveravit.
2963 2110 3224 2166 Eumdem
3278 2113 3461 2181 itaque

1876 2201 2077 2258 leCtum
2130 2211 2448 2257 reverenter
2507 2202 2762 2270 deinceps
2811 2208 3088 2256 servatum
3141 2201 3204 2255 iri
3260 2216 3462 2271 praece-

1877 2296 1974 2365 pit,
2006 2304 2063 2349 et
2100 2311 2166 2350 ue
2202 2295 2398 2364 aliquis
2430 2295 2484 2350 in
2525 2309 2590 2350 co
2626 2295 2855 2350 ulterius
2877 2294 3062 2364 jacere
3086 2305 3457 2365 praesumeret,

1875 2384 2055 2454 jussit.
2108 2383 2261 2451 Quod
2309 2399 2480 2454 usque
2530 2385 2713 2452 hodie,
2762 2385 2841 2439 uti
2895 2385 3222 2456 accepimus,
3272 2401 3462 2440 serva-

1881 2481 1994 2526 tum
2027 2482 2128 2526 est.

1953 2565 2042 2619 6t.
2083 2565 2369 2620 Anselmus
2395 2572 2594 2628 autem,
2636 2579 2758 2618 cum
2807 2579 3030 2619 emenso
3074 2565 3268 2619 itinere
3316 2565 3463 2635 Lug-

1883 2653 2026 2709 duno
2058 2653 2562 2723 appropinquasset,
2598 2649 2902 2708 Willetmus
2941 2653 3199 2723 praafatus
3235 2656 3467 2709 comita-

1885 2755 1997 2798 tum
2044 2744 2186 2798 illius
2229 2744 2482 2798 deserere
2529 2743 2738 2810 volens,
2787 2743 3064 2799 interdixit
3105 2745 3154 2800 ei
3200 2759 3264 2797 ex
3309 2754 3466 2813 parte

1883 2833 2085 2888 domini
2113 2834 2195 2888 sui
2227 2835 2370 2903 regis
2397 2834 2574 2888 redire
2614 2835 2669 2888 in
2698 2835 2971 2906 Angliam,
3002 2836 3104 2892 nisi
3138 2837 3252 2906 ipse
3277 2852 3466 2891 omnes

1884 2926 2054 2996 patris
2081 2935 2137 2979 et
2161 2925 2346 2980 fratris
2372 2925 2518 2980 illius
2542 2926 2960 2981 consuetudines
2985 2927 3283 2997 postposita
3318 2929 3465 2982 sedis

1885 3016 2194 3086 apostolica:
2219 3018 2554 3087 subjectioue
2583 3026 2639 3072 et
2669 3018 3004 3082 obedientia,
3035 3034 3096 3074 se
3129 3019 3176 3074 ei
3219 3031 3466 3075 servatu-

1885 3125 2005 3164 rum
2035 3118 2184 3164 certo
2209 3111 2576 3178 promitteret.
2609 3107 2762 3176 Quod
2793 3108 2882 3164 ille
2912 3110 3135 3164 audiens
3166 3111 3468 3166 admiratus

1882 3207 1986 3265 est,
2036 3197 2212 3252 sciens
2258 3213 2316 3252 se
2350 3199 2455 3252 alia
2504 3196 2624 3269 [al.,
2677 3213 2780 3251 non
2829 3186 2958 3268 alia]
3005 3199 3311 3252 conditione
3359 3201 3468 3253 An-

1883 3291 2047 3361 gliam
2090 3291 2387 3345 exstitisse.
2433 3289 2764 3342 Perveuicns
2801 3303 2930 3342 vero
2971 3287 3287 3356 Lugdunum
3320 3305 3468 3344 rese-

1884 3379 1965 3434 dit
1993 3380 2066 3434 lbi
2097 3394 2164 3433 ex
2203 3392 2362 3433 more
2387 3378 2612 3446 antiquo
2640 3377 2692 3430 in
2723 3391 2860 3444 pace
2885 3384 2940 3430 et
2969 3377 3152 3445 quiete
3191 3378 3464 3448 pr0priam

1884 3469 2096 3539 praefati
2146 3468 2427 3522 reverendi
2475 3466 2716 3536 llugonis
2763 3466 3005 3536 ejusdem
3056 3466 3206 3522 urbis
3256 3468 3471 3522 archie-

1884 3561 2090 3631 piscopi
2120 3561 2341 3616 domum
2375 3560 2707 3622 inhabitans,
2746 3567 2804 3614 et
2829 3574 2896 3612 ne
2923 3559 2991 3612 ad
3031 3558 3223 3613 horam
3247 3560 3465 3630 quidem

1886 3652 1956 3706 ab
1983 3651 2068 3705 his
2092 3667 2213 3721 qua:
2246 3650 2338 3705 Dei
2367 3659 2512 3712 sunt,
2550 3649 2716 3702 verbo
2745 3661 2804 3702 se
2833 3647 2918 3701 vel
2943 3657 3067 3702 actu
3089 3649 3369 3718 elongans.

1959 3743 2048 3797 62.
2087 3742 2300 3810 Accidit
2334 3751 2514 3796 autem
2566 3755 2672 3794 una
2716 3738 2927 3792 dierum
2976 3739 3102 3793 dum
3153 3740 3268 3808 ipse
3307 3739 3471 3793 Pater

1886 3833 2159 3889 celebrato
2179 3833 2404 3887 solemni
2438 3831 2616 3886 missa:
2642 3828 2840 3895 oﬂicio,
2871 3828 3039 3894 solus,
3069 3839 3229 3898 prout
3257 3832 3308 3883 ei
3337 3845 3467 3882 con-

1887 3924 2187 3980 suetudinis
2209 3932 2346 3987 erat,
2376 3923 2433 3977 in
2459 3920 2699 3977 oratorio
2727 3934 2824 3989 per
2859 3917 3043 3972 ﬂetum
3073 3917 3184 3971 Deo
3210 3932 3330 3972 sese
3359 3935 3473 3970 rna-

1889 4025 2084 4078 ctaret,
2117 4022 2175 4066 ut
2210 4012 2429 4081 quidam
2475 4012 2639 4065 homo
2669 4010 2832 4078 pedes
2869 4023 2998 4062 suos
3033 4007 3225 4062 baculo
3253 4016 3473 4073 regente

1891 4106 2172 4161 adveniret
2201 4103 2498 4157 oratorium
2519 4102 2703 4172 ipsum
2743 4113 2994 4168 rumpere
3013 4097 3270 4165 gestiens.
3301 4097 3470 4164 Quem

1893 4195 2064 4251 frater
2095 4202 2150 4249 et
2171 4193 2351 4248 socius
2387 4198 2574 4246 noster
2612 4189 2922 4246 Alexander
2953 4189 3252 4243 monachus
3278 4187 3471 4243 Eccle-

1893 4288 1990 4342 sia:
2013 4285 2219 4341 scilicet
2245 4282 2676 4347 Cantuariensis,
2701 4282 2792 4350 qui
2820 4297 2918 4351 pro
2951 4281 3163 4336 foribus
3188 4295 3469 4351 egressum

201 4382 443 4450 sumpsit,
482 4391 543 4436 et
578 4382 869 4436 Anselmus
897 4381 1019 4437 aliis
1060 4393 1222 4452 atque
1252 4381 1373 4437 aliis
1398 4397 1522 4438 cum
1559 4397 1697 4454 papa
1723 4383 1790 4438 de
1821 4414 1870 4473 υ
1894 4377 2071 4432 Patris
2097 4377 2238 4432 forte
2258 4375 2692 4447 praestolabatur,
2722 4373 2936 4427 intuens
2964 4372 3262 4427 Ecclesiam
3291 4372 3476 4426 subire

201 4470 696 4528 ecclesiasticarum
731 4489 911 4528 rerum
949 4475 1378 4530 institutionibus
1403 4477 1560 4538 actis,
1599 4475 1652 4529 in
1688 4476 1792 4543 iter

185 4563 448 4620 Yeversus
503 4565 788 4620 civitatem
837 4565 1167 4621 Florentiam
1218 4583 1389 4636 usque
1431 4569 1698 4636 pervenit,
1739 4578 1796 4623 et

202 4661 353 4707 nocte
379 4670 493 4710 una
530 4657 586 4710 in
618 4670 682 4709 ea
707 4657 931 4725 quievit.
966 4655 1129 4712 Lecto
1166 4657 1330 4726 igitur
1368 4658 1420 4712 in
1468 4673 1576 4727 quo
1614 4659 1796 4728 sopori

201 4743 424 4800 antistes
461 4744 793 4812 indulserat,
837 4749 1092 4803 dominus
1132 4749 1325 4804 domus
1367 4765 1434 4804 eo
1483 4751 1796 4806 discedente

202 4846 292 4898 pro
319 4850 478 4890 more
511 4836 794 4892 decubuit.
827 4837 924 4892 Cui
955 4838 1315 4892 ohdormienti
1357 4839 1529 4893 astitit
1574 4839 1793 4910 quidam

202 4918 358 4990 ignoti
385 4923 577 4978 vultus
600 4927 785 4987 homo,
815 4942 1039 4982 monens
1067 4937 1126 4981 ut
1153 4927 1293 4982 lecto
1312 4927 1463 4983 ocior
1485 4928 1793 4983 decederet.

201 5010 304 5070 Nec
337 5021 493 5074 enim
543 5018 722 5082 decet,
751 5018 946 5087 inquit,
986 5027 1038 5074 te
1068 5028 1156 5073 tua
1191 5019 1476 5088 praesentia
1505 5018 1622 5072 loco
1651 5034 1794 5088 prae-

201 5105 395 5177 ripere,
438 5111 594 5180 quod
630 5125 696 5164 ex
745 5113 1033 5179 pratsentia
1090 5111 1225 5165 tanti
1275 5111 1375 5165 viri
1427 5112 1623 5165 meruit
1656 5111 1798 5165 obti-

201 5213 341 5253 nere.
379 5202 490 5269 Qui
531 5215 693 5255 mane
718 5218 1070 5271 consurgens,
1109 5211 1165 5256 et
1195 5203 1365 5256 visum
1411 5211 1590 5256 mente
1621 5201 1797 5257 revol-

202 5302 323 5343 vens
379 5293 759 5363 pltantasmati
811 5296 1051 5365 deputat,
1115 5311 1178 5350 ac
1232 5303 1392 5350 nocte
1440 5295 1688 5366 sequenti
1740 5295 1794 5349 in

195 5381 382 5436 eodem
431 5400 500 5440 se
542 5385 685 5440 lecto
727 5386 862 5440 nihil
905 5386 1164 5442 luesitans
1193 5385 1444 5440 collocat.
1478 5385 1709 5451 Dormit,
1740 5395 1795 5440 et

1893 4471 2162 4527 volentem
2197 4471 2444 4534 detinuit,
2477 4469 2748 4524 suscitans
2775 4468 3034 4537 quidnam
3070 4465 3250 4521 vellet.
3287 4465 3359 4519 At
3386 4465 3477 4520 ille

1894 4561 2128 4616 clamosa
2154 4575 2287 4614 voce
2315 4575 2374 4615 se
2399 4558 2676 4614 oculorum
2701 4557 2881 4611 lumen
2903 4556 3152 4611 amisisse
3172 4556 3476 4626 respondit,

1893 4665 1959 4706 ac
1987 4649 2120 4704 velle
2146 4657 2207 4703 ut
2234 4663 2426 4704 servus
2447 4648 2541 4702 Dei
2569 4647 2672 4702 sibi
2702 4660 2921 4702 manum
2953 4647 3278 4716 imponeret,
3298 4647 3478 4700 sciens

1895 4741 2040 4813 quod
2085 4748 2274 4795 sancta
2325 4739 2520 4793 merita
2569 4736 2687 4806 ejus
2744 4738 2845 4792 sibi
2893 4738 3267 4792 subvenirent.
3320 4737 3482 4790 Pater

1897 4835 2064 4906 igitur
2089 4835 2386 4889 clamorem
2416 4833 2662 4896 audiens,
2688 4832 2782 4886 sed
2811 4833 2976 4886 verba
3014 4831 3240 4885 minime
3271 4829 3481 4882 discer-

1900 4944 2056 4993 nens,
2083 4927 2260 4981 innuit
2289 4926 2512 4996 prazfato
2546 4923 2700 4978 fratri
2727 4923 2913 4978 venire
2943 4923 3009 4980 ad
3041 4939 3120 4986 se,
3162 4931 3218 4976 et
3256 4933 3479 4973 causam

1899 5015 2152 5070 clamoris
2177 5007 2344 5083 ipsius
2375 5013 2646 5067 intimare.
2679 5009 2828 5065 Tunc
2863 5009 2952 5063 ille
2980 5025 2994 5061 :
3037 5008 3265 5062 Domine
3295 5005 3477 5068 Pater,

1901 5107 1999 5170 ait,
2029 5119 2234 5174 pauper
2280 5103 2498 5171 quidam
2542 5103 2692 5156 venit
2735 5113 3070 5168 conquerens
3112 5111 3172 5152 se
3215 5096 3266 5149 in
3307 5095 3482 5151 oculis

1901 5197 2086 5267 afﬂigi,
2117 5204 2480 5265 precaturque
2504 5209 2600 5263 per
2628 5205 2724 5246 vos
2756 5191 2805 5245 ei
2838 5189 3051 5257 signum
3076 5197 3278 5242 sanctte
3301 5186 3483 5241 crucis

1904 5286 2131 5358 imponi.
2163 5288 2231 5340 At
2258 5285 2346 5339 ille
2372 5286 2488 5354 ipse
2530 5283 2619 5352 pio
2651 5281 2825 5344 vultu,
2859 5277 3041 5333 veniat
3075 5279 3211 5334 dixit
3240 5293 3254 5332 :
3295 5277 3482 5346 Itaque

1903 5379 2068 5435 tertio
2089 5391 2251 5449 super
2277 5375 2463 5433 oculos
2498 5375 2616 5444 ejus
2643 5371 2786 5441 quod
2813 5370 3030 5442 petebat
3058 5371 3272 5444 signum
3302 5367 3484 5425 crucis

1526 5537 1935 5596 llENSCHENll
1974 5535 2206 5594 NOTAE.

259 5652 378 5724 (37)
424 5645 731 5713 Rainerius
773 5657 860 5712 hic
903 5655 1023 5724 fuit,
1069 5657 1162 5725 qui
1208 5653 1575 5712 Florentinam
1606 5653 1780 5710 sedem

1881 5654 1898 5708 1
1927 5652 2084 5708 annis
2113 5649 2308 5714 tenuit,
2333 5662 2361 5701 a
2394 5643 2525 5701 1071
2561 5642 2630 5701 ad
2661 5641 2818 5698 1113.
