4068 6286
609 296 704 351 111

1595 292 1651 347 S.
1691 288 1990 346 ANSELMI
2026 283 2381 345 CANTUAR.
2420 278 2739 338 ARCIIIEP.

3742 281 3845 336 H2

608 425 729 466 cum
759 407 951 480 pollice
971 408 1217 479 pingens,
1244 407 1417 462 oravit
1442 406 1523 461 sic
1555 422 1568 458 :
1606 404 1788 460 Virtus
1813 404 1991 459 crucis
2016 402 2173 459 Chri-
2201 409 2245 463 A
2274 399 2381 455 ciat
2409 396 2525 452 tibi.
2554 396 2610 451 ln
2640 394 2868 450 veritate
2897 392 3094 463 quippe
3123 392 3245 448 dico
3286 392 3405 459 tibi,
3434 395 3560 464 quia
3581 410 3700 466 .pro
3733 407 3847 452 toto

606 501 677 555 sti
704 499 969 554 illuminet
991 498 1176 554 oculos
1219 496 1373 562 istos,
1407 504 1464 551 et
1492 496 1559 551 ab
1589 496 1668 552 eis
1700 510 1914 551 omnem
1950 494 2165 549 inﬁrmi-

611 598 775 643 tatem
835 586 1084 658 depellat,
1137 586 1467 655 integrteque
1517 585 1737 640 sanitati
1789 585 2063 640 restituat.
2112 583 2179 637 Et

609 693 901 751 aspergeus
940 693 1036 733 eos
1063 690 1200 746 aqua
1232 676 1589 744 sanctiﬁcata,
1622 675 1893 731 hominem
1920 675 2178 746 praecepit

609 771 779 826 abire.
810 768 1114 823 Alexander
1139 781 1269 822 vero
1297 781 1422 821 mox
1465 767 1614 821 illum
1654 768 1939 830 reducens,
1968 766 2180 821 monuit

606 871 666 918 ut
701 862 744 917 si
782 860 982 915 factum
1024 859 1127 913 viri
1154 859 1246 913 Dei
1277 874 1382 913 non
1413 872 1801 929 usquequaque
1829 858 1905 912 illi
1934 859 2035 913 hac
2060 858 2178 913 vice

605 953 781 1023 primo
823 951 1050 1020 profuit,
1104 964 1264 1004 mane
1304 947 1528 1016 rediret,
1585 948 1847 1020 pollicens
1885 949 2025 1019 Quod
2077 950 2180 1005 hoc

606 1043 779 1113 ipsum
809 1040 884 1096 illi
910 1040 1137 1111 repetita
1164 1041 1277 1095 vice
1299 1040 1773 1110 ﬁeriimpetraret.
1802 1038 1884 1095 Ad
1904 1054 2022 1108 qua:
2050 1038 2175 1093 ille:

604 1132 718 1202 Ego
747 1130 984 1202 quidem,
1023 1130 1162 1185 bone
1203 1130 1438 1194 domine,
1482 1129 1583 1184 hac
1625 1129 1691 1184 de
1732 1143 1897 1183 causa
1935 1143 2041 1182 non
2089 1142 2180 1182 re-

607 1222 756 1285 dibo,
798 1222 923 1291 quia
958 1219 1132 1290 gratia
1176 1219 1271 1274 Dei
1321 1226 1376 1274 et
1418 1217 1590 1273 ﬁdelis
1629 1217 1745 1287 ejus
1791 1216 2001 1281 famuli,
2032 1217 2178 1271 omni

606 1312 851 1367 caecitate
878 1308 1080 1380 fugata,
1128 1308 1428 1364 clarissime
1459 1309 1637 1363 video.
1684 1306 1810 1362 Haec
1856 1307 1928 1361 ita
1962 1305 2176 1376 scripsi,

608 1403 748 1458 sicut
790 1403 859 1457 ab
901 1415 997 1456 ore
1046 1401 1214 1470 ipsius
1256 1400 1571 1467 Alexandri,
1616 1399 1705 1470 qui
1751 1408 2071 1469 praesentem
2121 1413 2181 1454 se

610 1492 777 1548 fuisse
810 1502 1057 1562 testatur,
1087 1493 1291 1563 accepi.

677 1582 766 1636 65.
817 1581 933 1638 Rex
988 1593 1169 1637 autem
1234 1581 1498 1635 Henricus
1552 1588 1612 1634 ut
1664 1578 1927 1649 comperit
1984 1592 2179 1648 papam

608 1673 663 1727 in
714 1688 810 1728 sua
866 1675 1131 1730 sententia
1179 1681 1344 1735 stare,
1389 1687 1513 1726 mox
1559 1670 2078 1740 archiepiscOpatum
2123 1670 2176 1723 in

2280 503 2413 544 auro
2452 487 2598 558 quod
2625 482 3146 552 Constantinopolim
3178 491 3232 538 et
3259 482 3399 539 ultra
3435 485 3639 542 citrave
3687 487 3850 542 habe-

2276 585 2389 643 tur,
2413 593 2518 632 non
2549 576 2822 631 omitteret
2848 573 3064 628 domina
3099 572 3215 642 ipsa
3241 570 3393 641 cujus
3419 582 3524 641 est,
3554 577 3685 644 quin
3716 576 3846 632 illud

2279 669 2381 723 sibi
2433 665 2731 721 vindicaret
2791 664 2844 718 in
2896 664 2983 719 die
3037 663 3456 719 resurrectionis
3504 674 3849 721 cunctorum.

2279 757 2639 825 Quamobrem
2670 771 2714 810 sn
2758 754 2994 810 debitam
3022 753 3098 808 illi
3130 755 3488 810 reverentiam
3516 755 3850 823 exbibueris,

2279 856 2432 920 aeque
2477 848 2736 919 suscipiet
2779 861 2843 901 ac
2877 848 2920 901 si
2975 845 3072 900 toti
3117 846 3329 915 corpori
3377 846 3494 917 ejus
3539 840 3853 903 exhiberes.’

2281 942 2431 1010 Quod
2458 955 2556 1011 ego
2585 941 2815 994 audiens
2834 939 3097 1008 acquievi,
3126 947 3179 993 et
3208 953 3369 1007 quam
3397 939 3678 993 decentius
3700 940 3847 1009 potui

2281 1031 2458 1103 ipsum
2484 1045 2552 1086 ex
2580 1031 2684 1084 hoc
2730 1029 2834 1084 huc
2864 1044 3033 1097 usque
3063 1029 3275 1084 servavi
3303 1043 3319 1093 ;
3352 1028 3418 1081 de
3450 1041 3557 1096 quo
3586 1042 3710 1082 osse
3732 1038 3851 1099 post

2280 1126 2461 1196 plures
2490 1123 2604 1179 dies
2642 1122 2836 1178 Petrus
2864 1122 3082 1191 quidam
3125 1121 3424 1175 monachus
3450 1120 3848 1186 Cluniacensis,

2279 1215 2364 1269 vir
2386 1228 2486 1269 suo
2511 1221 2753 1282 tempore
2782 1212 2896 1283 (58)
2917 1226 3125 1282 magna:
3152 1211 3513 1274 auctoritatis,
3540 1211 3629 1279 qui
3671 1226 3850 1266 came-

2282 1305 2461 1360 rarius
2496 1312 2614 1358 erat
2652 1298 2853 1359 domini
2881 1317 3030 1372 papa:
3054 1301 3258 1358 Urbani
3281 1312 3442 1371 atque
3476 1300 3757 1357 Paschalis
3783 1305 3846 1356 ad

2279 1406 2381 1453 nos
2409 1397 2632 1453 veniens
2662 1411 2691 1448 a
2721 1410 2806 1449 me
2829 1402 3216 1464 percunctatus
3243 1404 3325 1448 est
3351 1394 3479 1463 quid
3508 1394 3758 1449 sentiret.
3785 1397 3853 1449 At

2281 1488 2371 1544 ille
2398 1488 2487 1543 ubi
2516 1503 2604 1543 me
2630 1486 2901 1542 referente
2920 1486 3128 1555 accepit
3153 1485 3384 1556 qualiter
3406 1487 3461 1541 id
3488 1487 3717 1557 adeptus
3738 1487 3854 1543 fne-

2281 1583 2409 1648 rim,
2436 1597 2562 1636 vera
2586 1581 2806 1636 omnino
2829 1593 2950 1635 esse
2971 1578 3253 1635 confessus
3277 1588 3381 1643 est,
3411 1594 3532 1648 qme
3561 1582 3852 1650 episcopus

2281 1674 2407 1730 inde
2459 1674 2689 1737 dixerat,
2749 1686 2913 1741 seque
2969 1679 3293 1742 praesentem
3347 1670 3515 1725 fuisse
3578 1673 3843 1734 asseruit,

607 1779 761 1818 suum
802 1765 1095 1819 dominium
1136 1764 1363 1835 redegit,
1392 1772 1447 1818 et
1490 1761 1803 1818 Anselmum
1849 1763 1961 1817 suis
2006 1761 2181 1815 onmi-
2210 1764 2253 1818 Β
2279 1765 2496 1836 quando
2524 1765 2663 1819 idem
2689 1779 2750 1818 os
2785 1779 2815 1817 a
2842 1776 3069 1832 corpore
3098 1761 3349 1834 martyris
3370 1761 3639 1817 sublatum
3670 1778 3701 1817 ιι
3730 1778 3851 1817 car-

604 1857 705 1910 hns
740 1855 1008 1924 spoliavit.
1053 1853 1185 1909 Acta
1235 1863 1362 1908 sunt
1407 1852 1535 1907 hinc
1577 1852 1717 1907 inter
1759 1866 1853 1906 eos
1903 1851 2092 1915 multa,
2123 1860 2179 1905 et

608 1960 753 2001 anno
804 1958 911 1999 uno
979 1960 1043 1999 ac
1107 1942 1272 1999 semis
1344 1940 1640 2013 indignatio
1708 1940 1852 2009 regis
1922 1955 2028 1994 non
2097 1948 2182 1995 est

606 2035 804 2106 sopita.

678 2125 767 2181 64.
808 2125 950 2180 Inter
981 2125 1094 2180 haec
1125 2123 1271 2179 venit
1298 2124 1365 2177 ad
1405 2137 1503 2177 nos
1529 2120 1686 2177 Walo
1710 2120 1993 2192 episcOpus
2026 2118 2178 2173 Pari-

606 2218 890 2286 siacensis,
937 2218 1020 2272 vir
1067 2218 1207 2272 bene
1252 2215 1558 2287 religiosus,
1596 2223 1652 2269 et
1683 2212 2179 2268 ecclesiasticarum

607 2312 1052 2367 consuetudinum
1084 2309 1513 2364 institutionibus
1543 2310 1609 2362 ab
1638 2308 1857 2362 ineunte
1883 2315 2043 2361 aetate
2075 2306 2181 2361 im-

606 2401 788 2456 butus.
816 2398 914 2454 Hic
941 2398 1126 2453 Romae
1153 2409 1333 2464 notus,
1355 2406 1411 2452 et
1439 2395 1748 2466 apostolicae
1778 2396 2062 2466 legationis
2082 2394 2178 2449 mi-

607 2491 836 2547 nisterio
862 2489 1101 2556 functus,
1133 2489 1505 2543 familiaritate
1535 2488 1713 2543 Patris
1738 2487 1977 2542 Anselmi
2007 2488 2180 2558 potie-

606 2582 784 2638 batur.
811 2582 979 2652 lgitur
999 2582 1100 2636 iste
1123 2595 1154 2635 a
1178 2581 1347 2635 Roma
1365 2580 1432 2634 ad
1454 2596 1551 2636 nos
1569 2579 1795 2635 veniens
1820 2572 2181 2648 quorumdam

606 2682 917 2728 sanctorum
952 2672 1207 2743 reliquias
1248 2686 1430 2727 secum
1468 2669 1699 2735 ferebat,
1750 2685 1907 2739 quas,
1948 2679 2005 2722 ut
2032 2680 2181 2722 certo

608 2766 991 2835 comperimus,
1019 2763 1121 2818 sibi
1152 2762 1335 2817 Romae
1370 2755 1524 2816 datas
1563 2762 1817 2816 habebat.
1846 2759 2033 2829 itaque
2059 2775 2180 2813 cum

570 2876 575 2881 ·
608 2854 862 2910 Anselmo
890 2868 974 2908 me
1003 2861 1266 2923 praesente
1303 2852 1546 2922 loquens,
1574 2851 1811 2907 innotuit
1850 2851 1898 2904 ei
1937 2851 2065 2920 quid
2096 2866 2183 2904 re-

609 2944 902 3014 liquiarum
942 2958 972 2997 a
1010 2942 1182 2997 Roma
1223 2956 1407 2996 secum
1454 2941 1728 2996 detulerit.
1763 2940 1846 2995 Ad
1882 2941 2025 3010 quod
2057 2952 2181 2995 cttm

611 3031 699 3088 ille
728 3033 840 3088 D30
864 3032 1065 3103 gratias
1093 3041 1298 3102 ageret,
1324 3031 1608 3101 episcopus
1630 3046 1796 3085 unum
1827 3045 1909 3092 os,
1941 3033 2083 3100 quod
2116 3032 2182 3086 de

2281 1853 2448 1908 dinali
2483 1862 2817 1923 susceperat.

2877 1938 3104 1999 CAPUT
3148 1942 3256 1998 VII.

2282 2053 2658 2110 Reconciliatio
2687 2070 2803 2108 cum
2829 2071 2963 2124 rege.
2991 2040 3217 2108 Raditur.
3235 2055 3289 2125 in
3316 2053 3579 2125 Angliam.
3615 2053 3852 2120 Morbus,

2678 2130 2683 2135 '
2810 2126 3002 2191 obitus,
3023 2124 3296 2178 miracula.

2350 2216 2438 2272 65.
2479 2217 2609 2272 Post
2654 2216 2769 2271 haec
2817 2232 2938 2271 cum
2975 2231 3073 2285 pro
3120 2215 3423 2270 exercendo
3473 2215 3855 2271 ecclesiastica

2279 2308 2576 2379 disciplinae
2627 2308 2827 2376 rigore,
2874 2315 2983 2361 tttm
3020 2322 3117 2377 pro
3154 2306 3519 2362 Ecclesiarum
3567 2308 3622 2362 in
3662 2308 3856 2375 Anglia

2279 2401 2694 2454 constitutarum
2720 2397 3074 2463 relevatione,
3101 2397 3283 2452 relicta
3306 2397 3635 2469 Burgundio,
3662 2398 3855 2452 AnseL

2280 2506 2399 2547 mus
2429 2491 2716 2548 Franciam
2749 2491 2867 2545 ivit.
2914 2489 3068 2558 Quod
3105 2490 3195 2545 ubi
3241 2491 3353 2560 regi
3386 2489 3678 2560 Anglorum
3709 2490 3857 2544 lien-

2281 2581 2396 2636 rieo
2448 2582 2697 2647 innotuit,
2753 2591 2976 2652 rogatus
3032 2581 3099 2635 ad
3148 2594 3270 2635 eum
3313 2581 3366 2633 in
3402 2578 3854 2635 Northmanniam

2282 2675 2446 2739 venit,
2475 2677 2652 2746 ibique
2686 2692 2778 2731 rex
2812 2677 3004 2731 timore
3043 2675 3203 2730 simul
3231 2684 3287 2730 et
3310 2689 3496 2730 amore
3538 2675 3632 2730 Dei
3665 2690 3856 2730 corre-

2281 2775 2403 2837 ptus
2434 2769 2708 2823 revestivit
2728 2768 2876 2822 illum
2899 2767 2964 2823 de
2985 2768 3120 2835 suis,
3145 2777 3198 2822 et
3219 2768 3271 2822 in
3301 2767 3597 2822 amicitiam
3627 2766 3745 2834 ejus
3773 2782 3859 2822 re-

2281 2867 2468 2928 ceptus
2495 2869 2599 2914 est.
2641 2848 3009 2915 Conversante
3038 2860 3235 2915 dehinc
3264 2858 3521 2914 Anselmo
3567 2859 3620 2913 in
3646 2857 3855 2914 North-

2281 2950 2521 3015 mannia,
2570 2951 2905 3020 reversisque
2932 2950 3190 3005 Balduino
3232 2959 3288 3006 et
3328 2948 3618 3017 Willelmo,
3656 2950 3748 3019 qui
3790 2967 3857 3006 ex

2277 3039 2431 3109 jussu
2476 3042 2618 3113 regis
2647 3051 2811 3113 atque
2855 3043 3126 3111 pontiﬁcis
3160 3042 3386 3098 Romam
3418 3058 3517 3114 pro
3551 3042 3857 3112 expletioue

610 3124 785 3193 οωνίιθ
819 3133 1019 3179 sane“
1046 3121 1301 3193 martyris
1328 3121 1424 3177 Dei
1448 3122 1647 3177 Ρΐῖεοτβ
1669 3136 1792 3177 esse
1827 3125 2125 3188 asserebal.
2154 3138 2186 3179 θ
2211 3124 2254 3182 C
2287 3139 2483 3208 negotii
2510 3138 2651 3208 quod
2677 3138 2742 3191 de
2767 3138 3101 3192 investituris
3133 3132 3484 3193 ecclesiarum
3508 3137 3648 3191 inter
3670 3152 3767 3192 eos
3792 3152 3859 3192 eo

609 3215 809 3288 pyxide
846 3214 1089 3287 protulit,
1122 3223 1175 3269 et
1211 3213 1266 3268 id
1304 3214 1539 3284 qualiter
1575 3214 1802 3285 adeptus
1841 3213 2005 3270 fuerit
2035 3213 2181 3271 illico

607 3305 951 3363 subinferens
974 3306 1052 3360 ait
1096 3322 1111 3359 :
1159 3303 1343 3360 Romae
1369 3318 1539 3371 eram,
1576 3313 1633 3358 et
1660 3305 1963 3360 oratorium
2009 3306 2182 3360 nomi-

608 3409 753 3455 natae
803 3398 1081 3471 martyris,
1145 3398 1200 3453 in
1255 3413 1362 3468 quo
1410 3398 1758 3455 beatissimus
1813 3398 2180 3469 apostolorum

610 3493 861 3563 princeps
902 3492 1095 3547 Petrus
1122 3490 1294 3546 altare
1333 3491 1590 3557 sacravit,
1619 3500 1887 3546 vetustate
1929 3506 2183 3547 consum-

610 3593 785 3654 ptum,
831 3584 1066 3638 dirutum
1092 3590 1195 3649 est,
1226 3590 1281 3637 et
1310 3597 1505 3652 corpus
1534 3583 1789 3652 martyris
1819 3582 1872 3636 in
1909 3597 2044 3636 nova
2090 3597 2183 3638 re-

609 3675 944 3731 condendum
976 3672 1226 3740 ecclesia,
1261 3687 1348 3728 me
1390 3681 1625 3739 astante,
1668 3674 1900 3729 levatum
1933 3682 2034 3728 est.
2080 3674 2186 3745 lgi-

611 3775 700 3821 tur
722 3781 843 3822 cum
868 3765 974 3821 loci
1004 3765 1172 3836 ipsius
1192 3764 1482 3820 cardinalis
1501 3764 1758 3834 reliquias
1782 3773 1984 3820 sancta:
2002 3765 2059 3819 in
2084 3780 2183 3821 suo

602 3853 727 3926 jure
750 3854 995 3921 haberet,
1025 3862 1080 3909 et
1107 3854 1220 3923 ipse
1243 3853 1385 3909 idem
1414 3853 1547 3908 mihi
1587 3852 1871 3909 familiaris
1898 3855 2180 3923 existeret,

609 3959 671 4000 os
699 3945 842 4001 istud
884 3944 1029 4015 quod
1079 3943 1275 4000 videtis
1320 3943 1386 3999 de
1429 3957 1587 3998 sacro
1631 3957 1858 4013 corpore
1908 3950 2181 4012 sumptum

608 4034 742 4101 mihi
772 4050 871 4106 pro
901 4035 1058 4107 signo
1080 4033 1254 4090 mutui
1297 4033 1500 4090 amoris
1523 4032 1690 4089 dedit.
1720 4032 1964 4088 Finierat
1986 4033 2183 4103 praesul

609 4126 665 4180 in
711 4124 851 4181 istis.
889 4126 988 4180 Ast
1013 4139 1114 4196 ego
1148 4124 1463 4180 earumdem
1507 4124 1862 4194 reliquiarum
1913 4123 2185 4178 habenda-

609 4231 730 4271 rum
776 4231 960 4272 amore
1005 4216 1236 4281 illectus,
1283 4223 1344 4270 ut
1371 4230 1438 4273 ex
1480 4216 1598 4285 ipso
1638 4231 1761 4271 osse
1798 4215 1928 4269 mihi
1974 4224 2180 4285 partem

610 4303 783 4369 daret,
824 4303 1102 4374 deprecari
1143 4304 1459 4373 episcopum
1495 4303 1658 4374 caspi.
1700 4303 1764 4357 Et
1792 4304 1924 4358 ille:
1964 4306 2179 4374 Accipe,

611 4394 809 4464 inquit,
834 4403 887 4450 et
911 4403 1170 4464 quantum
1197 4394 1321 4451 inde
1348 4394 1525 4465 primo
1545 4402 1741 4449 conatu
1762 4392 2010 4464 frangere
2032 4407 2183 4465 pote-

610 4485 708 4550 ris,
735 4494 884 4540 tuum
911 4484 1002 4542 sit.
1031 4485 1251 4556 Accepi,
1279 4494 1335 4540 et
1355 4500 1422 4541 en
1443 4495 1596 4541 extra
1622 4501 1783 4556 quam
1814 4488 2096 4556 sperabam
2122 4488 2176 4543 in

606 4578 875 4650 principio
899 4578 1007 4634 mei
1031 4587 1278 4645 conatus,
1303 4593 1410 4633 una
1435 4579 1564 4634 mihi
1589 4579 1855 4650 particula
1882 4580 1934 4634 in
1957 4579 2176 4636 dextera

610 4688 771 4727 manu
809 4672 1090 4728 remansit.
1118 4671 1362 4743 Cumque
1388 4673 1454 4728 de
1480 4674 1746 4744 parvitate
1780 4673 1949 4744 ipsius
1985 4689 2180 4731 moero-

609 4780 725 4821 rem
747 4766 914 4821 animi
943 4765 1283 4822 dissimulare
1311 4766 1615 4836 nequirem,
1642 4776 1698 4822 et
1725 4775 1784 4822 ut
1811 4768 1979 4823 semel
2005 4769 2179 4824 adhuc

607 4854 859 4927 frangere
889 4854 1011 4928 [al.,
1053 4855 1382 4930 frangerem]
1415 4857 1536 4913 inde
1565 4859 1697 4914 mihi
1742 4858 1931 4914 liceret
1959 4875 2179 4929 magno-

604 4959 732 5016 pere
767 4947 1023 5018 gestirem
1055 4944 1177 5019 [al.,
1210 4947 1434 5021 gestire]
1465 4948 1612 5018 rupit
1639 4950 1967 5011 desiderium
1996 4966 2176 5007 meum

606 5034 767 5092 Pater
783 5036 1092 5104 Anselmus,
1116 5044 1172 5091 et
1190 5038 1265 5091 ait
1291 5054 1305 5090 :
1335 5036 1477 5104 Noli,
1504 5038 1642 5105 noli;
1669 5039 1811 5108 quod
1840 5038 2007 5094 habes
2033 5039 2177 5094 suﬁi-

2284 3245 2453 3299 usque
2493 3231 2832 3294 versabatur,
2880 3229 3070 3284 directi
3112 3228 3347 3296 fuerant,
3400 3228 3705 3285 Willelmus
3743 3229 3858 3283 An-

2283 3319 2443 3389 gliam
2471 3319 2536 3373 ad
2580 3333 2762 3390 regem
2790 3317 2956 3384 vadit,
2988 3333 3052 3372 ac
3095 3318 3147 3372 in
3196 3319 3346 3373 brevi
3382 3317 3610 3372 Beccum
3645 3317 3712 3370 ad
3741 3319 3856 3371 An-

2283 3409 2505 3464 selnmm
2530 3422 2806 3479 regressus
2824 3415 2976 3477 rogat
3000 3421 3124 3461 eum
3152 3420 3219 3460 ex
3247 3416 3402 3474 parte
3430 3405 3599 3475 ipsius
3623 3405 3771 3476 regis
3799 3413 3860 3461 ut

2276 3498 2389 3570 jam
2417 3498 2604 3568 sopitis
2633 3498 2917 3551 retroactis
2941 3496 3177 3565 querelis
3202 3497 3354 3551 ocior
3376 3495 3622 3565 Angliam
3649 3496 3857 3552 visitet.

2282 3588 2378 3644 Cui
2414 3603 2536 3643 cum
2565 3586 2653 3643 ille
2674 3597 2956 3658 promptus
2986 3587 3379 3657 acquiesceret,
3403 3594 3458 3640 et
3491 3586 3593 3640 iter
3630 3602 3859 3656 aggres-

2283 3694 2376 3734 sus
2400 3677 2789 3734 Gcmmcticum
2829 3677 3057 3742 veniret,
3097 3677 3410 3732 inﬁrmitate
3448 3691 3515 3732 ne
3541 3675 3647 3732 iter
3672 3675 3862 3752 exple-

2282 3781 2367 3827 ret
2404 3771 2533 3826 inibi
2579 3770 2830 3826 detentus
2870 3777 2972 3825 est.
3001 3769 3116 3836 Qua
3145 3768 3319 3840 sopita
3362 3767 3593 3827 Beccum
3622 3774 3861 3828 reverti~

2285 3870 2390 3928 tur,
2423 3876 2603 3931 regem
2634 3859 2842 3929 Anglia:
2882 3858 3355 3937 transfretaturum
3387 3860 3494 3914 illic
3515 3862 3856 3930 priestolatu.

2282 3967 2395 4006 rus.
2428 3950 2528 4006 Ubi
2554 3966 2675 4005 cum
2702 3966 2801 4020 pro
2831 3949 3004 4005 reditu
3035 3949 3151 4020 ejus
3171 3964 3362 4004 omnes
3389 3949 3682 4005 exsultatio
3716 3954 3860 4005 mira

2284 4050 2511 4107 teneret,
2539 4056 2668 4097 ecce
2697 4040 2980 4096 infirmitas
3000 4040 3244 4096 Anselmi
3282 4051 3560 4105 renovata,
3591 4051 3649 4096 et
3674 4030 3858 4113 ipsum

2282 4130 2421 4186 lecto
2450 4138 2504 4184 et
2516 4128 2777 4184 subversa
2807 4129 3165 4185 exsultatione
3190 4128 3341 4200 gravi
3369 4139 3594 4184 cunctos
3621 4144 3865 4185 maerore

2281 4226 2593 4297 prostravit.
2638 4224 2806 4293 lgitttr
2846 4224 2960 4293 ipse
3004 4238 3103 4278 nec
3145 4223 3491 4288 manducare,
3523 4238 3625 4278 nec
3651 4224 3866 4294 aliquid

2281 4316 2424 4368 unde
2453 4313 2678 4368 salutem
2706 4311 2821 4381 ejus
2847 4324 3066 4380 sperare
3094 4326 3378 4381 possemus
3404 4311 3586 4367 facere
3618 4322 3863 4381 poterat,

2284 4414 2337 4458 et
2376 4404 2441 4457 de
2484 4411 2656 4456 morte
2691 4400 2835 4455 illius
2865 4410 3070 4454 tantum
3099 4399 3219 4473 [al.,
3253 4400 3458 4474 tamen]
3500 4417 3598 4457 nos
3625 4403 3870 4459 formido

2285 4494 2546 4550 immensa
2586 4492 2825 4547 tenebat.
2860 4491 3004 4546 Inter
3041 4492 3154 4547 haec
3188 4501 3246 4546 ut
3272 4492 3379 4548 cibi
3409 4492 3531 4564 [al.,
3568 4493 3623 4546 in
3652 4493 3869 4565 cibum]

2285 4585 2485 4656 aliquid
2529 4591 2767 4640 sumeret
2815 4582 3057 4653 diligenti
3106 4598 3235 4639 cura
3272 4574 3579 4653 petebatur,
3635 4588 3731 4639 sed
3773 4587 3871 4641 ille

2283 4675 2419 4730 nihil
2449 4674 2550 4728 sibi
2581 4672 2760 4727 animo
2795 4685 2939 4736 esse,
2965 4672 3235 4739 quomodo
3261 4671 3728 4743 poterathanhelo
3758 4675 3875 4743 spi-

2285 4766 2391 4821 ritu
2418 4763 2706 4818 fatebatur.
2739 4759 2902 4815 Nobis
2930 4770 3107 4814 tamen
3133 4773 3320 4830 preces
3347 4759 3871 4827 multiplicantibus,

2285 4854 2497 4908 tandem
2544 4865 2612 4906 ne
2653 4850 2867 4921 penitus
2917 4851 3161 4918 negando
3210 4863 3308 4903 nos
3355 4849 3529 4918 magis
3576 4849 3876 4920 magisque

2284 4948 2572 5012 gravaret:
2612 4938 2793 5001 Forte,
2823 4938 2918 5000 ait,
2961 4938 3027 4992 de
3064 4937 3282 5007 perdice
3313 4937 3654 5011 comederem
3682 4940 3732 4993 si
3762 4940 3876 4993 ha-

2283 5034 2490 5089 berem.
2534 5029 2674 5096 Quid
2702 5028 2899 5098 plura?
2931 5026 3033 5081 Per
3062 5041 3284 5096 campos
3328 5036 3385 5080 et
3425 5020 3592 5081 silvas
3623 5026 3878 5098 dispersi

1908 5152 2318 5214 HENSCHENII
2356 5147 2584 5207 NOTIE.

677 5240 787 5310 (38)
827 5240 884 5296 Si
907 5242 974 5297 de
1003 5241 1351 5312 suhsequenti
1384 5251 1624 5312 tempore
1652 5243 1847 5312 agitur,
1873 5242 2046 5312 deque
2078 5245 2166 5300 illa

606 5313 938 5381 auctoritate
951 5325 1055 5381 qua
1083 5311 1277 5367 Petrus
1303 5313 1402 5367 sub
1428 5311 1672 5366 Paschali
1692 5311 1877 5366 lloruit
1903 5311 2073 5381 usque
2100 5317 2165 5369 ad

603 5391 804 5451 annum
850 5379 1015 5443 “18;
1047 5381 1308 5451 suspicari
1340 5382 1462 5451 quis
1504 5390 1706 5450 posset,
1741 5383 1881 5436 hunc
1918 5379 2166 5438 eumdem

601 5464 724 5521 esse
771 5447 1032 5502 famosum
1045 5517 1058 5521 _
1080 5447 1235 5521 illum
1271 5447 1459 5521 gestis,
1478 5518 1489 5521 Α
1506 5447 1751 5521 scriptis
1766 5466 1838 5521 ac
1862 5451 2168 5521 sanctitate

600 5517 842 5596 Petrum,
869 5531 1012 5571 anno
1038 5517 1176 5572 H22
1215 5517 1411 5574 factum
1442 5517 1687 5575 abbatem
1719 5519 2162 5596 Cluniacensem;

601 5587 696 5660 sed
723 5587 1484 5660 conjecturam_moraturnon
1501 5598 1619 5660 tam
1643 5605 1817 5644 annus
1838 5591 2050 5660 mortis,
2073 5593 2166 5660 qui

602 5658 703 5712 fuit
737 5657 935 5713 Christi
987 5657 1122 5713 1157
1171 5659 1378 5728 (quidni
1425 5659 1569 5713 enim
1612 5659 1995 5729 octogesimum
2043 5657 2166 5716 vitae

2282 5256 2480 5297 annum
2504 5237 2744 5306 attigerit
2762 5245 2857 5292 aut
2879 5235 3273 5293 transcenderit
3291 5234 3337 5307 ἳ)
3359 5249 3518 5307 quam
3548 5232 3693 5307 quod
3722 5236 3883 5307 nihil

2277 5313 2343 5368 de
2373 5311 2536 5365 rebus
2563 5303 2782 5363 a'Petro
2811 5315 2935 5362 ante
2965 5303 3326 5377 prazlaturam’
3346 5303 3514 5374 gestis
3542 5303 3886 5377 inveniatur

2274 5381 2419 5451 quod
2447 5380 2613 5451 istam
2632 5378 2847 5451 fulciat;
2871 5374 3096 5451 etquod
3125 5376 3423 5451 Eadmerus
3448 5374 3696 5428 scribens
3717 5386 3887 5451 post

2274 5443 2433 5505 istius
2473 5447 2615 5503 Petri
2658 5448 2749 5515 qui
2798 5443 2985 5501 abhas’
3002 5446 3103 5499 fuit
3152 5445 3493 5504 electionem,
3539 5443 3887 5515 qutchand

2274 5521 2436 5575 dubie
2459 5513 2764 5574 Cantuariae
2785 5516 2894 5570 cito
2927 5517 3178 5577 innotuit,
3211 5530 3317 5568 non
3345 5527 3600 5583 expresse
3632 5513 3888 5583 addide-

2275 5590 2369 5654 rit,
2394 5603 2514 5643 cum
2547 5587 2613 5656 de
2643 5600 2750 5654 quo
2774 5587 2885 5656 agit
2916 5586 3155 5649 Petrum,
3186 5584 3326 5638 haud
3350 5579 3431 5638 ita'
3451 5583 3662 5653 pridem
3685 5579 3893 5642 fuisse

2272 5660 2475 5715 factum
2504 5655 2775 5711 abbatem.
