  <div class='ocr_page' id='page_1' title='image "/cluster/home/n/w/nwhite01/storage/ocr_20150623/158/hvd.32044024236689/066.png"; bbox 0 0 4068 6286; ppageno 0'>
   <div class='ocr_carea' id='block_1_1' title="bbox 223 384 311 439">
    <p class='ocr_par' dir='ltr' id='par_1_1' title="bbox 223 384 311 439">
     <span class='ocr_line' id='line_1_1' title="bbox 223 384 311 439; baseline 0.011 -2"><span class='ocrx_word' id='word_1_1' title='bbox 223 384 311 439; x_wconf 77' lang='grc'><strong>113</strong></span> 
     </span>
    </p>
   </div>
   <div class='ocr_carea' id='block_1_2' title="bbox 1170 369 2468 428">
    <p class='ocr_par' dir='ltr' id='par_1_2' title="bbox 1170 369 2468 428">
     <span class='ocr_line' id='line_1_2' title="bbox 1170 369 2468 428; baseline -0.002 0"><span class='ocrx_word' id='word_1_2' title='bbox 1170 373 1328 428; x_wconf 74' lang='grc' dir='ltr'><strong>νιτΑ</strong></span> <span class='ocrx_word' id='word_1_3' title='bbox 1379 369 1706 427; x_wconf 78' lang='lat' dir='ltr'><strong>AUCTORE</strong></span> <span class='ocrx_word' id='word_1_4' title='bbox 1745 369 2098 428; x_wconf 75' lang='lat' dir='ltr'><strong>EADMERO.</strong></span> <span class='ocrx_word' id='word_1_5' title='bbox 2130 399 2200 413; x_wconf 88' lang='lat'><strong>-—</strong></span> <span class='ocrx_word' id='word_1_6' title='bbox 2239 371 2365 426; x_wconf 87' lang='lat' dir='ltr'><strong>LIB.</strong></span> <span class='ocrx_word' id='word_1_7' title='bbox 2403 371 2468 428; x_wconf 87' lang='lat' dir='ltr'><strong>ll.</strong></span> 
     </span>
    </p>
   </div>
   <div class='ocr_carea' id='block_1_3' title="bbox 3337 376 3436 435">
    <p class='ocr_par' dir='ltr' id='par_1_3' title="bbox 3337 376 3436 435">
     <span class='ocr_line' id='line_1_3' title="bbox 3337 376 3436 435; baseline -0.03 0"><span class='ocrx_word' id='word_1_8' title='bbox 3337 376 3436 435; x_wconf 68' lang='lat' dir='ltr'><strong>1H</strong></span> 
     </span>
    </p>
   </div>
   <div class='ocr_carea' id='block_1_4' title="bbox 215 486 3432 564">
    <p class='ocr_par' dir='ltr' id='par_1_4' title="bbox 215 486 3432 564">
     <span class='ocr_line' id='line_1_4' title="bbox 215 486 3432 564; baseline 0 -17"><span class='ocrx_word' id='word_1_9' title='bbox 215 506 327 552; x_wconf 72' lang='lat' dir='ltr'><strong>sunt</strong></span> <span class='ocrx_word' id='word_1_10' title='bbox 370 494 560 564; x_wconf 86' lang='lat' dir='ltr'><strong>quique</strong></span> <span class='ocrx_word' id='word_1_11' title='bbox 611 507 853 558; x_wconf 84' lang='lat' dir='ltr'><strong>suorum,</strong></span> <span class='ocrx_word' id='word_1_12' title='bbox 893 501 948 546; x_wconf 90' lang='lat' dir='ltr'><strong>et</strong></span> <span class='ocrx_word' id='word_1_13' title='bbox 992 491 1108 547; x_wconf 90' lang='lat' dir='ltr'><strong>dies</strong></span> <span class='ocrx_word' id='word_1_14' title='bbox 1153 507 1291 546; x_wconf 89' lang='lat' dir='ltr'><strong>unus</strong></span> <span class='ocrx_word' id='word_1_15' title='bbox 1340 492 1393 546; x_wconf 93' lang='lat' dir='ltr'><strong>in</strong></span> <span class='ocrx_word' id='word_1_16' title='bbox 1439 489 1763 560; x_wconf 86' lang='lat' dir='ltr'><strong>requirenda</strong></span> <span class='ocrx_word' id='word_1_17' title='bbox 1790 491 1842 550; x_wconf 81' lang='grc' dir='ltr'>Α</span> <span class='ocrx_word' id='word_1_18' title='bbox 1867 488 1966 557; x_wconf 92' lang='lat' dir='ltr'><strong>pit.</strong></span> <span class='ocrx_word' id='word_1_19' title='bbox 1998 486 2149 542; x_wconf 89' lang='lat' dir='ltr'><strong>Unde</strong></span> <span class='ocrx_word' id='word_1_20' title='bbox 2175 487 2449 556; x_wconf 87' lang='lat' dir='ltr'><strong>paululum</strong></span> <span class='ocrx_word' id='word_1_21' title='bbox 2497 497 2724 558; x_wconf 88' lang='lat' dir='ltr'><strong>gustans</strong></span> <span class='ocrx_word' id='word_1_22' title='bbox 2765 488 2916 558; x_wconf 82' lang='lat' dir='ltr'><strong>juxta</strong></span> <span class='ocrx_word' id='word_1_23' title='bbox 2946 490 3104 546; x_wconf 81' lang='lat' dir='ltr'><strong>ﬁdem</strong></span> <span class='ocrx_word' id='word_1_24' title='bbox 3138 507 3290 547; x_wconf 85' lang='lat' dir='ltr'><strong>suam</strong></span> <span class='ocrx_word' id='word_1_25' title='bbox 3322 504 3432 548; x_wconf 71' lang='lat' dir='ltr'><strong>sta-</strong></span> 
     </span>
    </p>
   </div>
   <div class='ocr_carea' id='block_1_5' title="bbox 215 582 1766 656">
    <p class='ocr_par' dir='ltr' id='par_1_5' title="bbox 215 582 1766 656">
     <span class='ocr_line' id='line_1_5' title="bbox 215 582 1766 656; baseline -0.005 -17"><span class='ocrx_word' id='word_1_26' title='bbox 215 587 413 656; x_wconf 85' lang='lat' dir='ltr'><strong>perdice</strong></span> <span class='ocrx_word' id='word_1_27' title='bbox 440 597 596 637; x_wconf 86' lang='lat' dir='ltr'><strong>casso</strong></span> <span class='ocrx_word' id='word_1_28' title='bbox 636 583 820 637; x_wconf 74' lang='lat' dir='ltr'><strong>labore</strong></span> <span class='ocrx_word' id='word_1_29' title='bbox 865 590 1236 652; x_wconf 91' lang='lat' dir='ltr'><strong>consumptus.</strong></span> <span class='ocrx_word' id='word_1_30' title='bbox 1289 582 1524 652; x_wconf 87' lang='lat' dir='ltr'><strong>Contigit</strong></span> <span class='ocrx_word' id='word_1_31' title='bbox 1565 589 1766 646; x_wconf 87' lang='lat' dir='ltr'><strong>autem,</strong></span> 
     </span>
    </p>
   </div>
   <div class='ocr_carea' id='block_1_6' title="bbox 215 674 1772 746">
    <p class='ocr_par' dir='ltr' id='par_1_6' title="bbox 215 674 1772 746">
     <span class='ocr_line' id='line_1_6' title="bbox 215 674 1772 746; baseline 0 -17"><span class='ocrx_word' id='word_1_32' title='bbox 215 687 264 730; x_wconf 93' lang='lat' dir='ltr'><strong>ut</strong></span> <span class='ocrx_word' id='word_1_33' title='bbox 295 691 423 728; x_wconf 90' lang='lat' dir='ltr'><strong>unus</strong></span> <span class='ocrx_word' id='word_1_34' title='bbox 451 690 517 727; x_wconf 79' lang='lat' dir='ltr'><strong>ex</strong></span> <span class='ocrx_word' id='word_1_35' title='bbox 556 674 872 727; x_wconf 77' lang='lat' dir='ltr'><strong>monasterii</strong></span> <span class='ocrx_word' id='word_1_36' title='bbox 900 676 1262 730; x_wconf 82' lang='lat' dir='ltr'><strong>servientibus</strong></span> <span class='ocrx_word' id='word_1_37' title='bbox 1296 676 1413 746; x_wconf 91' lang='lat' dir='ltr'><strong>ipsa</strong></span> <span class='ocrx_word' id='word_1_38' title='bbox 1457 677 1542 731; x_wconf 90' lang='lat' dir='ltr'><strong>die</strong></span> <span class='ocrx_word' id='word_1_39' title='bbox 1569 691 1665 744; x_wconf 92' lang='lat' dir='ltr'><strong>per</strong></span> <span class='ocrx_word' id='word_1_40' title='bbox 1689 675 1772 729; x_wconf 86' lang='lat' dir='ltr'><strong>vi-</strong></span> 
     </span>
    </p>
   </div>
   <div class='ocr_carea' id='block_1_7' title="bbox 213 763 1768 836">
    <p class='ocr_par' dir='ltr' id='par_1_7' title="bbox 213 763 1768 836">
     <span class='ocr_line' id='line_1_7' title="bbox 213 763 1768 836; baseline -0.001 -15"><span class='ocrx_word' id='word_1_41' title='bbox 213 770 373 821; x_wconf 86' lang='lat' dir='ltr'><strong>cinam</strong></span> <span class='ocrx_word' id='word_1_42' title='bbox 404 763 590 819; x_wconf 85' lang='lat' dir='ltr'><strong>silvam</strong></span> <span class='ocrx_word' id='word_1_43' title='bbox 617 765 719 818; x_wconf 90' lang='lat' dir='ltr'><strong>iter</strong></span> <span class='ocrx_word' id='word_1_44' title='bbox 740 763 881 818; x_wconf 88' lang='lat' dir='ltr'><strong>forte</strong></span> <span class='ocrx_word' id='word_1_45' title='bbox 909 773 1147 834; x_wconf 82' lang='lat' dir='ltr'><strong>caperet,</strong></span> <span class='ocrx_word' id='word_1_46' title='bbox 1178 767 1392 836; x_wconf 89' lang='lat' dir='ltr'><strong>negotio</strong></span> <span class='ocrx_word' id='word_1_47' title='bbox 1421 782 1526 835; x_wconf 90' lang='lat' dir='ltr'><strong>quo</strong></span> <span class='ocrx_word' id='word_1_48' title='bbox 1556 765 1644 819; x_wconf 84' lang='lat' dir='ltr'><strong>alii</strong></span> <span class='ocrx_word' id='word_1_49' title='bbox 1675 779 1768 819; x_wconf 88' lang='lat' dir='ltr'><strong>oc-</strong></span> 
     </span>
    </p>
   </div>
   <div class='ocr_carea' id='block_1_8' title="bbox 211 851 1770 926">
    <p class='ocr_par' dir='ltr' id='par_1_8' title="bbox 211 851 1770 926">
     <span class='ocr_line' id='line_1_8' title="bbox 211 851 1770 926; baseline 0.003 -20"><span class='ocrx_word' id='word_1_50' title='bbox 211 853 529 921; x_wconf 86' lang='lat' dir='ltr'><strong>cupabantur</strong></span> <span class='ocrx_word' id='word_1_51' title='bbox 548 851 679 905; x_wconf 86' lang='lat' dir='ltr'><strong>nihil</strong></span> <span class='ocrx_word' id='word_1_52' title='bbox 707 853 1012 917; x_wconf 90' lang='lat' dir='ltr'><strong>intendens,</strong></span> <span class='ocrx_word' id='word_1_53' title='bbox 1037 863 1091 908; x_wconf 90' lang='lat' dir='ltr'><strong>et</strong></span> <span class='ocrx_word' id='word_1_54' title='bbox 1110 869 1235 909; x_wconf 92' lang='lat' dir='ltr'><strong>ecce</strong></span> <span class='ocrx_word' id='word_1_55' title='bbox 1260 856 1406 909; x_wconf 89' lang='lat' dir='ltr'><strong>invia</strong></span> <span class='ocrx_word' id='word_1_56' title='bbox 1429 871 1533 925; x_wconf 90' lang='lat' dir='ltr'><strong>qua</strong></span> <span class='ocrx_word' id='word_1_57' title='bbox 1557 855 1770 926; x_wconf 83' lang='lat' dir='ltr'><strong>gradie-</strong></span> 
     </span>
    </p>
   </div>
   <div class='ocr_carea' id='block_1_9' title="bbox 212 941 1768 1016">
    <p class='ocr_par' dir='ltr' id='par_1_9' title="bbox 212 941 1768 1016">
     <span class='ocr_line' id='line_1_9' title="bbox 212 941 1768 1016; baseline 0.002 -21"><span class='ocrx_word' id='word_1_58' title='bbox 212 942 374 1006; x_wconf 85' lang='lat' dir='ltr'><strong>batur,</strong></span> <span class='ocrx_word' id='word_1_59' title='bbox 400 941 646 1007; x_wconf 90' lang='lat' dir='ltr'><strong>bestiola,</strong></span> <span class='ocrx_word' id='word_1_60' title='bbox 670 958 829 1011; x_wconf 91' lang='lat' dir='ltr'><strong>quam</strong></span> <span class='ocrx_word' id='word_1_61' title='bbox 846 954 1135 1014; x_wconf 83' lang='lat' dir='ltr'><strong>martyram</strong></span> <span class='ocrx_word' id='word_1_62' title='bbox 1151 942 1260 1014; x_wconf 78' lang='lat'><strong>(39)</strong></span> <span class='ocrx_word' id='word_1_63' title='bbox 1277 954 1487 1012; x_wconf 90' lang='lat' dir='ltr'><strong>vocant,</strong></span> <span class='ocrx_word' id='word_1_64' title='bbox 1501 944 1768 1016; x_wconf 87' lang='lat' dir='ltr'><strong>perdicem</strong></span> 
     </span>
    </p>
   </div>
   <div class='ocr_carea' id='block_1_10' title="bbox 211 1029 1770 1099">
    <p class='ocr_par' dir='ltr' id='par_1_10' title="bbox 211 1029 1770 1099">
     <span class='ocr_line' id='line_1_10' title="bbox 211 1029 1770 1099; baseline 0.003 -17"><span class='ocrx_word' id='word_1_65' title='bbox 211 1031 255 1082; x_wconf 94' lang='lat' dir='ltr'><strong>in</strong></span> <span class='ocrx_word' id='word_1_66' title='bbox 288 1045 377 1084; x_wconf 90' lang='lat' dir='ltr'><strong>ore</strong></span> <span class='ocrx_word' id='word_1_67' title='bbox 418 1029 643 1085; x_wconf 87' lang='lat' dir='ltr'><strong>ferebat.</strong></span> <span class='ocrx_word' id='word_1_68' title='bbox 678 1031 807 1097; x_wconf 97' lang='lat' dir='ltr'><strong>Quae</strong></span> <span class='ocrx_word' id='word_1_69' title='bbox 848 1031 1096 1096; x_wconf 81' lang='lat' dir='ltr'><strong>bestiola,</strong></span> <span class='ocrx_word' id='word_1_70' title='bbox 1130 1033 1244 1088; x_wconf 87' lang='lat' dir='ltr'><strong>viso</strong></span> <span class='ocrx_word' id='word_1_71' title='bbox 1276 1032 1515 1099; x_wconf 88' lang='lat' dir='ltr'><strong>homine,</strong></span> <span class='ocrx_word' id='word_1_72' title='bbox 1543 1049 1692 1088; x_wconf 92' lang='lat' dir='ltr'><strong>suam</strong></span> <span class='ocrx_word' id='word_1_73' title='bbox 1720 1034 1770 1088; x_wconf 88' lang='lat' dir='ltr'><strong>ei</strong></span> 
     </span>
    </p>
   </div>
   <div class='ocr_carea' id='block_1_11' title="bbox 207 1118 1774 1190">
    <p class='ocr_par' dir='ltr' id='par_1_11' title="bbox 207 1118 1774 1190">
     <span class='ocr_line' id='line_1_11' title="bbox 207 1118 1774 1190; baseline 0.004 -21"><span class='ocrx_word' id='word_1_74' title='bbox 207 1118 426 1187; x_wconf 67' lang='lat' dir='ltr'><strong>praedam</strong></span> <span class='ocrx_word' id='word_1_75' title='bbox 462 1118 700 1186; x_wconf 86' lang='lat' dir='ltr'><strong>reliquit,</strong></span> <span class='ocrx_word' id='word_1_76' title='bbox 731 1119 940 1188; x_wconf 85' lang='lat' dir='ltr'><strong>sibique</strong></span> <span class='ocrx_word' id='word_1_77' title='bbox 973 1120 1096 1189; x_wconf 87' lang='lat' dir='ltr'><strong>fuga</strong></span> <span class='ocrx_word' id='word_1_78' title='bbox 1127 1121 1418 1190; x_wconf 86' lang='lat' dir='ltr'><strong>consuluit.</strong></span> <span class='ocrx_word' id='word_1_79' title='bbox 1443 1123 1511 1176; x_wconf 87' lang='lat' dir='ltr'><strong>At</strong></span> <span class='ocrx_word' id='word_1_80' title='bbox 1536 1121 1625 1176; x_wconf 92' lang='lat' dir='ltr'><strong>ille</strong></span> <span class='ocrx_word' id='word_1_81' title='bbox 1651 1136 1774 1190; x_wconf 88' lang='lat' dir='ltr'><strong>per-</strong></span> 
     </span>
    </p>
   </div>
   <div class='ocr_carea' id='block_1_12' title="bbox 207 1207 1769 1283">
    <p class='ocr_par' dir='ltr' id='par_1_12' title="bbox 207 1207 1769 1283">
     <span class='ocr_line' id='line_1_12' title="bbox 207 1207 1769 1283; baseline 0.004 -24"><span class='ocrx_word' id='word_1_82' title='bbox 207 1207 365 1260; x_wconf 88' lang='lat' dir='ltr'><strong>dicem</strong></span> <span class='ocrx_word' id='word_1_83' title='bbox 399 1223 682 1263; x_wconf 86' lang='lat' dir='ltr'><strong>assumens</strong></span> <span class='ocrx_word' id='word_1_84' title='bbox 708 1209 774 1262; x_wconf 86' lang='lat' dir='ltr'><strong>ad</strong></span> <span class='ocrx_word' id='word_1_85' title='bbox 805 1224 903 1264; x_wconf 91' lang='lat' dir='ltr'><strong>nos</strong></span> <span class='ocrx_word' id='word_1_86' title='bbox 930 1210 1139 1265; x_wconf 89' lang='lat' dir='ltr'><strong>detulit.</strong></span> <span class='ocrx_word' id='word_1_87' title='bbox 1169 1211 1247 1265; x_wconf 85' lang='lat' dir='ltr'><strong>Ex</strong></span> <span class='ocrx_word' id='word_1_88' title='bbox 1275 1227 1378 1280; x_wconf 88' lang='lat' dir='ltr'><strong>qua</strong></span> <span class='ocrx_word' id='word_1_89' title='bbox 1408 1227 1550 1283; x_wconf 82' lang='lat' dir='ltr'><strong>aeger</strong></span> <span class='ocrx_word' id='word_1_90' title='bbox 1579 1220 1769 1266; x_wconf 88' lang='lat' dir='ltr'><strong>noster</strong></span> 
     </span>
    </p>
   </div>
   <div class='ocr_carea' id='block_1_13' title="bbox 206 1298 1773 1373">
    <p class='ocr_par' dir='ltr' id='par_1_13' title="bbox 206 1298 1773 1373">
     <span class='ocr_line' id='line_1_13' title="bbox 206 1298 1773 1373; baseline 0.003 -22"><span class='ocrx_word' id='word_1_91' title='bbox 206 1298 445 1363; x_wconf 88' lang='lat' dir='ltr'><strong>refectus,</strong></span> <span class='ocrx_word' id='word_1_92' title='bbox 481 1300 663 1354; x_wconf 82' lang='lat' dir='ltr'><strong>statim</strong></span> <span class='ocrx_word' id='word_1_93' title='bbox 713 1300 986 1356; x_wconf 88' lang='lat' dir='ltr'><strong>meliorari</strong></span> <span class='ocrx_word' id='word_1_94' title='bbox 1033 1304 1101 1357; x_wconf 90' lang='lat' dir='ltr'><strong>ab</strong></span> <span class='ocrx_word' id='word_1_95' title='bbox 1127 1303 1447 1373; x_wconf 78' lang='lat' dir='ltr'><strong>aegritudine</strong></span> <span class='ocrx_word' id='word_1_96' title='bbox 1492 1304 1675 1370; x_wconf 87' lang='lat' dir='ltr'><strong>coepit,</strong></span> <span class='ocrx_word' id='word_1_97' title='bbox 1709 1317 1773 1357; x_wconf 92' lang='lat' dir='ltr'><strong>ac</strong></span> 
     </span>
    </p>
   </div>
   <div class='ocr_carea' id='block_1_14' title="bbox 206 1389 1772 1466">
    <p class='ocr_par' dir='ltr' id='par_1_14' title="bbox 206 1389 1772 1466">
     <span class='ocr_line' id='line_1_14' title="bbox 206 1389 1772 1466; baseline 0.006 -27"><span class='ocrx_word' id='word_1_98' title='bbox 206 1390 408 1442; x_wconf 88' lang='lat' dir='ltr'><strong>demum</strong></span> <span class='ocrx_word' id='word_1_99' title='bbox 453 1389 505 1443; x_wconf 93' lang='lat' dir='ltr'><strong>in</strong></span> <span class='ocrx_word' id='word_1_100' title='bbox 545 1391 662 1444; x_wconf 89' lang='lat' dir='ltr'><strong>dies</strong></span> <span class='ocrx_word' id='word_1_101' title='bbox 694 1392 885 1446; x_wconf 90' lang='lat' dir='ltr'><strong>melius</strong></span> <span class='ocrx_word' id='word_1_102' title='bbox 932 1393 1230 1466; x_wconf 86' lang='lat' dir='ltr'><strong>meliusque</strong></span> <span class='ocrx_word' id='word_1_103' title='bbox 1269 1395 1540 1460; x_wconf 89' lang='lat' dir='ltr'><strong>habendo,</strong></span> <span class='ocrx_word' id='word_1_104' title='bbox 1591 1395 1772 1465; x_wconf 91' lang='lat' dir='ltr'><strong>pristi-</strong></span> 
     </span>
    </p>
   </div>
   <div class='ocr_carea' id='block_1_15' title="bbox 205 1479 1025 1550">
    <p class='ocr_par' dir='ltr' id='par_1_15' title="bbox 205 1479 1025 1550">
     <span class='ocr_line' id='line_1_15' title="bbox 205 1479 1025 1550; baseline 0.011 -24"><span class='ocrx_word' id='word_1_105' title='bbox 205 1491 319 1528; x_wconf 86' lang='lat' dir='ltr'><strong>nam</strong></span> <span class='ocrx_word' id='word_1_106' title='bbox 341 1487 429 1530; x_wconf 89' lang='lat' dir='ltr'><strong>est</strong></span> <span class='ocrx_word' id='word_1_107' title='bbox 461 1479 750 1533; x_wconf 84' lang='lat' dir='ltr'><strong>sanitatem</strong></span> <span class='ocrx_word' id='word_1_108' title='bbox 781 1481 1025 1550; x_wconf 88' lang='lat' dir='ltr'><strong>adeptus.</strong></span> 
     </span>
    </p>
   </div>
   <div class='ocr_carea' id='block_1_16' title="bbox 265 1564 1773 1642">
    <p class='ocr_par' dir='ltr' id='par_1_16' title="bbox 265 1564 1773 1642">
     <span class='ocr_line' id='line_1_16' title="bbox 265 1564 1773 1642; baseline 0.007 -25"><span class='ocrx_word' id='word_1_109' title='bbox 265 1564 351 1618; x_wconf 86' lang='lat'><strong>66.</strong></span> <span class='ocrx_word' id='word_1_110' title='bbox 393 1565 527 1620; x_wconf 85' lang='lat' dir='ltr'><strong>Post</strong></span> <span class='ocrx_word' id='word_1_111' title='bbox 566 1568 680 1623; x_wconf 59' lang='lat' dir='ltr'><strong>haec</strong></span> <span class='ocrx_word' id='word_1_112' title='bbox 720 1569 988 1639; x_wconf 77' lang='lat' dir='ltr'><strong>episcopis</strong></span> <span class='ocrx_word' id='word_1_113' title='bbox 1038 1579 1093 1626; x_wconf 88' lang='lat' dir='ltr'><strong>et</strong></span> <span class='ocrx_word' id='word_1_114' title='bbox 1140 1572 1446 1637; x_wconf 85' lang='lat' dir='ltr'><strong>abbatibus,</strong></span> <span class='ocrx_word' id='word_1_115' title='bbox 1487 1572 1579 1642; x_wconf 88' lang='lat' dir='ltr'><strong>qui</strong></span> <span class='ocrx_word' id='word_1_116' title='bbox 1617 1588 1773 1628; x_wconf 82' lang='lat' dir='ltr'><strong>exse-</strong></span> 
     </span>
    </p>
   </div>
   <div class='ocr_carea' id='block_1_17' title="bbox 205 1653 1775 1728">
    <p class='ocr_par' dir='ltr' id='par_1_17' title="bbox 205 1653 1775 1728">
     <span class='ocr_line' id='line_1_17' title="bbox 205 1653 1775 1728; baseline 0.01 -27"><span class='ocrx_word' id='word_1_117' title='bbox 205 1653 448 1719; x_wconf 86' lang='lat' dir='ltr'><strong>quiarum</strong></span> <span class='ocrx_word' id='word_1_118' title='bbox 479 1654 621 1710; x_wconf 87' lang='lat' dir='ltr'><strong>illius</strong></span> <span class='ocrx_word' id='word_1_119' title='bbox 651 1671 812 1711; x_wconf 88' lang='lat' dir='ltr'><strong>causa</strong></span> <span class='ocrx_word' id='word_1_120' title='bbox 845 1670 1230 1728; x_wconf 84' lang='lat' dir='ltr'><strong>convenerant,</strong></span> <span class='ocrx_word' id='word_1_121' title='bbox 1268 1662 1323 1716; x_wconf 91' lang='lat' dir='ltr'><strong>in</strong></span> <span class='ocrx_word' id='word_1_122' title='bbox 1351 1677 1447 1716; x_wconf 87' lang='lat' dir='ltr'><strong>sua</strong></span> <span class='ocrx_word' id='word_1_123' title='bbox 1481 1664 1775 1718; x_wconf 86' lang='lat' dir='ltr'><strong>remeanti-</strong></span> 
     </span>
    </p>
   </div>
   <div class='ocr_carea' id='block_1_18' title="bbox 205 1742 1770 1822">
    <p class='ocr_par' dir='ltr' id='par_1_18' title="bbox 205 1742 1770 1822">
     <span class='ocr_line' id='line_1_18' title="bbox 205 1742 1770 1822; baseline 0.007 -28"><span class='ocrx_word' id='word_1_124' title='bbox 205 1742 317 1804; x_wconf 87' lang='lat' dir='ltr'><strong>bus,</strong></span> <span class='ocrx_word' id='word_1_125' title='bbox 353 1745 619 1798; x_wconf 89' lang='lat' dir='ltr'><strong>remeavit</strong></span> <span class='ocrx_word' id='word_1_126' title='bbox 645 1747 808 1800; x_wconf 91' lang='lat' dir='ltr'><strong>etiam</strong></span> <span class='ocrx_word' id='word_1_127' title='bbox 843 1747 1153 1818; x_wconf 82' lang='lat' dir='ltr'><strong>Radulphus</strong></span> <span class='ocrx_word' id='word_1_128' title='bbox 1181 1751 1316 1822; x_wconf 70' lang='grc'><strong>(40)⁹</strong></span> <span class='ocrx_word' id='word_1_129' title='bbox 1350 1753 1516 1806; x_wconf 87' lang='lat' dir='ltr'><strong>abbas</strong></span> <span class='ocrx_word' id='word_1_130' title='bbox 1536 1752 1770 1808; x_wconf 71' lang='grc' dir='ltr'><strong>ρωποι)Ῐὶ</strong></span> 
     </span>
    </p>
   </div>
   <div class='ocr_carea' id='block_1_19' title="bbox 1874 575 3438 648">
    <p class='ocr_par' dir='ltr' id='par_1_19' title="bbox 1874 575 3438 648">
     <span class='ocr_line' id='line_1_19' title="bbox 1874 575 3438 648; baseline 0.002 -18"><span class='ocrx_word' id='word_1_131' title='bbox 1874 576 1968 630; x_wconf 92' lang='lat' dir='ltr'><strong>tim</strong></span> <span class='ocrx_word' id='word_1_132' title='bbox 2012 575 2390 630; x_wconf 79' lang='lat' dir='ltr'><strong>convalescere</strong></span> <span class='ocrx_word' id='word_1_133' title='bbox 2439 577 2620 645; x_wconf 89' lang='lat' dir='ltr'><strong>coepit,</strong></span> <span class='ocrx_word' id='word_1_134' title='bbox 2663 577 2993 648; x_wconf 72' lang='lat' dir='ltr'><strong>integrzeque</strong></span> <span class='ocrx_word' id='word_1_135' title='bbox 3025 579 3240 634; x_wconf 88' lang='lat' dir='ltr'><strong>sanitati</strong></span> <span class='ocrx_word' id='word_1_136' title='bbox 3269 581 3438 635; x_wconf 86' lang='lat' dir='ltr'><strong>dona-</strong></span> 
     </span>
    </p>
   </div>
   <div class='ocr_carea' id='block_1_20' title="bbox 1873 667 3128 738">
    <p class='ocr_par' dir='ltr' id='par_1_20' title="bbox 1873 667 3128 738">
     <span class='ocr_line' id='line_1_20' title="bbox 1873 667 3128 738; baseline 0.001 -17"><span class='ocrx_word' id='word_1_137' title='bbox 1873 675 1979 730; x_wconf 90' lang='lat' dir='ltr'><strong>tus,</strong></span> <span class='ocrx_word' id='word_1_138' title='bbox 2007 667 2118 721; x_wconf 89' lang='lat' dir='ltr'><strong>Deo</strong></span> <span class='ocrx_word' id='word_1_139' title='bbox 2146 673 2200 720; x_wconf 90' lang='lat' dir='ltr'><strong>et</strong></span> <span class='ocrx_word' id='word_1_140' title='bbox 2230 667 2322 720; x_wconf 88' lang='lat' dir='ltr'><strong>Dei</strong></span> <span class='ocrx_word' id='word_1_141' title='bbox 2350 667 2467 721; x_wconf 92' lang='lat' dir='ltr'><strong>viro</strong></span> <span class='ocrx_word' id='word_1_142' title='bbox 2494 682 2560 722; x_wconf 87' lang='lat' dir='ltr'><strong>ex</strong></span> <span class='ocrx_word' id='word_1_143' title='bbox 2590 668 2753 722; x_wconf 88' lang='lat' dir='ltr'><strong>corde</strong></span> <span class='ocrx_word' id='word_1_144' title='bbox 2775 669 2978 738; x_wconf 80' lang='lat' dir='ltr'><strong>gratias</strong></span> <span class='ocrx_word' id='word_1_145' title='bbox 2999 669 3128 738; x_wconf 83' lang='lat' dir='ltr'><strong>egit.</strong></span> 
     </span>
    </p>
   </div>
   <div class='ocr_carea' id='block_1_21' title="bbox 1943 755 3442 828">
    <p class='ocr_par' dir='ltr' id='par_1_21' title="bbox 1943 755 3442 828">
     <span class='ocr_line' id='line_1_21' title="bbox 1943 755 3442 828; baseline 0.001 -16"><span class='ocrx_word' id='word_1_146' title='bbox 1943 757 2032 812; x_wconf 83' lang='lat'><strong>69.</strong></span> <span class='ocrx_word' id='word_1_147' title='bbox 2073 757 2218 811; x_wconf 86' lang='lat' dir='ltr'><strong>Inter</strong></span> <span class='ocrx_word' id='word_1_148' title='bbox 2253 757 2369 811; x_wconf 63' lang='lat' dir='ltr'><strong>bmc</strong></span> <span class='ocrx_word' id='word_1_149' title='bbox 2399 773 2492 811; x_wconf 85' lang='lat' dir='ltr'><strong>rex</strong></span> <span class='ocrx_word' id='word_1_150' title='bbox 2531 758 2582 811; x_wconf 90' lang='lat' dir='ltr'><strong>in</strong></span> <span class='ocrx_word' id='word_1_151' title='bbox 2618 757 3011 814; x_wconf 84' lang='lat' dir='ltr'><strong>Northmannia</strong></span> <span class='ocrx_word' id='word_1_152' title='bbox 3049 757 3254 828; x_wconf 84' lang='lat' dir='ltr'><strong>positus</strong></span> <span class='ocrx_word' id='word_1_153' title='bbox 3288 755 3442 813; x_wconf 88' lang='lat' dir='ltr'><strong>vahle</strong></span> 
     </span>
    </p>
   </div>
   <div class='ocr_carea' id='block_1_22' title="bbox 1871 847 3442 919">
    <p class='ocr_par' dir='ltr' id='par_1_22' title="bbox 1871 847 3442 919">
     <span class='ocr_line' id='line_1_22' title="bbox 1871 847 3442 919; baseline 0.001 -18"><span class='ocrx_word' id='word_1_154' title='bbox 1871 847 2173 916; x_wconf 65' lang='lat' dir='ltr'><strong>laetabatur,</strong></span> <span class='ocrx_word' id='word_1_155' title='bbox 2202 848 2343 904; x_wconf 89' lang='lat' dir='ltr'><strong>sicut</strong></span> <span class='ocrx_word' id='word_1_156' title='bbox 2374 847 2622 903; x_wconf 88' lang='lat' dir='ltr'><strong>ferebant</strong></span> <span class='ocrx_word' id='word_1_157' title='bbox 2647 849 2701 903; x_wconf 90' lang='lat' dir='ltr'><strong>hi</strong></span> <span class='ocrx_word' id='word_1_158' title='bbox 2733 850 2822 919; x_wconf 91' lang='lat' dir='ltr'><strong>qui</strong></span> <span class='ocrx_word' id='word_1_159' title='bbox 2860 851 2924 904; x_wconf 87' lang='lat' dir='ltr'><strong>ad</strong></span> <span class='ocrx_word' id='word_1_160' title='bbox 2955 865 3054 904; x_wconf 91' lang='lat' dir='ltr'><strong>nos</strong></span> <span class='ocrx_word' id='word_1_161' title='bbox 3094 849 3217 904; x_wconf 90' lang='lat' dir='ltr'><strong>inde</strong></span> <span class='ocrx_word' id='word_1_162' title='bbox 3257 849 3442 903; x_wconf 89' lang='lat' dir='ltr'><strong>venie-</strong></span> 
     </span>
    </p>
   </div>
   <div class='ocr_carea' id='block_1_23' title="bbox 1873 938 3439 1008">
    <p class='ocr_par' dir='ltr' id='par_1_23' title="bbox 1873 938 3439 1008">
     <span class='ocr_line' id='line_1_23' title="bbox 1873 938 3439 1008; baseline -0.001 -13"><span class='ocrx_word' id='word_1_163' title='bbox 1873 940 2024 1003; x_wconf 86' lang='lat' dir='ltr'><strong>bant,</strong></span> <span class='ocrx_word' id='word_1_164' title='bbox 2047 938 2188 1008; x_wconf 88' lang='lat' dir='ltr'><strong>quod</strong></span> <span class='ocrx_word' id='word_1_165' title='bbox 2214 938 2389 992; x_wconf 81' lang='lat' dir='ltr'><strong>fuerat</strong></span> <span class='ocrx_word' id='word_1_166' title='bbox 2408 938 2649 994; x_wconf 82' lang='lat' dir='ltr'><strong>Anselmi</strong></span> <span class='ocrx_word' id='word_1_167' title='bbox 2677 954 2808 1008; x_wconf 89' lang='lat' dir='ltr'><strong>pace</strong></span> <span class='ocrx_word' id='word_1_168' title='bbox 2836 941 3060 1008; x_wconf 88' lang='lat' dir='ltr'><strong>potitus.</strong></span> <span class='ocrx_word' id='word_1_169' title='bbox 3095 938 3249 994; x_wconf 89' lang='lat' dir='ltr'><strong>Unde</strong></span> <span class='ocrx_word' id='word_1_170' title='bbox 3276 939 3439 993; x_wconf 88' lang='lat' dir='ltr'><strong>etiam</strong></span> 
     </span>
    </p>
   </div>
   <div class='ocr_carea' id='block_1_24' title="bbox 1879 1029 3440 1101">
    <p class='ocr_par' dir='ltr' id='par_1_24' title="bbox 1879 1029 3440 1101">
     <span class='ocr_line' id='line_1_24' title="bbox 1879 1029 3440 1101; baseline 0.002 -18"><span class='ocrx_word' id='word_1_171' title='bbox 1879 1029 2033 1083; x_wconf 85' lang='lat' dir='ltr'><strong>ﬁrma</strong></span> <span class='ocrx_word' id='word_1_172' title='bbox 2069 1031 2170 1085; x_wconf 92' lang='lat' dir='ltr'><strong>sibi</strong></span> <span class='ocrx_word' id='word_1_173' title='bbox 2219 1045 2313 1101; x_wconf 87' lang='lat' dir='ltr'><strong>spe</strong></span> <span class='ocrx_word' id='word_1_174' title='bbox 2354 1030 2732 1100; x_wconf 88' lang='lat' dir='ltr'><strong>applaudebat,</strong></span> <span class='ocrx_word' id='word_1_175' title='bbox 2775 1047 2873 1086; x_wconf 90' lang='lat' dir='ltr'><strong>suo</strong></span> <span class='ocrx_word' id='word_1_176' title='bbox 2915 1048 2973 1086; x_wconf 90' lang='lat' dir='ltr'><strong>se</strong></span> <span class='ocrx_word' id='word_1_177' title='bbox 3004 1032 3240 1087; x_wconf 89' lang='lat' dir='ltr'><strong>dominio</strong></span> <span class='ocrx_word' id='word_1_178' title='bbox 3275 1041 3440 1086; x_wconf 87' lang='lat' dir='ltr'><strong>totam</strong></span> 
     </span>
    </p>
   </div>
   <div class='ocr_carea' id='block_1_25' title="bbox 1873 1118 3437 1189">
    <p class='ocr_par' dir='ltr' id='par_1_25' title="bbox 1873 1118 3437 1189">
     <span class='ocr_line' id='line_1_25' title="bbox 1873 1118 3437 1189; baseline 0.001 -17"><span class='ocrx_word' id='word_1_179' title='bbox 1873 1118 2318 1174; x_wconf 89' lang='lat' dir='ltr'><strong>Northmanniam</strong></span> <span class='ocrx_word' id='word_1_180' title='bbox 2360 1119 2789 1189; x_wconf 90' lang='lat' dir='ltr'><strong>subjugaturum.</strong></span> <span class='ocrx_word' id='word_1_181' title='bbox 2823 1119 2977 1186; x_wconf 84' lang='lat' dir='ltr'><strong>Quod</strong></span> <span class='ocrx_word' id='word_1_182' title='bbox 3022 1130 3074 1175; x_wconf 92' lang='lat' dir='ltr'><strong>et</strong></span> <span class='ocrx_word' id='word_1_183' title='bbox 3100 1121 3300 1175; x_wconf 85' lang='lat' dir='ltr'><strong>factum</strong></span> <span class='ocrx_word' id='word_1_184' title='bbox 3332 1127 3437 1174; x_wconf 84' lang='lat' dir='ltr'><strong>est.</strong></span> 
     </span>
    </p>
   </div>
   <div class='ocr_carea' id='block_1_26' title="bbox 1873 1207 3439 1280">
    <p class='ocr_par' dir='ltr' id='par_1_26' title="bbox 1873 1207 3439 1280">
     <span class='ocr_line' id='line_1_26' title="bbox 1873 1207 3439 1280; baseline 0 -18"><span class='ocrx_word' id='word_1_185' title='bbox 1873 1207 2004 1263; x_wconf 87' lang='lat' dir='ltr'><strong>Nam</strong></span> <span class='ocrx_word' id='word_1_186' title='bbox 2031 1217 2283 1264; x_wconf 90' lang='lat' dir='ltr'><strong>conserto</strong></span> <span class='ocrx_word' id='word_1_187' title='bbox 2311 1211 2458 1280; x_wconf 83' lang='lat' dir='ltr'><strong>gravi</strong></span> <span class='ocrx_word' id='word_1_188' title='bbox 2482 1210 2665 1278; x_wconf 65' lang='lat' dir='ltr'><strong>praelio</strong></span> <span class='ocrx_word' id='word_1_189' title='bbox 2695 1209 2911 1264; x_wconf 80' lang='lat' dir='ltr'><strong>fratrem</strong></span> <span class='ocrx_word' id='word_1_190' title='bbox 2943 1225 3097 1264; x_wconf 90' lang='lat' dir='ltr'><strong>suum</strong></span> <span class='ocrx_word' id='word_1_191' title='bbox 3122 1209 3439 1274; x_wconf 82' lang='lat' dir='ltr'><strong>Robertum,</strong></span> 
     </span>
    </p>
   </div>
   <div class='ocr_carea' id='block_1_27' title="bbox 1873 1297 3430 1368">
    <p class='ocr_par' dir='ltr' id='par_1_27' title="bbox 1873 1297 3430 1368">
     <span class='ocr_line' id='line_1_27' title="bbox 1873 1297 3430 1368; baseline 0.001 -17"><span class='ocrx_word' id='word_1_192' title='bbox 1873 1297 2280 1353; x_wconf 70' lang='lat' dir='ltr'><strong>Northmannite</strong></span> <span class='ocrx_word' id='word_1_193' title='bbox 2307 1300 2582 1364; x_wconf 89' lang='lat' dir='ltr'><strong>comitem,</strong></span> <span class='ocrx_word' id='word_1_194' title='bbox 2618 1309 2672 1352; x_wconf 89' lang='lat' dir='ltr'><strong>et</strong></span> <span class='ocrx_word' id='word_1_195' title='bbox 2693 1299 2826 1354; x_wconf 91' lang='lat' dir='ltr'><strong>alios</strong></span> <span class='ocrx_word' id='word_1_196' title='bbox 2853 1299 3144 1368; x_wconf 87' lang='lat' dir='ltr'><strong>principes,</strong></span> <span class='ocrx_word' id='word_1_197' title='bbox 3174 1300 3264 1368; x_wconf 92' lang='lat' dir='ltr'><strong>qui</strong></span> <span class='ocrx_word' id='word_1_198' title='bbox 3295 1315 3430 1355; x_wconf 58' lang='lat' dir='ltr'><strong>con-</strong></span> 
     </span>
    </p>
   </div>
   <div class='ocr_carea' id='block_1_28' title="bbox 1876 1386 3438 1457">
    <p class='ocr_par' dir='ltr' id='par_1_28' title="bbox 1876 1386 3438 1457">
     <span class='ocr_line' id='line_1_28' title="bbox 1876 1386 3438 1457; baseline 0.001 -17"><span class='ocrx_word' id='word_1_199' title='bbox 1876 1395 1956 1440; x_wconf 91' lang='lat' dir='ltr'><strong>tra</strong></span> <span class='ocrx_word' id='word_1_200' title='bbox 1989 1386 2136 1440; x_wconf 81' lang='grc' dir='ltr'>ἱὶιιιιη</span> <span class='ocrx_word' id='word_1_201' title='bbox 2182 1387 2234 1439; x_wconf 90' lang='lat' dir='ltr'><strong>in</strong></span> <span class='ocrx_word' id='word_1_202' title='bbox 2267 1387 2463 1440; x_wconf 89' lang='lat' dir='ltr'><strong>bellum</strong></span> <span class='ocrx_word' id='word_1_203' title='bbox 2491 1396 2777 1453; x_wconf 89' lang='lat' dir='ltr'><strong>venerunt,</strong></span> <span class='ocrx_word' id='word_1_204' title='bbox 2807 1389 2998 1457; x_wconf 84' lang='lat' dir='ltr'><strong>coepit;</strong></span> <span class='ocrx_word' id='word_1_205' title='bbox 3031 1387 3438 1457; x_wconf 90' lang='lat' dir='ltr'><strong>innumerisque</strong></span> 
     </span>
    </p>
   </div>
   <div class='ocr_carea' id='block_1_29' title="bbox 1874 1476 3445 1548">
    <p class='ocr_par' dir='ltr' id='par_1_29' title="bbox 1874 1476 3445 1548">
     <span class='ocr_line' id='line_1_29' title="bbox 1874 1476 3445 1548; baseline 0.002 -19"><span class='ocrx_word' id='word_1_206' title='bbox 1874 1476 2187 1546; x_wconf 88' lang='lat' dir='ltr'><strong>peremptis,</strong></span> <span class='ocrx_word' id='word_1_207' title='bbox 2228 1485 2395 1532; x_wconf 92' lang='lat' dir='ltr'><strong>totam</strong></span> <span class='ocrx_word' id='word_1_208' title='bbox 2433 1485 2633 1532; x_wconf 88' lang='lat' dir='ltr'><strong>terram</strong></span> <span class='ocrx_word' id='word_1_209' title='bbox 2674 1479 2845 1533; x_wconf 87' lang='lat' dir='ltr'><strong>victor</strong></span> <span class='ocrx_word' id='word_1_210' title='bbox 2870 1478 3126 1542; x_wconf 89' lang='lat' dir='ltr'><strong>obtinuit,</strong></span> <span class='ocrx_word' id='word_1_211' title='bbox 3159 1479 3321 1548; x_wconf 88' lang='lat' dir='ltr'><strong>idque</strong></span> <span class='ocrx_word' id='word_1_212' title='bbox 3346 1493 3445 1547; x_wconf 86' lang='lat' dir='ltr'><strong>per</strong></span> 
     </span>
    </p>
   </div>
   <div class='ocr_carea' id='block_1_30' title="bbox 1874 1564 3445 1636">
    <p class='ocr_par' dir='ltr' id='par_1_30' title="bbox 1874 1564 3445 1636">
     <span class='ocr_line' id='line_1_30' title="bbox 1874 1564 3445 1636; baseline 0.003 -20"><span class='ocrx_word' id='word_1_213' title='bbox 1874 1564 2087 1620; x_wconf 80' lang='lat' dir='ltr'><strong>litteras</strong></span> <span class='ocrx_word' id='word_1_214' title='bbox 2136 1565 2395 1620; x_wconf 85' lang='lat' dir='ltr'><strong>Anselmo</strong></span> <span class='ocrx_word' id='word_1_215' title='bbox 2438 1566 2740 1636; x_wconf 89' lang='lat' dir='ltr'><strong>gaudentur</strong></span> <span class='ocrx_word' id='word_1_216' title='bbox 2777 1575 2832 1619; x_wconf 89' lang='lat' dir='ltr'><strong>et</strong></span> <span class='ocrx_word' id='word_1_217' title='bbox 2863 1567 3132 1636; x_wconf 85' lang='lat' dir='ltr'><strong>gratiosus</strong></span> <span class='ocrx_word' id='word_1_218' title='bbox 3163 1581 3284 1621; x_wconf 80' lang='lat' dir='ltr'><strong>mox</strong></span> <span class='ocrx_word' id='word_1_219' title='bbox 3319 1566 3445 1620; x_wconf 85' lang='lat' dir='ltr'><strong>inti-</strong></span> 
     </span>
    </p>
   </div>
   <div class='ocr_carea' id='block_1_31' title="bbox 1876 1653 3445 1728">
    <p class='ocr_par' dir='ltr' id='par_1_31' title="bbox 1876 1653 3445 1728">
     <span class='ocr_line' id='line_1_31' title="bbox 1876 1653 3445 1728; baseline 0.001 -21"><span class='ocrx_word' id='word_1_220' title='bbox 1876 1655 2062 1708; x_wconf 86' lang='lat' dir='ltr'><strong>mavit.</strong></span> <span class='ocrx_word' id='word_1_221' title='bbox 2105 1653 2304 1710; x_wconf 87' lang='lat' dir='ltr'><strong>Omnes</strong></span> <span class='ocrx_word' id='word_1_222' title='bbox 2333 1669 2462 1708; x_wconf 91' lang='lat' dir='ltr'><strong>vero</strong></span> <span class='ocrx_word' id='word_1_223' title='bbox 2497 1655 2591 1724; x_wconf 90' lang='lat' dir='ltr'><strong>qui</strong></span> <span class='ocrx_word' id='word_1_224' title='bbox 2641 1657 2756 1710; x_wconf 62' lang='lat' dir='ltr'><strong>haec</strong></span> <span class='ocrx_word' id='word_1_225' title='bbox 2807 1664 2958 1728; x_wconf 87' lang='lat' dir='ltr'><strong>gesta</strong></span> <span class='ocrx_word' id='word_1_226' title='bbox 3006 1667 3133 1711; x_wconf 92' lang='lat' dir='ltr'><strong>tunc</strong></span> <span class='ocrx_word' id='word_1_227' title='bbox 3185 1655 3445 1725; x_wconf 89' lang='lat' dir='ltr'><strong>temporis</strong></span> 
     </span>
    </p>
   </div>
   <div class='ocr_carea' id='block_1_32' title="bbox 1876 1745 3446 1815">
    <p class='ocr_par' dir='ltr' id='par_1_32' title="bbox 1876 1745 3446 1815">
     <span class='ocr_line' id='line_1_32' title="bbox 1876 1745 3446 1815; baseline 0.003 -19"><span class='ocrx_word' id='word_1_228' title='bbox 1876 1745 2117 1808; x_wconf 88' lang='lat' dir='ltr'><strong>audiere,</strong></span> <span class='ocrx_word' id='word_1_229' title='bbox 2146 1759 2209 1797; x_wconf 87' lang='lat' dir='ltr'><strong>ea</strong></span> <span class='ocrx_word' id='word_1_230' title='bbox 2242 1745 2452 1799; x_wconf 84' lang='lat' dir='ltr'><strong>meritis</strong></span> <span class='ocrx_word' id='word_1_231' title='bbox 2499 1745 2820 1811; x_wconf 56' lang='lat' dir='ltr'><strong>concordia,</strong></span> <span class='ocrx_word' id='word_1_232' title='bbox 2861 1761 3022 1815; x_wconf 89' lang='lat' dir='ltr'><strong>quam</strong></span> <span class='ocrx_word' id='word_1_233' title='bbox 3050 1760 3145 1801; x_wconf 89' lang='lat' dir='ltr'><strong>rex</strong></span> <span class='ocrx_word' id='word_1_234' title='bbox 3185 1761 3309 1802; x_wconf 89' lang='lat' dir='ltr'><strong>cum</strong></span> <span class='ocrx_word' id='word_1_235' title='bbox 3336 1745 3446 1801; x_wconf 86' lang='lat' dir='ltr'><strong>An-</strong></span> 
     </span>
    </p>
   </div>
   <div class='ocr_carea' id='block_1_33' title="bbox 206 1819 1773 1913">
    <p class='ocr_par' dir='ltr' id='par_1_33' title="bbox 206 1819 1773 1913">
     <span class='ocr_line' id='line_1_33' title="bbox 206 1819 1773 1913; baseline 0.009 -29"><span class='ocrx_word' id='word_1_236' title='bbox 206 1831 499 1902; x_wconf 86' lang='lat' dir='ltr'><strong>Sagiensis;</strong></span> <span class='ocrx_word' id='word_1_237' title='bbox 539 1836 628 1905; x_wconf 88' lang='lat' dir='ltr'><strong>qui</strong></span> <span class='ocrx_word' id='word_1_238' title='bbox 660 1853 798 1893; x_wconf 92' lang='lat' dir='ltr'><strong>unus</strong></span> <span class='ocrx_word' id='word_1_239' title='bbox 834 1850 950 1894; x_wconf 87' lang='lat' dir='ltr'><strong>erat</strong></span> <span class='ocrx_word' id='word_1_240' title='bbox 978 1856 1044 1894; x_wconf 82' lang='lat' dir='ltr'><strong>ex</strong></span> <span class='ocrx_word' id='word_1_241' title='bbox 1081 1819 1359 1898; x_wconf 32' lang='lat' dir='ltr'><strong>eisaUnus</strong></span> <span class='ocrx_word' id='word_1_242' title='bbox 1387 1844 1551 1913; x_wconf 90' lang='lat' dir='ltr'><strong>igitur</strong></span> <span class='ocrx_word' id='word_1_243' title='bbox 1577 1858 1644 1898; x_wconf 91' lang='lat' dir='ltr'><strong>ex</strong></span> <span class='ocrx_word' id='word_1_244' title='bbox 1674 1844 1773 1898; x_wconf 89' lang='lat' dir='ltr'><strong>ho-</strong></span> 
     </span>
    </p>
   </div>
   <div class='ocr_carea' id='block_1_34' title="bbox 1877 1819 2653 1913">
    <p class='ocr_par' dir='ltr' id='par_1_34' title="bbox 1877 1833 2653 1902">
     <span class='ocr_line' id='line_1_34' title="bbox 1877 1833 2653 1902; baseline -0.001 -13"><span class='ocrx_word' id='word_1_245' title='bbox 1877 1834 2042 1889; x_wconf 90' lang='lat' dir='ltr'><strong>selmo</strong></span> <span class='ocrx_word' id='word_1_246' title='bbox 2075 1833 2297 1899; x_wconf 84' lang='lat' dir='ltr'><strong>fecerat,</strong></span> <span class='ocrx_word' id='word_1_247' title='bbox 2328 1834 2653 1902; x_wconf 88' lang='lat' dir='ltr'><strong>ascripsere.</strong></span> 
     </span>
    </p>
   </div>
   <div class='ocr_carea' id='block_1_35' title="bbox 201 1923 1770 2001">
    <p class='ocr_par' dir='ltr' id='par_1_35' title="bbox 201 1923 1770 2001">
     <span class='ocr_line' id='line_1_35' title="bbox 201 1923 1770 2001; baseline 0.011 -25"><span class='ocrx_word' id='word_1_248' title='bbox 201 1923 436 1978; x_wconf 89' lang='lat' dir='ltr'><strong>minibus</strong></span> <span class='ocrx_word' id='word_1_249' title='bbox 458 1927 575 1995; x_wconf 83' lang='lat' dir='ltr'><strong>ejus</strong></span> <span class='ocrx_word' id='word_1_250' title='bbox 606 1943 700 1997; x_wconf 90' lang='lat' dir='ltr'><strong>per</strong></span> <span class='ocrx_word' id='word_1_251' title='bbox 725 1930 866 1984; x_wconf 88' lang='lat' dir='ltr'><strong>viam</strong></span> <span class='ocrx_word' id='word_1_252' title='bbox 898 1933 1065 2001; x_wconf 78' lang='lat' dir='ltr'><strong>ccepit</strong></span> <span class='ocrx_word' id='word_1_253' title='bbox 1099 1933 1356 1990; x_wconf 84' lang='lat' dir='ltr'><strong>Anselmo</strong></span> <span class='ocrx_word' id='word_1_254' title='bbox 1380 1935 1690 2001; x_wconf 85' lang='lat' dir='ltr'><strong>detrahere,</strong></span> <span class='ocrx_word' id='word_1_255' title='bbox 1715 1946 1770 1992; x_wconf 87' lang='lat' dir='ltr'><strong>et</strong></span> 
     </span>
    </p>
   </div>
   <div class='ocr_carea' id='block_1_36' title="bbox 198 2015 1768 2096">
    <p class='ocr_par' dir='ltr' id='par_1_36' title="bbox 198 2015 1768 2096">
     <span class='ocr_line' id='line_1_36' title="bbox 198 2015 1768 2096; baseline 0.011 -31"><span class='ocrx_word' id='word_1_256' title='bbox 198 2015 330 2080; x_wconf 88' lang='lat' dir='ltr'><strong>quod</strong></span> <span class='ocrx_word' id='word_1_257' title='bbox 369 2016 568 2071; x_wconf 91' lang='lat' dir='ltr'><strong>merito</strong></span> <span class='ocrx_word' id='word_1_258' title='bbox 596 2018 772 2074; x_wconf 88' lang='lat' dir='ltr'><strong>nullus</strong></span> <span class='ocrx_word' id='word_1_259' title='bbox 796 2020 1097 2076; x_wconf 81' lang='lat' dir='ltr'><strong>infirmitati</strong></span> <span class='ocrx_word' id='word_1_260' title='bbox 1121 2024 1237 2094; x_wconf 87' lang='lat' dir='ltr'><strong>ejus</strong></span> <span class='ocrx_word' id='word_1_261' title='bbox 1269 2027 1501 2095; x_wconf 91' lang='lat' dir='ltr'><strong>compati</strong></span> <span class='ocrx_word' id='word_1_262' title='bbox 1526 2028 1768 2096; x_wconf 87' lang='lat' dir='ltr'><strong>deberet,</strong></span> 
     </span>
    </p>
   </div>
   <div class='ocr_carea' id='block_1_37' title="bbox 197 2105 1767 2186">
    <p class='ocr_par' dir='ltr' id='par_1_37' title="bbox 197 2105 1767 2186">
     <span class='ocr_line' id='line_1_37' title="bbox 197 2105 1767 2186; baseline 0.012 -33"><span class='ocrx_word' id='word_1_263' title='bbox 197 2105 520 2173; x_wconf 66' lang='lat' dir='ltr'><strong>praesertim,</strong></span> <span class='ocrx_word' id='word_1_264' title='bbox 560 2105 831 2176; x_wconf 88' lang='lat' dir='ltr'><strong>inquiens,</strong></span> <span class='ocrx_word' id='word_1_265' title='bbox 863 2127 984 2163; x_wconf 92' lang='lat' dir='ltr'><strong>cum</strong></span> <span class='ocrx_word' id='word_1_266' title='bbox 1025 2112 1137 2181; x_wconf 90' lang='lat' dir='ltr'><strong>ipse</strong></span> <span class='ocrx_word' id='word_1_267' title='bbox 1180 2115 1300 2170; x_wconf 92' lang='lat' dir='ltr'><strong>cibo</strong></span> <span class='ocrx_word' id='word_1_268' title='bbox 1335 2125 1390 2170; x_wconf 91' lang='lat' dir='ltr'><strong>et</strong></span> <span class='ocrx_word' id='word_1_269' title='bbox 1432 2125 1561 2186; x_wconf 90' lang='lat' dir='ltr'><strong>potu</strong></span> <span class='ocrx_word' id='word_1_270' title='bbox 1610 2118 1767 2172; x_wconf 88' lang='lat' dir='ltr'><strong>saluti</strong></span> 
     </span>
    </p>
   </div>
   <div class='ocr_carea' id='block_1_38' title="bbox 199 2193 1769 2270">
    <p class='ocr_par' dir='ltr' id='par_1_38' title="bbox 199 2193 1769 2270">
     <span class='ocr_line' id='line_1_38' title="bbox 199 2193 1769 2270; baseline 0.013 -26"><span class='ocrx_word' id='word_1_271' title='bbox 199 2206 325 2256; x_wconf 71' lang='lat' dir='ltr'><strong>suae,</strong></span> <span class='ocrx_word' id='word_1_272' title='bbox 361 2193 411 2248; x_wconf 88' lang='lat' dir='ltr'><strong>si</strong></span> <span class='ocrx_word' id='word_1_273' title='bbox 465 2207 670 2251; x_wconf 90' lang='lat' dir='ltr'><strong>remota</strong></span> <span class='ocrx_word' id='word_1_274' title='bbox 711 2198 974 2266; x_wconf 89' lang='lat' dir='ltr'><strong>jactantia</strong></span> <span class='ocrx_word' id='word_1_275' title='bbox 1025 2203 1206 2270; x_wconf 90' lang='lat' dir='ltr'><strong>vellet,</strong></span> <span class='ocrx_word' id='word_1_276' title='bbox 1255 2205 1413 2260; x_wconf 89' lang='lat' dir='ltr'><strong>facile</strong></span> <span class='ocrx_word' id='word_1_277' title='bbox 1446 2222 1769 2264; x_wconf 85' lang='lat' dir='ltr'><strong>succurrere</strong></span> 
     </span>
    </p>
   </div>
   <div class='ocr_carea' id='block_1_39' title="bbox 196 2284 1765 2362">
    <p class='ocr_par' dir='ltr' id='par_1_39' title="bbox 196 2284 1765 2362">
     <span class='ocr_line' id='line_1_39' title="bbox 196 2284 1765 2362; baseline 0.011 -29"><span class='ocrx_word' id='word_1_278' title='bbox 196 2292 396 2349; x_wconf 88' lang='lat' dir='ltr'><strong>posset,</strong></span> <span class='ocrx_word' id='word_1_279' title='bbox 421 2284 685 2340; x_wconf 83' lang='lat' dir='ltr'><strong>maledica</strong></span> <span class='ocrx_word' id='word_1_280' title='bbox 707 2301 839 2341; x_wconf 85' lang='lat' dir='ltr'><strong>voce</strong></span> <span class='ocrx_word' id='word_1_281' title='bbox 857 2298 1124 2344; x_wconf 87' lang='lat' dir='ltr'><strong>astruere.</strong></span> <span class='ocrx_word' id='word_1_282' title='bbox 1150 2291 1303 2357; x_wconf 85' lang='lat' dir='ltr'><strong>Quod</strong></span> <span class='ocrx_word' id='word_1_283' title='bbox 1325 2295 1490 2349; x_wconf 87' lang='lat' dir='ltr'><strong>abbas</strong></span> <span class='ocrx_word' id='word_1_284' title='bbox 1518 2297 1765 2362; x_wconf 89' lang='lat' dir='ltr'><strong>audiens,</strong></span> 
     </span>
    </p>
   </div>
   <div class='ocr_carea' id='block_1_40' title="bbox 197 2372 1770 2454">
    <p class='ocr_par' dir='ltr' id='par_1_40' title="bbox 197 2372 1770 2454">
     <span class='ocr_line' id='line_1_40' title="bbox 197 2372 1770 2454; baseline 0.011 -30"><span class='ocrx_word' id='word_1_285' title='bbox 197 2372 476 2427; x_wconf 87' lang='lat' dir='ltr'><strong>hominem</strong></span> <span class='ocrx_word' id='word_1_286' title='bbox 507 2375 716 2429; x_wconf 90' lang='lat' dir='ltr'><strong>monuit</strong></span> <span class='ocrx_word' id='word_1_287' title='bbox 744 2385 805 2429; x_wconf 92' lang='lat' dir='ltr'><strong>ut</strong></span> <span class='ocrx_word' id='word_1_288' title='bbox 837 2377 1042 2443; x_wconf 87' lang='lat' dir='ltr'><strong>sileret,</strong></span> <span class='ocrx_word' id='word_1_289' title='bbox 1091 2395 1192 2434; x_wconf 90' lang='lat' dir='ltr'><strong>nec</strong></span> <span class='ocrx_word' id='word_1_290' title='bbox 1223 2382 1288 2435; x_wconf 92' lang='lat' dir='ltr'><strong>de</strong></span> <span class='ocrx_word' id='word_1_291' title='bbox 1319 2391 1467 2437; x_wconf 90' lang='lat' dir='ltr'><strong>tanto</strong></span> <span class='ocrx_word' id='word_1_292' title='bbox 1499 2385 1613 2440; x_wconf 79' lang='lat' dir='ltr'><strong>viro</strong></span> <span class='ocrx_word' id='word_1_293' title='bbox 1642 2388 1770 2454; x_wconf 90' lang='lat' dir='ltr'><strong>quid</strong></span> 
     </span>
    </p>
   </div>
   <div class='ocr_carea' id='block_1_41' title="bbox 195 2459 1770 2545">
    <p class='ocr_par' dir='ltr' id='par_1_41' title="bbox 195 2459 1770 2545">
     <span class='ocr_line' id='line_1_41' title="bbox 195 2459 1770 2545; baseline 0.011 -32"><span class='ocrx_word' id='word_1_294' title='bbox 195 2459 402 2515; x_wconf 89' lang='lat' dir='ltr'><strong>sinistri</strong></span> <span class='ocrx_word' id='word_1_295' title='bbox 434 2463 573 2517; x_wconf 90' lang='lat' dir='ltr'><strong>ultra</strong></span> <span class='ocrx_word' id='word_1_296' title='bbox 599 2464 887 2534; x_wconf 85' lang='lat' dir='ltr'><strong>proferret.</strong></span> <span class='ocrx_word' id='word_1_297' title='bbox 914 2466 1043 2532; x_wconf 74' lang='lat' dir='ltr'><strong>Qua:</strong></span> <span class='ocrx_word' id='word_1_298' title='bbox 1071 2468 1157 2524; x_wconf 90' lang='lat' dir='ltr'><strong>ille</strong></span> <span class='ocrx_word' id='word_1_299' title='bbox 1183 2471 1566 2528; x_wconf 90' lang='lat' dir='ltr'><strong>subsannando</strong></span> <span class='ocrx_word' id='word_1_300' title='bbox 1589 2476 1770 2545; x_wconf 90' lang='lat' dir='ltr'><strong>despi-</strong></span> 
     </span>
    </p>
   </div>
   <div class='ocr_carea' id='block_1_42' title="bbox 195 2551 1775 2638">
    <p class='ocr_par' dir='ltr' id='par_1_42' title="bbox 195 2551 1775 2638">
     <span class='ocr_line' id='line_1_42' title="bbox 195 2551 1775 2638; baseline 0.011 -34"><span class='ocrx_word' id='word_1_301' title='bbox 195 2551 366 2617; x_wconf 87' lang='lat' dir='ltr'><strong>ciens,</strong></span> <span class='ocrx_word' id='word_1_302' title='bbox 409 2561 468 2607; x_wconf 88' lang='lat' dir='ltr'><strong>et</strong></span> <span class='ocrx_word' id='word_1_303' title='bbox 498 2553 550 2607; x_wconf 92' lang='lat' dir='ltr'><strong>in</strong></span> <span class='ocrx_word' id='word_1_304' title='bbox 585 2555 672 2609; x_wconf 92' lang='lat' dir='ltr'><strong>his</strong></span> <span class='ocrx_word' id='word_1_305' title='bbox 708 2555 828 2625; x_wconf 64' lang='lat' dir='ltr'><strong>quae</strong></span> <span class='ocrx_word' id='word_1_306' title='bbox 856 2567 1100 2626; x_wconf 74' lang='lat' dir='ltr'><strong>cmperat</strong></span> <span class='ocrx_word' id='word_1_307' title='bbox 1128 2559 1312 2616; x_wconf 87' lang='lat' dir='ltr'><strong>furore</strong></span> <span class='ocrx_word' id='word_1_308' title='bbox 1339 2564 1567 2630; x_wconf 91' lang='lat' dir='ltr'><strong>quodam</strong></span> <span class='ocrx_word' id='word_1_309' title='bbox 1591 2567 1775 2638; x_wconf 82' lang='lat' dir='ltr'><strong>exagi-</strong></span> 
     </span>
    </p>
   </div>
   <div class='ocr_carea' id='block_1_43' title="bbox 197 2641 1773 2718">
    <p class='ocr_par' dir='ltr' id='par_1_43' title="bbox 197 2641 1773 2718">
     <span class='ocr_line' id='line_1_43' title="bbox 197 2641 1773 2718; baseline 0.01 -26"><span class='ocrx_word' id='word_1_310' title='bbox 197 2647 353 2706; x_wconf 89' lang='lat' dir='ltr'><strong>tatus,</strong></span> <span class='ocrx_word' id='word_1_311' title='bbox 415 2641 722 2708; x_wconf 87' lang='lat' dir='ltr'><strong>persistens</strong></span> <span class='ocrx_word' id='word_1_312' title='bbox 769 2659 909 2713; x_wconf 90' lang='lat' dir='ltr'><strong>equo</strong></span> <span class='ocrx_word' id='word_1_313' title='bbox 959 2645 1265 2703; x_wconf 77' lang='lat' dir='ltr'><strong>calcaribus</strong></span> <span class='ocrx_word' id='word_1_314' title='bbox 1317 2650 1540 2718; x_wconf 89' lang='lat' dir='ltr'><strong>institit,</strong></span> <span class='ocrx_word' id='word_1_315' title='bbox 1596 2663 1655 2707; x_wconf 93' lang='lat' dir='ltr'><strong>ut</strong></span> <span class='ocrx_word' id='word_1_316' title='bbox 1704 2656 1773 2708; x_wconf 85' lang='lat' dir='ltr'><strong>ab</strong></span> 
     </span>
    </p>
   </div>
   <div class='ocr_carea' id='block_1_44' title="bbox 195 2730 1772 2809">
    <p class='ocr_par' dir='ltr' id='par_1_44' title="bbox 195 2730 1772 2809">
     <span class='ocr_line' id='line_1_44' title="bbox 195 2730 1772 2809; baseline 0.01 -26"><span class='ocrx_word' id='word_1_317' title='bbox 195 2730 382 2786; x_wconf 83' lang='lat' dir='ltr'><strong>abbate</strong></span> <span class='ocrx_word' id='word_1_318' title='bbox 423 2731 707 2804; x_wconf 86' lang='lat' dir='ltr'><strong>elongatus</strong></span> <span class='ocrx_word' id='word_1_319' title='bbox 737 2735 965 2790; x_wconf 84' lang='lat' dir='ltr'><strong>liberius</strong></span> <span class='ocrx_word' id='word_1_320' title='bbox 1012 2740 1197 2794; x_wconf 86' lang='lat' dir='ltr'><strong>ederet</strong></span> <span class='ocrx_word' id='word_1_321' title='bbox 1242 2741 1386 2809; x_wconf 91' lang='lat' dir='ltr'><strong>quod</strong></span> <span class='ocrx_word' id='word_1_322' title='bbox 1424 2757 1534 2796; x_wconf 83' lang='lat' dir='ltr'><strong>suae</strong></span> <span class='ocrx_word' id='word_1_323' title='bbox 1575 2745 1772 2800; x_wconf 89' lang='lat' dir='ltr'><strong>mentis</strong></span> 
     </span>
    </p>
   </div>
   <div class='ocr_carea' id='block_1_45' title="bbox 198 2822 1773 2904">
    <p class='ocr_par' dir='ltr' id='par_1_45' title="bbox 198 2822 1773 2904">
     <span class='ocr_line' id='line_1_45' title="bbox 198 2822 1773 2904; baseline 0.012 -30"><span class='ocrx_word' id='word_1_324' title='bbox 198 2822 503 2878; x_wconf 87' lang='lat' dir='ltr'><strong>amaritudo</strong></span> <span class='ocrx_word' id='word_1_325' title='bbox 547 2825 650 2879; x_wconf 92' lang='lat' dir='ltr'><strong>sibi</strong></span> <span class='ocrx_word' id='word_1_326' title='bbox 685 2837 1034 2896; x_wconf 88' lang='lat' dir='ltr'><strong>proponeret.</strong></span> <span class='ocrx_word' id='word_1_327' title='bbox 1079 2828 1279 2884; x_wconf 85' lang='lat' dir='ltr'><strong>Verum</strong></span> <span class='ocrx_word' id='word_1_328' title='bbox 1317 2847 1438 2886; x_wconf 92' lang='lat' dir='ltr'><strong>cum</strong></span> <span class='ocrx_word' id='word_1_329' title='bbox 1490 2834 1604 2904; x_wconf 90' lang='lat' dir='ltr'><strong>ipse</strong></span> <span class='ocrx_word' id='word_1_330' title='bbox 1636 2852 1773 2904; x_wconf 66' lang='lat' dir='ltr'><strong>prce-</strong></span> 
     </span>
    </p>
   </div>
   <div class='ocr_carea' id='block_1_46' title="bbox 197 2910 1774 2985">
    <p class='ocr_par' dir='ltr' id='par_1_46' title="bbox 197 2910 1774 2985">
     <span class='ocr_line' id='line_1_46' title="bbox 197 2910 1774 2985; baseline 0.012 -22"><span class='ocrx_word' id='word_1_331' title='bbox 197 2910 299 2977; x_wconf 90' lang='lat' dir='ltr'><strong>peti</strong></span> <span class='ocrx_word' id='word_1_332' title='bbox 324 2927 498 2966; x_wconf 90' lang='lat' dir='ltr'><strong>cursu</strong></span> <span class='ocrx_word' id='word_1_333' title='bbox 529 2911 661 2968; x_wconf 92' lang='lat' dir='ltr'><strong>ferri</strong></span> <span class='ocrx_word' id='word_1_334' title='bbox 691 2916 940 2985; x_wconf 82' lang='lat' dir='ltr'><strong>gestiret,</strong></span> <span class='ocrx_word' id='word_1_335' title='bbox 970 2934 1034 2972; x_wconf 95' lang='lat' dir='ltr'><strong>ac</strong></span> <span class='ocrx_word' id='word_1_336' title='bbox 1071 2920 1318 2976; x_wconf 89' lang='lat' dir='ltr'><strong>remissis</strong></span> <span class='ocrx_word' id='word_1_337' title='bbox 1355 2922 1584 2979; x_wconf 91' lang='lat' dir='ltr'><strong>habenis</strong></span> <span class='ocrx_word' id='word_1_338' title='bbox 1621 2927 1774 2982; x_wconf 85' lang='lat' dir='ltr'><strong>ocior</strong></span> 
     </span>
    </p>
   </div>
   <div class='ocr_carea' id='block_1_47' title="bbox 198 3002 1769 3085">
    <p class='ocr_par' dir='ltr' id='par_1_47' title="bbox 198 3002 1769 3085">
     <span class='ocr_line' id='line_1_47' title="bbox 198 3002 1769 3085; baseline 0.011 -31"><span class='ocrx_word' id='word_1_339' title='bbox 198 3002 272 3058; x_wconf 88' lang='lat' dir='ltr'><strong>ire</strong></span> <span class='ocrx_word' id='word_1_340' title='bbox 327 3004 619 3074; x_wconf 89' lang='lat' dir='ltr'><strong>inciperet,</strong></span> <span class='ocrx_word' id='word_1_341' title='bbox 671 3021 832 3076; x_wconf 91' lang='lat' dir='ltr'><strong>quem</strong></span> <span class='ocrx_word' id='word_1_342' title='bbox 889 3007 1112 3064; x_wconf 89' lang='lat' dir='ltr'><strong>sedebat</strong></span> <span class='ocrx_word' id='word_1_343' title='bbox 1167 3012 1477 3082; x_wconf 92' lang='lat' dir='ltr'><strong>quadrupes</strong></span> <span class='ocrx_word' id='word_1_344' title='bbox 1539 3018 1769 3085; x_wconf 91' lang='lat' dir='ltr'><strong>corruit,</strong></span> 
     </span>
    </p>
   </div>
   <div class='ocr_carea' id='block_1_48' title="bbox 197 3098 1772 3171">
    <p class='ocr_par' dir='ltr' id='par_1_48' title="bbox 197 3098 1772 3171">
     <span class='ocr_line' id='line_1_48' title="bbox 197 3098 1772 3171; baseline 0.011 -25"><span class='ocrx_word' id='word_1_345' title='bbox 197 3106 425 3162; x_wconf 84' lang='lat' dir='ltr'><strong>eumque</strong></span> <span class='ocrx_word' id='word_1_346' title='bbox 457 3109 652 3165; x_wconf 88' lang='lat' dir='ltr'><strong>magno</strong></span> <span class='ocrx_word' id='word_1_347' title='bbox 674 3111 796 3152; x_wconf 91' lang='lat' dir='ltr'><strong>cum</strong></span> <span class='ocrx_word' id='word_1_348' title='bbox 824 3098 1091 3154; x_wconf 90' lang='lat' dir='ltr'><strong>dedecore</strong></span> <span class='ocrx_word' id='word_1_349' title='bbox 1115 3108 1268 3171; x_wconf 90' lang='lat' dir='ltr'><strong>tergo</strong></span> <span class='ocrx_word' id='word_1_350' title='bbox 1293 3117 1391 3158; x_wconf 91' lang='lat' dir='ltr'><strong>suo</strong></span> <span class='ocrx_word' id='word_1_351' title='bbox 1417 3107 1674 3170; x_wconf 78' lang='lat' dir='ltr'><strong>excussit,</strong></span> <span class='ocrx_word' id='word_1_352' title='bbox 1708 3119 1772 3163; x_wconf 78' lang='lat' dir='ltr'><strong>ac</strong></span> 
     </span>
    </p>
   </div>
   <div class='ocr_carea' id='block_1_49' title="bbox 1941 1924 3447 1996">
    <p class='ocr_par' dir='ltr' id='par_1_49' title="bbox 1941 1924 3447 1996">
     <span class='ocr_line' id='line_1_49' title="bbox 1941 1924 3447 1996; baseline 0 -17"><span class='ocrx_word' id='word_1_353' title='bbox 1941 1926 2029 1979; x_wconf 90' lang='lat'><strong>70.</strong></span> <span class='ocrx_word' id='word_1_354' title='bbox 2061 1925 2181 1994; x_wconf 86' lang='lat' dir='ltr'><strong>Ipso</strong></span> <span class='ocrx_word' id='word_1_355' title='bbox 2210 1940 2352 1979; x_wconf 90' lang='lat' dir='ltr'><strong>anno</strong></span> <span class='ocrx_word' id='word_1_356' title='bbox 2376 1924 2663 1980; x_wconf 83' lang='lat' dir='ltr'><strong>Anselmus</strong></span> <span class='ocrx_word' id='word_1_357' title='bbox 2688 1925 2960 1980; x_wconf 89' lang='lat' dir='ltr'><strong>celebrata</strong></span> <span class='ocrx_word' id='word_1_358' title='bbox 2984 1926 3222 1996; x_wconf 88' lang='lat' dir='ltr'><strong>paschali</strong></span> <span class='ocrx_word' id='word_1_359' title='bbox 3253 1925 3447 1982; x_wconf 90' lang='lat' dir='ltr'><strong>solem-</strong></span> 
     </span>
    </p>
   </div>
   <div class='ocr_carea' id='block_1_50' title="bbox 1869 2016 3447 2088">
    <p class='ocr_par' dir='ltr' id='par_1_50' title="bbox 1869 2016 3447 2088">
     <span class='ocr_line' id='line_1_50' title="bbox 1869 2016 3447 2088; baseline -0.001 -15"><span class='ocrx_word' id='word_1_360' title='bbox 1869 2019 2059 2084; x_wconf 89' lang='lat' dir='ltr'><strong>nitate,</strong></span> <span class='ocrx_word' id='word_1_361' title='bbox 2093 2020 2145 2072; x_wconf 93' lang='lat' dir='ltr'><strong>in</strong></span> <span class='ocrx_word' id='word_1_362' title='bbox 2181 2018 2330 2073; x_wconf 90' lang='lat' dir='ltr'><strong>curia</strong></span> <span class='ocrx_word' id='word_1_363' title='bbox 2362 2017 2503 2088; x_wconf 87' lang='lat' dir='ltr'><strong>regis</strong></span> <span class='ocrx_word' id='word_1_364' title='bbox 2547 2017 2686 2087; x_wconf 92' lang='lat' dir='ltr'><strong>apud</strong></span> <span class='ocrx_word' id='word_1_365' title='bbox 2719 2016 3049 2072; x_wconf 90' lang='lat' dir='ltr'><strong>Londoniam</strong></span> <span class='ocrx_word' id='word_1_366' title='bbox 3093 2017 3226 2071; x_wconf 89' lang='lat' dir='ltr'><strong>abiit</strong></span> <span class='ocrx_word' id='word_1_367' title='bbox 3259 2018 3324 2072; x_wconf 88' lang='lat' dir='ltr'><strong>ad</strong></span> <span class='ocrx_word' id='word_1_368' title='bbox 3352 2016 3447 2072; x_wconf 82' lang='lat' dir='ltr'><strong>ab-</strong></span> 
     </span>
    </p>
   </div>
   <div class='ocr_carea' id='block_1_51' title="bbox 1868 2107 3442 2179">
    <p class='ocr_par' dir='ltr' id='par_1_51' title="bbox 1868 2107 3442 2179">
     <span class='ocr_line' id='line_1_51' title="bbox 1868 2107 3442 2179; baseline -0.002 -14"><span class='ocrx_word' id='word_1_369' title='bbox 1868 2111 2074 2165; x_wconf 90' lang='lat' dir='ltr'><strong>batiam</strong></span> <span class='ocrx_word' id='word_1_370' title='bbox 2108 2109 2292 2164; x_wconf 89' lang='lat' dir='ltr'><strong>Sancti</strong></span> <span class='ocrx_word' id='word_1_371' title='bbox 2317 2108 2605 2174; x_wconf 87' lang='lat' dir='ltr'><strong>Edmundi,</strong></span> <span class='ocrx_word' id='word_1_372' title='bbox 2633 2108 2864 2163; x_wconf 88' lang='lat' dir='ltr'><strong>electum</strong></span> <span class='ocrx_word' id='word_1_373' title='bbox 2889 2109 3020 2162; x_wconf 92' lang='lat' dir='ltr'><strong>inibi</strong></span> <span class='ocrx_word' id='word_1_374' title='bbox 3051 2107 3163 2179; x_wconf 70' lang='grc'><strong>(41)</strong></span> <span class='ocrx_word' id='word_1_375' title='bbox 3192 2108 3442 2163; x_wconf 89' lang='lat' dir='ltr'><strong>abbatem</strong></span> 
     </span>
    </p>
   </div>
   <div class='ocr_carea' id='block_1_52' title="bbox 1868 2195 3446 2268">
    <p class='ocr_par' dir='ltr' id='par_1_52' title="bbox 1868 2195 3446 2268">
     <span class='ocr_line' id='line_1_52' title="bbox 1868 2195 3446 2268; baseline -0.004 -12"><span class='ocrx_word' id='word_1_376' title='bbox 1868 2216 1964 2256; x_wconf 87' lang='lat' dir='ltr'><strong>sua</strong></span> <span class='ocrx_word' id='word_1_377' title='bbox 1995 2199 2319 2255; x_wconf 89' lang='lat' dir='ltr'><strong>auctoritate</strong></span> <span class='ocrx_word' id='word_1_378' title='bbox 2350 2200 2730 2264; x_wconf 87' lang='lat' dir='ltr'><strong>roboraturus,</strong></span> <span class='ocrx_word' id='word_1_379' title='bbox 2764 2207 2817 2253; x_wconf 91' lang='lat' dir='ltr'><strong>et</strong></span> <span class='ocrx_word' id='word_1_380' title='bbox 2851 2198 2956 2252; x_wconf 90' lang='lat' dir='ltr'><strong>alia</strong></span> <span class='ocrx_word' id='word_1_381' title='bbox 2989 2199 3234 2268; x_wconf 57' lang='lat' dir='ltr'><strong>quasdam</strong></span> <span class='ocrx_word' id='word_1_382' title='bbox 3274 2195 3446 2251; x_wconf 84' lang='lat' dir='ltr'><strong>oflicia</strong></span> 
     </span>
    </p>
   </div>
   <div class='ocr_carea' id='block_1_53' title="bbox 1867 2286 3446 2360">
    <p class='ocr_par' dir='ltr' id='par_1_53' title="bbox 1867 2286 3446 2360">
     <span class='ocr_line' id='line_1_53' title="bbox 1867 2286 3446 2360; baseline -0.003 -16"><span class='ocrx_word' id='word_1_383' title='bbox 1867 2289 2194 2360; x_wconf 79' lang='lat' dir='ltr'><strong>pontificalia</strong></span> <span class='ocrx_word' id='word_1_384' title='bbox 2235 2303 2332 2359; x_wconf 92' lang='lat' dir='ltr'><strong>pro</strong></span> <span class='ocrx_word' id='word_1_385' title='bbox 2363 2287 2599 2356; x_wconf 87' lang='lat' dir='ltr'><strong>suojure</strong></span> <span class='ocrx_word' id='word_1_386' title='bbox 2641 2288 3036 2342; x_wconf 88' lang='lat' dir='ltr'><strong>celebraturus.</strong></span> <span class='ocrx_word' id='word_1_387' title='bbox 3078 2286 3209 2353; x_wconf 65' lang='lat' dir='ltr'><strong>Quae</strong></span> <span class='ocrx_word' id='word_1_388' title='bbox 3233 2287 3322 2340; x_wconf 92' lang='lat' dir='ltr'><strong>ubi</strong></span> <span class='ocrx_word' id='word_1_389' title='bbox 3355 2300 3446 2341; x_wconf 88' lang='lat' dir='ltr'><strong>so-</strong></span> 
     </span>
    </p>
   </div>
   <div class='ocr_carea' id='block_1_54' title="bbox 1871 2379 3444 2450">
    <p class='ocr_par' dir='ltr' id='par_1_54' title="bbox 1871 2379 3444 2450">
     <span class='ocr_line' id='line_1_54' title="bbox 1871 2379 3444 2450; baseline -0.003 -16"><span class='ocrx_word' id='word_1_390' title='bbox 1871 2381 2125 2435; x_wconf 89' lang='lat' dir='ltr'><strong>lemniter</strong></span> <span class='ocrx_word' id='word_1_391' title='bbox 2144 2389 2337 2434; x_wconf 82' lang='lat' dir='ltr'><strong>cuncta</strong></span> <span class='ocrx_word' id='word_1_392' title='bbox 2364 2380 2592 2449; x_wconf 85' lang='lat' dir='ltr'><strong>peregit,</strong></span> <span class='ocrx_word' id='word_1_393' title='bbox 2621 2379 2940 2450; x_wconf 82' lang='lat' dir='ltr'><strong>gravissima</strong></span> <span class='ocrx_word' id='word_1_394' title='bbox 2965 2379 3114 2433; x_wconf 84' lang='lat' dir='ltr'><strong>febre</strong></span> <span class='ocrx_word' id='word_1_395' title='bbox 3138 2388 3444 2446; x_wconf 89' lang='lat' dir='ltr'><strong>correptus,</strong></span> 
     </span>
    </p>
   </div>
   <div class='ocr_carea' id='block_1_55' title="bbox 1873 2463 3439 2538">
    <p class='ocr_par' dir='ltr' id='par_1_55' title="bbox 1873 2463 3439 2538">
     <span class='ocr_line' id='line_1_55' title="bbox 1873 2463 3439 2538; baseline -0.001 -16"><span class='ocrx_word' id='word_1_396' title='bbox 1873 2485 1972 2538; x_wconf 86' lang='lat' dir='ltr'><strong>per</strong></span> <span class='ocrx_word' id='word_1_397' title='bbox 2001 2470 2184 2537; x_wconf 90' lang='lat' dir='ltr'><strong>plures</strong></span> <span class='ocrx_word' id='word_1_398' title='bbox 2228 2470 2344 2522; x_wconf 90' lang='lat' dir='ltr'><strong>dies</strong></span> <span class='ocrx_word' id='word_1_399' title='bbox 2385 2484 2521 2538; x_wconf 90' lang='lat' dir='ltr'><strong>pene</strong></span> <span class='ocrx_word' id='word_1_400' title='bbox 2567 2483 2734 2537; x_wconf 89' lang='lat' dir='ltr'><strong>usque</strong></span> <span class='ocrx_word' id='word_1_401' title='bbox 2775 2469 2843 2523; x_wconf 93' lang='lat' dir='ltr'><strong>ad</strong></span> <span class='ocrx_word' id='word_1_402' title='bbox 2886 2469 3233 2524; x_wconf 89' lang='lat' dir='ltr'><strong>emissionem</strong></span> <span class='ocrx_word' id='word_1_403' title='bbox 3268 2463 3439 2522; x_wconf 90' lang='lat' dir='ltr'><strong>ultimi</strong></span> 
     </span>
    </p>
   </div>
   <div class='ocr_carea' id='block_1_56' title="bbox 1875 2554 3446 2624">
    <p class='ocr_par' dir='ltr' id='par_1_56' title="bbox 1875 2554 3446 2624">
     <span class='ocr_line' id='line_1_56' title="bbox 1875 2554 3446 2624; baseline 0 -16"><span class='ocrx_word' id='word_1_404' title='bbox 1875 2555 2038 2608; x_wconf 83' lang='lat' dir='ltr'><strong>ﬂatus</strong></span> <span class='ocrx_word' id='word_1_405' title='bbox 2065 2564 2291 2609; x_wconf 84' lang='lat' dir='ltr'><strong>vexatus</strong></span> <span class='ocrx_word' id='word_1_406' title='bbox 2318 2563 2424 2610; x_wconf 90' lang='lat' dir='ltr'><strong>est.</strong></span> <span class='ocrx_word' id='word_1_407' title='bbox 2457 2554 2560 2609; x_wconf 90' lang='lat' dir='ltr'><strong>Pro</strong></span> <span class='ocrx_word' id='word_1_408' title='bbox 2586 2572 2693 2624; x_wconf 90' lang='lat' dir='ltr'><strong>quo</strong></span> <span class='ocrx_word' id='word_1_409' title='bbox 2717 2557 2827 2610; x_wconf 91' lang='lat' dir='ltr'><strong>illic</strong></span> <span class='ocrx_word' id='word_1_410' title='bbox 2847 2565 3067 2611; x_wconf 89' lang='lat' dir='ltr'><strong>octavas</strong></span> <span class='ocrx_word' id='word_1_411' title='bbox 3094 2556 3446 2611; x_wconf 88' lang='lat' dir='ltr'><strong>Peutecostes</strong></span> 
     </span>
    </p>
   </div>
   <div class='ocr_carea' id='block_1_57' title="bbox 1873 2643 3452 2714">
    <p class='ocr_par' dir='ltr' id='par_1_57' title="bbox 1873 2643 3452 2714">
     <span class='ocr_line' id='line_1_57' title="bbox 1873 2643 3452 2714; baseline -0.001 -16"><span class='ocrx_word' id='word_1_412' title='bbox 1873 2659 2046 2714; x_wconf 87' lang='lat' dir='ltr'><strong>usque</strong></span> <span class='ocrx_word' id='word_1_413' title='bbox 2087 2643 2336 2697; x_wconf 87' lang='lat' dir='ltr'><strong>detentus</strong></span> <span class='ocrx_word' id='word_1_414' title='bbox 2373 2651 2479 2708; x_wconf 90' lang='lat' dir='ltr'><strong>est,</strong></span> <span class='ocrx_word' id='word_1_415' title='bbox 2523 2653 2577 2698; x_wconf 91' lang='lat' dir='ltr'><strong>et</strong></span> <span class='ocrx_word' id='word_1_416' title='bbox 2607 2643 2915 2708; x_wconf 90' lang='lat' dir='ltr'><strong>consilium,</strong></span> <span class='ocrx_word' id='word_1_417' title='bbox 2944 2644 3087 2712; x_wconf 83' lang='lat' dir='ltr'><strong>quod</strong></span> <span class='ocrx_word' id='word_1_418' title='bbox 3130 2659 3189 2698; x_wconf 90' lang='lat' dir='ltr'><strong>se</strong></span> <span class='ocrx_word' id='word_1_419' title='bbox 3219 2643 3452 2697; x_wconf 81' lang='lat' dir='ltr'><strong>viduatis</strong></span> 
     </span>
    </p>
   </div>
   <div class='ocr_carea' id='block_1_58' title="bbox 1874 2731 3452 2802">
    <p class='ocr_par' dir='ltr' id='par_1_58' title="bbox 1874 2731 3452 2802">
     <span class='ocr_line' id='line_1_58' title="bbox 1874 2731 3452 2802; baseline -0.001 -15"><span class='ocrx_word' id='word_1_420' title='bbox 1874 2733 2135 2788; x_wconf 85' lang='lat' dir='ltr'><strong>Ecclesiis</strong></span> <span class='ocrx_word' id='word_1_421' title='bbox 2183 2749 2273 2787; x_wconf 87' lang='lat' dir='ltr'><strong>rex</strong></span> <span class='ocrx_word' id='word_1_422' title='bbox 2316 2742 2673 2802; x_wconf 89' lang='lat' dir='ltr'><strong>proposuerat</strong></span> <span class='ocrx_word' id='word_1_423' title='bbox 2710 2732 3055 2797; x_wconf 85' lang='lat' dir='ltr'><strong>collaturum,</strong></span> <span class='ocrx_word' id='word_1_424' title='bbox 3088 2742 3310 2802; x_wconf 79' lang='lat' dir='ltr'><strong>prepter</strong></span> <span class='ocrx_word' id='word_1_425' title='bbox 3336 2731 3452 2800; x_wconf 88' lang='lat' dir='ltr'><strong>ejus</strong></span> 
     </span>
    </p>
   </div>
   <div class='ocr_carea' id='block_1_59' title="bbox 1873 2822 3464 2893">
    <p class='ocr_par' dir='ltr' id='par_1_59' title="bbox 1873 2822 3464 2893">
     <span class='ocr_line' id='line_1_59' title="bbox 1873 2822 3464 2893; baseline 0.001 -17"><span class='ocrx_word' id='word_1_426' title='bbox 1873 2823 2173 2878; x_wconf 86' lang='lat' dir='ltr'><strong>absentiam</strong></span> <span class='ocrx_word' id='word_1_427' title='bbox 2207 2823 2258 2877; x_wconf 92' lang='lat' dir='ltr'><strong>in</strong></span> <span class='ocrx_word' id='word_1_428' title='bbox 2287 2823 2557 2878; x_wconf 82' lang='lat' dir='ltr'><strong>Kalendas</strong></span> <span class='ocrx_word' id='word_1_429' title='bbox 2582 2822 2809 2892; x_wconf 90' lang='lat' dir='ltr'><strong>Augusti</strong></span> <span class='ocrx_word' id='word_1_430' title='bbox 2840 2822 3064 2877; x_wconf 90' lang='lat' dir='ltr'><strong>dilatum</strong></span> <span class='ocrx_word' id='word_1_431' title='bbox 3111 2831 3215 2878; x_wconf 89' lang='lat' dir='ltr'><strong>est.</strong></span> <span class='ocrx_word' id='word_1_432' title='bbox 3247 2822 3323 2877; x_wconf 90' lang='lat' dir='ltr'><strong>Eo</strong></span> <span class='ocrx_word' id='word_1_433' title='bbox 3354 2823 3464 2893; x_wconf 67' lang='lat' dir='ltr'><strong>igi-,</strong></span> 
     </span>
    </p>
   </div>
   <div class='ocr_carea' id='block_1_60' title="bbox 1875 2913 3452 2983">
    <p class='ocr_par' dir='ltr' id='par_1_60' title="bbox 1875 2913 3452 2983">
     <span class='ocr_line' id='line_1_60' title="bbox 1875 2913 3452 2983; baseline 0.001 -16"><span class='ocrx_word' id='word_1_434' title='bbox 1875 2921 1966 2967; x_wconf 89' lang='lat' dir='ltr'><strong>tur</strong></span> <span class='ocrx_word' id='word_1_435' title='bbox 2018 2921 2260 2980; x_wconf 90' lang='lat' dir='ltr'><strong>tempore</strong></span> <span class='ocrx_word' id='word_1_436' title='bbox 2318 2913 2570 2977; x_wconf 74' lang='lat' dir='ltr'><strong>adunatis</strong></span> <span class='ocrx_word' id='word_1_437' title='bbox 2627 2913 2680 2966; x_wconf 91' lang='lat' dir='ltr'><strong>in</strong></span> <span class='ocrx_word' id='word_1_438' title='bbox 2722 2913 2925 2982; x_wconf 91' lang='lat' dir='ltr'><strong>palatio</strong></span> <span class='ocrx_word' id='word_1_439' title='bbox 2972 2914 3115 2983; x_wconf 86' lang='lat' dir='ltr'><strong>regis</strong></span> <span class='ocrx_word' id='word_1_440' title='bbox 3159 2913 3452 2968; x_wconf 73' lang='lat' dir='ltr'><strong>Lundonia:</strong></span> 
     </span>
    </p>
   </div>
   <div class='ocr_carea' id='block_1_61' title="bbox 1875 3003 3450 3073">
    <p class='ocr_par' dir='ltr' id='par_1_61' title="bbox 1875 3003 3450 3073">
     <span class='ocr_line' id='line_1_61' title="bbox 1875 3003 3450 3073; baseline -0.001 -13"><span class='ocrx_word' id='word_1_441' title='bbox 1875 3004 2090 3060; x_wconf 89' lang='lat' dir='ltr'><strong>cunctis</strong></span> <span class='ocrx_word' id='word_1_442' title='bbox 2119 3004 2450 3073; x_wconf 89' lang='lat' dir='ltr'><strong>primoribus</strong></span> <span class='ocrx_word' id='word_1_443' title='bbox 2476 3003 2709 3073; x_wconf 84' lang='lat' dir='ltr'><strong>Angliae,</strong></span> <span class='ocrx_word' id='word_1_444' title='bbox 2749 3004 3030 3059; x_wconf 90' lang='lat' dir='ltr'><strong>victoriam</strong></span> <span class='ocrx_word' id='word_1_445' title='bbox 3077 3005 3144 3060; x_wconf 91' lang='lat' dir='ltr'><strong>de</strong></span> <span class='ocrx_word' id='word_1_446' title='bbox 3199 3003 3450 3060; x_wconf 88' lang='lat' dir='ltr'><strong>libertate</strong></span> 
     </span>
    </p>
   </div>
   <div class='ocr_carea' id='block_1_62' title="bbox 1877 3091 3444 3162">
    <p class='ocr_par' dir='ltr' id='par_1_62' title="bbox 1877 3091 3444 3162">
     <span class='ocr_line' id='line_1_62' title="bbox 1877 3091 3444 3162; baseline 0.001 -15"><span class='ocrx_word' id='word_1_447' title='bbox 1877 3092 2148 3156; x_wconf 63' lang='lat' dir='ltr'><strong>Ecclesiaa,</strong></span> <span class='ocrx_word' id='word_1_448' title='bbox 2183 3107 2282 3162; x_wconf 92' lang='lat' dir='ltr'><strong>pro</strong></span> <span class='ocrx_word' id='word_1_449' title='bbox 2319 3105 2424 3161; x_wconf 90' lang='lat' dir='ltr'><strong>qua</strong></span> <span class='ocrx_word' id='word_1_450' title='bbox 2450 3091 2541 3146; x_wconf 93' lang='lat' dir='ltr'><strong>diu</strong></span> <span class='ocrx_word' id='word_1_451' title='bbox 2588 3091 2938 3149; x_wconf 90' lang='lat' dir='ltr'><strong>laboraverat</strong></span> <span class='ocrx_word' id='word_1_452' title='bbox 2982 3093 3271 3148; x_wconf 78' lang='lat' dir='ltr'><strong>Anselmus</strong></span> <span class='ocrx_word' id='word_1_453' title='bbox 3317 3094 3444 3149; x_wconf 88' lang='lat' dir='ltr'><strong>ade-</strong></span> 
     </span>
    </p>
   </div>
   <div class='ocr_carea' id='block_1_63' title="bbox 202 3153 3448 3262">
    <p class='ocr_par' dir='ltr' id='par_1_63' title="bbox 202 3153 3448 3262">
     <span class='ocr_line' id='line_1_63' title="bbox 202 3153 3448 3262; baseline 0.002 -25"><span class='ocrx_word' id='word_1_454' title='bbox 202 3196 291 3251; x_wconf 88' lang='lat' dir='ltr'><strong>per</strong></span> <span class='ocrx_word' id='word_1_455' title='bbox 311 3182 582 3238; x_wconf 82' lang='lat' dir='ltr'><strong>devexum</strong></span> <span class='ocrx_word' id='word_1_456' title='bbox 625 3198 858 3241; x_wconf 85' lang='lat' dir='ltr'><strong>montem</strong></span> <span class='ocrx_word' id='word_1_457' title='bbox 895 3187 1057 3258; x_wconf 82' lang='lat' dir='ltr'><strong>longo</strong></span> <span class='ocrx_word' id='word_1_458' title='bbox 1091 3199 1272 3245; x_wconf 82' lang='lat' dir='ltr'><strong>rotatu</strong></span> <span class='ocrx_word' id='word_1_459' title='bbox 1311 3194 1704 3262; x_wconf 63' lang='lat' dir='ltr'><strong>praecipitatum</strong></span> <span class='ocrx_word' id='word_1_460' title='bbox 1737 3213 1770 3252; x_wconf 74' lang='lat' dir='ltr'><strong>a</strong></span> <span class='ocrx_word' id='word_1_461' title='bbox 1797 3153 1846 3217; x_wconf 66' lang='grc' dir='ltr'>ο</span> <span class='ocrx_word' id='word_1_462' title='bbox 1872 3194 1997 3255; x_wconf 83' lang='lat' dir='ltr'><strong>plus</strong></span> <span class='ocrx_word' id='word_1_463' title='bbox 2019 3187 2248 3241; x_wconf 80' lang='lat' dir='ltr'><strong>est.Rex</strong></span> <span class='ocrx_word' id='word_1_464' title='bbox 2265 3187 2429 3250; x_wconf 91' lang='lat' dir='ltr'><strong>enim,</strong></span> <span class='ocrx_word' id='word_1_465' title='bbox 2448 3194 2850 3242; x_wconf 90' lang='lat' dir='ltr'><strong>antecessorum</strong></span> <span class='ocrx_word' id='word_1_466' title='bbox 2869 3201 3089 3241; x_wconf 90' lang='lat' dir='ltr'><strong>suorum</strong></span> <span class='ocrx_word' id='word_1_467' title='bbox 3111 3203 3210 3242; x_wconf 93' lang='lat' dir='ltr'><strong>usu</strong></span> <span class='ocrx_word' id='word_1_468' title='bbox 3239 3186 3448 3252; x_wconf 86' lang='lat' dir='ltr'><strong>relicto,</strong></span> 
     </span>
    </p>
   </div>
   <div class='ocr_carea' id='block_1_64' title="bbox 199 3272 1544 3350">
    <p class='ocr_par' dir='ltr' id='par_1_64' title="bbox 199 3272 1544 3350">
     <span class='ocr_line' id='line_1_64' title="bbox 199 3272 1544 3350; baseline 0.01 -23"><span class='ocrx_word' id='word_1_469' title='bbox 199 3272 291 3327; x_wconf 83' lang='lat' dir='ltr'><strong>viri</strong></span> <span class='ocrx_word' id='word_1_470' title='bbox 318 3274 662 3344; x_wconf 89' lang='lat' dir='ltr'><strong>blasphemia</strong></span> <span class='ocrx_word' id='word_1_471' title='bbox 693 3275 930 3347; x_wconf 82' lang='lat' dir='ltr'><strong>linguam</strong></span> <span class='ocrx_word' id='word_1_472' title='bbox 961 3295 1311 3350; x_wconf 90' lang='lat' dir='ltr'><strong>compescere</strong></span> <span class='ocrx_word' id='word_1_473' title='bbox 1339 3284 1544 3340; x_wconf 90' lang='lat' dir='ltr'><strong>docuit.</strong></span> 
     </span>
    </p>
   </div>
   <div class='ocr_carea' id='block_1_65' title="bbox 263 3365 1776 3448">
    <p class='ocr_par' dir='ltr' id='par_1_65' title="bbox 263 3365 1776 3448">
     <span class='ocr_line' id='line_1_65' title="bbox 263 3365 1776 3448; baseline 0.013 -30"><span class='ocrx_word' id='word_1_474' title='bbox 263 3365 346 3418; x_wconf 83' lang='grc'><strong>67.</strong></span> <span class='ocrx_word' id='word_1_475' title='bbox 376 3365 591 3420; x_wconf 86' lang='lat' dir='ltr'><strong>Dehinc</strong></span> <span class='ocrx_word' id='word_1_476' title='bbox 619 3368 671 3420; x_wconf 91' lang='lat' dir='ltr'><strong>in</strong></span> <span class='ocrx_word' id='word_1_477' title='bbox 699 3368 1082 3436; x_wconf 83' lang='lat' dir='ltr'><strong>Assumptione</strong></span> <span class='ocrx_word' id='word_1_478' title='bbox 1106 3373 1276 3427; x_wconf 65' lang='lat' dir='ltr'><strong>beam</strong></span> <span class='ocrx_word' id='word_1_479' title='bbox 1305 3374 1396 3433; x_wconf 86' lang='lat' dir='ltr'><strong>Dei</strong></span> <span class='ocrx_word' id='word_1_480' title='bbox 1421 3376 1698 3448; x_wconf 63' lang='lat' dir='ltr'><strong>genitricis</strong></span> <span class='ocrx_word' id='word_1_481' title='bbox 1721 3390 1776 3437; x_wconf 80' lang='lat' dir='ltr'><strong>et</strong></span> 
     </span>
    </p>
   </div>
   <div class='ocr_carea' id='block_1_66' title="bbox 201 3457 1774 3527">
    <p class='ocr_par' dir='ltr' id='par_1_66' title="bbox 201 3457 1774 3527">
     <span class='ocr_line' id='line_1_66' title="bbox 201 3457 1774 3527; baseline 0.013 -21"><span class='ocrx_word' id='word_1_482' title='bbox 201 3463 473 3522; x_wconf 76' lang='lat' dir='ltr'><strong>perpetua:</strong></span> <span class='ocrx_word' id='word_1_483' title='bbox 499 3457 726 3527; x_wconf 78' lang='lat' dir='ltr'><strong>virginis</strong></span> <span class='ocrx_word' id='word_1_484' title='bbox 761 3457 948 3518; x_wconf 69' lang='lat' dir='ltr'><strong>Mariae</strong></span> <span class='ocrx_word' id='word_1_485' title='bbox 991 3475 1081 3519; x_wconf 80' lang='lat' dir='ltr'><strong>rex</strong></span> <span class='ocrx_word' id='word_1_486' title='bbox 1113 3461 1382 3522; x_wconf 78' lang='lat' dir='ltr'><strong>Henricus</strong></span> <span class='ocrx_word' id='word_1_487' title='bbox 1414 3467 1647 3523; x_wconf 90' lang='lat' dir='ltr'><strong>Beccum</strong></span> <span class='ocrx_word' id='word_1_488' title='bbox 1675 3471 1774 3525; x_wconf 86' lang='lat' dir='ltr'><strong>ad-</strong></span> 
     </span>
    </p>
   </div>
   <div class='ocr_carea' id='block_1_67' title="bbox 202 3545 1776 3632">
    <p class='ocr_par' dir='ltr' id='par_1_67' title="bbox 202 3545 1776 3632">
     <span class='ocr_line' id='line_1_67' title="bbox 202 3545 1776 3632; baseline 0.013 -37"><span class='ocrx_word' id='word_1_489' title='bbox 202 3545 450 3616; x_wconf 72' lang='lat' dir='ltr'><strong>veniens,</strong></span> <span class='ocrx_word' id='word_1_490' title='bbox 479 3548 660 3606; x_wconf 86' lang='lat' dir='ltr'><strong>omnia</strong></span> <span class='ocrx_word' id='word_1_491' title='bbox 698 3569 818 3624; x_wconf 83' lang='lat' dir='ltr'><strong>quae</strong></span> <span class='ocrx_word' id='word_1_492' title='bbox 846 3555 989 3609; x_wconf 88' lang='lat' dir='ltr'><strong>inter</strong></span> <span class='ocrx_word' id='word_1_493' title='bbox 1027 3571 1084 3610; x_wconf 91' lang='lat' dir='ltr'><strong>se</strong></span> <span class='ocrx_word' id='word_1_494' title='bbox 1115 3565 1170 3611; x_wconf 92' lang='lat' dir='ltr'><strong>et</strong></span> <span class='ocrx_word' id='word_1_495' title='bbox 1196 3557 1509 3612; x_wconf 88' lang='lat' dir='ltr'><strong>Anselmum</strong></span> <span class='ocrx_word' id='word_1_496' title='bbox 1537 3559 1604 3615; x_wconf 91' lang='lat' dir='ltr'><strong>de</strong></span> <span class='ocrx_word' id='word_1_497' title='bbox 1633 3573 1776 3632; x_wconf 81' lang='lat' dir='ltr'><strong>saepe</strong></span> 
     </span>
    </p>
   </div>
   <div class='ocr_carea' id='block_1_68' title="bbox 201 3633 1776 3718">
    <p class='ocr_par' dir='ltr' id='par_1_68' title="bbox 201 3633 1776 3718">
     <span class='ocr_line' id='line_1_68' title="bbox 201 3633 1776 3718; baseline 0.009 -25"><span class='ocrx_word' id='word_1_498' title='bbox 201 3633 306 3696; x_wconf 75' lang='lat' dir='ltr'><strong>fato</strong></span> <span class='ocrx_word' id='word_1_499' title='bbox 332 3642 558 3714; x_wconf 86' lang='lat' dir='ltr'><strong>negotio</strong></span> <span class='ocrx_word' id='word_1_500' title='bbox 588 3645 919 3710; x_wconf 88' lang='lat' dir='ltr'><strong>resederant,</strong></span> <span class='ocrx_word' id='word_1_501' title='bbox 945 3646 1264 3701; x_wconf 88' lang='lat' dir='ltr'><strong>moderante</strong></span> <span class='ocrx_word' id='word_1_502' title='bbox 1295 3647 1438 3704; x_wconf 88' lang='lat' dir='ltr'><strong>sedis</strong></span> <span class='ocrx_word' id='word_1_503' title='bbox 1464 3651 1776 3718; x_wconf 68' lang='lat' dir='ltr'><strong>apostolica:</strong></span> 
     </span>
    </p>
   </div>
   <div class='ocr_carea' id='block_1_69' title="bbox 207 3731 1774 3808">
    <p class='ocr_par' dir='ltr' id='par_1_69' title="bbox 207 3731 1774 3808">
     <span class='ocr_line' id='line_1_69' title="bbox 207 3731 1774 3808; baseline 0.01 -27"><span class='ocrx_word' id='word_1_504' title='bbox 207 3731 481 3787; x_wconf 85' lang='lat' dir='ltr'><strong>sanctione</strong></span> <span class='ocrx_word' id='word_1_505' title='bbox 505 3733 721 3799; x_wconf 84' lang='lat' dir='ltr'><strong>delevit,</strong></span> <span class='ocrx_word' id='word_1_506' title='bbox 753 3743 915 3804; x_wconf 90' lang='lat' dir='ltr'><strong>atque</strong></span> <span class='ocrx_word' id='word_1_507' title='bbox 949 3736 1017 3791; x_wconf 92' lang='lat' dir='ltr'><strong>de</strong></span> <span class='ocrx_word' id='word_1_508' title='bbox 1057 3736 1284 3808; x_wconf 82' lang='lat' dir='ltr'><strong>singulis</strong></span> <span class='ocrx_word' id='word_1_509' title='bbox 1325 3738 1390 3791; x_wconf 89' lang='lat' dir='ltr'><strong>ad</strong></span> <span class='ocrx_word' id='word_1_510' title='bbox 1418 3753 1540 3807; x_wconf 89' lang='lat' dir='ltr'><strong>quae</strong></span> <span class='ocrx_word' id='word_1_511' title='bbox 1583 3741 1774 3795; x_wconf 88' lang='lat' dir='ltr'><strong>tende-</strong></span> 
     </span>
    </p>
   </div>
   <div class='ocr_carea' id='block_1_70' title="bbox 206 3818 1772 3897">
    <p class='ocr_par' dir='ltr' id='par_1_70' title="bbox 206 3818 1772 3897">
     <span class='ocr_line' id='line_1_70' title="bbox 206 3818 1772 3897; baseline 0.008 -25"><span class='ocrx_word' id='word_1_512' title='bbox 206 3818 308 3886; x_wconf 87' lang='lat' dir='ltr'><strong>bat,</strong></span> <span class='ocrx_word' id='word_1_513' title='bbox 357 3837 476 3877; x_wconf 72' lang='lat' dir='ltr'><strong>sua:</strong></span> <span class='ocrx_word' id='word_1_514' title='bbox 528 3823 679 3878; x_wconf 92' lang='lat' dir='ltr'><strong>illum</strong></span> <span class='ocrx_word' id='word_1_515' title='bbox 729 3825 1023 3882; x_wconf 88' lang='lat' dir='ltr'><strong>voluntatis</strong></span> <span class='ocrx_word' id='word_1_516' title='bbox 1085 3836 1386 3897; x_wconf 90' lang='lat' dir='ltr'><strong>compotem</strong></span> <span class='ocrx_word' id='word_1_517' title='bbox 1436 3829 1583 3884; x_wconf 86' lang='lat' dir='ltr'><strong>fecit.</strong></span> <span class='ocrx_word' id='word_1_518' title='bbox 1638 3828 1772 3885; x_wconf 87' lang='lat' dir='ltr'><strong>Cum</strong></span> 
     </span>
    </p>
   </div>
   <div class='ocr_carea' id='block_1_71' title="bbox 207 3908 1777 3987">
    <p class='ocr_par' dir='ltr' id='par_1_71' title="bbox 207 3908 1777 3987">
     <span class='ocr_line' id='line_1_71' title="bbox 207 3908 1777 3987; baseline 0.008 -25"><span class='ocrx_word' id='word_1_519' title='bbox 207 3908 361 3980; x_wconf 86' lang='lat' dir='ltr'><strong>igitur</strong></span> <span class='ocrx_word' id='word_1_520' title='bbox 384 3914 641 3984; x_wconf 80' lang='lat' dir='ltr'><strong>Angliam</strong></span> <span class='ocrx_word' id='word_1_521' title='bbox 667 3918 946 3987; x_wconf 89' lang='lat' dir='ltr'><strong>repetendi</strong></span> <span class='ocrx_word' id='word_1_522' title='bbox 971 3918 1078 3974; x_wconf 89' lang='lat' dir='ltr'><strong>iter</strong></span> <span class='ocrx_word' id='word_1_523' title='bbox 1103 3918 1343 3974; x_wconf 86' lang='lat' dir='ltr'><strong>Anselmi</strong></span> <span class='ocrx_word' id='word_1_524' title='bbox 1369 3919 1534 3974; x_wconf 83' lang='lat' dir='ltr'><strong>certis</strong></span> <span class='ocrx_word' id='word_1_525' title='bbox 1559 3935 1624 3974; x_wconf 82' lang='lat' dir='ltr'><strong>ex</strong></span> <span class='ocrx_word' id='word_1_526' title='bbox 1647 3934 1777 3974; x_wconf 86' lang='lat' dir='ltr'><strong>cau-</strong></span> 
     </span>
    </p>
   </div>
   <div class='ocr_carea' id='block_1_72' title="bbox 210 4001 1775 4078">
    <p class='ocr_par' dir='ltr' id='par_1_72' title="bbox 210 4001 1775 4078">
     <span class='ocr_line' id='line_1_72' title="bbox 210 4001 1775 4078; baseline 0.006 -24"><span class='ocrx_word' id='word_1_527' title='bbox 210 4001 278 4056; x_wconf 88' lang='lat' dir='ltr'><strong>sis</strong></span> <span class='ocrx_word' id='word_1_528' title='bbox 306 4003 704 4074; x_wconf 86' lang='lat' dir='ltr'><strong>aliquantisper</strong></span> <span class='ocrx_word' id='word_1_529' title='bbox 750 4006 1147 4072; x_wconf 88' lang='lat' dir='ltr'><strong>demoraretur,</strong></span> <span class='ocrx_word' id='word_1_530' title='bbox 1191 4015 1414 4078; x_wconf 79' lang='lat' dir='ltr'><strong>rogatus</strong></span> <span class='ocrx_word' id='word_1_531' title='bbox 1457 4009 1525 4063; x_wconf 89' lang='lat' dir='ltr'><strong>ab</strong></span> <span class='ocrx_word' id='word_1_532' title='bbox 1579 4009 1775 4063; x_wconf 86' lang='lat' dir='ltr'><strong>abbate</strong></span> 
     </span>
    </p>
   </div>
   <div class='ocr_carea' id='block_1_73' title="bbox 211 4087 1774 4167">
    <p class='ocr_par' dir='ltr' id='par_1_73' title="bbox 211 4087 1774 4167">
     <span class='ocr_line' id='line_1_73' title="bbox 211 4087 1774 4167; baseline 0.003 -21"><span class='ocrx_word' id='word_1_533' title='bbox 211 4087 482 4160; x_wconf 84' lang='lat' dir='ltr'><strong>Beccensi,</strong></span> <span class='ocrx_word' id='word_1_534' title='bbox 535 4095 803 4150; x_wconf 88' lang='lat' dir='ltr'><strong>dedicavit</strong></span> <span class='ocrx_word' id='word_1_535' title='bbox 847 4097 1112 4167; x_wconf 90' lang='lat' dir='ltr'><strong>capellam</strong></span> <span class='ocrx_word' id='word_1_536' title='bbox 1161 4111 1324 4152; x_wconf 92' lang='lat' dir='ltr'><strong>unam</strong></span> <span class='ocrx_word' id='word_1_537' title='bbox 1378 4098 1518 4152; x_wconf 90' lang='lat' dir='ltr'><strong>infra</strong></span> <span class='ocrx_word' id='word_1_538' title='bbox 1566 4100 1774 4153; x_wconf 90' lang='lat' dir='ltr'><strong>curiam</strong></span> 
     </span>
    </p>
   </div>
   <div class='ocr_carea' id='block_1_74' title="bbox 213 4175 1777 4257">
    <p class='ocr_par' dir='ltr' id='par_1_74' title="bbox 213 4175 1777 4257">
     <span class='ocr_line' id='line_1_74' title="bbox 213 4175 1777 4257; baseline 0.006 -25"><span class='ocrx_word' id='word_1_539' title='bbox 213 4178 366 4248; x_wconf 89' lang='lat' dir='ltr'><strong>ipsius</strong></span> <span class='ocrx_word' id='word_1_540' title='bbox 381 4185 619 4239; x_wconf 71' lang='lat' dir='ltr'><strong>cmnobii</strong></span> <span class='ocrx_word' id='word_1_541' title='bbox 639 4185 891 4240; x_wconf 86' lang='lat' dir='ltr'><strong>sitam.ln</strong></span> <span class='ocrx_word' id='word_1_542' title='bbox 917 4203 1022 4256; x_wconf 91' lang='lat' dir='ltr'><strong>qua</strong></span> <span class='ocrx_word' id='word_1_543' title='bbox 1050 4175 1385 4242; x_wconf 87' lang='lat' dir='ltr'><strong>dedicatione</strong></span> <span class='ocrx_word' id='word_1_544' title='bbox 1422 4188 1637 4257; x_wconf 89' lang='lat' dir='ltr'><strong>quidam</strong></span> <span class='ocrx_word' id='word_1_545' title='bbox 1667 4187 1777 4242; x_wconf 91' lang='lat' dir='ltr'><strong>cle-</strong></span> 
     </span>
    </p>
   </div>
   <div class='ocr_carea' id='block_1_75' title="bbox 213 4270 1775 4348">
    <p class='ocr_par' dir='ltr' id='par_1_75' title="bbox 213 4270 1775 4348">
     <span class='ocr_line' id='line_1_75' title="bbox 213 4270 1775 4348; baseline 0.007 -25"><span class='ocrx_word' id='word_1_546' title='bbox 213 4270 349 4328; x_wconf 84' lang='lat' dir='ltr'><strong>ricus</strong></span> <span class='ocrx_word' id='word_1_547' title='bbox 389 4276 684 4345; x_wconf 89' lang='lat' dir='ltr'><strong>phrenesis</strong></span> <span class='ocrx_word' id='word_1_548' title='bbox 725 4277 1034 4332; x_wconf 88' lang='lat' dir='ltr'><strong>valetudine</strong></span> <span class='ocrx_word' id='word_1_549' title='bbox 1079 4287 1206 4333; x_wconf 91' lang='lat' dir='ltr'><strong>tunc</strong></span> <span class='ocrx_word' id='word_1_550' title='bbox 1241 4279 1450 4333; x_wconf 91' lang='lat' dir='ltr'><strong>noviter</strong></span> <span class='ocrx_word' id='word_1_551' title='bbox 1499 4287 1708 4348; x_wconf 90' lang='lat' dir='ltr'><strong>captus,</strong></span> <span class='ocrx_word' id='word_1_552' title='bbox 1745 4295 1775 4334; x_wconf 91' lang='lat' dir='ltr'><strong>a</strong></span> 
     </span>
    </p>
   </div>
   <div class='ocr_carea' id='block_1_76' title="bbox 219 4361 1776 4436">
    <p class='ocr_par' dir='ltr' id='par_1_76' title="bbox 219 4361 1776 4436">
     <span class='ocr_line' id='line_1_76' title="bbox 219 4361 1776 4436; baseline 0.007 -23"><span class='ocrx_word' id='word_1_553' title='bbox 219 4361 321 4416; x_wconf 88' lang='lat' dir='ltr'><strong>suis</strong></span> <span class='ocrx_word' id='word_1_554' title='bbox 344 4375 432 4419; x_wconf 90' lang='lat' dir='ltr'><strong>est</strong></span> <span class='ocrx_word' id='word_1_555' title='bbox 469 4374 594 4420; x_wconf 88' lang='lat' dir='ltr'><strong>ante</strong></span> <span class='ocrx_word' id='word_1_556' title='bbox 632 4366 938 4435; x_wconf 85' lang='lat' dir='ltr'><strong>pontiﬁcem</strong></span> <span class='ocrx_word' id='word_1_557' title='bbox 979 4368 1192 4430; x_wconf 70' lang='lat' dir='ltr'><strong>ductus,</strong></span> <span class='ocrx_word' id='word_1_558' title='bbox 1228 4368 1480 4436; x_wconf 91' lang='lat' dir='ltr'><strong>illicoque</strong></span> <span class='ocrx_word' id='word_1_559' title='bbox 1518 4372 1584 4423; x_wconf 90' lang='lat' dir='ltr'><strong>ad</strong></span> <span class='ocrx_word' id='word_1_560' title='bbox 1613 4368 1776 4424; x_wconf 88' lang='lat' dir='ltr'><strong>bene-</strong></span> 
     </span>
    </p>
   </div>
   <div class='ocr_carea' id='block_1_77' title="bbox 216 4450 1699 4523">
    <p class='ocr_par' dir='ltr' id='par_1_77' title="bbox 216 4450 1699 4523">
     <span class='ocr_line' id='line_1_77' title="bbox 216 4450 1699 4523; baseline 0.007 -18"><span class='ocrx_word' id='word_1_561' title='bbox 216 4450 496 4510; x_wconf 86' lang='lat' dir='ltr'><strong>dictionem</strong></span> <span class='ocrx_word' id='word_1_562' title='bbox 531 4456 648 4523; x_wconf 89' lang='lat' dir='ltr'><strong>ejus</strong></span> <span class='ocrx_word' id='word_1_563' title='bbox 688 4473 717 4511; x_wconf 91' lang='lat' dir='ltr'><strong>a</strong></span> <span class='ocrx_word' id='word_1_564' title='bbox 749 4474 858 4514; x_wconf 70' lang='lat' dir='ltr'><strong>suae</strong></span> <span class='ocrx_word' id='word_1_565' title='bbox 886 4460 1085 4514; x_wconf 89' lang='lat' dir='ltr'><strong>mentis</strong></span> <span class='ocrx_word' id='word_1_566' title='bbox 1114 4460 1437 4516; x_wconf 89' lang='lat' dir='ltr'><strong>alienatione</strong></span> <span class='ocrx_word' id='word_1_567' title='bbox 1460 4471 1699 4517; x_wconf 88' lang='lat' dir='ltr'><strong>sanatus.</strong></span> 
     </span>
    </p>
   </div>
   <div class='ocr_carea' id='block_1_78' title="bbox 279 4541 1776 4620">
    <p class='ocr_par' dir='ltr' id='par_1_78' title="bbox 279 4541 1776 4620">
     <span class='ocr_line' id='line_1_78' title="bbox 279 4541 1776 4620; baseline 0.006 -25"><span class='ocrx_word' id='word_1_568' title='bbox 279 4541 364 4598; x_wconf 85' lang='lat'><strong>68.</strong></span> <span class='ocrx_word' id='word_1_569' title='bbox 395 4543 532 4598; x_wconf 88' lang='lat' dir='ltr'><strong>Cum</strong></span> <span class='ocrx_word' id='word_1_570' title='bbox 563 4556 685 4614; x_wconf 91' lang='lat' dir='ltr'><strong>post</strong></span> <span class='ocrx_word' id='word_1_571' title='bbox 719 4547 831 4601; x_wconf 64' lang='lat' dir='ltr'><strong>huic</strong></span> <span class='ocrx_word' id='word_1_572' title='bbox 859 4561 1117 4615; x_wconf 89' lang='lat' dir='ltr'><strong>prospero</strong></span> <span class='ocrx_word' id='word_1_573' title='bbox 1141 4545 1301 4602; x_wconf 80' lang='lat' dir='ltr'><strong>cursu</strong></span> <span class='ocrx_word' id='word_1_574' title='bbox 1325 4549 1572 4620; x_wconf 87' lang='lat' dir='ltr'><strong>Angliam</strong></span> <span class='ocrx_word' id='word_1_575' title='bbox 1595 4550 1776 4605; x_wconf 87' lang='lat' dir='ltr'><strong>venis-</strong></span> 
     </span>
    </p>
   </div>
   <div class='ocr_carea' id='block_1_79' title="bbox 215 4638 1779 4710">
    <p class='ocr_par' dir='ltr' id='par_1_79' title="bbox 215 4638 1779 4710">
     <span class='ocr_line' id='line_1_79' title="bbox 215 4638 1779 4710; baseline 0.007 -24"><span class='ocrx_word' id='word_1_576' title='bbox 215 4640 307 4694; x_wconf 83' lang='lat' dir='ltr'><strong>set,</strong></span> <span class='ocrx_word' id='word_1_577' title='bbox 340 4650 540 4706; x_wconf 85' lang='lat' dir='ltr'><strong>magno</strong></span> <span class='ocrx_word' id='word_1_578' title='bbox 579 4647 782 4692; x_wconf 84' lang='lat' dir='ltr'><strong>sanctae</strong></span> <span class='ocrx_word' id='word_1_579' title='bbox 832 4638 1085 4693; x_wconf 76' lang='lat' dir='ltr'><strong>Ecclesiae</strong></span> <span class='ocrx_word' id='word_1_580' title='bbox 1121 4641 1316 4710; x_wconf 88' lang='lat' dir='ltr'><strong>gaudio</strong></span> <span class='ocrx_word' id='word_1_581' title='bbox 1351 4650 1407 4696; x_wconf 90' lang='lat' dir='ltr'><strong>et</strong></span> <span class='ocrx_word' id='word_1_582' title='bbox 1450 4642 1656 4696; x_wconf 91' lang='lat' dir='ltr'><strong>honore</strong></span> <span class='ocrx_word' id='word_1_583' title='bbox 1683 4657 1779 4697; x_wconf 89' lang='lat' dir='ltr'><strong>su-</strong></span> 
     </span>
    </p>
   </div>
   <div class='ocr_carea' id='block_1_80' title="bbox 218 4726 1777 4802">
    <p class='ocr_par' dir='ltr' id='par_1_80' title="bbox 218 4726 1777 4802">
     <span class='ocr_line' id='line_1_80' title="bbox 218 4726 1777 4802; baseline 0.01 -30"><span class='ocrx_word' id='word_1_584' title='bbox 218 4732 423 4790; x_wconf 87' lang='lat' dir='ltr'><strong>sceptus</strong></span> <span class='ocrx_word' id='word_1_585' title='bbox 465 4734 569 4779; x_wconf 88' lang='lat' dir='ltr'><strong>est.</strong></span> <span class='ocrx_word' id='word_1_586' title='bbox 615 4726 743 4780; x_wconf 89' lang='lat' dir='ltr'><strong>lude</strong></span> <span class='ocrx_word' id='word_1_587' title='bbox 771 4728 1001 4782; x_wconf 87' lang='lat' dir='ltr'><strong>evolutis</strong></span> <span class='ocrx_word' id='word_1_588' title='bbox 1035 4729 1222 4783; x_wconf 88' lang='lat' dir='ltr'><strong>diebus</strong></span> <span class='ocrx_word' id='word_1_589' title='bbox 1255 4731 1546 4796; x_wconf 90' lang='lat' dir='ltr'><strong>nonnullis,</strong></span> <span class='ocrx_word' id='word_1_590' title='bbox 1572 4732 1777 4802; x_wconf 87' lang='lat' dir='ltr'><strong>Anglus</strong></span> 
     </span>
    </p>
   </div>
   <div class='ocr_carea' id='block_1_81' title="bbox 218 4812 1778 4894">
    <p class='ocr_par' dir='ltr' id='par_1_81' title="bbox 218 4812 1778 4894">
     <span class='ocr_line' id='line_1_81' title="bbox 218 4812 1778 4894; baseline 0.011 -31"><span class='ocrx_word' id='word_1_591' title='bbox 218 4812 424 4877; x_wconf 85' lang='lat' dir='ltr'><strong>quidam</strong></span> <span class='ocrx_word' id='word_1_592' title='bbox 461 4816 547 4870; x_wconf 90' lang='lat' dir='ltr'><strong>vir</strong></span> <span class='ocrx_word' id='word_1_593' title='bbox 574 4817 768 4873; x_wconf 89' lang='lat' dir='ltr'><strong>nobilis</strong></span> <span class='ocrx_word' id='word_1_594' title='bbox 799 4820 1014 4888; x_wconf 89' lang='lat' dir='ltr'><strong>quidem</strong></span> <span class='ocrx_word' id='word_1_595' title='bbox 1045 4828 1099 4873; x_wconf 92' lang='lat' dir='ltr'><strong>et</strong></span> <span class='ocrx_word' id='word_1_596' title='bbox 1133 4820 1282 4875; x_wconf 87' lang='lat' dir='ltr'><strong>dives</strong></span> <span class='ocrx_word' id='word_1_597' title='bbox 1311 4821 1490 4877; x_wconf 88' lang='lat' dir='ltr'><strong>valida</strong></span> <span class='ocrx_word' id='word_1_598' title='bbox 1530 4825 1778 4894; x_wconf 88' lang='lat' dir='ltr'><strong>corporis</strong></span> 
     </span>
    </p>
   </div>
   <div class='ocr_carea' id='block_1_82' title="bbox 219 4898 1777 4978">
    <p class='ocr_par' dir='ltr' id='par_1_82' title="bbox 219 4898 1777 4978">
     <span class='ocr_line' id='line_1_82' title="bbox 219 4898 1777 4978; baseline 0.011 -26"><span class='ocrx_word' id='word_1_599' title='bbox 219 4898 526 4960; x_wconf 84' lang='lat' dir='ltr'><strong>infirmitate</strong></span> <span class='ocrx_word' id='word_1_600' title='bbox 571 4917 842 4977; x_wconf 86' lang='lat' dir='ltr'><strong>gravatus,</strong></span> <span class='ocrx_word' id='word_1_601' title='bbox 878 4910 946 4964; x_wconf 84' lang='lat' dir='ltr'><strong>ab</strong></span> <span class='ocrx_word' id='word_1_602' title='bbox 971 4909 1225 4963; x_wconf 82' lang='lat' dir='ltr'><strong>Anselmo</strong></span> <span class='ocrx_word' id='word_1_603' title='bbox 1266 4912 1368 4964; x_wconf 90' lang='lat' dir='ltr'><strong>sibi</strong></span> <span class='ocrx_word' id='word_1_604' title='bbox 1413 4926 1607 4978; x_wconf 87' lang='lat' dir='ltr'><strong>panem</strong></span> <span class='ocrx_word' id='word_1_605' title='bbox 1640 4929 1670 4967; x_wconf 89' lang='lat' dir='ltr'><strong>a</strong></span> <span class='ocrx_word' id='word_1_606' title='bbox 1719 4929 1777 4969; x_wconf 92' lang='lat' dir='ltr'><strong>se</strong></span> 
     </span>
    </p>
   </div>
   <div class='ocr_carea' id='block_1_83' title="bbox 221 4985 1784 5068">
    <p class='ocr_par' dir='ltr' id='par_1_83' title="bbox 221 4985 1784 5068">
     <span class='ocr_line' id='line_1_83' title="bbox 221 4985 1784 5068; baseline 0.01 -26"><span class='ocrx_word' id='word_1_607' title='bbox 221 4986 553 5047; x_wconf 87' lang='lat' dir='ltr'><strong>benedictum</strong></span> <span class='ocrx_word' id='word_1_608' title='bbox 589 4995 876 5051; x_wconf 85' lang='lat' dir='ltr'><strong>transmitti</strong></span> <span class='ocrx_word' id='word_1_609' title='bbox 905 5013 1001 5066; x_wconf 91' lang='lat' dir='ltr'><strong>per</strong></span> <span class='ocrx_word' id='word_1_610' title='bbox 1035 4999 1284 5052; x_wconf 88' lang='lat' dir='ltr'><strong>nuntium</strong></span> <span class='ocrx_word' id='word_1_611' title='bbox 1322 5000 1498 5068; x_wconf 89' lang='lat' dir='ltr'><strong>petiit,</strong></span> <span class='ocrx_word' id='word_1_612' title='bbox 1531 5010 1586 5055; x_wconf 90' lang='lat' dir='ltr'><strong>et</strong></span> <span class='ocrx_word' id='word_1_613' title='bbox 1623 4985 1784 5058; x_wconf 32' lang='lat' dir='ltr'><strong>accc;</strong></span> 
     </span>
    </p>
   </div>
   <div class='ocr_carea' id='block_1_84' title="bbox 1808 4502 1855 4553">
    <p class='ocr_par' dir='ltr' id='par_1_84' title="bbox 1808 4502 1855 4553">
     <span class='ocr_line' id='line_1_84' title="bbox 1808 4502 1855 4553; baseline 0 0"><span class='ocrx_word' id='word_1_614' title='bbox 1808 4502 1855 4553; x_wconf 72' lang='lat' dir='ltr'><strong>D</strong></span> 
     </span>
    </p>
   </div>
   <div class='ocr_carea' id='block_1_85' title="bbox 1876 3276 3446 3348">
    <p class='ocr_par' dir='ltr' id='par_1_85' title="bbox 1876 3276 3446 3348">
     <span class='ocr_line' id='line_1_85' title="bbox 1876 3276 3446 3348; baseline -0.001 -17"><span class='ocrx_word' id='word_1_615' title='bbox 1876 3291 1978 3332; x_wconf 91' lang='lat' dir='ltr'><strong>nec</strong></span> <span class='ocrx_word' id='word_1_616' title='bbox 2028 3291 2289 3345; x_wconf 90' lang='lat' dir='ltr'><strong>personas</strong></span> <span class='ocrx_word' id='word_1_617' title='bbox 2337 3292 2457 3347; x_wconf 66' lang='lat' dir='ltr'><strong>quae</strong></span> <span class='ocrx_word' id='word_1_618' title='bbox 2493 3277 2549 3331; x_wconf 91' lang='lat' dir='ltr'><strong>in</strong></span> <span class='ocrx_word' id='word_1_619' title='bbox 2588 3277 2830 3348; x_wconf 90' lang='lat' dir='ltr'><strong>regimen</strong></span> <span class='ocrx_word' id='word_1_620' title='bbox 2861 3276 3228 3348; x_wconf 79' lang='lat' dir='ltr'><strong>Ecclesiarum</strong></span> <span class='ocrx_word' id='word_1_621' title='bbox 3263 3291 3446 3332; x_wconf 86' lang='lat' dir='ltr'><strong>sume-</strong></span> 
     </span>
    </p>
   </div>
   <div class='ocr_carea' id='block_1_86' title="bbox 1873 3341 3448 3435">
    <p class='ocr_par' dir='ltr' id='par_1_86' title="bbox 1873 3341 3448 3435">
     <span class='ocr_line' id='line_1_86' title="bbox 1873 3341 3448 3435; baseline -0.003 -13"><span class='ocrx_word' id='word_1_622' title='bbox 1873 3367 2073 3422; x_wconf 89' lang='lat' dir='ltr'><strong>bantur</strong></span> <span class='ocrx_word' id='word_1_623' title='bbox 2121 3382 2216 3435; x_wconf 88' lang='lat' dir='ltr'><strong>per</strong></span> <span class='ocrx_word' id='word_1_624' title='bbox 2259 3381 2319 3421; x_wconf 89' lang='lat' dir='ltr'><strong>se</strong></span> <span class='ocrx_word' id='word_1_625' title='bbox 2362 3365 2545 3435; x_wconf 85' lang='lat' dir='ltr'><strong>elegit,</strong></span> <span class='ocrx_word' id='word_1_626' title='bbox 2594 3380 2695 3420; x_wconf 92' lang='lat' dir='ltr'><strong>nec</strong></span> <span class='ocrx_word' id='word_1_627' title='bbox 2737 3380 2831 3420; x_wconf 88' lang='lat' dir='ltr'><strong>eas</strong></span> <span class='ocrx_word' id='word_1_628' title='bbox 2859 3380 2956 3432; x_wconf 89' lang='lat' dir='ltr'><strong>per</strong></span> <span class='ocrx_word' id='word_1_629' title='bbox 2985 3341 3254 3419; x_wconf 57' lang='lat' dir='ltr'><strong>dationein</strong></span> <span class='ocrx_word' id='word_1_630' title='bbox 3282 3365 3448 3433; x_wconf 67' lang='lat' dir='ltr'><strong>virgas</strong></span> 
     </span>
    </p>
   </div>
   <div class='ocr_carea' id='block_1_87' title="bbox 1875 3454 3442 3528">
    <p class='ocr_par' dir='ltr' id='par_1_87' title="bbox 1875 3454 3442 3528">
     <span class='ocr_line' id='line_1_87' title="bbox 1875 3454 3442 3528; baseline -0.002 -17"><span class='ocrx_word' id='word_1_631' title='bbox 1875 3456 2163 3528; x_wconf 86' lang='lat' dir='ltr'><strong>pastoralis</strong></span> <span class='ocrx_word' id='word_1_632' title='bbox 2194 3455 2449 3511; x_wconf 86' lang='lat' dir='ltr'><strong>Ecclesiis</strong></span> <span class='ocrx_word' id='word_1_633' title='bbox 2475 3455 2672 3525; x_wconf 92' lang='lat' dir='ltr'><strong>quibus</strong></span> <span class='ocrx_word' id='word_1_634' title='bbox 2693 3454 3130 3526; x_wconf 68' lang='lat' dir='ltr'><strong>praeﬁciebantur</strong></span> <span class='ocrx_word' id='word_1_635' title='bbox 3148 3455 3442 3509; x_wconf 85' lang='lat' dir='ltr'><strong>investivit.</strong></span> 
     </span>
    </p>
   </div>
   <div class='ocr_carea' id='block_1_88' title="bbox 1951 3546 3449 3618">
    <p class='ocr_par' dir='ltr' id='par_1_88' title="bbox 1951 3546 3449 3618">
     <span class='ocr_line' id='line_1_88' title="bbox 1951 3546 3449 3618; baseline -0.001 -16"><span class='ocrx_word' id='word_1_636' title='bbox 1951 3550 2040 3603; x_wconf 89' lang='grc'><strong>71.</strong></span> <span class='ocrx_word' id='word_1_637' title='bbox 2082 3547 2315 3618; x_wconf 89' lang='lat' dir='ltr'><strong>Scripsit</strong></span> <span class='ocrx_word' id='word_1_638' title='bbox 2353 3547 2496 3602; x_wconf 89' lang='lat' dir='ltr'><strong>inter</strong></span> <span class='ocrx_word' id='word_1_639' title='bbox 2529 3547 2646 3603; x_wconf 66' lang='lat' dir='ltr'><strong>haec</strong></span> <span class='ocrx_word' id='word_1_640' title='bbox 2676 3546 2964 3603; x_wconf 82' lang='lat' dir='ltr'><strong>Anselmus</strong></span> <span class='ocrx_word' id='word_1_641' title='bbox 3000 3546 3240 3603; x_wconf 85' lang='lat' dir='ltr'><strong>libellum</strong></span> <span class='ocrx_word' id='word_1_642' title='bbox 3285 3563 3449 3601; x_wconf 87' lang='lat' dir='ltr'><strong>untttn</strong></span> 
     </span>
    </p>
   </div>
   <div class='ocr_carea' id='block_1_89' title="bbox 1875 3639 3452 3711">
    <p class='ocr_par' dir='ltr' id='par_1_89' title="bbox 1875 3639 3452 3711">
     <span class='ocr_line' id='line_1_89' title="bbox 1875 3639 3452 3711; baseline -0.002 -15"><span class='ocrx_word' id='word_1_643' title='bbox 1875 3639 1953 3696; x_wconf 84' lang='lat' dir='ltr'><strong>De</strong></span> <span class='ocrx_word' id='word_1_644' title='bbox 1969 3642 2246 3696; x_wconf 82' lang='lat' dir='ltr'><strong>concordia</strong></span> <span class='ocrx_word' id='word_1_645' title='bbox 2265 3641 2606 3711; x_wconf 69' lang='lat' dir='ltr'><strong>prwscientiae</strong></span> <span class='ocrx_word' id='word_1_646' title='bbox 2625 3650 2672 3694; x_wconf 86' lang='lat' dir='ltr'><strong>et</strong></span> <span class='ocrx_word' id='word_1_647' title='bbox 2692 3639 3187 3709; x_wconf 75' lang='lat' dir='ltr'><strong>prtrdestinationis,</strong></span> <span class='ocrx_word' id='word_1_648' title='bbox 3205 3647 3250 3694; x_wconf 87' lang='lat' dir='ltr'><strong>et</strong></span> <span class='ocrx_word' id='word_1_649' title='bbox 3269 3639 3452 3710; x_wconf 73' lang='lat' dir='ltr'><strong>gratior</strong></span> 
     </span>
    </p>
   </div>
   <div class='ocr_carea' id='block_1_90' title="bbox 1878 3732 3452 3803">
    <p class='ocr_par' dir='ltr' id='par_1_90' title="bbox 1878 3732 3452 3803">
     <span class='ocr_line' id='line_1_90' title="bbox 1878 3732 3452 3803; baseline -0.003 -15"><span class='ocrx_word' id='word_1_650' title='bbox 1878 3734 1999 3800; x_wconf 83' lang='lat' dir='ltr'><strong>Dei,</strong></span> <span class='ocrx_word' id='word_1_651' title='bbox 2026 3750 2144 3787; x_wconf 87' lang='lat' dir='ltr'><strong>cum</strong></span> <span class='ocrx_word' id='word_1_652' title='bbox 2181 3733 2344 3787; x_wconf 78' lang='lat' dir='ltr'><strong>libero</strong></span> <span class='ocrx_word' id='word_1_653' title='bbox 2387 3732 2628 3786; x_wconf 79' lang='lat' dir='ltr'><strong>arbitrio.</strong></span> <span class='ocrx_word' id='word_1_654' title='bbox 2673 3733 2730 3786; x_wconf 90' lang='lat' dir='ltr'><strong>In</strong></span> <span class='ocrx_word' id='word_1_655' title='bbox 2763 3747 2871 3802; x_wconf 91' lang='lat' dir='ltr'><strong>quo</strong></span> <span class='ocrx_word' id='word_1_656' title='bbox 2911 3747 3074 3803; x_wconf 90' lang='lat' dir='ltr'><strong>opere</strong></span> <span class='ocrx_word' id='word_1_657' title='bbox 3116 3742 3305 3787; x_wconf 90' lang='lat' dir='ltr'><strong>contra</strong></span> <span class='ocrx_word' id='word_1_658' title='bbox 3338 3745 3452 3784; x_wconf 89' lang='lat' dir='ltr'><strong>mo-</strong></span> 
     </span>
    </p>
   </div>
   <div class='ocr_carea' id='block_1_91' title="bbox 1878 3821 3450 3893">
    <p class='ocr_par' dir='ltr' id='par_1_91' title="bbox 1878 3821 3450 3893">
     <span class='ocr_line' id='line_1_91' title="bbox 1878 3821 3450 3893; baseline -0.004 -13"><span class='ocrx_word' id='word_1_659' title='bbox 1878 3840 2016 3889; x_wconf 89' lang='lat' dir='ltr'><strong>rem,</strong></span> <span class='ocrx_word' id='word_1_660' title='bbox 2061 3838 2270 3879; x_wconf 89' lang='lat' dir='ltr'><strong>moram</strong></span> <span class='ocrx_word' id='word_1_661' title='bbox 2309 3823 2362 3878; x_wconf 90' lang='lat' dir='ltr'><strong>in</strong></span> <span class='ocrx_word' id='word_1_662' title='bbox 2403 3822 2694 3879; x_wconf 89' lang='lat' dir='ltr'><strong>scribendo</strong></span> <span class='ocrx_word' id='word_1_663' title='bbox 2724 3837 2916 3893; x_wconf 88' lang='lat' dir='ltr'><strong>passus</strong></span> <span class='ocrx_word' id='word_1_664' title='bbox 2950 3831 3052 3885; x_wconf 89' lang='lat' dir='ltr'><strong>est,</strong></span> <span class='ocrx_word' id='word_1_665' title='bbox 3098 3821 3354 3891; x_wconf 81' lang='lat' dir='ltr'><strong>quoniam</strong></span> <span class='ocrx_word' id='word_1_666' title='bbox 3383 3835 3450 3874; x_wconf 86' lang='lat' dir='ltr'><strong>ex</strong></span> 
     </span>
    </p>
   </div>
   <div class='ocr_carea' id='block_1_92' title="bbox 1877 3910 3450 3984">
    <p class='ocr_par' dir='ltr' id='par_1_92' title="bbox 1877 3910 3450 3984">
     <span class='ocr_line' id='line_1_92' title="bbox 1877 3910 3450 3984; baseline -0.004 -17"><span class='ocrx_word' id='word_1_667' title='bbox 1877 3930 1986 3983; x_wconf 86' lang='lat' dir='ltr'><strong>quo</strong></span> <span class='ocrx_word' id='word_1_668' title='bbox 2037 3915 2175 3984; x_wconf 90' lang='lat' dir='ltr'><strong>apud</strong></span> <span class='ocrx_word' id='word_1_669' title='bbox 2223 3921 2471 3967; x_wconf 89' lang='lat' dir='ltr'><strong>sanctum</strong></span> <span class='ocrx_word' id='word_1_670' title='bbox 2522 3912 2860 3967; x_wconf 90' lang='lat' dir='ltr'><strong>Edmundum</strong></span> <span class='ocrx_word' id='word_1_671' title='bbox 2913 3911 3089 3965; x_wconf 91' lang='lat' dir='ltr'><strong>fuerat</strong></span> <span class='ocrx_word' id='word_1_672' title='bbox 3125 3910 3450 3972; x_wconf 86' lang='lat' dir='ltr'><strong>infirmatus,</strong></span> 
     </span>
    </p>
   </div>
   <div class='ocr_carea' id='block_1_93' title="bbox 1878 3997 3455 4071">
    <p class='ocr_par' dir='ltr' id='par_1_93' title="bbox 1878 3997 3455 4071">
     <span class='ocr_line' id='line_1_93' title="bbox 1878 3997 3455 4071; baseline -0.005 -13"><span class='ocrx_word' id='word_1_673' title='bbox 1878 4005 2049 4058; x_wconf 91' lang='lat' dir='ltr'><strong>donec</strong></span> <span class='ocrx_word' id='word_1_674' title='bbox 2102 4001 2356 4071; x_wconf 68' lang='lat' dir='ltr'><strong>prtesenti</strong></span> <span class='ocrx_word' id='word_1_675' title='bbox 2408 4002 2535 4054; x_wconf 85' lang='lat' dir='ltr'><strong>vitae</strong></span> <span class='ocrx_word' id='word_1_676' title='bbox 2586 4000 2873 4070; x_wconf 91' lang='lat' dir='ltr'><strong>superfuit,</strong></span> <span class='ocrx_word' id='word_1_677' title='bbox 2922 3999 3079 4054; x_wconf 92' lang='lat' dir='ltr'><strong>solito</strong></span> <span class='ocrx_word' id='word_1_678' title='bbox 3130 3997 3455 4052; x_wconf 88' lang='lat' dir='ltr'><strong>imbecillior</strong></span> 
     </span>
    </p>
   </div>
   <div class='ocr_carea' id='block_1_94' title="bbox 1883 4086 3452 4160">
    <p class='ocr_par' dir='ltr' id='par_1_94' title="bbox 1883 4086 3452 4160">
     <span class='ocr_line' id='line_1_94' title="bbox 1883 4086 3452 4160; baseline -0.004 -13"><span class='ocrx_word' id='word_1_679' title='bbox 1883 4106 2115 4160; x_wconf 88' lang='lat' dir='ltr'><strong>corpore</strong></span> <span class='ocrx_word' id='word_1_680' title='bbox 2141 4090 2261 4144; x_wconf 91' lang='lat' dir='ltr'><strong>fuit.</strong></span> <span class='ocrx_word' id='word_1_681' title='bbox 2292 4089 2633 4158; x_wconf 90' lang='lat' dir='ltr'><strong>Quapropter</strong></span> <span class='ocrx_word' id='word_1_682' title='bbox 2655 4089 2720 4142; x_wconf 93' lang='lat' dir='ltr'><strong>de</strong></span> <span class='ocrx_word' id='word_1_683' title='bbox 2746 4087 2863 4142; x_wconf 93' lang='lat' dir='ltr'><strong>loco</strong></span> <span class='ocrx_word' id='word_1_684' title='bbox 2894 4089 2962 4140; x_wconf 85' lang='lat' dir='ltr'><strong>ad</strong></span> <span class='ocrx_word' id='word_1_685' title='bbox 2987 4086 3162 4140; x_wconf 92' lang='lat' dir='ltr'><strong>locum</strong></span> <span class='ocrx_word' id='word_1_686' title='bbox 3191 4086 3452 4156; x_wconf 85' lang='lat' dir='ltr'><strong>migrans,</strong></span> 
     </span>
    </p>
   </div>
   <div class='ocr_carea' id='block_1_95' title="bbox 1881 4176 3450 4250">
    <p class='ocr_par' dir='ltr' id='par_1_95' title="bbox 1881 4176 3450 4250">
     <span class='ocr_line' id='line_1_95' title="bbox 1881 4176 3450 4250; baseline -0.003 -15"><span class='ocrx_word' id='word_1_687' title='bbox 1881 4182 2080 4236; x_wconf 90' lang='lat' dir='ltr'><strong>lectica</strong></span> <span class='ocrx_word' id='word_1_688' title='bbox 2113 4181 2369 4250; x_wconf 90' lang='lat' dir='ltr'><strong>deinceps</strong></span> <span class='ocrx_word' id='word_1_689' title='bbox 2399 4195 2504 4234; x_wconf 92' lang='lat' dir='ltr'><strong>non</strong></span> <span class='ocrx_word' id='word_1_690' title='bbox 2537 4193 2676 4249; x_wconf 87' lang='lat' dir='ltr'><strong>equo</strong></span> <span class='ocrx_word' id='word_1_691' title='bbox 2700 4179 2893 4233; x_wconf 91' lang='lat' dir='ltr'><strong>sedens</strong></span> <span class='ocrx_word' id='word_1_692' title='bbox 2922 4177 3236 4234; x_wconf 89' lang='lat' dir='ltr'><strong>vehebatur.</strong></span> <span class='ocrx_word' id='word_1_693' title='bbox 3271 4176 3450 4232; x_wconf 82' lang='lat' dir='ltr'><strong>Vexa-</strong></span> 
     </span>
    </p>
   </div>
   <div class='ocr_carea' id='block_1_96' title="bbox 1878 4268 3454 4342">
    <p class='ocr_par' dir='ltr' id='par_1_96' title="bbox 1878 4268 3454 4342">
     <span class='ocr_line' id='line_1_96' title="bbox 1878 4268 3454 4342; baseline -0.004 -14"><span class='ocrx_word' id='word_1_694' title='bbox 1878 4274 2042 4329; x_wconf 90' lang='lat' dir='ltr'><strong>batur</strong></span> <span class='ocrx_word' id='word_1_695' title='bbox 2068 4282 2333 4342; x_wconf 88' lang='lat' dir='ltr'><strong>praeterea</strong></span> <span class='ocrx_word' id='word_1_696' title='bbox 2362 4269 2732 4340; x_wconf 86' lang='lat' dir='ltr'><strong>frequentibus</strong></span> <span class='ocrx_word' id='word_1_697' title='bbox 2759 4279 2814 4326; x_wconf 88' lang='lat' dir='ltr'><strong>ct</strong></span> <span class='ocrx_word' id='word_1_698' title='bbox 2861 4269 3074 4326; x_wconf 89' lang='lat' dir='ltr'><strong>acerbis</strong></span> <span class='ocrx_word' id='word_1_699' title='bbox 3120 4268 3454 4324; x_wconf 85' lang='lat' dir='ltr'><strong>infirmitati-</strong></span> 
     </span>
    </p>
   </div>
   <div class='ocr_carea' id='block_1_97' title="bbox 1879 4361 3453 4432">
    <p class='ocr_par' dir='ltr' id='par_1_97' title="bbox 1879 4361 3453 4432">
     <span class='ocr_line' id='line_1_97' title="bbox 1879 4361 3453 4432; baseline -0.004 -12"><span class='ocrx_word' id='word_1_700' title='bbox 1879 4365 2001 4430; x_wconf 90' lang='lat' dir='ltr'><strong>bus,</strong></span> <span class='ocrx_word' id='word_1_701' title='bbox 2051 4363 2124 4417; x_wconf 91' lang='lat' dir='ltr'><strong>ita</strong></span> <span class='ocrx_word' id='word_1_702' title='bbox 2171 4371 2229 4417; x_wconf 94' lang='lat' dir='ltr'><strong>ut</strong></span> <span class='ocrx_word' id='word_1_703' title='bbox 2283 4362 2369 4416; x_wconf 81' lang='lat' dir='ltr'><strong>vix</strong></span> <span class='ocrx_word' id='word_1_704' title='bbox 2411 4361 2486 4416; x_wconf 90' lang='lat' dir='ltr'><strong>illi</strong></span> <span class='ocrx_word' id='word_1_705' title='bbox 2533 4362 2698 4416; x_wconf 90' lang='lat' dir='ltr'><strong>vitam</strong></span> <span class='ocrx_word' id='word_1_706' title='bbox 2747 4362 3065 4432; x_wconf 89' lang='lat' dir='ltr'><strong>promittere</strong></span> <span class='ocrx_word' id='word_1_707' title='bbox 3111 4361 3453 4415; x_wconf 89' lang='lat' dir='ltr'><strong>auderemus.</strong></span> 
     </span>
    </p>
   </div>
   <div class='ocr_carea' id='block_1_98' title="bbox 1880 4447 3458 4525">
    <p class='ocr_par' dir='ltr' id='par_1_98' title="bbox 1880 4447 3458 4525">
     <span class='ocr_line' id='line_1_98' title="bbox 1880 4447 3458 4525; baseline -0.004 -16"><span class='ocrx_word' id='word_1_708' title='bbox 1880 4455 1999 4525; x_wconf 80' lang='lat' dir='ltr'><strong>Ipse</strong></span> <span class='ocrx_word' id='word_1_709' title='bbox 2029 4463 2209 4507; x_wconf 85' lang='lat' dir='ltr'><strong>tamen</strong></span> <span class='ocrx_word' id='word_1_710' title='bbox 2251 4467 2526 4522; x_wconf 89' lang='lat' dir='ltr'><strong>nunquam</strong></span> <span class='ocrx_word' id='word_1_711' title='bbox 2572 4451 2816 4521; x_wconf 86' lang='lat' dir='ltr'><strong>pristinae</strong></span> <span class='ocrx_word' id='word_1_712' title='bbox 2860 4449 3289 4506; x_wconf 89' lang='lat' dir='ltr'><strong>conversationis</strong></span> <span class='ocrx_word' id='word_1_713' title='bbox 3322 4447 3458 4503; x_wconf 92' lang='lat' dir='ltr'><strong>obli-</strong></span> 
     </span>
    </p>
   </div>
   <div class='ocr_carea' id='block_1_99' title="bbox 1886 4539 3455 4612">
    <p class='ocr_par' dir='ltr' id='par_1_99' title="bbox 1886 4539 3455 4612">
     <span class='ocr_line' id='line_1_99' title="bbox 1886 4539 3455 4612; baseline -0.005 -10"><span class='ocrx_word' id='word_1_714' title='bbox 1886 4545 2216 4605; x_wconf 86' lang='lat' dir='ltr'><strong>viscebatur,</strong></span> <span class='ocrx_word' id='word_1_715' title='bbox 2257 4543 2351 4597; x_wconf 87' lang='lat' dir='ltr'><strong>sed</strong></span> <span class='ocrx_word' id='word_1_716' title='bbox 2397 4557 2615 4612; x_wconf 89' lang='lat' dir='ltr'><strong>semper</strong></span> <span class='ocrx_word' id='word_1_717' title='bbox 2658 4551 2752 4596; x_wconf 91' lang='lat' dir='ltr'><strong>aut</strong></span> <span class='ocrx_word' id='word_1_718' title='bbox 2799 4541 3240 4596; x_wconf 89' lang='lat' dir='ltr'><strong>meditationibus</strong></span> <span class='ocrx_word' id='word_1_719' title='bbox 3278 4539 3455 4605; x_wconf 90' lang='lat' dir='ltr'><strong>bonis,</strong></span> 
     </span>
    </p>
   </div>
   <div class='ocr_carea' id='block_1_100' title="bbox 1884 4631 3456 4706">
    <p class='ocr_par' dir='ltr' id='par_1_100' title="bbox 1884 4631 3456 4706">
     <span class='ocr_line' id='line_1_100' title="bbox 1884 4631 3456 4706; baseline -0.006 -13"><span class='ocrx_word' id='word_1_720' title='bbox 1884 4648 1976 4693; x_wconf 90' lang='lat' dir='ltr'><strong>aut</strong></span> <span class='ocrx_word' id='word_1_721' title='bbox 2021 4634 2491 4691; x_wconf 81' lang='lat' dir='ltr'><strong>exhortationibus</strong></span> <span class='ocrx_word' id='word_1_722' title='bbox 2529 4633 2652 4706; x_wconf 84' lang='lat' dir='ltr'><strong>[al.,</strong></span> <span class='ocrx_word' id='word_1_723' title='bbox 2686 4631 3192 4704; x_wconf 77' lang='lat' dir='ltr'><strong>exercitationibus]</strong></span> <span class='ocrx_word' id='word_1_724' title='bbox 3231 4631 3456 4698; x_wconf 87' lang='lat' dir='ltr'><strong>sanctis,</strong></span> 
     </span>
    </p>
   </div>
   <div class='ocr_carea' id='block_1_101' title="bbox 1880 4725 2955 4800">
    <p class='ocr_par' dir='ltr' id='par_1_101' title="bbox 1880 4725 2955 4800">
     <span class='ocr_line' id='line_1_101' title="bbox 1880 4725 2955 4800; baseline -0.007 -15"><span class='ocrx_word' id='word_1_725' title='bbox 1880 4737 1974 4785; x_wconf 87' lang='lat' dir='ltr'><strong>aut</strong></span> <span class='ocrx_word' id='word_1_726' title='bbox 2001 4730 2121 4784; x_wconf 85' lang='lat' dir='ltr'><strong>aliis</strong></span> <span class='ocrx_word' id='word_1_727' title='bbox 2151 4729 2255 4800; x_wconf 91' lang='lat' dir='ltr'><strong>piis</strong></span> <span class='ocrx_word' id='word_1_728' title='bbox 2282 4727 2540 4798; x_wconf 89' lang='lat' dir='ltr'><strong>operibus</strong></span> <span class='ocrx_word' id='word_1_729' title='bbox 2569 4725 2955 4795; x_wconf 89' lang='lat' dir='ltr'><strong>occupabatur.</strong></span> 
     </span>
    </p>
   </div>
   <div class='ocr_carea' id='block_1_102' title="bbox 1951 4813 3462 4890">
    <p class='ocr_par' dir='ltr' id='par_1_102' title="bbox 1951 4813 3462 4890">
     <span class='ocr_line' id='line_1_102' title="bbox 1951 4813 3462 4890; baseline -0.003 -17"><span class='ocrx_word' id='word_1_730' title='bbox 1951 4821 2039 4874; x_wconf 72' lang='lat'><strong>72.</strong></span> <span class='ocrx_word' id='word_1_731' title='bbox 2069 4820 2253 4876; x_wconf 90' lang='lat' dir='ltr'><strong>Tertio</strong></span> <span class='ocrx_word' id='word_1_732' title='bbox 2277 4819 2443 4890; x_wconf 88' lang='lat' dir='ltr'><strong>igitur</strong></span> <span class='ocrx_word' id='word_1_733' title='bbox 2466 4833 2607 4872; x_wconf 92' lang='lat' dir='ltr'><strong>anno</strong></span> <span class='ocrx_word' id='word_1_734' title='bbox 2637 4825 2920 4886; x_wconf 89' lang='lat' dir='ltr'><strong>postquam</strong></span> <span class='ocrx_word' id='word_1_735' title='bbox 2949 4830 2978 4869; x_wconf 90' lang='lat' dir='ltr'><strong>a</strong></span> <span class='ocrx_word' id='word_1_736' title='bbox 3009 4815 3247 4871; x_wconf 84' lang='lat' dir='ltr'><strong>secundo</strong></span> <span class='ocrx_word' id='word_1_737' title='bbox 3269 4813 3462 4869; x_wconf 88' lang='lat' dir='ltr'><strong>exsilio</strong></span> 
     </span>
    </p>
   </div>
   <div class='ocr_carea' id='block_1_103' title="bbox 1872 4901 3464 4982">
    <p class='ocr_par' dir='ltr' id='par_1_103' title="bbox 1872 4901 3464 4982">
     <span class='ocr_line' id='line_1_103' title="bbox 1872 4901 3464 4982; baseline -0.007 -15"><span class='ocrx_word' id='word_1_738' title='bbox 1872 4901 1986 4982; x_wconf 58' lang='lat' dir='ltr'><strong>&#39;oer</strong></span> <span class='ocrx_word' id='word_1_739' title='bbox 2021 4927 2203 4982; x_wconf 84' lang='lat' dir='ltr'><strong>regem</strong></span> <span class='ocrx_word' id='word_1_740' title='bbox 2235 4911 2529 4966; x_wconf 88' lang='lat' dir='ltr'><strong>llenricum</strong></span> <span class='ocrx_word' id='word_1_741' title='bbox 2565 4917 2850 4963; x_wconf 83' lang='lat' dir='ltr'><strong>revocatus</strong></span> <span class='ocrx_word' id='word_1_742' title='bbox 2876 4915 2984 4972; x_wconf 91' lang='lat' dir='ltr'><strong>est,</strong></span> <span class='ocrx_word' id='word_1_743' title='bbox 3006 4921 3195 4961; x_wconf 90' lang='lat' dir='ltr'><strong>omnes</strong></span> <span class='ocrx_word' id='word_1_744' title='bbox 3221 4905 3326 4959; x_wconf 90' lang='lat' dir='ltr'><strong>cibi</strong></span> <span class='ocrx_word' id='word_1_745' title='bbox 3350 4919 3464 4971; x_wconf 82' lang='lat' dir='ltr'><strong>qui-</strong></span> 
     </span>
    </p>
   </div>
   <div class='ocr_carea' id='block_1_104' title="bbox 1883 4991 3463 5072">
    <p class='ocr_par' dir='ltr' id='par_1_104' title="bbox 1883 4991 3463 5072">
     <span class='ocr_line' id='line_1_104' title="bbox 1883 4991 3463 5072; baseline -0.006 -14"><span class='ocrx_word' id='word_1_746' title='bbox 1883 4991 1986 5058; x_wconf 30' lang='lat' dir='ltr'><strong>fms</strong></span> <span class='ocrx_word' id='word_1_747' title='bbox 2019 5006 2252 5058; x_wconf 87' lang='lat' dir='ltr'><strong>humana</strong></span> <span class='ocrx_word' id='word_1_748' title='bbox 2285 5011 2477 5056; x_wconf 89' lang='lat' dir='ltr'><strong>natura</strong></span> <span class='ocrx_word' id='word_1_749' title='bbox 2508 5009 2788 5072; x_wconf 85' lang='lat' dir='ltr'><strong>vegetatur</strong></span> <span class='ocrx_word' id='word_1_750' title='bbox 2817 5008 2873 5054; x_wconf 92' lang='lat' dir='ltr'><strong>et</strong></span> <span class='ocrx_word' id='word_1_751' title='bbox 2901 4999 3083 5064; x_wconf 90' lang='lat' dir='ltr'><strong>alitur,</strong></span> <span class='ocrx_word' id='word_1_752' title='bbox 3109 4999 3161 5051; x_wconf 89' lang='lat' dir='ltr'><strong>in</strong></span> <span class='ocrx_word' id='word_1_753' title='bbox 3188 4993 3463 5050; x_wconf 88' lang='lat' dir='ltr'><strong>fastidium</strong></span> 
     </span>
    </p>
   </div>
   <div class='ocr_carea' id='block_1_105' title="bbox 1500 5111 2186 5170">
    <p class='ocr_par' dir='ltr' id='par_1_105' title="bbox 1500 5111 2186 5170">
     <span class='ocr_line' id='line_1_105' title="bbox 1500 5111 2186 5170; baseline 0.006 -6"><span class='ocrx_word' id='word_1_754' title='bbox 1500 5111 1912 5170; x_wconf 79' lang='lat' dir='ltr'><strong>HENSCllENII</strong></span> <span class='ocrx_word' id='word_1_755' title='bbox 1957 5114 2186 5170; x_wconf 66' lang='lat' dir='ltr'><strong>NOTAE.</strong></span> 
     </span>
    </p>
   </div>
   <div class='ocr_carea' id='block_1_106' title="bbox 282 5193 1780 5270">
    <p class='ocr_par' dir='ltr' id='par_1_106' title="bbox 282 5193 1780 5270">
     <span class='ocr_line' id='line_1_106' title="bbox 282 5193 1780 5270; baseline 0.007 -22"><span class='ocrx_word' id='word_1_756' title='bbox 282 5193 393 5260; x_wconf 76' lang='lat'><strong>(39)</strong></span> <span class='ocrx_word' id='word_1_757' title='bbox 430 5194 672 5270; x_wconf 66' lang='lat' dir='ltr'><strong>Martira,</strong></span> <span class='ocrx_word' id='word_1_758' title='bbox 718 5197 1137 5270; x_wconf 27' lang='lat' dir='ltr'><strong>vulgoAptartre,</strong></span> <span class='ocrx_word' id='word_1_759' title='bbox 1168 5200 1301 5270; x_wconf 81' lang='lat' dir='ltr'><strong>alias</strong></span> <span class='ocrx_word' id='word_1_760' title='bbox 1343 5201 1536 5270; x_wconf 80' lang='lat' dir='ltr'><strong>fovine,</strong></span> <span class='ocrx_word' id='word_1_761' title='bbox 1588 5202 1780 5258; x_wconf 87' lang='lat' dir='ltr'><strong>Latine</strong></span> 
     </span>
    </p>
   </div>
   <div class='ocr_carea' id='block_1_107' title="bbox 219 5264 1782 5337">
    <p class='ocr_par' dir='ltr' id='par_1_107' title="bbox 219 5264 1782 5337">
     <span class='ocr_line' id='line_1_107' title="bbox 219 5264 1782 5337; baseline 0.01 -25"><span class='ocrx_word' id='word_1_762' title='bbox 219 5273 402 5337; x_wconf 73' lang='lat' dir='ltr'><strong>mortes</strong></span> <span class='ocrx_word' id='word_1_763' title='bbox 439 5264 657 5337; x_wconf 75' lang='lat' dir='ltr'><strong>dicitur,</strong></span> <span class='ocrx_word' id='word_1_764' title='bbox 685 5264 1084 5336; x_wconf 77' lang='lat' dir='ltr'><strong>ovispullisque</strong></span> <span class='ocrx_word' id='word_1_765' title='bbox 1111 5264 1362 5325; x_wconf 82' lang='lat' dir='ltr'><strong>infestum</strong></span> <span class='ocrx_word' id='word_1_766' title='bbox 1381 5271 1782 5337; x_wconf 91' lang='lat' dir='ltr'><strong>animalculum,</strong></span> 
     </span>
    </p>
   </div>
   <div class='ocr_carea' id='block_1_108' title="bbox 219 5332 1288 5406">
    <p class='ocr_par' dir='ltr' id='par_1_108' title="bbox 219 5332 1288 5406">
     <span class='ocr_line' id='line_1_108' title="bbox 219 5332 1288 5406; baseline 0.007 -21"><span class='ocrx_word' id='word_1_767' title='bbox 219 5332 616 5406; x_wconf 64' lang='lat' dir='ltr'><strong>Quasyisfacile</strong></span> <span class='ocrx_word' id='word_1_768' title='bbox 643 5332 960 5404; x_wconf 82' lang='lat' dir='ltr'><strong>perreptans</strong></span> <span class='ocrx_word' id='word_1_769' title='bbox 991 5332 1288 5406; x_wconf 78' lang='lat' dir='ltr'><strong>angustias.</strong></span> 
     </span>
    </p>
   </div>
   <div class='ocr_carea' id='block_1_109' title="bbox 285 5402 1786 5479">
    <p class='ocr_par' dir='ltr' id='par_1_109' title="bbox 285 5402 1786 5479">
     <span class='ocr_line' id='line_1_109' title="bbox 285 5402 1786 5479; baseline 0.005 -24"><span class='ocrx_word' id='word_1_770' title='bbox 285 5402 397 5470; x_wconf 67' lang='grc'><strong>(40)</strong></span> <span class='ocrx_word' id='word_1_771' title='bbox 438 5403 604 5459; x_wconf 86' lang='lat' dir='ltr'><strong>Paulo</strong></span> <span class='ocrx_word' id='word_1_772' title='bbox 633 5402 780 5479; x_wconf 69' lang='lat' dir='ltr'><strong>post,</strong></span> <span class='ocrx_word' id='word_1_773' title='bbox 802 5402 1016 5479; x_wconf 67' lang='lat' dir='ltr'><strong>scilicet</strong></span> <span class='ocrx_word' id='word_1_774' title='bbox 1052 5402 1195 5479; x_wconf 74' lang='lat' dir='ltr'><strong>anno</strong></span> <span class='ocrx_word' id='word_1_775' title='bbox 1221 5409 1356 5464; x_wconf 86' lang='grc'><strong>1108</strong></span> <span class='ocrx_word' id='word_1_776' title='bbox 1383 5409 1647 5464; x_wconf 80' lang='lat' dir='ltr'><strong>Roll‘cnsis</strong></span> <span class='ocrx_word' id='word_1_777' title='bbox 1670 5411 1786 5479; x_wconf 87' lang='lat' dir='ltr'><strong>epi-</strong></span> 
     </span>
    </p>
   </div>
   <div class='ocr_carea' id='block_1_110' title="bbox 219 5474 1785 5548">
    <p class='ocr_par' dir='ltr' id='par_1_110' title="bbox 219 5474 1785 5548">
     <span class='ocr_line' id='line_1_110' title="bbox 219 5474 1785 5548; baseline 0.006 -26"><span class='ocrx_word' id='word_1_778' title='bbox 219 5483 430 5540; x_wconf 86' lang='lat' dir='ltr'><strong>scopus,</strong></span> <span class='ocrx_word' id='word_1_779' title='bbox 460 5484 523 5548; x_wconf 89' lang='lat' dir='ltr'><strong>et_</strong></span> <span class='ocrx_word' id='word_1_780' title='bbox 550 5489 689 5548; x_wconf 77' lang='lat' dir='ltr'><strong>anno</strong></span> <span class='ocrx_word' id='word_1_781' title='bbox 714 5475 861 5548; x_wconf 56' lang='grc' dir='ltr'><strong>Δ1114</strong></span> <span class='ocrx_word' id='word_1_782' title='bbox 897 5474 1306 5548; x_wconf 80' lang='lat' dir='ltr'><strong>Cantuariensis</strong></span> <span class='ocrx_word' id='word_1_783' title='bbox 1350 5474 1785 5548; x_wconf 82' lang='lat' dir='ltr'><strong>archiepiscopus</strong></span> 
     </span>
    </p>
   </div>
   <div class='ocr_carea' id='block_1_111' title="bbox 221 5543 1784 5616">
    <p class='ocr_par' dir='ltr' id='par_1_111' title="bbox 221 5543 1784 5616">
     <span class='ocr_line' id='line_1_111' title="bbox 221 5543 1784 5616; baseline 0.007 -25"><span class='ocrx_word' id='word_1_784' title='bbox 221 5549 430 5616; x_wconf 67' lang='lat' dir='ltr'><strong>creatus</strong></span> <span class='ocrx_word' id='word_1_785' title='bbox 463 5556 478 5594; x_wconf 89' lang='lat'><strong>:</strong></span> <span class='ocrx_word' id='word_1_786' title='bbox 511 5543 564 5597; x_wconf 92' lang='lat' dir='ltr'><strong>in</strong></span> <span class='ocrx_word' id='word_1_787' title='bbox 603 5544 842 5616; x_wconf 69' lang='lat' dir='ltr'><strong>Sagiettsi</strong></span> <span class='ocrx_word' id='word_1_788' title='bbox 871 5554 1052 5616; x_wconf 80' lang='lat' dir='ltr'><strong>autem</strong></span> <span class='ocrx_word' id='word_1_789' title='bbox 1082 5545 1297 5599; x_wconf 86' lang='lat' dir='ltr'><strong>abbatia</strong></span> <span class='ocrx_word' id='word_1_790' title='bbox 1327 5554 1468 5614; x_wconf 72' lang='lat' dir='ltr'><strong>(quae</strong></span> <span class='ocrx_word' id='word_1_791' title='bbox 1494 5543 1784 5616; x_wconf 52' lang='lat' dir='ltr'><strong>abogério</strong></span> 
     </span>
    </p>
   </div>
   <div class='ocr_carea' id='block_1_112' title="bbox 219 5605 1783 5680">
    <p class='ocr_par' dir='ltr' id='par_1_112' title="bbox 219 5605 1783 5680">
     <span class='ocr_line' id='line_1_112' title="bbox 219 5605 1783 5680; baseline 0.006 -20"><span class='ocrx_word' id='word_1_792' title='bbox 219 5605 1016 5680; x_wconf 52' lang='lat' dir='ltr'><strong>Montis-gomerii&quot;vicecomite</strong></span> <span class='ocrx_word' id='word_1_793' title='bbox 1036 5622 1090 5668; x_wconf 92' lang='lat' dir='ltr'><strong>et</strong></span> <span class='ocrx_word' id='word_1_794' title='bbox 1118 5629 1287 5670; x_wconf 81' lang='lat' dir='ltr'><strong>uxore</strong></span> <span class='ocrx_word' id='word_1_795' title='bbox 1316 5605 1530 5671; x_wconf 74' lang='lat' dir='ltr'><strong>Mahilia</strong></span> <span class='ocrx_word' id='word_1_796' title='bbox 1570 5605 1783 5672; x_wconf 78' lang='lat' dir='ltr'><strong>restau-</strong></span> 
     </span>
    </p>
   </div>
   <div class='ocr_carea' id='block_1_113' title="bbox 221 5679 1782 5753">
    <p class='ocr_par' dir='ltr' id='par_1_113' title="bbox 221 5679 1782 5753">
     <span class='ocr_line' id='line_1_113' title="bbox 221 5679 1782 5753; baseline 0.009 -25"><span class='ocrx_word' id='word_1_797' title='bbox 221 5687 333 5731; x_wconf 87' lang='lat' dir='ltr'><strong>rata</strong></span> <span class='ocrx_word' id='word_1_798' title='bbox 381 5679 554 5736; x_wconf 84' lang='lat' dir='ltr'><strong>fuerat</strong></span> <span class='ocrx_word' id='word_1_799' title='bbox 603 5697 689 5736; x_wconf 88' lang='lat' dir='ltr'><strong>an.</strong></span> <span class='ocrx_word' id='word_1_800' title='bbox 743 5682 898 5753; x_wconf 86' lang='grc'><strong>1060)</strong></span> <span class='ocrx_word' id='word_1_801' title='bbox 951 5693 1290 5739; x_wconf 74' lang='lat' dir='ltr'><strong>successerat</strong></span> <span class='ocrx_word' id='word_1_802' title='bbox 1343 5687 1455 5752; x_wconf 85' lang='lat' dir='ltr'><strong>ipse</strong></span> <span class='ocrx_word' id='word_1_803' title='bbox 1506 5703 1593 5742; x_wconf 88' lang='lat' dir='ltr'><strong>an.</strong></span> <span class='ocrx_word' id='word_1_804' title='bbox 1647 5685 1782 5743; x_wconf 87' lang='grc'><strong>1089</strong></span> 
     </span>
    </p>
   </div>
   <div class='ocr_carea' id='block_1_114' title="bbox 1887 5201 2678 5276">
    <p class='ocr_par' dir='ltr' id='par_1_114' title="bbox 1887 5201 2678 5276">
     <span class='ocr_line' id='line_1_114' title="bbox 1887 5201 2678 5276; baseline -0.004 -18"><span class='ocrx_word' id='word_1_805' title='bbox 1887 5205 2065 5276; x_wconf 82' lang='lat' dir='ltr'><strong>primo</strong></span> <span class='ocrx_word' id='word_1_806' title='bbox 2093 5201 2426 5276; x_wconf 74' lang='lat' dir='ltr'><strong>ejusabbati</strong></span> <span class='ocrx_word' id='word_1_807' title='bbox 2440 5201 2678 5276; x_wconf 78' lang='lat' dir='ltr'><strong>Roberto</strong></span> 
     </span>
    </p>
   </div>
   <div class='ocr_carea' id='block_1_115' title="bbox 1961 5263 3464 5346">
    <p class='ocr_par' dir='ltr' id='par_1_115' title="bbox 1961 5263 3464 5346">
     <span class='ocr_line' id='line_1_115' title="bbox 1961 5263 3464 5346; baseline -0.004 -20"><span class='ocrx_word' id='word_1_808' title='bbox 1961 5274 2072 5340; x_wconf 67' lang='grc'><strong>(41)</strong></span> <span class='ocrx_word' id='word_1_809' title='bbox 2113 5263 2180 5346; x_wconf 60' lang='lat' dir='ltr'><strong>In</strong></span> <span class='ocrx_word' id='word_1_810' title='bbox 2203 5273 2497 5346; x_wconf 76' lang='lat' dir='ltr'><strong>Monastico</strong></span> <span class='ocrx_word' id='word_1_811' title='bbox 2528 5270 2920 5346; x_wconf 39' lang='lat' dir='ltr'><strong>Anglicanol‘p.</strong></span> <span class='ocrx_word' id='word_1_812' title='bbox 2943 5264 3067 5346; x_wconf 65' lang='lat'><strong>_295</strong></span> <span class='ocrx_word' id='word_1_813' title='bbox 3109 5263 3306 5346; x_wconf 73' lang='lat' dir='ltr'><strong>dicitur</strong></span> <span class='ocrx_word' id='word_1_814' title='bbox 3343 5274 3464 5334; x_wconf 91' lang='lat' dir='ltr'><strong>post</strong></span> 
     </span>
    </p>
   </div>
   <div class='ocr_carea' id='block_1_116' title="bbox 1891 5335 3463 5401">
    <p class='ocr_par' dir='ltr' id='par_1_116' title="bbox 1891 5335 3463 5401">
     <span class='ocr_line' id='line_1_116' title="bbox 1891 5335 3463 5401; baseline -0.004 -5"><span class='ocrx_word' id='word_1_815' title='bbox 1891 5335 2116 5396; x_wconf 70' lang='lat' dir='ltr'><strong>mortem</strong></span> <span class='ocrx_word' id='word_1_816' title='bbox 2149 5342 2370 5395; x_wconf 82' lang='lat' dir='ltr'><strong>Roberti</strong></span> <span class='ocrx_word' id='word_1_817' title='bbox 2395 5335 2626 5401; x_wconf 79' lang='lat' dir='ltr'><strong>abbatis,</strong></span> <span class='ocrx_word' id='word_1_818' title='bbox 2649 5355 2741 5391; x_wconf 90' lang='lat' dir='ltr'><strong>an.</strong></span> <span class='ocrx_word' id='word_1_819' title='bbox 2768 5335 2903 5390; x_wconf 87' lang='grc'><strong>1107</strong></span> <span class='ocrx_word' id='word_1_820' title='bbox 2925 5335 3212 5399; x_wconf 89' lang='lat' dir='ltr'><strong>defunctis,</strong></span> <span class='ocrx_word' id='word_1_821' title='bbox 3238 5350 3463 5390; x_wconf 84' lang='lat' dir='ltr'><strong>vacasse</strong></span> 
     </span>
    </p>
   </div>
   <div class='ocr_carea' id='block_1_117' title="bbox 1888 5405 3460 5474">
    <p class='ocr_par' dir='ltr' id='par_1_117' title="bbox 1888 5405 3460 5474">
     <span class='ocr_line' id='line_1_117' title="bbox 1888 5405 3460 5474; baseline -0.003 -11"><span class='ocrx_word' id='word_1_822' title='bbox 1888 5412 2101 5464; x_wconf 85' lang='lat' dir='ltr'><strong>abbatia</strong></span> <span class='ocrx_word' id='word_1_823' title='bbox 2140 5412 2196 5464; x_wconf 89' lang='lat' dir='ltr'><strong>S.</strong></span> <span class='ocrx_word' id='word_1_824' title='bbox 2238 5411 2501 5463; x_wconf 84' lang='lat' dir='ltr'><strong>Edtnundi</strong></span> <span class='ocrx_word' id='word_1_825' title='bbox 2544 5409 2700 5462; x_wconf 87' lang='lat' dir='ltr'><strong>annis</strong></span> <span class='ocrx_word' id='word_1_826' title='bbox 2741 5415 2972 5474; x_wconf 86' lang='lat' dir='ltr'><strong>septem;</strong></span> <span class='ocrx_word' id='word_1_827' title='bbox 3014 5420 3078 5459; x_wconf 91' lang='lat' dir='ltr'><strong>ac</strong></span> <span class='ocrx_word' id='word_1_828' title='bbox 3126 5405 3340 5474; x_wconf 77' lang='lat' dir='ltr'><strong>demum</strong></span> <span class='ocrx_word' id='word_1_829' title='bbox 3371 5419 3460 5458; x_wconf 87' lang='lat' dir='ltr'><strong>an.</strong></span> 
     </span>
    </p>
   </div>
   <div class='ocr_carea' id='block_1_118' title="bbox 1896 5472 3462 5544">
    <p class='ocr_par' dir='ltr' id='par_1_118' title="bbox 1896 5472 3462 5544">
     <span class='ocr_line' id='line_1_118' title="bbox 1896 5472 3462 5544; baseline -0.003 -12"><span class='ocrx_word' id='word_1_830' title='bbox 1896 5481 2028 5532; x_wconf 77' lang='grc'><strong>1115</strong></span> <span class='ocrx_word' id='word_1_831' title='bbox 2059 5480 2358 5534; x_wconf 83' lang='lat' dir='ltr'><strong>Abboldutn</strong></span> <span class='ocrx_word' id='word_1_832' title='bbox 2389 5493 2508 5531; x_wconf 82' lang='lat' dir='ltr'><strong>esse</strong></span> <span class='ocrx_word' id='word_1_833' title='bbox 2538 5472 2934 5538; x_wconf 82' lang='lat' dir='ltr'><strong>confirmatum,</strong></span> <span class='ocrx_word' id='word_1_834' title='bbox 2965 5477 3056 5544; x_wconf 90' lang='lat' dir='ltr'><strong>qui</strong></span> <span class='ocrx_word' id='word_1_835' title='bbox 3091 5474 3270 5528; x_wconf 88' lang='lat' dir='ltr'><strong>fuerat</strong></span> <span class='ocrx_word' id='word_1_836' title='bbox 3305 5472 3462 5544; x_wconf 84' lang='lat' dir='ltr'><strong>Priur</strong></span> 
     </span>
    </p>
   </div>
   <div class='ocr_carea' id='block_1_119' title="bbox 1891 5543 3458 5602">
    <p class='ocr_par' dir='ltr' id='par_1_119' title="bbox 1891 5543 3458 5602">
     <span class='ocr_line' id='line_1_119' title="bbox 1891 5543 3458 5602; baseline -0.003 -2"><span class='ocrx_word' id='word_1_837' title='bbox 1891 5549 1950 5602; x_wconf 83' lang='lat' dir='ltr'><strong>S.</strong></span> <span class='ocrx_word' id='word_1_838' title='bbox 1980 5548 2176 5602; x_wconf 83' lang='lat' dir='ltr'><strong>Nicasii</strong></span> <span class='ocrx_word' id='word_1_839' title='bbox 2204 5549 2270 5602; x_wconf 89' lang='lat' dir='ltr'><strong>de</strong></span> <span class='ocrx_word' id='word_1_840' title='bbox 2310 5547 2538 5600; x_wconf 82' lang='lat' dir='ltr'><strong>Melente</strong></span> <span class='ocrx_word' id='word_1_841' title='bbox 2582 5561 2650 5599; x_wconf 89' lang='lat' dir='ltr'><strong>an</strong></span> <span class='ocrx_word' id='word_1_842' title='bbox 2690 5553 2870 5598; x_wconf 92' lang='lat' dir='ltr'><strong>autem</strong></span> <span class='ocrx_word' id='word_1_843' title='bbox 2909 5543 3116 5599; x_wconf 83' lang='lat' dir='ltr'><strong>electus</strong></span> <span class='ocrx_word' id='word_1_844' title='bbox 3149 5544 3363 5597; x_wconf 90' lang='lat' dir='ltr'><strong>vivente</strong></span> <span class='ocrx_word' id='word_1_845' title='bbox 3400 5543 3458 5596; x_wconf 90' lang='lat' dir='ltr'><strong>S.</strong></span> 
     </span>
    </p>
   </div>
   <div class='ocr_carea' id='block_1_120' title="bbox 1891 5612 3462 5685">
    <p class='ocr_par' dir='ltr' id='par_1_120' title="bbox 1891 5612 3462 5685">
     <span class='ocr_line' id='line_1_120' title="bbox 1891 5612 3462 5685; baseline -0.005 -11"><span class='ocrx_word' id='word_1_846' title='bbox 1891 5617 2164 5680; x_wconf 73' lang='lat' dir='ltr'><strong>Ansehno,</strong></span> <span class='ocrx_word' id='word_1_847' title='bbox 2197 5632 2263 5670; x_wconf 90' lang='lat' dir='ltr'><strong>an</strong></span> <span class='ocrx_word' id='word_1_848' title='bbox 2301 5624 2484 5684; x_wconf 87' lang='lat' dir='ltr'><strong>postea</strong></span> <span class='ocrx_word' id='word_1_849' title='bbox 2521 5624 2732 5670; x_wconf 88' lang='lat' dir='ltr'><strong>cassata</strong></span> <span class='ocrx_word' id='word_1_850' title='bbox 2757 5614 2924 5685; x_wconf 91' lang='lat' dir='ltr'><strong>priori</strong></span> <span class='ocrx_word' id='word_1_851' title='bbox 2959 5614 3222 5671; x_wconf 89' lang='lat' dir='ltr'><strong>electione</strong></span> <span class='ocrx_word' id='word_1_852' title='bbox 3267 5612 3462 5669; x_wconf 86' lang='lat' dir='ltr'><strong>substi-</strong></span> 
     </span>
    </p>
   </div>
   <div class='ocr_carea' id='block_1_121' title="bbox 1892 5685 2418 5756">
    <p class='ocr_par' dir='ltr' id='par_1_121' title="bbox 1892 5685 2418 5756">
     <span class='ocr_line' id='line_1_121' title="bbox 1892 5685 2418 5756; baseline -0.017 -10"><span class='ocrx_word' id='word_1_853' title='bbox 1892 5700 2058 5754; x_wconf 81' lang='lat' dir='ltr'><strong>tutus,</strong></span> <span class='ocrx_word' id='word_1_854' title='bbox 2092 5688 2212 5756; x_wconf 90' lang='lat' dir='ltr'><strong>quis</strong></span> <span class='ocrx_word' id='word_1_855' title='bbox 2242 5685 2418 5740; x_wconf 88' lang='lat' dir='ltr'><strong>dicet?</strong></span> 
     </span>
    </p>
   </div>
  </div>
