4068 6286
551 408 656 464 H5

1607 403 1663 456 S.
1707 401 2004 457 ANSELMI
2045 399 2393 458 CANTUAR.
2436 403 2752 460 ARClllEP.

3708 401 3810 457 HG

550 523 600 576 ei
648 520 791 575 versi
824 525 971 574 sunt.
1012 515 1367 571 Manducabat
1421 521 1602 568 tamen
1641 522 1845 568 naturae
1873 529 1984 568 suae
2017 512 2124 566 vim
2151 513 2201 573 Α
2234 511 2394 568 tionis
2441 514 2730 570 millesimo
2771 514 3071 570 centesimo
3118 530 3281 578 nono,
3336 515 3425 584 qui
3478 515 3581 569 fuit
3629 531 3807 570 annus

552 609 821 670 faciendo,
854 608 1031 663 sciens
1059 620 1117 661 se
1151 605 1335 660 vivere
1360 618 1464 657 non
1496 618 1657 674 posse
1685 604 1803 658 sine
1832 603 1977 686 eibg.
2011 602 2128 668 Qua

551 700 602 752 vi
633 715 728 768 per
751 697 1032 752 dimidium
1059 695 1280 750 circiter
1301 708 1505 748 annum
1536 693 1699 747 vitam
1729 708 1944 762 quoquo
1968 691 2130 747 modo

551 787 858 856 transigens
882 785 1082 839 sensim
1124 797 1358 852 corpore
1397 781 1706 844 deficiebat,
1730 781 1898 835 animi
1929 781 2131 834 virtute

553 893 768 945 semper
800 878 941 930 idem
979 875 1072 944 qui
1111 889 1232 930 esse
1268 872 1477 928 solebat
1502 873 1764 927 existens.
1795 871 2000 940 Spiritu
2031 872 2132 925 ita-

551 983 657 1038 que
693 968 870 1032 fortis,
917 973 1011 1021 sed
1053 981 1219 1021 carne
1249 965 1479 1018 nimium
1510 963 1720 1034 fragilis
1749 963 1916 1033 pedes
1944 972 2129 1017 orato-

551 1059 691 1114 rium
725 1058 876 1112 adire
914 1058 1191 1126 nequibat.
1227 1056 1477 1110 Attamen
1511 1055 1908 1110 consecrationi
1953 1051 2133 1107 Domi-

550 1147 658 1202 nici
714 1147 990 1216 corporis,
1053 1146 1196 1216 quod
1248 1144 1472 1214 speciali
1533 1144 1764 1214 quodam
1827 1141 2132 1198 devotionis

551 1239 747 1293 atl‘ectu
783 1237 1170 1302 venerabatur,
1215 1236 1478 1290 interesse
1524 1235 1862 1298 desiderans,
1904 1231 2133 1303 singulis

552 1326 747 1382 diebus
775 1326 902 1381 illuc
933 1341 994 1382 se
1026 1326 1077 1380 in
1113 1324 1241 1379 sella
1270 1323 1508 1379 faciebat
1538 1322 1762 1378 deferri.
1796 1323 1841 1376 A
1871 1337 1976 1390 quo
2003 1322 2132 1375 dum

554 1431 654 1470 nos
685 1415 777 1485 qui
812 1415 859 1470 ei
893 1416 1286 1478 serviebamus,
1319 1429 1464 1479 eum,
1511 1413 1636 1482 quia
1680 1412 1908 1466 mnltmn
1936 1411 2134 1466 exinde

556 1507 904 1578 fatigabatur,
944 1507 1221 1563 declinare
1270 1506 1600 1570 niteremur;
1649 1505 1738 1558 vix
1783 1504 1973 1574 quinto
2010 1512 2135 1558 ante

557 1603 639 1657 sui
672 1601 851 1658 exitus
878 1602 1018 1656 diem
1051 1602 1303 1656 evincere
1332 1600 1628 1670 potuimus.
1663 1597 1874 1652 Exinde
1893 1611 2023 1667 ergo
2053 1609 2135 1649 as-

554 1691 708 1745 sidue
755 1689 896 1744 lecto
945 1689 1243 1752 decubans,
1287 1687 1480 1742 anhela
1532 1701 1666 1741 voce
1702 1701 1892 1740 omnes
1932 1685 2026 1755 qui
2065 1683 2134 1738 ad

554 1792 679 1833 eum
709 1778 970 1832 accedere
1019 1777 1389 1841 merebantur,
1430 1777 1484 1831 in
1517 1792 1615 1832 suo
1646 1791 1916 1846 quemque
1945 1776 2136 1831 ordine

2233 605 2575 675 pontificatus
2596 606 2713 668 eius
2736 608 2978 662 decimus
3004 617 3188 662 sextus
3216 605 3341 678 [al.,
3366 606 3508 679 xm],
3533 607 3657 662 vitae
3679 622 3814 662 veto

2232 698 2661 767 septuagesimus
2690 707 2894 752 sextus.

2305 785 2392 839 74.
2437 784 2574 840 Loto
2599 786 2762 856 igitur
2782 801 2846 841 ex
2871 801 3022 842 more
3049 801 3278 855 corpore
3300 786 3440 856 ejus,
3467 785 3625 854 petiit
3648 801 3811 854 supra

2234 891 2378 946 saepe
2414 887 2744 932 memoratus
2770 893 2951 932 rerum
2977 877 3216 932 Anselmi
3242 878 3491 946 provisor
3511 893 3575 931 ac
3596 877 3820 945 dispen-

2236 975 2387 1020 sator
2420 966 2739 1033 Balduinus,
2777 975 3044 1036 quatenus
3093 967 3262 1022 facies
3309 966 3491 1022 Patris
3537 966 3818 1032 balsamo,

2241 1056 2384 1126 quod
2415 1057 2704 1112 admodum
2743 1073 2932 1128 parum
2963 1058 3015 1111 in
3054 1058 3277 1127 parvulo
3311 1073 3441 1112 vase
3471 1057 3573 1110 sibi
3615 1053 3814 1124 majori

2234 1145 2351 1217 ejus
2372 1155 2526 1218 parte
2553 1148 2762 1217 perdita
2796 1156 3153 1212 remanserat,
3184 1148 3558 1217 inungeretur,
3585 1159 3819 1215 sperans

2235 1250 2398 1308 atque
2425 1248 2717 1309 peroptaus
2750 1254 2818 1294 eo
2848 1239 3008 1293 modo
3035 1239 3182 1293 illam
3209 1238 3295 1295 vel
3323 1239 3545 1294 modice.
3577 1237 3819 1306 amplius

2233 1338 2505 1383 servatum
2541 1329 2606 1382 iri
2651 1343 2717 1383 ne
2755 1339 3220 1399 corrumperetur.
3256 1327 3676 1398 Acquievimus,
3710 1326 3820 1380 viri

2236 1416 2557 1472 industriam
2581 1419 2996 1488 amplectentes.
3024 1419 3132 1473 Vas
3155 1433 3285 1488 ergo
3309 1418 3478 1487 ipsius
3504 1417 3734 1486 liquoris
3763 1417 3821 1471 in

2237 1524 2457 1563 manum
2504 1509 2790 1579 cpiscopus
2819 1510 3068 1579 sumpsit,
3101 1519 3156 1565 et
3184 1519 3446 1565 uncturns
3471 1510 3680 1564 vultum
3717 1509 3822 1563 de-

2236 1598 2432 1662 functi,
2481 1600 2708 1670 digitum
2754 1599 2920 1654 fundo
2955 1601 3101 1656 vasis
3142 1601 3424 1656 immersit.
3467 1601 3638 1666 Quem
3675 1599 3826 1654 illico

2237 1691 2547 1753 extrahens,
2594 1691 2688 1746 sed
2728 1692 2816 1745 vix
2841 1691 3208 1746 summitatem
3253 1693 3336 1746 sui
3381 1691 3533 1761 digiti
3573 1689 3826 1744 madefa-

2239 1789 2384 1837 ctam
2410 1782 2708 1852 reperiens,
2737 1791 2884 1836 ratus
2910 1792 2993 1836 est
3020 1781 3321 1836 balsamum
3351 1781 3524 1850 ipsum
3555 1781 3827 1850 ungendae.

555 1871 667 1926 Deo
690 1870 872 1925 vivere
901 1870 1245 1925 hortabatur.
1279 1869 1537 1924 llluxerat
1569 1845 1848 1926 Dominica
1875 1870 1991 1924 dies
2017 1869 2135 1924 Pal-
2165 1845 2211 1904 Β
2243 1872 2398 1928 faciei
2427 1845 2846 1943 haudquaquam
2879 1887 3036 1941 posse
3063 1870 3332 1927 sufﬁcere.
3361 1845 3703 1941 Quapropter
3733 1885 3830 1925 ro-

553 1975 790 2025 marum,
816 1968 873 2014 et
903 1975 1002 2015 nos
1035 1975 1133 2029 pro
1161 1974 1313 2014 more
1342 1960 1485 2014 circa
1518 1973 1640 2014 eum
1672 1959 2015 2014 sedebamus.
2049 1960 2141 2014 Di-

554 2055 635 2108 xit
665 2054 851 2122 itaque
889 2053 938 2106 ei
981 2067 1122 2106 unus
1155 2061 1401 2106 nostrum
1439 2069 1452 2105 :
1485 2051 1714 2106 Domine
1742 2050 1926 2118 Pater,
1957 2063 2018 2105 ut
2047 2065 2140 2106 no-

554 2145 641 2200 bis
676 2143 902 2214 intelligi
931 2143 1112 2207 datur,
1140 2143 1204 2196 ad
1228 2143 1539 2212 pasehalem
1563 2141 1766 2196 domini
1803 2142 1878 2196 tui
1907 2141 2134 2209 curiam,

561 2235 756 2291 relicto
787 2234 982 2290 sreculo
1023 2234 1195 2288 vadis.
1254 2233 1552 2303 Respondit
1601 2251 1615 2287 :
1659 2233 1922 2303 Equidem
1962 2233 2006 2288 si
2046 2247 2141 2286 vo—

558 2325 743 2380 luntas
775 2323 892 2392 ejus
920 2325 972 2378 in
1009 2324 1112 2378 hoc
1141 2333 1245 2389 est,
1277 2324 1547 2380 voluntati
1579 2323 1698 2394 ejus
1728 2323 1904 2378 libens
1936 2324 2140 2393 parebo

560 2414 684 2486 [al.,
722 2429 830 2468 non
862 2415 1281 2488 contradicam].
1318 2415 1515 2470 Verum
1546 2416 1590 2470 si
1633 2415 1818 2470 mallet
1847 2431 1933 2470 me
1961 2416 2140 2471 adhuc

558 2505 705 2560 inter
741 2520 839 2560 vos
886 2505 1080 2560 saltem
1116 2516 1228 2560 tam
1271 2507 1358 2560 diu
1409 2522 1656 2573 manere,
1683 2508 1856 2562 donec
1885 2508 2140 2578 quaestio-

558 2610 711 2663 nem,
756 2611 920 2666 quam
969 2597 1034 2652 de
1074 2597 1268 2652 anima:
1297 2597 1508 2669 origine
1535 2608 1717 2654 mente
1753 2599 1992 2662 revolvo,
2037 2599 2134 2653 ab-

557 2688 769 2744 solvere
804 2705 1052 2761 possem,
1091 2692 1365 2761 gratiosus
1400 2691 1737 2762 acciperem;
1770 2707 1838 2748 eo
1866 2692 2008 2762 quod
2044 2705 2138 2746 ne.

555 2780 673 2836 scio
702 2789 880 2836 utrum
905 2781 1106 2851 aliquis
1133 2797 1252 2837 eam
1277 2797 1365 2836 me
1390 2783 1646 2839 defuncto
1671 2783 1742 2837 sit
1766 2782 2137 2837 absoluturus.

557 2869 672 2940 Ego
702 2871 922 2939 quippe,
955 2873 998 2924 si
1032 2872 1315 2926 comedere
1338 2886 1578 2942 possem,
1608 2886 1770 2943 spero
1793 2870 2139 2926 convalesce-

558 2975 697 3016 rem.
753 2959 886 3014 Nam
928 2960 1064 3014 nihil
1104 2961 1306 3015 doloris
1358 2961 1413 3014 in
1463 2960 1643 3030 aliqua
1691 2961 1938 3031 corporis
1984 2971 2140 3029 parte

560 3053 761 3116 sentio,
812 3053 912 3106 nisi
960 3052 1102 3122 quod
1146 3052 1450 3108 lacessente
1499 3054 1806 3118 stomacho,
1843 3054 1914 3108 ob
1955 3053 2136 3109 cibum

561 3161 721 3215 quem
751 3159 945 3214 capere
968 3145 1153 3214 nequit
1177 3143 1302 3217 [al.,
1325 3144 1578 3216 nequeo],
1600 3154 1744 3200 totus
1765 3145 1978 3200 delicio.

635 3242 724 3296 75.
769 3238 1194 3308 Vesperascente
1240 3241 1436 3295 dehinc
1476 3240 1611 3296 feria
1643 3242 1826 3307 tertia,
1861 3257 1984 3296 cum
2026 3243 2141 3311 ipse

561 3333 749 3394 verba,
773 3346 893 3401 quae
923 3331 1144 3401 intelligi
1177 3341 1418 3402 possent,
1441 3331 1601 3386 edere
1624 3331 1735 3401 jam
1760 3331 1901 3386 nulla
1916 3331 2142 3397 valeret,

566 3431 786 3494 rogatus
806 3439 836 3477 a
870 3421 1154 3492 Radulpho
1183 3422 1295 3493 (42)
1325 3421 1544 3477 Rofensi
1569 3422 1843 3493 episcopo,
1887 3430 1948 3476 ut
1988 3422 2146 3476 nobis

567 3513 663 3583 qui
692 3513 1002 3576 aderamus,
1033 3523 1092 3567 et
1118 3513 1240 3566 aliis
1271 3513 1396 3568 ﬁliis
1421 3514 1554 3577 suis,
1591 3514 1700 3583 regi
1741 3528 1957 3582 quoque
1983 3521 2038 3565 et
2062 3527 2148 3566 re-

568 3607 709 3677 gina:
739 3622 860 3662 cum
908 3607 1095 3662 liberis
1138 3621 1350 3669 corum,
1397 3621 1465 3662 ac
1509 3606 1707 3676 populo
1755 3614 1934 3670 terrae,
1965 3607 2057 3673 qui
2092 3605 2146 3657 in

570 3696 690 3764 ejus
722 3696 1031 3752 obedientia
1061 3711 1120 3750 se
1151 3698 1251 3750 sub
1293 3696 1404 3752 Deo
1453 3705 1722 3761 tenuerat,
1751 3710 1903 3750 suam
1931 3693 2148 3749 absolu-

567 3788 772 3842 tionem
805 3803 866 3842 ac
891 3788 1325 3844 benedictionem
1349 3787 1659 3858 largiretur,
1691 3787 1972 3842 dexteram
1997 3785 2148 3855 quasi

569 3877 708 3932 nihil
747 3876 875 3932 mali
920 3884 1202 3946 pateretur
1233 3877 1430 3942 erexit,
1459 3885 1515 3931 et
1551 3876 1708 3946 signo
1740 3882 1945 3930 sancta:
1968 3875 2149 3931 crucis

569 3966 737 4034 edito,
767 3967 1001 4022 demisso
1034 3967 1213 4037 capite
1246 3967 1408 4022 sedit.
1447 3965 1564 4021 Jam
1592 3967 1822 4021 fratrum
1849 3974 2148 4022 conventus

570 4057 628 4112 in
665 4055 859 4125 majori
896 4057 1126 4113 ecclesia
1168 4056 1464 4111 matutinas
1503 4056 1689 4112 laudes
1725 4055 2070 4120 decantabat,
2096 4063 2152 4109 et

569 4161 711 4202 unus
735 4161 924 4201 eorum
960 4145 1053 4216 qui
1090 4145 1236 4201 circa
1274 4145 1491 4200 Patrem
1531 4145 1896 4209 excubabant,
1935 4153 2153 4215 sumpto

570 4245 724 4291 textu
783 4237 1196 4306 Evangeliorum
1248 4235 1378 4304 legit
1448 4236 1760 4290 Passionem
1818 4251 2002 4290 coram
2052 4249 2149 4300 co,

570 4342 690 4396 qua:
719 4327 832 4397 (4³5)
868 4327 979 4395 ipsa
1023 4327 1111 4380 die
1141 4325 1208 4380 ad
1255 4325 1474 4379 missam
1505 4325 1613 4394 legi
1642 4325 1891 4380 debebat.
1924 4324 2026 4380 Ubi
2057 4340 2152 4378 au-

572 4425 680 4472 tem
707 4416 855 4470 venit
883 4416 949 4470 ad
979 4416 1139 4470 verba
1184 4414 1396 4468 Domini
1433 4433 1446 4467 :
1486 4413 1590 4467 Vos
1630 4415 1751 4468 estis
1777 4415 1868 4484 qui
1907 4431 2152 4483 perman-

571 4507 714 4560 sistis
753 4521 958 4558 mecum
1003 4507 1058 4559 in
1104 4503 1480 4558 tentationibus
1527 4505 1679 4567 meis,
1711 4513 1758 4557 et
1800 4519 1892 4572 ego
1933 4504 2151 4573 dispono

571 4594 730 4658 vobis,
785 4595 920 4648 sicut
958 4593 1215 4663 disposuit
1258 4593 1387 4646 mihi
1433 4591 1595 4647 Pater
1646 4610 1791 4647 meus
1823 4610 2059 4664 regnum,
2093 4605 2150 4648 ut

570 4683 737 4737 edulis
766 4691 814 4736 ct
845 4682 1032 4735 bibatis
1076 4698 1234 4750 super
1276 4697 1507 4736 mensam
1546 4699 1717 4736 meam
1761 4683 1818 4736 in
1849 4698 2008 4752 regno
2037 4698 2151 4736 meo

571 4773 723 4846 (Luc.
766 4789 904 4839 χχιι,
930 4773 1048 4841 29),
1078 4771 1277 4828 lentius
1304 4773 1464 4828 solito
1501 4773 1752 4842 spiritum
1797 4773 2014 4828 trahere
2039 4775 2152 4827 dm-

578 4867 678 4936 pit.
713 4864 996 4920 Sensimus
1038 4864 1200 4931 igitur
1240 4879 1362 4918 eum
1386 4863 1613 4934 jamjam
1638 4865 1938 4929 obiturum,
1979 4873 2035 4918 et
2084 4864 2151 4919 de

573 4957 717 5012 lecto
739 4970 903 5025 super
927 4955 1161 5009 cilicium
1187 4961 1244 5009 et
1275 4953 1486 5009 cineres
1510 4953 1715 5024 positus
1740 4961 1844 5008 est.
1876 4953 2153 5008 Adunato-

569 5063 675 5117 que
717 5047 863 5102 circa
903 5059 1027 5100 eum
1073 5045 1328 5098 universo
1374 5044 1607 5098 filiorum
1645 5057 1866 5097 suorum
1911 5042 2152 5112 agmine,

575 5137 824 5192 ultimum
856 5137 1104 5206 spiritum
1137 5135 1192 5188 in
1225 5149 1418 5190 manus
1439 5133 1714 5190 Creatoris
1746 5133 2001 5188 emittens
2026 5133 2154 5187 dor-

576 5226 736 5281 mivit
774 5227 830 5281 in
872 5240 1023 5295 pace.
1053 5224 1291 5279 Transiit
1336 5234 1519 5278 autem
1565 5224 1917 5279 illucescente
1957 5238 2156 5277 aurora

574 5329 782 5388 quarta:
800 5317 947 5371 feria:
973 5315 1564 5386 prrecedentichenam
1584 5314 1820 5379 Domini,
1835 5329 1955 5385 qua:
1966 5323 2085 5369 erat
2102 5329 2157 5368 x1

574 5409 846 5465 Kalendas
885 5407 1030 5473 Maii,
1071 5425 1214 5464 anno
1257 5407 1508 5463 videlicet
1561 5407 1852 5461 Dominicae
1906 5406 2160 5460 lncarna-

2165 3187 2213 3250 C

2242 1972 2354 2034 gat,
2401 1962 2701 2017 balsamum
2741 1962 2884 2032 quod
2913 1961 3252 2018 conficiendo
3293 1962 3571 2016 chrismati
3619 1961 3674 2015 in
3707 1977 3830 2014 ma-

2236 2054 2346 2124 jori
2376 2054 2609 2110 ecclesia
2661 2057 3006 2120 servabatur,
3046 2053 3250 2118 afferri,
3294 2053 3519 2124 cupiens
3565 2052 3826 2106 videlicet

2241 2163 2346 2203 una
2375 2163 2498 2203 cum
2525 2150 2701 2218 capite
2728 2149 3008 2204 dexteram
3035 2148 3173 2219 ejus,
3206 2163 3306 2217 per
3329 2163 3450 2218 qua:
3481 2147 3648 2201 multa
3677 2147 3828 2202 bona

2242 2247 2406 2308 atque
2447 2240 2625 2295 divina
2666 2239 2878 2294 dixerat
2904 2247 2960 2294 et
2991 2238 3306 2309 scripserat,
3336 2238 3430 2292 tali
3459 2247 3688 2293 unctura
3721 2237 3826 2292 ho-

2244 2331 2452 2385 norari.
2481 2331 2538 2386 In
2575 2332 2659 2386 his
2687 2347 2810 2387 cum
2843 2332 3099 2400 episcopo
3125 2345 3298 2397 eram,
3331 2340 3388 2386 et
3417 2345 3540 2385 eum
3577 2331 3632 2385 in
3663 2331 3834 2385 mini-

2242 2423 2411 2478 sterio
2442 2423 2533 2478 illo
2563 2423 2842 2491 jnvabam.
2883 2423 3137 2492 lmpressi
3177 2432 3300 2493 post
3338 2437 3462 2478 eum
3494 2422 3546 2476 in
3577 2437 3675 2476 vas
3707 2421 3828 2476 bal-

2241 2514 2376 2569 sami
2410 2514 2636 2585 digitum
2662 2528 2860 2578 meum,
2887 2522 2943 2569 et
2962 2528 3136 2584 aeque,
3161 2523 3255 2568 aut
3280 2523 3428 2569 certe
3451 2513 3629 2567 minus
3651 2512 3828 2582 digito

2240 2603 2360 2673 ejus
2410 2603 2716 2658 madentem
2754 2603 2989 2658 extraxi.
3043 2602 3230 2672 Itaque
3267 2611 3488 2672 rogatus
3532 2601 3825 2671 episcopus

2240 2693 2374 2746 ntihi
2422 2707 2519 2747 vas
2559 2693 2611 2745 in
2657 2691 2893 2769 palmam
2935 2705 3161 2746 versare
3205 2692 3249 2746 si
3292 2691 3442 2760 forte
3484 2690 3606 2744 inde
3635 2689 3828 2758 aliqua

2241 2792 2390 2854 gutta
2416 2783 2715 2846 deﬂueret;
2747 2783 3039 2853 acquievit,
3064 2790 3120 2837 et
3143 2781 3289 2837 illico
3320 2779 3664 2851 stupentibus
3689 2794 3827 2833 cnn-

2241 2876 2347 2930 Ctis
2385 2875 2564 2944 liquor
2603 2876 2882 2938 desiliens,
2910 2874 3066 2944 copia
3099 2874 3180 2928 sui
3215 2888 3432 2927 manum
3462 2886 3637 2926 meam
3669 2885 3827 2924 com-

2242 2965 2408 3036 plevit
2431 2974 2485 3021 et
2519 2964 2923 3036 supereﬂluxit?
2959 2963 3074 3018 Hoc
3107 2964 3279 3034 ipsum
3312 2962 3552 3018 secundo
3578 2969 3636 3013 et
3661 2960 3831 3014 tertio

2245 3072 2307 3112 ac
2344 3057 2543 3126 smpius
2595 3055 2799 3112 factum
2859 3063 2964 3110 est.
3025 3053 3092 3108 Et
3147 3053 3277 3124 quid
3322 3050 3537 3107 dicam?
3591 3049 3833 3103 Tantam

2244 3146 2628 3202 abundantiam
2649 3145 2878 3200 balsami
2901 3158 2998 3198 vas
3019 3141 3192 3197 ferme
3214 3157 3443 3196 vacuum
3469 3137 3834 3205 ministravit,

2247 3246 2306 3292 ut
2332 3238 2538 3292 intacto
2557 3252 2685 3292 vase
2716 3235 2961 3291 ecclesia:
2998 3249 3104 3289 non
3131 3232 3306 3288 solum
3333 3240 3496 3302 caput
3522 3240 3578 3285 et
3609 3245 3830 3290 manus,

2244 3327 2340 3382 sed
2381 3326 2625 3390 brachia,
2657 3333 2863 3395 pectus,
2905 3322 3067 3392 pedes
3105 3314 3321 3390 queque
3348 3333 3403 3374 et
3431 3329 3600 3374 totum
3627 3333 3833 3385 corpus

2245 3420 2362 3488 ejus
2391 3433 2494 3472 non
2528 3433 2632 3471 una
2657 3417 2749 3472 sed
2782 3414 2978 3485 saepius
3003 3415 3231 3484 repetita
3257 3413 3375 3468 vice
3401 3410 3549 3467 omni
3574 3427 3640 3466 ex
3664 3420 3834 3481 parte

2247 3510 2655 3580 inungeremus.
2688 3506 2893 3560 Dehinc
2938 3519 3088 3560 more
3121 3503 3318 3559 summi
3356 3501 3632 3572 pontificis
3663 3500 3835 3555 vesti-

2245 3603 2348 3656 bus
2371 3610 2455 3655 est
2491 3599 2666 3654 sacris
2703 3597 2944 3662 indutus,
2979 3605 3036 3652 et
3063 3596 3116 3651 in
3145 3593 3447 3650 oratorium
3474 3592 3659 3648 debita
3702 3607 3834 3646 cum

2247 3691 2601 3746 veneratione
2629 3688 2860 3744 delatus.

2318 3782 2405 3836 75.
2445 3781 2501 3835 In
2532 3779 2771 3836 crastino
2801 3788 2981 3834 autem
3013 3793 3135 3833 cum
3162 3777 3455 3847 sepulturae
3497 3775 3837 3841 traderetur,

2249 3875 2647 3944 sarc0phagum
2673 3872 2819 3942 quod
2847 3871 2924 3926 illi
2949 3871 3126 3926 fuerat
3146 3871 3392 3941 pluribus
3419 3867 3839 3924 retroactisdie-

2256 3966 2359 4020 bus
2386 3973 2773 4034 prmparatum,
2805 3959 3139 4030 longitudine
3179 3957 3396 4028 quidem
3450 3965 3504 4011 et
3541 3955 3838 4009 latitudine

2257 4065 2466 4128 aptum,
2493 4055 2586 4110 sed
2608 4052 2973 4124 prol‘unditate
3000 4065 3193 4121 magna
3223 4065 3291 4104 ex
3331 4058 3487 4118 parte
3526 4047 3707 4100 minus
3736 4045 3841 4099 ha-

2250 4151 2387 4204 bens
2425 4147 2700 4202 inventum
2739 4155 2842 4198 est.
2871 4143 3025 4210 Quod
3053 4141 3464 4196 considerantes
3487 4137 3672 4191 animo
3701 4135 3845 4190 deli-

2251 4237 2552 4302 ciebamus,
2601 4235 2747 4290 nulla
2798 4233 3008 4288 scilicet
3053 4231 3268 4284 ratione
3314 4228 3426 4298 pati
3476 4225 3746 4288 valentes,
3779 4231 3844 4277 ut

2252 4327 2520 4396 superiori
2549 4325 2729 4394 lapide
2751 4337 2990 4393 pressus,
3023 4335 3118 4375 sua
3146 4319 3457 4389 integritate
3488 4315 3844 4383 aliquatenus

2254 4418 2414 4473 lzesus
2439 4417 2767 4486 privaretur.
2795 4413 2928 4468 Cum
2957 4414 3140 4481 itaque
3162 4411 3213 4464 in
3241 4410 3344 4464 hoc
3368 4405 3584 4476 plurimi
3612 4403 3846 4458 ﬂuctua-

2181 4535 2230 4595 υ
2255 4517 2401 4573 rent,
2447 4515 2504 4562 et
2541 4505 2629 4560 alii
2669 4505 2771 4569 sic,
2809 4503 2900 4558 alii
2944 4516 3075 4556 vero
3114 4499 3193 4554 sic
3236 4513 3351 4552 rem
3383 4509 3542 4566 posse
3582 4493 3844 4595 componi

2259 4599 2614 4662 dictitarent;
2662 4595 2884 4665 quidam
2926 4608 2994 4647 ex
3043 4589 3288 4646 conferta
3341 4584 3689 4642 multitudine
3731 4581 3848 4636 fra-

2258 4671 2424 4755 trum,
2453 4697 2736 4756 acceptum
2770 4682 3024 4740 baculum
3051 4679 3288 4752 episcopi
3317 4675 3592 4741 Rofensis,
3628 4673 3720 4742 qui
3753 4671 3847 4726 fu-

2259 4782 2408 4836 neris
2462 4779 2697 4834 omcium
2749 4790 2994 4846 praasens
3049 4773 3268 4844 agebat,
3321 4785 3419 4838 per
3468 4777 3848 4820 transversum

2259 4869 2580 4940 sarcophagi
2604 4881 2768 4937 super
2789 4879 2988 4934 corpus
3011 4863 3190 4918 Patris
3211 4863 3406 4915 ducere
3436 4857 3623 4926 erepit,
3651 4865 3706 4910 et
3724 4856 3848 4925 jam

2260 4963 2391 5018 illud
2436 4959 2584 5016 omni
2635 4973 2703 5012 ex
2753 4967 2909 5026 parte
2952 4953 3172 5024 corpori
3205 4950 3445 5021 jacentis
3485 4946 3853 5016 praeeminere

2260 5067 2460 5122 magna
2496 5049 2654 5104 nobis
2687 5046 2884 5102 exinde
2919 5043 3280 5097 admiratione
3314 5037 3580 5107 permotis
3611 5034 3851 5088 invenit.

2257 5142 2336 5197 Ita
2364 5156 2494 5210 ergo
2524 5136 2833 5193 venerabile
2863 5148 3061 5203 corpus
3102 5130 3281 5186 Patris
3321 5125 3561 5182 Anselmi
3604 5122 3857 5177 Cantua-

2264 5234 2458 5290 rieusis
2485 5232 2561 5304 [al
2591 5273 2606 5297 ,
2642 5223 3092 5296 Dorobernensis]
3117 5217 3508 5288 archiepiscopi
3544 5230 3608 5268 ac
3632 5215 3854 5283 prima-

2263 5328 2336 5382 tis
2365 5325 2532 5380 totius
2557 5319 2854 5376 Britanniae
2882 5316 3132 5385 sepulcro
3163 5311 3452 5373 inclusum,
3489 5306 3618 5377 quid
3658 5305 3859 5359 condi-

2264 5417 2343 5471 tio
2369 5413 2798 5471 sortishumanae
2829 5409 3048 5472 habeat,
3076 5407 3127 5459 in
3151 5419 3210 5460 se
3232 5416 3424 5457 omnes
3447 5399 3537 5469 qui
3557 5404 3857 5468 pertrans-

1878 5519 2290 5583 HENSCHENII
2326 5523 2561 5582 NOTAE.

649 5617 761 5688 (42)
801 5617 901 5684 Qui
932 5619 1138 5674 scilicet
1163 5632 1230 5671 ex
1255 5615 1449 5671 abbate
1485 5613 1753 5685 Sagiensi,
1772 5611 1882 5680 jam
1913 5621 2038 5667 ante
2066 5628 2158 5668 as-

578 5698 826 5750 sumptus
856 5699 996 5750 erat,
1029 5697 1088 5742 nt
1127 5688 1330 5742 dictum
1358 5695 1461 5742 est.

650 5705 697 5742 m
743 5705 826 5742 tus
856 5705 996 5750 erat,
1029 5705 1088 5742 ut
1127 5705 1330 5742 metum
1358 5705 1461 5742 esr.

650 5705 762 5830 (ιὲ)
802 5759 872 5813 Ea
911 5768 993 5815 est
1023 5759 1209 5815 Passio
1249 5756 1544 5813 secundum
1589 5755 1806 5818 Lucam,
1841 5753 2155 5826 przescripta

2262 5617 2537 5746 ξιξὲιῶἓῖζει
2563 5630 2614 5669 tv
2640 5611 2857 5683 Majoris
2886 5607 3254 5673 hebdomadm,
3276 5585 3398 5674 qua:
3428 5600 3514 5657 illa
3551 5605 3711 5657 nocte
3731 5605 3866 5656 erat
