4068 6286
237 326 332 382 “7

1147 324 1304 380 VITA
1349 324 1676 382 AUCTORE
1715 323 2071 381 EADMERO.
2102 353 2172 365 —
2212 322 2551 381 SUPPLEM.

3384 326 3484 380 ll8

233 447 375 506 eunt,
409 437 485 494 sui
528 436 778 509 exemplo
825 444 1004 492 monet
1033 438 1332 493 attendere.
1375 437 1518 494 Sane
1560 439 1611 493 in
1652 438 1800 492 obitu
1831 441 1879 498 Λ
1902 438 2101 493 viderit
2125 437 2419 493 anteferre.
2443 435 2516 492 Ut
2537 435 2682 492 enim
2711 443 2907 491 cuncta
2928 435 3254 500 scribantur,
3288 435 3483 491 inﬁniti

230 539 424 601 etpost
457 529 664 584 obitum
697 528 837 599 ejus,
870 527 1039 583 multa
1073 543 1102 582 a
1135 528 1320 583 multis
1345 529 1459 583 visa
1487 537 1802 592 narrantur,

231 635 346 687 qua:
375 619 600 690 gloriam
629 619 771 689 ejus,
796 634 958 688 quam
991 633 1089 688 pro
1121 617 1333 674 meritis
1355 619 1468 673 suis
1498 633 1620 672 cum
1653 633 1806 673 rece-

230 712 370 780 pisse
396 726 426 764 a
455 709 566 764 Deo
594 724 702 764 non
733 709 1066 772 dubitamus,
1107 717 1453 764 attestantur.
1485 707 1694 776 Quibus
1724 717 1805 762 ta-

236 815 352 854 men
401 798 707 853 scribendis
758 798 998 854 laborem
1045 800 1253 854 intrare
1304 798 1600 864 noluimus,
1627 799 1803 869 magis

231 889 478 944 videlicet
507 889 770 960 eligentes
797 891 1017 945 silentio
1064 899 1251 947 nostro
1294 906 1485 946 omnes
1532 891 1623 962 qui
1672 892 1802 946 dor-

227 982 440 1037 miendo
475 996 542 1036 ea
588 981 842 1037 viderunt
888 997 1046 1051 pares
1099 982 1300 1046 facere,
1343 998 1506 1053 quam
1541 982 1642 1037 ista
1677 982 1810 1037 scri-

223 1072 421 1141 bendo,
472 1073 562 1129 illa
598 1088 706 1129 non
736 1073 1051 1141 scribendo,
1081 1090 1249 1142 unum
1275 1073 1366 1130 alii
1411 1073 1566 1146 quasi
1595 1074 1806 1146 potiora

1909 529 2113 601 negotii
2141 537 2246 584 est.
2277 528 2480 598 Aperta
2508 527 2742 597 denique
2773 526 2934 593 facta,
2972 542 3093 596 quae
3114 527 3257 582 Deus
3286 541 3384 597 per
3407 529 3487 597 ip-

1905 638 2024 677 sum
2053 620 2234 676 facere
2256 621 2508 691 dignatus
2530 627 2630 682 est,
2655 625 2711 672 et
2734 634 2833 674 nos
2857 617 3040 674 talium
3060 617 3186 672 nudi
3209 631 3306 686 pro
3329 632 3486 687 posse

1905 709 2257 780 digessimus,
2288 715 2419 776 puto
2451 707 2701 762 sullicere
2731 706 2795 760 ad
2827 705 3075 761 notitiam
3105 704 3488 760 retributionis

1903 809 1960 856 et
1986 798 2423 856 conversationis
2452 797 2578 852 vita:
2606 796 2730 869 [αι.,
2764 797 3144 852 retributionis
3175 795 3324 868 vitaz]
3347 796 3485 866 ejus.

1907 892 1990 948 Sit
2019 893 2202 962 itaque
2229 890 2341 945 Deo
2370 889 2519 944 Patri
2552 890 2933 960 omnipotenti,
2966 899 3022 945 et
3043 889 3200 955 Filio,
3226 899 3279 944 et
3300 898 3488 944 sancto

1910 981 2137 1052 Spiritui
2169 981 2289 1035 laus
2311 988 2367 1035 et
2398 980 2699 1050 gratiarum
2735 979 2901 1045 actio,
2933 995 3077 1036 nunc
3105 989 3154 1036 et
3185 995 3283 1051 per
3302 979 3486 1035 omnia

1913 1071 2234 1129 saeculorum
2276 1069 2493 1127 saecula.
2525 1070 2719 1125 Amen.

225 1267 3484 1297 ww“

749 1426 882 1528 AD
956 1427 1406 1530 EADMERI
1461 1428 1801 1530 LIBROS
1873 1431 1999 1528 DE
2074 1431 2306 1528 VITA
2405 1428 2480 1528 S.
2554 1425 2975 1527 ANSELMI

1337 1651 2362 1746 SUPPLEMENTUM.

1158 1846 1490 1916 (Wsnruox,
1521 1844 1706 1914 Anglia
1721 1861 1898 1913 sacra,
1927 1855 2056 1900 tom.
2091 1847 2153 1912 ll,
2189 1863 2311 1918 pag.
2340 1849 2485 1914 181.)

1617 2001 1643 2014 δ

1685 2003 2071 2019 ἠ*

273 2092 394 2162 (Η)
425 2089 680 2155 Quaedam
711 2098 888 2143 autem
919 2102 1040 2158 qua:
1075 2103 1182 2143 non
1205 2101 1303 2158 per
1340 2085 1608 2142 somnium
1635 2088 1783 2142 acci-
1819 2093 1860 2146 Β
1887 2087 2023 2156 ejus.
2085 2088 2274 2160 Magna
2321 2088 2414 2144 Dei
2463 2089 2658 2158 pietas,
2715 2105 2908 2160 magna
2953 2090 3214 2158 potentia.
3244 2087 3481 2143 Necdum

206 2179 349 2235 disse
379 2179 569 2250 elapso
587 2185 710 2248 post
735 2177 941 2231 obitum
1005 2173 1122 2243 ejus
1170 2190 1277 2229 non
1327 2175 1486 2244 longo
1540 2174 1798 2245 temporis

205 2267 420 2336 spatio,
445 2269 539 2324 sed
572 2268 624 2320 in
649 2267 799 2336 gravi
844 2265 1162 2320 discrimine
1209 2263 1519 2318 constitutis
1548 2279 1644 2333 per
1686 2280 1800 2320 me—

207 2362 444 2414 moriam
477 2359 550 2428 pii
585 2356 821 2413 nominis
860 2355 977 2422 ejus
1016 2354 1330 2424 provenisse
1387 2352 1656 2416 feruntur,
1715 2354 1800 2408 vis

207 2450 416 2504 amoris
448 2464 556 2517 quo
577 2461 708 2517 erga
737 2461 859 2501 eum
913 2444 1134 2515 quidam
1203 2458 1448 2499 meorum
1509 2441 1684 2496 adhuc
1714 2457 1800 2497 ar-

207 2541 353 2605 dent,
398 2537 591 2606 paucis
609 2550 694 2590 me
725 2545 914 2589 notare
939 2533 1233 2604 compellit.
1357 2543 1360 2547 ‘

271 2625 435 2698 [ΟΑΡ.
468 2623 677 2696 LXVI.]
700 2623 959 2678 Arnull’us
1015 2624 1239 2692 quidam
1271 2623 1508 2690 nomine,
1551 2622 1691 2678 filius
1711 2637 1801 2679 co-

207 2717 350 2771 rnitis
374 2716 582 2786 Rogeri
606 2717 672 2770 de
701 2715 876 2770 Monte
927 2714 1230 2780 Gummeri,
1257 2724 1313 2769 et
1338 2715 1452 2783 ipse
1501 2730 1706 2783 comes,
1733 2716 1801 2774 de

208 2805 609 2862 Northmannia
643 2805 892 2874 Angliam
923 2790 1158 2868 rediens,
1197 2803 1393 2858 marini
1425 2804 1634 2859 itineris
1680 2820 1798 2860 me-

209 2898 348 2954 dium
381 2912 650 2968 prospero
667 2913 830 2952 cursu
863 2905 1143 2966 peregerat
1172 2913 1186 2962 ;
1215 2906 1269 2950 et
1290 2911 1417 2952 ecce
1437 2906 1624 2954 contra
1647 2912 1797 2967 spem

210 2991 454 3045 omnium
495 2989 549 3044 in
582 2989 703 3044 navi
735 2988 1147 3045 consistentium
1179 2988 1359 3046 subito
1390 2989 1587 3045 nebula
1616 2989 1798 3045 nimim

211 3077 504 3134 densitatis
555 3078 824 3146 exsurgit,
874 3077 1258 3146 supercrescit,
1313 3078 1440 3147 quin
1500 3088 1556 3134 et
1603 3087 1797 3134 ventus

211 3170 381 3224 omnis
429 3183 542 3238 quo
588 3167 946 3236 vehebantur,
1006 3167 1182 3234 cadit,
1239 3170 1532 3237 evanescit,
1565 3169 1794 3240 deperit.

213 3257 367 3314 Navis
403 3261 467 3314 in
506 3260 684 3315 medio
718 3259 892 3331 pelagi
920 3259 1123 3315 nullum
1154 3275 1262 3330 quo
1284 3261 1337 3316 in
1357 3261 1611 3318 ulteriora
1636 3277 1796 3336 rape-

215 3357 356 3402 retur
372 3357 602 3403 ventum
633 3347 854 3411 habens,
889 3363 988 3404 nec
1017 3347 1204 3417 quoein
1237 3363 1299 3403 ea
1325 3349 1662 3406 consistebat
1693 3351 1792 3405 ho-

215 3440 411 3494 minum
452 3440 740 3496 multitudo
795 3457 906 3511 pra:
935 3442 1204 3498 densitate
1253 3443 1461 3498 nebulze
1515 3458 1676 3514 quam
1713 3453 1795 3500 te-
1822 3421 1868 3483 Ο

215 3539 359 3584 neret
397 3529 547 3584 viam
575 3529 890 3599 dignoscere
913 3529 1115 3594 valens,
1153 3531 1258 3586 huc
1288 3541 1342 3587 et
1372 3532 1500 3588 illuc
1526 3533 1668 3588 inter
1695 3549 1797 3586 un-

219 3619 396 3675 darum
432 3621 680 3676 cumulos
708 3622 859 3677 navis
902 3622 1106 3678 nullum
1139 3623 1243 3678 iter
1265 3623 1542 3694 explicans
1575 3625 1800 3680 ﬂuctua-

218 3707 328 3775 bat;
353 3720 410 3765 ct
432 3711 743 3768 consistens
766 3712 816 3766 in
856 3728 918 3768 ea
963 3714 1123 3768 taedio
1170 3716 1474 3771 vehementi
1501 3713 1694 3771 amicta
1723 3717 1800 3770 vi-

222 3814 392 3854 rorum
430 3803 590 3856 turba
633 3802 814 3858 animo
873 3804 1174 3860 deﬁciebat.
1212 3805 1359 3859 Mare
1411 3806 1677 3875 siquidem
1704 3822 1799 3862 eos

221 3903 309 3958 per
334 3893 458 3946 dies
510 3892 644 3948 duos
677 3893 767 3947 tali
791 3894 951 3949 modo
1012 3893 1112 3950 sibi
1160 3895 1303 3948 haud
1357 3903 1510 3965 grato
1539 3896 1798 3967 obsequio

220 3983 551 4050 vindicabat;
578 3994 631 4040 et
664 3984 718 4039 in
744 3985 956 4041 diversa
1003 3995 1126 4040 vota
1167 3995 1376 4041 mentes
1429 3985 1666 4050 illorum,
1691 4005 1799 4058 quo

222 4085 364 4126 asuo
427 4073 727 4128 retinaculo
785 4073 1167 4141 solverentur,
1219 4084 1273 4129 et
1319 4091 1412 4130 ora
1471 4076 1797 4133 concitabat.

223 4161 458 4219 Tandem
513 4174 850 4220 memoratus
891 4180 1095 4232 comes,
1122 4167 1487 4222 memorandae
1527 4168 1799 4224 memoriae

221 4253 387 4312 Patris
417 4256 664 4311 Anselmi
715 4255 1056 4321 recordatus,
1115 4265 1239 4314 tota
1264 4257 1506 4313 omnium
1534 4259 1712 4326 rupit;
1743 4266 1800 4314 et

225 4354 276 4400 ut
300 4347 396 4402 sibi
423 4348 611 4418 paucis
638 4348 1003 4415 intenderent,
1031 4349 1179 4404 brevi
1200 4349 1433 4418 alloquio
1453 4357 1676 4404 cunctos
1703 4348 1800 4404 ad-

225 4438 425 4492 monuit
455 4454 470 4490 :
504 4456 522 4488 ι
559 4437 808 4506 Omissis,
833 4439 931 4505 ait,
955 4439 1206 4494 omnibus
1231 4439 1374 4506 aliis,
1397 4439 1450 4494 in
1477 4453 1638 4495 causa
1668 4452 1801 4508 prte-

225 4528 354 4582 senti
407 4538 793 4585 convertamus
840 4545 934 4586 cor
964 4542 1018 4585 et
1048 4531 1284 4600 linguam
1329 4542 1571 4587 nostram
1599 4531 1664 4584 ad
1699 4545 1798 4601 pa-

226 4625 350 4672 trem
406 4630 467 4675 et
507 4620 816 4690 pontificem
864 4629 1108 4676 nostrum
1139 4624 1410 4687 {sanctum
1461 4620 1796 4686 Ansefmum,

226 4722 373 4774 quem
419 4725 565 4778 saepe
613 4710 866 4774 vidimus,
913 4713 1000 4765 cui
1023 4709 1384 4777 adhaesimus,
1438 4709 1592 4778 cujus
1642 4725 1799 4765 sacra

227 4799 464 4856 doctrina
493 4802 705 4867 imbuti,
737 4813 791 4857 et
813 4803 968 4857 beata
994 4817 1180 4857 sumus
1210 4802 1583 4856 benedictione
1605 4802 1800 4872 sa‘pius

228 4891 510 4960 perfuncti,
529 4892 878 4963 implorantes
897 4901 1076 4946 notam
1103 4891 1260 4947 nobis
1288 4891 1540 4961 pietatem
1567 4891 1803 4961 pectoris

1825 4763 1878 4824 Β

1902 2194 2043 2246 eam,
2077 2196 2239 2248 quam
2297 2180 2479 2235 statim
2521 2180 2589 2235 ad
2648 2181 2870 2236 verbum
2921 2181 3134 2236 comitis
3185 2189 3484 2250 coeperant,

1905 2268 2237 2324 Dominicam
2260 2268 2572 2326 Orationem
2595 2269 2962 2340 perduxerant
2989 2283 3110 2322 cum
3155 2269 3332 2323 subito
3356 2284 3485 2322 eva-

1901 2366 2156 2412 nescente
2185 2356 2398 2424 nebula,
2428 2357 2548 2413 coeli
2609 2357 2873 2412 seueritas
2923 2363 3031 2409 tota
3066 2356 3226 2421 redit,
3257 2365 3311 2410 et
3336 2356 3486 2409 littus

1901 2447 1969 2502 ad
2018 2449 2163 2516 quod
2222 2448 2398 2516 primo
2441 2446 2767 2502 festinarant
2799 2461 2906 2501 non
2939 2445 3095 2514 longe
3155 2447 3346 2500 abesse
3379 2443 3486 2499 laeti

1902 2536 2262 2604 conspiciunt.
2292 2535 2509 2591 Gratias
2533 2537 2700 2607 igitur
2733 2537 2844 2592 Deo
2887 2544 2942 2591 et
2972 2535 3115 2590 lideli
3147 2534 3348 2591 famulo
3369 2533 3489 2606 ejus

1901 2634 2146 2698 agentes,
2171 2625 2336 2680 animi
2358 2627 2622 2696 aequiores
2654 2625 2853 2690 cili-eti,
2906 2639 3148 2695 oppanso
3211 2624 3328 2678 velo
3365 2639 3488 2693 pro.

1901 2717 2167 2787 Sperrime
2194 2726 2321 2771 sunt
2369 2717 2422 2771 in
2477 2723 2690 2786 portum
2732 2713 3095 2770 desideratum
3131 2715 3324 2768 evecti.
3358 2714 3488 2768 lude

1899 2817 2145 2878 petentes
2169 2808 2373 2862 curiam
2397 2808 2634 2874 llenrici,
2664 2808 2803 2877 regis
2816 2806 3131 2877 Anglorum,
3156 2815 3348 2860 cuncta
3370 2821 3488 2874 qua:

1900 2898 2008 2954 illis
2028 2895 2334 2955 acciderant
2364 2899 2553 2954 ordine
2584 2915 2748 2970 supra
2802 2898 3014 2967 digesto
3051 2899 3148 2966 ipsi
3191 2899 3325 2970 regi,
3352 2914 3490 2967 prce--

1899 2991 2148 3046 sentibus
2193 2990 2459 3061 episcopis
2513 2990 2773 3060 regnique
2827 2989 3173 3059 primoribus,
3224 3005 3490 3060 exposuea

1898 3093 2048 3137 runt.
2107 3079 2260 3148 Quod
2308 3080 2552 3137 auditum
2589 3079 2772 3135 multis
2806 3079 3035 3135 multum
3083 3080 3308 3152 placuit,
3379 3097 3484 3138 non

1900 3169 2272 3226 dubitantibus
2321 3169 2486 3224 vitam
2514 3169 2631 3240 ejus
2653 3171 2705 3225 in
2733 3168 2930 3223 mundo
2976 3167 3138 3223 talem
3188 3171 3486 3238 exstitisse,

1900 3259 2041 3329 quod
2071 3268 2124 3314 et
2151 3258 2254 3313 hoc
2292 3265 2348 3312 et
2373 3257 2543 3312 multo
2587 3259 2792 3330 majora
2819 3261 3066 3317 debuerit
3090 3275 3120 3314 a
3153 3258 3264 3316 Deo
3288 3262 3487 3317 mundo

1900 3349 2145 3405 sublatus
2171 3348 2365 3403 merito
2390 3347 2710 3405 obtinuisse.

1970 3440 2102 3495 item
2127 3438 2425 3494 monachus
2452 3451 2592 3507 erat,
2649 3439 2921 3496 Robertus
2975 3441 3212 3503 nomine,
3238 3439 3488 3494 assiduus

1902 3531 1954 3586 in
2005 3531 2228 3586 servitio
2287 3531 2580 3603 Radulphi,
2639 3530 2894 3586 Rol‘ensis
2937 3530 3193 3602 episcopi,
3230 3529 3383 3597 cujus
3431 3529 3483 3587 iu

1899 3623 2269 3693 superioribus
2289 3624 2473 3680 habita
2513 3622 2773 3679 memoria
2819 3631 2922 3678 est.
2958 3621 3056 3678 llic
3115 3637 3212 3693 per
3265 3631 3482 3693 pontem

1899 3713 2193 3770 Londoniae
2218 3730 2283 3770 eo
2313 3715 2425 3771 fere
2452 3724 2692 3787 tempore
2749 3730 2998 3786 pergens,
3032 3713 3327 3771 infortunio
3351 3731 3486 3783 quoa

1900 3806 2022 3860 dam
2046 3805 2222 3860 subito
2269 3821 2562 3876 percussus
2599 3817 2684 3863 est
2719 3823 2786 3862 ex
2818 3823 2946 3863 casu
2988 3807 3112 3877 equi
3144 3807 3235 3876 qui
3287 3804 3484 3860 manlio

1899 3911 2020 3952 cam
2050 3913 2199 3952 suam
2234 3896 2460 3953 ferebat.
2492 3898 2636 3954 Idem
2665 3898 2864 3954 etenim
2902 3913 3076 3967 equus
3122 3896 3303 3950 minus
3328 3905 3485 3950 caute

1900 4005 1997 4059 per
2018 3998 2233 4057 pontem
2258 3988 2387 4044 hinc
2418 3989 2544 4044 inde
2569 3990 2842 4058 diruptum
2886 4003 2916 4040 a
2950 3986 3149 4041 famulo
3173 3993 3380 4039 tractus
3428 3986 3480 4039 in

1899 4077 2116 4131 ﬂuvium
2152 4076 2348 4130 cecidit
2380 4077 2466 4129 ubi
2491 4077 2664 4145 major
2685 4077 2767 4129 vis
2791 4076 3055 4129 undarum
3083 4083 3138 4127 et
3162 4089 3316 4142 aqua:
3343 4088 3474 4141 pro-

1901 4166 2136 4222 funditas
2187 4166 2416 4222 exstitit.
2472 4165 2623 4222 Licet
2685 4165 2849 4234 igitur
2913 4164 3222 4220 nominatus
3287 4170 3477 4228 lrater,

1901 4254 2055 4324 cujus
2078 4257 2190 4310 haec
2215 4255 2393 4310 omnia
2423 4265 2598 4321 erant,
2643 4255 2842 4310 damno
2894 4253 3143 4308 animalis
3195 4262 3250 4308 et
3300 4267 3480 4308 rerum

1901 4364 2023 4420 qum
2049 4349 2101 4403 in
2119 4349 2354 4402 mantica
2386 4349 2766 4411 servalautur,
2813 4346 3185 4401 contristatam
3215 4345 3451 4416 aliquate
3478 4378 3484 4384 ς

1900 4458 2003 4500 nus
2029 4451 2264 4498 mentem
2299 4441 2540 4508 haberet,
2575 4451 2753 4495 tamen
2802 4436 2954 4506 quasi
2996 4450 3186 4492 eorum
3241 4435 3481 4490 omnium

1900 4534 2206 4599 immemor,
2236 4534 2462 4603 projuno
2499 4532 2564 4585 de
2584 4530 2737 4584 libris
2763 4528 2936 4583 beata:
2995 4526 3272 4581 memoriae
3304 4526 3485 4581 Patris

1900 4624 2162 4688 Anselmi,
2203 4624 2292 4694 qui
2330 4623 2471 4677 inter
2517 4621 2620 4676 alia
2671 4620 2802 4676 inibi
2859 4617 3162 4672 habebatur
3213 4617 3480 4684 intrusus,

1903 4716 2056 4804 valde
2084 4722 2203 4771 erat
2229 4713 2515 4769 sollicitus.
2569 4709 2836 4781 Pergehat
2902 4707 3067 4804 igitur
3115 4721 3214 4776 per
3261 4714 3483 4804 pontem

1901 4795 2174 4874 qu'omodo
2219 4810 2448 4872 poterat,
2506 4816 2602 4871 pro
2651 4800 2773 4854 libri
2796 4795 3040 4853 custodia
3063 4806 3118 4850 et
3142 4797 3484 4852 restitutione

1903 4897 1974 4951 ob
2003 4896 2192 4950 merita
2225 4894 2368 4949 illius
2394 4894 2484 4964 qui
2507 4909 2628 4947 eum
2664 4893 2870 4949 fecerat
2897 4889 3182 4947 Dominum
3210 4901 3406 4950 orans;
3431 4893 3485 4940 et

229 4983 337 5050 ejus
365 4992 638 5053 quatenus
664 4985 869 5039 sanctis
893 4983 1099 5038 meritis
1128 4982 1242 5038 suis
1277 4983 1578 5051 impetreta
1601 4989 1807 5036 creato-
1903 4999 2077 5055 equus
2113 4985 2166 5038 in
2210 4983 2574 5054 prolunditate
2636 4983 2830 5038 tumidi
2881 4981 3076 5038 ﬂuctus
3127 4978 3379 5033 tendebat
3416 4977 3482 5030 ad

230 5087 284 5128 re
304 5085 491 5131 nostro
515 5086 571 5130 et
603 5079 845 5132 omnium
874 5077 1102 5134 Domino
1140 5075 1265 5132 Jesu
1299 5075 1517 5130 Christo
1571 5075 1726 5129 nobis
1750 5083 1806 5130 et

228 5178 566 5234 peccatorum
616 5169 1009 5233 remi.~sionem,
1071 5177 1126 5223 et
1172 5166 1332 5236 hujus
1368 5165 1805 5238 gravissimzein-

230 5258 642 5325 commoditatis,
693 5275 853 5328 quam
913 5259 1110 5330 procis
1139 5256 1288 5328 juste
1341 5257 1599 5328 patimur,
1650 5254 1796 5310 cele-

230 5362 334 5401 rem
361 5349 782 5406 absolutionem.
815 5351 1178 5406 Assenserunt
1203 5364 1394 5406 omnes
1444 5346 1796 5403 admonitioni

295 5460 486 5534 (“illi
513 5462 674 5534 editis
703 5465 808 5517 duo
834 5464 951 5519 hmc
978 5462 1440 5534 posterioraVita:
1470 5459 1797 5534 S.Anselmi

229 5530 472 5615 capitula
494 5531 894 5615 desiderantur,
911 5530 1157 5615 quamvis
1179 5549 1251 5615 ea
1290 5533 1341 5586 in
1395 5533 1798 5615 omnibus'qute

231 5598 329 5651 vidi
357 5600 635 5673 codicibus
674 5598 1057 5673 manuscriptis
1081 5603 1420 5673 reperiantur
1437 5641 1452 5666 ,
1475 5611 1536 5673 et
1562 5601 1629 5673 ab
1655 5599 1798 5673 Eadf-

230 5682 376 5724 mero
398 5669 450 5724 in
478 5670 705 5741 prologo
729 5671 793 5726 ad
823 5669 1014 5727 libru'm
1061 5669 1438 5729 de'miraculis
1468 5671 1524 5725 S.
1551 5669 1790 5725 Anschni

1906 5075 2076 5145 ripam
2105 5074 2228 5128 forti
2261 5076 2540 5132 conamine
2566 5082 2782 5131 natans.
2833 5072 2974 5140 Quid
3006 5073 3182 5127 dicam
3209 5070 3232 5123 ?
3257 5067 3484 5137 Utrique

1907 5181 2128 5223 emenso
2161 5168 2374 5234 itinere,
2401 5167 2507 5222 isle
2530 5167 2726 5237 pontis,
2765 5165 2855 5219 ille
2875 5162 3133 5228 fluminis,
3162 5159 3484 5216 altrinsecus

1905 5273 2023 5312 sese
2047 5257 2320 5313 consecuti
2350 5267 2496 5313 sunt.
2550 5256 2670 5311 Mox
2695 5253 2936 5323 deposita
2964 5251 3205 5306 mantica
3242 5257 3297 5305 et
3331 5263 3481 5328 rese:

1900 5355 2038 5414 rata,
2069 5354 2245 5416 utqua
2275 5346 2428 5415 plena
2471 5345 2762 5400 timebatur
2803 5355 2942 5411 aqua
2994 5345 3359 5404 excuteretur,
3398 5351 3481 5392 re-

1903 5463 2211 5517 laudentur.
2259 5460 2393 5515 lnibi
2416 5459 2558 5514 enim
2599 5455 2899 5513 Eadmerus
2951 5454 3086 5511 dicit
3139 5467 3197 5510 se
3216 5452 3284 5508 de
3320 5449 3482 5505 mira-

1904 5534 2042 5587 culis
2065 5531 2273 5586 Amulli
2295 5529 2511 5585 comitis
2549 5537 2604 5582 et
2655 5527 2879 5584 Roberti
2931 5524 3179 5584 monachi
3235 5524 3288 5578 in
3338 5518 3485 5575 calce

1903 5605 2168 5660 librorum
2199 5601 2275 5656 De
2301 5597 2420 5652 Vita
2447 5595 2506 5650 S.
2538 5596 2780 5653 Anselmi
2811 5599 3009 5668 egisse.
3040 5594 3329 5650 Wanruou
