4068 6286
548 351 655 427 iis.

1597 343 1656 416 ε.
1697 357 1997 414 ANSELMI
2039 358 2392 415 caurum:
2433 339 2784 416 ancutsp.‘

3705 368 3805 423 £20

539 475 825 544 periuntur
845 473 1024 529 omnia
1054 489 1174 546 quae
1203 474 1346 528 intus
1365 479 1521 527 erant
1546 481 1743 542 praeter
1769 487 1930 526 unam
1959 473 2129 528 solam
2159 477 2207 534 A
2237 490 2365 531 rans
2389 491 2510 531 eum
2545 475 2703 531 insita
2746 475 2846 532 sibi
2902 476 3276 533 benevolentia
3335 493 3468 548 quie-
3489 474 3804 554 corrigenda

541 566 738 620 lineam
769 574 973 619 vestem
1023 567 1094 619 ita
1118 567 1186 620 ab
1227 566 1452 628 humore
1498 578 1697 630 vacua,
1748 563 1901 633 quasi
1934 564 2121 618 eadem

543 657 777 711 mantica
808 670 1078 724 nunquam
1138 656 1303 710 tincta
1363 653 1552 708 fuisset
1575 654 1626 707 in
1655 669 1813 722 aqua.
1856 654 2124 708 Reversus

543 749 609 802 ad
633 749 962 818 episcopum,
1012 761 1122 801 rem
1164 755 1370 816 gestam
1423 761 1510 800 me
1543 753 1806 816 praesente
1836 745 2040 813 retulit,
2071 753 2126 800 et

543 840 599 894 in
622 839 835 892 laudem
868 837 959 891 Dei
993 837 1327 892 audientium
1351 852 1447 891 ora
1478 836 1721 892 resolvit.

617 930 750 982 llinc
779 927 870 981 fini
899 943 1136 996 praesens
1188 928 1506 998 opusculum
1555 928 1781 983 subdam
1807 945 1822 995 ;
1845 929 1971 984 dum
2007 943 2125 984 om-

541 1034 638 1073 nes
659 1019 710 1072 id
736 1019 912 1088 legere
941 1019 1024 1074 vel
1054 1020 1241 1075 audire
1294 1020 1575 1091 dignantes
1601 1019 1753 1088 prius
1800 1020 1951 1076 brevi
1978 1035 2125 1076 com-

543 1123 788 1162 moneam
841 1119 1107 1178 quatenus
1151 1110 1298 1165 nulla
1344 1109 1721 1164 incredulitate
1751 1125 1816 1165 ex
1873 1111 1939 1166 iis
2004 1127 2125 1182 quae

543 1199 809 1268 descripta
834 1210 961 1255 sunt
999 1209 1232 1256 mentem
1273 1201 1577 1256 vulnerent.
1625 1202 1846 1256 Talibus
1875 1203 2017 1257 enim
2070 1204 2123 1258 in

544 1289 623 1344 eis
649 1291 952 1346 scribendis
981 1294 1292 1348 auctoribus
1326 1309 1456 1348 usus
1486 1309 1603 1347 sum
1634 1293 1686 1347 in
1724 1309 1954 1363 quorum
1985 1295 2125 1350 rela-

547 1381 696 1436 tione
721 1397 939 1437 omnem
1003 1383 1255 1440 falsitatis
1310 1384 1883 1454 suspicionemfproeul
1933 1386 2125 1443 abesse

546 1470 739 1526 dubius
763 1487 868 1525 non
917 1487 1054 1526 sum.
1082 1471 1359 1541 Siquidem
1387 1473 1616 1543 plurima
1649 1488 1767 1541 quae
1815 1474 1975 1541 primi
1999 1474 2124 1531 libri

545 1561 715 1616 series
745 1562 1002 1625 continet,
1036 1578 1102 1617 ex
1148 1562 1329 1617 verbis
1381 1563 1624 1632 ejusdem
1673 1561 1853 1618 Patris
1881 1563 2124 1620 Anselmi

547 1651 758 1720 collegi.
791 1651 1013 1706 Solebat
1038 1653 1182 1706 enim
1215 1667 1621 1721 nonnunquam,
1647 1659 1707 1707 ut
1747 1651 1910 1708 homo
1930 1653 2123 1724 jocun-

547 1742 714 1796 dilate
777 1744 1275 1811 praestantissimus,
1331 1745 1471 1796 inter
1515 1743 1620 1796 alia
1667 1743 1809 1796 dicta
1833 1759 1930 1798 sua
1965 1747 2119 1814 quasi

2228 580 2620 634 correcturum,
2655 585 2773 639 quae
2798 568 2954 624 aliter
2997 585 3055 624 se
3093 571 3363 626 habebant
3423 573 3632 645 singula
3689 575 3806 632 loco

2226 661 2327 716 sibi
2350 662 2672 730 competenti
2697 661 3096 716 ordinaturum.
3122 661 3232 717 Nec
3252 671 3343 717 aut
3369 679 3492 734 spes
3509 674 3605 720 aut
3624 667 3806 736 opinio

2225 766 2344 806 mea
2371 750 2566 826 fefellit
2601 767 2705 806 me.
2724 751 3002 821 Siquidem
3032 752 3083 807 in
3111 752 3228 821 ipso
3250 753 3510 824 opusculo
3551 756 3805 811 nonnulla

2225 843 2480 905 correxit,
2515 842 2768 898 nonnulla
2798 842 3086 911 subvertit,
3105 846 3351 914 quaedam
3378 846 3632 911 mutavit,
3665 862 3807 916 quaa-

2225 936 2350 992 dam
2389 936 2657 1006 probavit.
2690 935 2842 992 Unde
2867 952 2988 992 cum
3053 937 3301 992 nonnihil
3359 937 3526 993 corde
3566 938 3804 1004 laetarer,

2226 1035 2280 1081 et
2300 1027 2443 1097 quod
2468 1026 2742 1082 edideram
2781 1034 2928 1082 tanta
2957 1043 3020 1083 ac
3050 1027 3142 1081 tali
3173 1028 3496 1083 auctoritate
3525 1027 3805 1084 suffultum

2225 1116 2367 1173 forte
2389 1116 2506 1187 plus
2544 1133 2697 1188 aequo
2723 1132 2888 1187 penes
2919 1117 3296 1187 memetipsum
3345 1115 3669 1172 Eadmerum
3697 1118 3808 1189 glo-

2225 1211 2398 1264 riarer
2425 1217 2546 1280 post
2575 1225 2776 1276 paucos
2794 1209 3026 1265 correcti
3065 1209 3248 1278 operis
3289 1209 3403 1264 dies
3427 1218 3622 1264 vocato
3670 1210 3806 1266 mibi

2225 1301 2291 1356 ad
2329 1317 2386 1356 se
2416 1300 2657 1370 pontifex
2707 1300 2824 1370 ipse
2865 1299 3120 1370 praecepit
3169 1311 3436 1369 quatenus
3491 1300 3809 1369 quaternio-

2223 1409 2320 1450 nes
2346 1393 2397 1448 in
2427 1393 2622 1464 quibus
2662 1392 2836 1460 ipsum
2866 1406 3002 1460 opus
3037 1391 3395 1462 conjeceram,
3435 1390 3667 1460 'penitus
3716 1391 3808 1446 de-

2225 1495 2521 1540 struerem:
2547 1484 2820 1554 indignum
2836 1481 3077 1552 profecto
3099 1497 3217 1537 sese
3235 1481 3484 1552 judicans
3510 1481 3665 1550 cujus
3689 1481 3806 1535 lau-

2225 1575 2344 1632 dem
2377 1584 2624 1649 secutura
2655 1574 2941 1644 posteritas
2971 1589 3035 1628 ex
3084 1571 3391 1626 litterarum
3453 1571 3806 1626 monimentis

2221 1669 2396 1740 praelii
2425 1667 2663 1738 cujusvis
2689 1665 2935 1720 haberet.
2993 1663 3145 1730 Quod
3175 1663 3428 1717 nimirum
3481 1679 3624 1732 aegre
3680 1662 3799 1716 ltili.

2228 1761 2346 1816 Non
2371 1761 2575 1816 audens
2598 1767 2776 1813 tamen
2801 1757 2898 1827 ipsi
2926 1765 3196 1828 praecepto
3218 1754 3459 1809 funditus
3485 1754 3808 1810 inobediens

541 1833 752 1901 Ῑυάθηεν
791 1835 918 1904 (luid
943 1849 1100 1905 Puer»
1125 1835 1254 1904 quid
1305 1834 1546 1906 juvenis:
1583 1833 1715 1904 fl“id
1756 1843 1884 1889 “me
1945 1851 2128 1893 5'1500'
2155 1824 2204 1888 Β
2231 1869 2351 1909 esse
2397 1866 2497 1906 nec
2548 1865 2706 1920 Opus,
2763 1824 3126 1918 quod—inulto
3175 1846 3359 1902 labore
3399 1860 3804 1916 compegeram,

542 1937 693 1998 ptum
719 1927 1252 1994 monachihabitum,
1281 1927 1411 1998 quid
1452 1927 1505 1981 in
1536 1927 1654 1996 ipso
1684 1927 1871 1981 habitu
1897 1930 2122 1997 positus,

543 2017 671 2086 quid
699 2011 866 2087 prior’,
892 2017 1022 2086 quid
1048 2018 1217 2074 abbas
1268 2019 1465 2090 egerit,
1494 2016 1724 2088 simplici
1757 2031 2004 2074 sermone
2041 2036 2126 2075 re-

542 2107 708 2174 ferre,
744 2117 1032 2162 autumans
1079 2108 1359 2163 audientes
1409 2109 1599 2163 eadem
1653 2121 1758 2176 qua
1809 2107 2128 2164 ferebantur

543 2199 844 2254 intentione
890 2210 944 2254 et
999 2198 1367 2270 perfunctorie
1398 2199 1486 2254 illa
1529 2201 1827 2271 suscipere.
1877 2199 1951 2256 Ea
1996 2215 2126 2258 vero

552 2308 672 2361 quae
708 2293 852 2347 inter
905 2291 1164 2347 miracula
1214 2293 1266 2346 in
1316 2292 1435 2362 ipso
1491 2293 1669 2348 libello
1716 2300 2126 2363 computantur,

547 2384 792 2454 quaedam
820 2398 849 2437 a
878 2383 1174 2448 Baldwino,
1213 2385 1456 2453 quaedam
1481 2399 1512 2438 a
1542 2376 1769 2452 Bosone,
1821 2385 2064 2454 quaedam
2097 2399 2126 2439 a

545 2476 778 2544 Riculfo,
798 2478 1079 2533 monachis
1110 2477 1489 2543 Beccensibus,
1520 2493 1749 2548 quorum
1782 2492 1868 2532 me
1896 2477 2128 2532 Eadme—

544 2583 666 2622 rum
691 2567 1015 2622 monachum
1044 2567 1301 2624 Ecclesiae
1329 2566 1629 2623 Salvatoris
1654 2565 1963 2623 Cantuariae
1994 2566 2127 2622 inibi

543 2658 858 2714 meminisse
880 2658 1159 2723 recordor,
1183 2658 1366 2728 accepi
1393 2675 1406 2711 :
1435 2658 1650 2728 quibus,
1681 2658 1823 2714 sicut
1871 2658 1971 2727 ipsi
2001 2672 2128 2712 nar-

545 2749 760 2815 rabant,
799 2759 894 2803 aut
941 2747 1260 2812 interfuere,
1319 2757 1414 2802 aut
1469 2748 1524 2802 in
1562 2747 1757 2818 seipsis
1800 2762 1863 2802 ea
1913 2748 2125 2816 experti

544 2835 718 2904 fuere,
760 2845 853 2891 aut
889 2837 957 2891 ab
988 2837 1093 2892 illis
1152 2837 1244 2906 qui
1274 2837 1455 2891 testati
1501 2845 1628 2891 sunt
1673 2851 1730 2890 se
1787 2837 1913 2891 dum
1938 2835 2131 2892 fierent

545 2937 840 2999 praesentes
868 2927 1056 2992 fuisse,
1089 2941 1369 2995 accepere.
1403 2925 1536 2993 Qua:
1563 2935 1742 2980 autem
1780 2926 1920 2981 libro
1938 2941 2130 2981 secun-

547 3018 928 3082 do'notantur,
952 3031 1089 3086 pene
1124 3017 1305 3076 omnia
1335 3025 1428 3070 aut
1450 3016 1681 3087 propriis
1703 3015 1872 3071 oculis
1903 3016 2129 3073 intuitus

547 3121 690 3172 sum,
712 3114 805 3161 aut
831 3106 1015 3161 auditu
1044 3105 1255 3160 aurium
1287 3105 1454 3171 sensi,
1485 3115 1580 3160 aut
1604 3105 1712 3161 alio
1740 3106 1922 3175 aliquo
1947 3107 2123 3170 modo,

550 3207 734 3269 utpote
758 3199 849 3269 qui
877 3197 993 3266 ejus
1027 3197 1313 3268 praesentia
1337 3197 1540 3268 jugiter
1565 3211 1632 3251 ex
1675 3212 1783 3266 quo
1813 3197 2131 3267 pontificatu

549 3289 766 3346 functus
790 3298 872 3345 est
895 3290 1096 3359 potitus
1124 3305 1264 3356 sum,
1289 3305 1385 3359 per
1403 3289 1778 3358 memetipsum
1803 3288 2132 3342 Eadmcrum

550 3379 804 3436 addicere
839 3380 1034 3434 merui.
1065 3379 1222 3436 Faisa
1253 3394 1382 3436 vero
1413 3379 1649 3434 scienter
1677 3377 1910 3448 aliquem
1959 3379 2013 3432 in
2043 3394 2131 3434 sa-

549 3471 660 3526 eris
685 3471 929 3527 historiis
982 3471 1220 3526 scribere
1282 3469 1432 3526 nefas
1478 3485 1598 3526 esse
1644 3470 1956 3539 pronuntio.
1994 3467 2130 3524 Nam

554 3562 766 3630 quoties
811 3577 873 3616 ea
888 3562 970 3616 vel
1008 3562 1274 3631 leguntur,
1306 3562 1393 3616 vel
1450 3561 1762 3625 audiuntur,
1798 3561 1976 3614 anima
1999 3559 2133 3614 scri-

553 3653 723 3723 ptoris
747 3653 1036 3720 occiditur,
1067 3667 1133 3708 eo
1159 3653 1302 3722 quod
1336 3652 1585 3707 omnibus
1617 3666 1717 3722 per
1750 3664 1816 3706 ea
1842 3665 1959 3720 quae
1996 3650 2131 3706 falso

553 3742 772 3812 scripsit
792 3741 1010 3797 infando
1037 3757 1135 3798 ore
1169 3743 1455 3797 mentitur.

624 3833 736 3905 (45)
765 3831 917 3906 [(ΖΑΡ.
950 3831 1182 3904 LXVIH
1239 3832 1504 3887 Praeterea
1541 3847 1665 3888 cum
1710 3831 1861 3902 operi
1911 3845 2129 3886 manum

551 3919 730 3990 primo
759 3920 1132 3989 imposuissem
1172 3928 1228 3975 et
1257 3935 1377 3989 quae
1404 3919 1457 3974 in
1482 3935 1604 3975 cera
1631 3919 1987 3985 dictaveram,
2010 3935 2133 3988 per-

553 4024 795 4080 gamenae
828 4024 1022 4080 magna
1066 4023 1135 4065 ex
1187 4019 1344 4080 parte
1370 4011 1718 4067 tradidissem
1769 4010 2002 4080 quodam
2046 4011 2134 4066 die

552 4096 670 4167 ipse
711 4098 870 4154 Pater
907 4099 1197 4155 Anselmus
1219 4101 1480 4156 secretius
1511 4116 1597 4156 me
1641 4100 1916 4166 convenit,
1943 4100 2135 4156 scisci-

552 4198 675 4243 tans
699 4189 828 4259 quid
855 4189 1138 4255 dictarem,
1169 4189 1298 4258 quid
1328 4190 1718 4259 scriptitarem.
1746 4189 1846 4246 Cui
1875 4206 1996 4244 cum
2018 4205 2133 4244 rem

550 4279 724 4350 magis
742 4279 955 4335 silentio
979 4289 1162 4352 tegere
1189 4296 1352 4351 quam
1373 4283 1622 4352 detegere
1645 4282 1975 4350 maluissem,
2001 4297 2138 4352 prae-

551 4369 698 4439 cepit
723 4380 989 4438 quatenus
1011 4379 1106 4426 aut
1133 4380 1311 4442 empto
1332 4371 1600 4427 desistens
1625 4372 1748 4427 aliis
1777 4373 2132 4434 intenderem,

552 4468 778 4529 autquac
803 4461 1103 4516 scribebam
1149 4461 1250 4516 sibi
1281 4464 1646 4516 ostenderem.
1695 4463 1806 4532 Ego
1829 4471 2006 4516 autem
2043 4461 2135 4531 qui

547 4552 659 4620 jam
697 4551 752 4605 in
777 4553 1049 4607 nonnullis
1071 4567 1209 4633 qua}
1237 4553 1564 4623 scripseram
1598 4553 1716 4623 ejus
1739 4569 1840 4624 ope
1885 4553 2055 4608 fretus
2083 4563 2137 4609 et

551 4641 929 4698 emendatione
980 4642 1190 4698 fueram
1246 4643 1549 4712 roboratus,
1598 4646 1772 4701 libens
1804 4645 2130 4715 parui,spe-

623 4776 1083 4849 (45)ﬂaheturin
1115 4779 1354 4849 margine
1419 4779 1643 4835 alterius
1701 4779 1906 4834 codicis
1943 4764 2131 4849 istb‘agc

555 4856 678 4902 nota
707 4865 722 4900 :
756 4847 1053 4902 Eaa'merus
1075 4849 1161 4917 qui
1187 4847 1326 4902 hunc
1351 4849 1541 4903 librum
1565 4866 1602 4902 ll
1633 4849 1944 4918 composuit,
1970 4849 2052 4902 hic
2065 4847 2132 4915 ﬁ-

556 5045 3506 5076 WW—

2227 1944 2412 1998 volens
2432 1940 2652 1996 omnino
2672 1938 2943 2008 perditum
2961 1937 3064 2003 ire,
3093 1937 3294 1990 notatis
3321 1933 3501 1988 verbis
3525 1932 3644 2000 ejus
3674 1949 3809 2004 qua-

2229 2034 2503 2090 terniones
2542 2032 2688 2102 ipsos
2736 2027 2998 2092 destruxi,
3049 2027 3116 2080 iis
3164 2026 3361 2095 quibus
3411 2023 3600 2092 scripti
3649 2033 3809 2079 erant

2228 2127 2349 2180 aliis
2396 2121 2846 2195 quaternionibus
2891 2115 3390 2189 primoinseriptis.
3425 2114 3576 2182 Quod
3630 2124 3808 2170 tamen

2229 2216 2427 2272 factum
2465 2227 2641 2268 meum
2668 2208 3046 2266 inobedientiae
3073 2216 3291 2279 peccato
3327 2205 3469 2260 forte
3503 2219 3610 2258 non
3636 2215 3807 2259 caret.

2227 2309 2400 2363 Aliter
2419 2305 2563 2361 enim
2601 2302 2810 2374 impleri
2848 2308 3176 2372 praeceptum
3198 2297 3317 2366 ejus
3361 2311 3426 2350 ac
3453 2295 3603 2350 illum
3652 2295 3811 2350 intel-

2229 2399 2424 2455 lexisse
2449 2397 2705 2453 sciebam.
2733 2391 3071 2463 Quapropter
3099 2390 3166 2444 ab
3197 2387 3450 2444 omnibus
3481 2387 3534 2440 in
3565 2400 3800 2456 quorum

2229 2503 2445 2542 manus
2477 2485 2615 2541 forte
2663 2484 2765 2538 ista
2785 2480 3095 2545 ceciderint,
3125 2478 3391 2548 siquidem
3422 2475 3582 2532 isthic
3639 2475 3808 2544 quid-

2229 2595 2390 2651 quam
2442 2577 2584 2648 quod
2649 2590 2754 2630 non
2805 2571 3025 2629 omnino
3063 2578 3324 2641 quantum
3383 2569 3449 2622 ad
3503 2566 3810 2622 fatuitatem

2230 2669 2561 2726 narrationis
2589 2667 2890 2736 displiceat,
2922 2663 3244 2735 repererint,
3285 2661 3513 2731 petitum
3558 2659 3623 2714 iri
3655 2675 3810 2714 sum-

2231 2777 2451 2833 mopere
2478 2759 2691 2831 postulo
2715 2765 2983 2829 quatenus
3011 2770 3110 2826 pro
3135 2753 3240 2808 hoc
3264 2761 3317 2807 et
3340 2766 3436 2821 pro
3460 2750 3578 2805 aliis
3616 2764 3814 2820 pecca-

2231 2855 2300 2910 tis
2323 2854 2458 2908 meis
2487 2849 2777 2923 dignéntur
2799 2847 3154 2912 intercedere,
3179 2857 3245 2898 ne
3277 2841 3447 2897 moles
3479 2856 3668 2896 eorum
3721 2855 3808 2896 me

2231 2953 2438 2999 tantum
2470 2941 2737 3011 deprimat
2763 2948 2821 2993 ut
2867 2937 2934 2992 ad
2975 2936 3142 2991 illum
3172 2933 3326 3003 cujus
3352 2931 3529 2986 Vitam
3566 2939 3622 2986 et
3653 2939 3812 2985 actus

2211 3036 2595 3106 'qualicunque
2653 3031 2779 3086 stilo
2830 3027 3060 3101 digessi,
3119 3023 3427 3096 pertingere
3477 3036 3636 3092 posse
3703 3037 3810 3075 non

2234 3129 2397 3182 sinat.
2440 3124 2550 3180 Nec
2587 3121 2731 3177 enim
2785 3119 2969 3173 animo
3015 3115 3152 3171 elabi
3187 3122 3364 3184 potest
3406 3111 3642 3181 qualiter
3672 3109 3810 3164 mihi

2238 3213 2593 3285 responderit,
2657 3225 2778 3265 cum
2808 3207 3038 3277 quadam
3091 3205 3208 3258 vice
3270 3201 3416 3256 illum
3460 3213 3713 3270 rogarem
3760 3206 3819 3252 ut

2236 3308 2377 3362 sicut
2424 3305 2477 3359 in
2529 3303 2650 3358 imis
2681 3316 2766 3356 me
2811 3305 3120 3353 consortem
3170 3293 3370 3348 laboris
3416 3291 3706 3354 habuerat,
3742 3291 3815 3344 ita

2235 3407 2289 3454 et
2320 3399 2371 3453 in
2408 3393 2620 3464 superis
2651 3389 2968 3462 participem
2996 3401 3107 3442 sua:
3136 3381 3507 3440 retributionis
3551 3379 3815 3434 efﬁceret.

2232 3489 2324 3546 Ait
2358 3501 2551 3558 nempe
2589 3485 2642 3540 id
2679 3498 2738 3538 se
2775 3480 2992 3552 quidem
3017 3478 3248 3532 libenter
3269 3490 3334 3530 ac
3370 3473 3490 3529 laete
3514 3471 3816 3537 facturum,

2231 3582 2568 3654 providerem
2601 3571 2937 3631 solummodo
3004 3585 3072 3625 ne
3124 3568 3178 3622 in
3205 3567 3309 3622 hoc
3351 3564 3501 3619 nimii
3551 3561 3818 3654 ponderis

2231 3651 2489 3727 facerem.
2547 3667 2604 3721 In
2649 3680 2756 3736 quo
2806 3662 2851 3718 si
2905 3670 3252 3730 peccatorum
3303 3667 3547 3710 meorum
3594 3651 3820 3722 pondus

2225 3763 2355 3834 justi
2383 3760 2579 3830 judicis
2605 3756 2832 3827 aequitas
2853 3754 3054 3824 pietate
3077 3755 3283 3804 remota
3315 3748 3633 3816 appenderit
3685 3758 3819 3814 pro-

2231 3853 2374 3909 fecto
2428 3849 2607 3905 anima
2657 3861 2776 3902 mea
2815 3847 2923 3899 neu
2969 3850 3184 3897 sursum
3235 3837 3327 3891 sed
3382 3837 3434 3891 in
3489 3837 3822 3908 profundum

2231 3944 2408 4017 abyssi
2433 3955 2673 4012 praeceps
2703 3939 2819 3995 ibit.
2862 3937 3016 3994 Unde
3043 3933 3496 4008 quemadmodum
3529 3944 3631 4001 ego
3667 3928 3822 3983 Ead-

2233 4050 2418 4092 merus
2446 4031 2605 4102 cmpi,
2632 4029 2809 4086 adhuc
2851 4028 3048 4098 quibus
3097 4041 3312 4098 possum
3342 4022 3593 4095 precibus
3623 4019 3824 4074 insisto

2234 4137 2500 4201 quatenus
2534 4140 2689 4196 quam
2712 4122 2816 4178 sibi
2845 4120 3080 4192 impendi
3103 4119 3432 4184 desiderant,
3474 4112 3605 4168 mihi
3629 4126 3820 4168 secum

2236 4222 2401 4277 aDeo
2422 4221 2668 4275 levamen
2712 4224 2767 4271 et
2787 4213 3001 4269 veniam
3053 4211 3373 4266 delictorum
3409 4205 3694 4262 obtineant
3751 4217 3825 4256 ne

2237 4311 2419 4376 nimiis
2447 4323 2533 4362 me
2558 4305 2791 4377 peccatis
2829 4311 3112 4360 oneratum
3161 4315 3268 4371 quo
3291 4296 3564 4369 pollicitus
3589 4302 3674 4348 est
3697 4292 3826 4362 pius

2237 4400 2399 4454 Pater
2420 4396 2704 4452 sublevare
2729 4408 2833 4448 non
2862 4391 3057 4447 valeat.
3081 4389 3232 4459 Quod
3255 4405 3350 4444 sua
3386 4383 3675 4441 clementia
3689 4395 3826 4452 ιιι-ο-

2240 4488 2327 4544 eul
2353 4495 2563 4541 avertat
2587 4483 2679 4555 qui
2716 4498 2880 4554 super
2915 4481 3097 4538 omnia
3128 4479 3273 4536 Deus
3299 4478 3454 4543 vivit,
3510 4473 3830 4530 dominatur

2238 4590 2293 4636 et
2328 4587 2532 4650 regnat.
2560 4581 2752 4631 Amen.

2239 4791 2352 4830 nem
2380 4754 2540 4842 ponit.
2573 4770 2680 4842 Qui
2704 4767 3236 4842 vidithtestimonium
3275 4761 3560 4834 perhibuit.
3587 4757 3652 4812 Et
3679 4771 3828 4828 pra!-

2238 4837 2389 4914 cepto'
2410 4841 2670 4910 Radulplii
2700 4838 2960 4910 pontiﬁcis
2994 4837 3226 4908 perfecit.

1505 5181 2116 5274 MIRACULA
2180 5180 2272 5269 S.
2336 5175 2856 5267 ANSELMI

696 5400 794 5470 (Ex
849 5417 950 5456 ms.
998 5404 1195 5473 regium
1225 5401 1435 5458 Sueciue
1466 5399 1606 5455 eruit
1636 5399 2020 5454 Mammosam.
2068 5393 2248 5450 Edidit
2305 5393 2366 5448 D.
2397 5391 2682 5457 Mauricum
2720 5392 2882 5449 amvi.
2919 5389 3132 5446 Collect.
3171 5399 3208 5445 t.
3250 5389 3346 5455 Vl,
3373 5387 3477 5444 col.
3511 5387 3659 5457 985.)

552 5621 686 5674 Cum
717 5619 892 5674 Patris
915 5619 1154 5674 Anselrni
1177 5620 1439 5676 miracula
1465 5619 1617 5689 plura
1647 5619 1912 5682 ferantur,

554 5709 683 5764 nunc
712 5724 807 5780 per
838 5726 961 5766 cum
989 5710 1237 5768 Christus
1263 5709 1574 5782 specialiter
1599 5717 1682 5765 est
1705 5715 1984 5779 operatus,

2238 5613 2346 5668 Res
2369 5619 2423 5666 et
2450 5611 2590 5681 apud
2621 5624 2822 5680 paucos
2841 5609 2952 5678 jam
2983 5606 3198 5678 cognita
3225 5603 3313 5658 vix
3344 5603 3622 5666 habeatur,

2239 5703 2308 5759 Ut
2341 5711 2522 5772 pateat
2555 5701 2740 5772 quanti
2775 5699 2952 5755 meriti
2987 5698 3084 5752 fuit
3116 5697 3215 5751 iste
3243 5697 3452 5759 beatus,
