4068 6286
195 333 230 374 ⁸
271 369 354 424 I21

269 457 499 544 Quzedam
529 472 774 540 distinxi,
805 487 926 542 qua:
954 471 1171 541 dignum
1202 472 1444 528 scribere
1471 469 1622 537 duxi,

266 567 577 621 Subnectens
605 563 786 632 operis
816 562 1058 632 praedicti
1088 563 1334 619 materiei
1372 562 1510 633 (46).

328 654 412 708 Vir
435 651 534 705 fuit
564 651 618 705 in
650 667 790 723 pago
819 651 1004 706 Pontif
1027 653 1116 722 qui
1141 652 1386 723 jungitur
1409 651 1581 724 Augo,

263 742 415 796 Notus
437 740 662 805 divitiis,
695 741 790 795 sed
820 741 1092 796 marcidus
1117 742 1299 796 ulcere
1324 743 1533 809 carnis,

262 831 428 887 Servis
453 829 702 897 vallatus,
736 833 828 886 sed
859 831 1007 903 lepra
1037 833 1466 897 contaminatus,

257 922 464 976 Actibus
492 921 604 991 ipse
633 921 788 978 bonis
813 922 1068 978 insistens
1090 922 1438 992 quotidianis,

257 1009 478 1067 Fletibus
505 1012 772 1080 admistis,
800 1014 1052 1083 precibus
1080 1029 1205 1069 cum
1229 1014 1600 1085 multiplicatis

256 1097 512 1153 Christum
541 1100 823 1168 pulsabat,
857 1102 1140 1157 Dominum
1172 1103 1252 1158 sic
1275 1103 1604 1174 cili-agitabat

254 1190 392 1256 Quod
421 1206 584 1259 super
607 1192 818 1246 allisum
847 1194 1094 1264 dignetur
1118 1194 1337 1251 flectere
1365 1198 1536 1252 visum
1557 1238 1573 1265 ,

253 1280 342 1346 Qui
372 1282 678 1338 mandando
705 1293 883 1338 cutem
911 1285 1012 1339 sibi
1039 1285 1286 1340 conferat
1308 1286 1424 1357 ipse
1453 1288 1707 1343 salutem.

249 1369 310 1422 At
339 1370 424 1437 qui
456 1372 752 1426 contritum
786 1387 879 1428 cor
913 1375 1137 1444 respicit
1160 1384 1215 1430 et
1236 1375 1339 1432 sibi
1363 1385 1652 1445 structum,
1698 1440 1700 1442 τ

250 1458 404 1526 Ipsius
427 1463 613 1532 :egroti
642 1479 746 1518 non
783 1464 953 1519 defuit
983 1466 1283 1533 anxietati,

248 1548 352 1603 Iino
380 1550 483 1604 sibi
524 1553 662 1606 mira
699 1555 952 1609 subvenit
981 1563 1036 1610 et
1072 1555 1250 1610 indice
1276 1572 1428 1612 cura.

247 1639 295 1694 In
320 1645 524 1698 somnis
555 1646 718 1714 igitur
746 1648 978 1717 quadam
1005 1649 1104 1704 sub
1133 1657 1290 1705 nocte
1314 1660 1586 1717 monetur,

245 1733 384 1800 Quod
415 1737 460 1792 si
493 1737 605 1807 jam
639 1738 754 1794 ﬁeri
786 1755 949 1796 sanus
975 1740 1108 1796 velit
1141 1751 1305 1812 atque
1334 1743 1534 1807 videri,

243 1824 368 1881 llinc
390 1827 529 1885 bene
559 1845 784 1886 securus
830 1842 1015 1904 surgat
1052 1832 1284 1890 Beccum
1310 1835 1602 1905 petiturus,

240 1917 407 1987 Atque
439 1924 758 1977 monasterii
790 1923 1006 1980 Patrem
1039 1927 1301 1982 secretius
1337 1936 1477 1994 oret,

241 2005 498 2067 Omnibus
527 2014 641 2084 ipse
675 2016 850 2070 modis
879 2018 1052 2088 magis
1083 2028 1406 2088 extorquere
1444 2019 1670 2086 laboret,

237 2097 380 2165 Quod
413 2102 668 2172 dignetur
693 2121 864 2175 aquas
894 2108 997 2162 sibi
1040 2108 1293 2163 conferre
1321 2109 1602 2176 bibendus,

234 2189 411 2246 Abluit
436 2194 578 2248 unde
619 2211 807 2250 manus
836 2199 964 2252 dum
1014 2200 1194 2253 missae
1219 2200 1464 2254 concinit
1498 2211 1671 2255 actus.

231 2277 494 2337 Credulus
538 2284 628 2337 hic
654 2287 895 2353 monitis,
928 2297 983 2342 et
1010 2288 1191 2343 Iactus
1225 2291 1429 2346 certior
1451 2291 1604 2360 ipsis,

229 2369 468 2440 Impiger
493 2375 740 2428 ascendit
767 2377 924 2444 illuc,
957 2379 1053 2432 sed
1079 2388 1136 2434 et
1167 2379 1313 2434 illico
1343 2381 1531 2436 tendit.
1685 2375 1688 2377 Α

228 2459 459 2522 Iudicat.
490 2463 748 2519 Anselmo
775 2468 1088 2521 summatim
1122 2471 1366 2538 suggerit
1396 2469 1538 2524 almo

230 2550 355 2617 Quae
383 2551 491 2607 sibi
519 2568 617 2624 per
648 2556 822 2611 visum
855 2556 1070 2612 fuerant
1109 2569 1328 2615 ostensa
1354 2575 1671 2630 snpernum.

234 2638 330 2705 Qui
356 2648 542 2710 stupet
561 2657 630 2696 ex
669 2644 849 2700 verbis
876 2647 1160 2716 primoque
1203 2649 1415 2717 repellit
1445 2651 1658 2705 acerbis

233 2727 485 2797 Vocibus,
514 2741 678 2803 atque
711 2747 898 2790 monet
926 2752 995 2790 ne
1036 2738 1232 2794 talibus
1268 2739 1384 2809 ipse
1407 2739 1651 2806 laboret,

237 2815 347 2873 Non
377 2836 516 2891 opus
545 2837 665 2878 esse
690 2839 847 2878 suum
893 2834 1202 2895 protestans
1244 2829 1389 2897 quod
1433 2831 1570 2899 petit
1618 2833 1816 2900 ipsum,

238 2905 343 2963 lmo
374 2910 664 2965 beatorum
694 2913 787 2982 qui
813 2928 1144 2982 praecessere
1173 2917 1446 2985 virorum;
1673 2903 1680 2910 ’

240 2996 305 3052 Se
338 3011 706 3069 peccatorem,
735 3004 922 3073 procul
958 3005 1043 3060 his
1067 3005 1161 3060 sed
1182 3013 1238 3061 et
1268 3005 1602 3074 inferiorem,

240 3088 442 3160 Quique
473 3108 642 3162 super
673 3097 838 3150 lautis
861 3097 947 3152 his
980 3097 1154 3152 audiri
1191 3113 1296 3152 non
1330 3110 1604 3153 mereatur

239 3179 438 3252 Quippe
463 3186 583 3239 suis
613 3186 783 3256 culpis
805 3189 1155 3256 poscentibus
1183 3189 1528 3259 impediatur.

237 3271 299 3324 At
332 3275 506 3345 magis
549 3275 602 3328 in
645 3277 897 3346 precibus
925 3279 1202 3348 perstabat
1247 3281 1408 3336 homo
1456 3281 1816 3338 miserandus.

238 3361 404 3420 Altius
433 3367 804 3436 ingeminans,
834 3371 976 3438 quod
1019 3370 1189 3426 ferret
1223 3386 1378 3441 opem
1411 3374 1781 3442 venerandus,

239 3453 340 3509 Nec
371 3467 660 3526 paleretur
682 3473 744 3512 ea
777 3457 1018 3514 fraudari
1049 3476 1105 3515 se
1137 3461 1426 3525 medicina,

241 3540 382 3598 Unde
409 3547 519 3601 sibi
548 3546 778 3600 celerem
811 3544 1065 3602 credebat
1093 3551 1285 3605 adesse
1318 3550 1602 3606 medelam.

241 3629 328 3688 Vir
355 3636 578 3690 tandem
607 3635 844 3702 Domini,
871 3637 1202 3694 clamoribus
1227 3639 1313 3694 his
1342 3639 1672 3709 stimulatus,

240 3720 301 3776 Et
328 3738 493 3795 super
523 3723 783 3781 amictum
819 3727 887 3782 de
919 3743 1067 3782 more
1096 3742 1197 3784 suo
1224 3730 1539 3797 miseratus,

239 3812 399 3872 Intrat
438 3819 497 3873 in
537 3819 847 3886 ecclesiam,
879 3820 1131 3888 precibus
1165 3825 1483 3878 conscendit
1513 3824 1580 3879 ad
1607 3840 1780 3890 aram,

240 3901 384 3960 Mane
416 3917 710 3978 rogaturus
731 3923 830 3976 pro
851 3923 981 3965 cura
1021 3911 1269 3981 corporis
1298 3911 1458 3983 hujus
1477 3953 1493 3979 ,

247 3989 484 4051 Vedibus
518 4007 683 4066 atque
720 3998 895 4053 sacris
926 3999 1176 4066 indutus,
1207 4001 1364 4057 miles
1401 4010 1460 4057 ut
1491 4005 1679 4070 armis,

242 4078 595 4139 Concelebrat
624 4086 869 4150 missam,
902 4088 997 4141 sed
1021 4103 1128 4141 non
1163 4089 1284 4143 sine
1314 4088 1527 4146 fletibus
1556 4093 1747 4162 ipsam.

241 4169 388 4224 Astat
415 4183 469 4227 ct
510 4184 772 4244 mgrotus,
807 4177 1172 4244 prosternitur
1210 4177 1263 4230 in
1294 4192 1456 4250 prece
1498 4189 1660 4250 totus,

246 4256 410 4317 Orans
445 4281 512 4318 ex
545 4266 861 4320 imisanimi
887 4268 1178 4338 cordisque
1206 4270 1477 4338 medullis,

241 4349 351 4406 Jam
373 4356 474 4410 sibi
507 4357 835 4426 promissum
863 4359 1118 4429 compleri
1157 4362 1372 4418 coalitus
1401 4363 1596 4433 ipsum.

241 4445 411 4514 Atque
448 4449 726 4520 mysteriis
753 4452 1146 4508 consummatis
1175 4457 1542 4513 sacrosanctis

245 4535 389 4608 (Mira
419 4543 699 4598 relaturus
718 4557 858 4611 sum,
892 4545 1027 4599 mira
1053 4547 1148 4602 sed
1177 4549 1570 4620 expositurus),

243 4631 446 4703 Accipit
483 4651 515 4690 e
549 4636 802 4691 manibus
827 4637 1040 4692 abbatis
1064 4654 1236 4708 aquas
1267 4640 1596 4706 sitibundus,

245 4727 400 4794 Queis
420 4731 724 4800 degustatis
752 4732 964 4795 devote,
996 4732 1150 4800 queis
1174 4723 1606 4802 magis‘haustis,

244 4818 356 4876 Mox
387 4821 752 4893 optata'salus
787 4823 1047 4878 membris
1075 4823 1375 4878 infunditur
1399 4825 1537 4896 ejus.

245 4909 370 4965 Nam
416 4929 550 4970 caro
585 4915 902 4981 mundatur,
940 4929 1065 4969 nam
1105 4930 1303 4988 spurca
1332 4917 1471 4971 cutis
1515 4927 1820 4988 reparatur,

243 5000 306 5056 Et
324 5005 404 5060 sic
438 5006 494 5060 in
522 5005 744 5062 laudem
776 5020 1148 5076 praerumpens
1169 5003 1589 5077 Omnipotentis,

244 5090 354 5148 Non
385 5097 575 5152 minus
599 5097 921 5152 Auselmum
956 5098 1179 5154 tollebat
1212 5099 1440 5155 vocibus
1474 5099 1619 5156 altis.

243 5181 408 5248 Quem
436 5187 825 5258 compescebat
847 5187 929 5241 vir
957 5197 1212 5254 sanctus,
1237 5187 1471 5260 eumque
1498 5190 1752 5247 monebat

241 5269 316 5325 Ne
339 5276 442 5330 sibi
468 5277 598 5346 quid
623 5277 750 5332 facti
781 5277 913 5332 velit
941 5278 1067 5332 huic
1093 5279 1364 5335 ascribere
1388 5280 1552 5348 tanti,

242 5358 352 5418 lmo
381 5364 498 5420 Deo
522 5367 620 5422 soli
649 5368 922 5437 persolvat
954 5368 1135 5423 munia
1166 5368 1341 5424 laudis
1360 5410 1376 5435 ,

243 5454 286 5506 A
309 5470 419 5525 quo
458 5460 706 5528 procedit
736 5464 898 5516 totius
925 5477 1054 5517 cura
1087 5459 1301 5517 salutis.

244 5540 468 5602 Talibus
491 5547 811 5618 instructus,
846 5552 974 5608 hinc
1001 5563 1056 5608 et
1095 5553 1262 5609 nimis
1291 5552 1644 5620 exhilaratus,

312 5663 438 5737 (46)
472 5665 528 5718 In
552 5681 663 5737 ms.
703 5666 1117 5737 codicereginre
1146 5667 1356 5726 Sueciaa
1381 5669 1667 5724 exstanthi
1701 5685 1822 5726 ver-

243 5744 336 5788 sus
371 5735 440 5789 ad
484 5735 685 5792 calcem
717 5735 851 5792 Vitae
883 5736 940 5793 S.
986 5735 1226 5796 Anselmi
1275 5741 1340 5796 ab
1375 5739 1644 5798 Eadmero
1697 5757 1823 5797 con-

1699 357 2072 416 MIRACULA.

1845 3140 1886 3197 C

3394 361 3498 419 ΗΞ

1851 476 1902 535 Α
1927 471 2157 530 Mundus
2185 482 2240 530 et
2263 474 2542 532 incolumis
2578 477 2714 532 redit
2744 476 2810 531 ad
2838 489 2932 531 sua
2963 474 3100 546 pelle
3136 485 3384 534 novatus.

1989 563 2254 634 Tempore
2282 582 2389 637 quo
2419 577 2636 623 sanctus
2659 584 2841 623 curam
2872 569 3102 639 pastoris
3138 571 3358 639 agebat,

1919 653 1988 710 Et
2007 671 2169 725 super
2195 656 2522 730 Angligenas
2563 663 2836 730 primatus
2857 661 2994 730 iure
3021 661 3254 728 eruebat,

1919 745 2171 803 Pluribus
2206 761 2272 802 ex
2298 751 2478 804 causis
2516 751 2566 804 in
2611 751 2758 822 regni
2781 752 2978 808 finibus
3007 754 3144 808 ortis

1918 835 2196 908 Praecipue
2225 839 2366 908 regis
2385 836 2685 912 Guillelmi,
2712 841 2804 896 sed
2829 841 3062 912 junioris

1917 925 2120 996 lmpete
2147 928 2354 983 saavitia
2382 928 2590 984 cerebri
2633 911 2926 1002 c‘mjtante
2957 932 3154 996 mania,

1918 1017 2193 1074 Ecclesias
2222 1019 2371 1090 regni
2401 1035 2507 1089 qua
2540 1003 2743 1076 vexJns
2777 1022 3103 1090 diripiendo,

1918 1107 2034 1165 Non
2067 1117 2184 1165 erat
2209 1109 2297 1166 ille
2335 1110 2501 1166 Deum
2546 1127 2802 1167 reverens
2830 1113 3144 1168 hominesve
3173 1114 3422 1171 furendo.

1919 1197 2040 1254 Hmc
2077 1214 2171 1270 per
2193 1213 2251 1254 se
2276 1200 2531 1270 quoniam
2563 1201 2754 1256 sedare
2785 1202 3040 1270 nequibat
3069 1205 3134 1257 ad
3165 1220 3420 1274 unguem,

1921 1290 2064 1345 Exiit
2089 1305 2120 1345 e
2148 1290 2287 1345 dulci
2318 1291 2489 1360 patria
2522 1291 2748 1345 Romam
2779 1292 3068 1364 petiturus,

1915 1377 2212 1434 Consilium
2239 1379 2439 1434 domini
2467 1395 2618 1450 papae
2647 1395 2810 1451 super
2839 1381 2941 1436 hoc
2976 1381 3280 1447 habiturus,

1915 1472 1959 1526 A
1985 1485 2092 1541 quo
2115 1471 2408 1541 suscipitur
2444 1472 2610 1526 nimio
2641 1481 2952 1542 przeventus
2983 1473 3189 1527 honore

1918 1562 2083 1619 Urbis
2111 1570 2166 1618 et
2193 1577 2222 1616 a
2265 1571 2377 1617 tota
2401 1571 2693 1618 veneratur
2731 1563 3036 1618 nobilitate.

1917 1654 2048 1726 Ejus
2077 1655 2131 1710 in
2162 1669 2447 1711 occursum
2479 1669 2736 1725 pompose
2770 1669 2892 1708 nam
2925 1655 3291 1724 properabat,‘

1917 1744 2172 1800 Praesulis
2191 1746 2258 1800 ad
2289 1745 2428 1800 tanti
2458 1744 2658 1799 famam
2691 1758 2920 1800 currens
2948 1745 3284 1809 manicabat,

1842 1807 1890 1868 Β
1919 1835 2053 1890 Tum
2078 1837 2204 1907 quia
2233 1836 2456 1892 semotis
2485 1835 2611 1891 illuc
2639 1835 2705 1891 de
2738 1837 2984 1906 partibus
3007 1835 3155 1891 orbis

1916 1927 2152 1984 Venerat
2187 1927 2234 1982 is
2267 1927 2440 1983 sancti
2477 1935 2728 1997 repetens
2759 1925 3013 1996 suﬂ'ragia
3043 1924 3211 1990 Petri,

1918 2018 2054 2072 Tum
2099 2017 2226 2087 quia
2258 2026 2420 2074 notus
2447 2026 2567 2073 erat
2591 2017 2852 2072 miranda:
2887 2015 3212 2086 relligionis,

1915 2109 2295 2178 ActibusJiinc
2323 2109 2494 2164 multo
2523 2109 2656 2164 satis
2682 2116 2918 2177 expertae
2946 2106 3195 2160 rationis.

1917 2199 2016 2255 Ast
2040 2200 2131 2254 ubi
2159 2215 2322 2255 causa
2367 2200 2450 2255 sui
2483 2198 2585 2254 fuit
2609 2200 2873 2254 adventus
2905 2196 3218 2261 manifesta,

1917 2290 2143 2346 Summo
2169 2290 2410 2362 pontifici
2439 2305 2536 2361 per
2564 2290 2814 2345 eumdem
2857 2289 3058 2359 quippe
3088 2287 3280 2350 relata,

1920 2384 2000 2438 Ex
2024 2392 2151 2438 tunc
2180 2384 2436 2454 majorem
2464 2383 2566 2438 sibi
2596 2381 2966 2452 praetendebat
3004 2381 3286 2444 honOrem,

1923 2471 1996 2526 Ut
2031 2471 2211 2526 decuit
2238 2472 2331 2527 tali
2364 2487 2610 2542 personae
2643 2481 2751 2526 tam
2785 2469 3032 2540 speciali.

1923 2561 2058 2616 Nam
2095 2561 2336 2616 retinens
2364 2576 2570 2624 secum,
2598 2561 2814 2616 sibimet
2845 2559 2978 2614 facit
3018 2573 3138 2614 esse
3179 2557 3503 2624 secundum,

1928 2649 2151 2704 Actibus
2181 2649 2234 2705 in
2275 2650 2485 2704 cunctis
2512 2650 2736 2705 secretis
2768 2656 2822 2703 et
2860 2647 3163 2702 manifestis
3186 2687 3202 2711 ,

1925 2739 2096 2808 Ipsius
2127 2739 2193 2794 ad
2216 2738 2427 2798 laudem
2453 2737 2849 2809 quamplurima
2881 2752 3022 2805 saepe
3047 2751 3330 2805 perorans,

1923 2829 2077 2886 Nunc
2108 2830 2163 2884 in
2183 2831 2418 2900 privato,
2445 2831 2604 2885 modo
2630 2840 2774 2885 creto
2800 2828 3184 2897 multiplicato,

1922 2920 2014 2977 Sic
2040 2929 2101 2976 ut
2125 2921 2397 2978 multoties
2419 2921 2876 2977 verecundaretur
2909 2920 2962 2973 iu
3008 2918 3221 2973 iisdem.

1920 3016 2083 3072 Urbis
2115 3031 2248 3072 vero
2273 3015 2432 3082 situs,
2464 3015 2592 3085 quia
2639 3013 2922 3068 morbidus
2950 3012 3204 3082 haudque
3232 3006 3467 3064 salubﬁs

1920 3103 2171 3162 Noscitur
2199 3105 2518 3175 aestivosub
2551 3112 2815 3172 tempore,
2847 3103 2976 3172 quin
3019 3099 3320 3172 peregrinis
3340 3138 3356 3162 .

1919 3196 2000 3251 Ex
2021 3197 2227 3253 domini
2256 3209 2408 3268 papae
2450 3210 2721 3252 consensu
2745 3193 3079 3261 consilioque

1921 3286 2247 3342 Transiit‘ad
2271 3287 2452 3340 villam
2479 3300 2600 3353 qua:
2638 3283 2852 3338 Sclavia
2892 3281 3126 3344 dicitur,
3159 3296 3212 3333 In
3254 3294 3361 3347 qua

1920 3373 2075 3445 Saepe
2102 3375 2438 3445 quiescebat,
2463 3386 2660 3440 corpus
2689 3370 2986 3425 recreando
3016 3366 3258 3422 fovebat.

1921 3469 2050 3526 Haec
2085 3466 2342 3538 quoniam
2369 3464 2463 3518 alti
2495 3471 2708 3518 constat
2736 3459 3074 3514 sitamontis
3106 3459 3158 3512 in
3189 3457 3305 3526 ipso

1921 3563 2122 3620 Sauior
2151 3559 2276 3615 inde
2306 3559 2485 3622 datur,
2515 3555 2751 3625 clivique
2788 3551 3024 3608 salubris
3072 3550 3325 3614 habetur,

1866 3637 1875 3646 ’
1919 3655 2036 3711 Nec
2063 3651 2307 3724 procula
2340 3648 2510 3704 muris
2548 3632 2807 3700 Romanae
2835 3641 3050 3696 sistitur
3087 3639 3258 3694 urbis.

1917 3749 2039 3816 Quo
2065 3743 2244 3800 Patris
2275 3742 2342 3797 ad
2360 3739 2572 3810 jussum
2611 3737 2888 3793 remeabat
2912 3741 2968 3788 et
2996 3733 3110 3803 ipse
3139 3730 3470 3799 frequenter,

1918 3837 2160 3896 Grandia
2190 3833 2288 3892 sed
2315 3832 2528 3903 quoties
2560 3827 2909 3885 tractabatret
2939 3824 3055 3894 ipse
3089 3829 3359 3892 patenter.

1920 3929 2094 3999 Ipsius
2123 3934 2181 3980 at
2207 3921 2405 3978 montis
2434 3918 2685 3988 homines
2712 3914 2940 3986 penuria
2971 3911 3193 3980 grandis

1919 4015 2262 4075 Conliciebat
2288 4027 2440 4080 aquze
2463 4010 2576 4078 jam
2601 4006 2862 4076 temporis
2895 4003 3022 4057 illud
3067 4001 3132 4054 ad
3171 4013 3362 4066 usque.

1921 4106 2075 4176 Quod
2106 4104 2243 4158 bene
2272 4099 2611 4170 perpendens
2650 4095 2809 4165 huius
2851 4091 3096 4148 custodia
3123 4089 3293 4152 villze,

1921 4197 2147 4265 Insuper
2185 4200 2239 4250 et
2274 4191 2441 4246 vitam
2473 4195 2695 4241 sanctus
2733 4199 2898 4253 quam
2941 4182 3176 4236 duxerat
3201 4179 3291 4234 ille
3314 4218 3330 4242 ,

1923 4287 1991 4342 Et
2015 4285 2141 4358 quia
2173 4283 2330 4354 plura
2355 4280 2470 4335 suis
2500 4277 2754 4348 precibus
2774 4273 2888 4344 jam
2931 4273 3214 4330 commoda
3251 4269 3440 4334 multis

1921 4373 2251 4433 Prmstiterit
2277 4371 2529 4428 Christus
2559 4367 2870 4422 morborum
2914 4365 3036 4420 tabe
3067 4363 3325 4435 gravatis,

1843 4471 1896 4532 1)
1921 4464 2227 4534 Alloquitur
2246 4470 2494 4518 sanctum
2516 4499 2532 4524 ,
2565 4457 2818 4527 precibus
2845 4455 3209 4511 circumvenit
3236 4453 3437 4523 ipsum,

1924 4557 1996 4612 Ut
2021 4557 2236 4627 signare
2263 4555 2439 4608 locum
2468 4549 2615 4620 putei
2648 4549 2900 4620 dignetur
2925 4547 3146 4614 ibidem,

1919 4647 2075 4714 Quod
2108 4659 2262 4711 mage
2279 4642 2608 4698 conveniens
2634 4639 2780 4694 latici
2809 4639 3109 4694 decreverit
3131 4640 3294 4705 idem,

1923 4739 2119 4793 Dicens
2143 4735 2281 4790 velle
2304 4747 2462 4788 suum
2495 4731 2632 4796 fore,
2662 4730 2708 4786 si
2734 4729 2848 4798 jam
2888 4732 3026 4785 I'orte
3051 4731 3260 4785 valeret

1921 4829 1977 4885 Id
2016 4827 2158 4891 Iieri,
2185 4822 2545 4896 precibusque
2560 4819 2819 4890 juvamen
2849 4823 2992 4877 ferre
3020 4822 3261 4889 placeret

1923 4917 2076 4984 Quod
2104 4931 2208 4971 non
2235 4921 2379 4971 esset
2403 4927 2541 4984 opus
2582 4911 2916 4967 descendere
2942 4910 3099 4966 vallis
3125 4912 3193 4965 ad
3232 4912 3396 4964 imum

1922 5008 2166 5078 Gurgitis
2212 5005 2282 5060 ad
2329 5003 2580 5078 lymphas
2634 5001 2952 5060 referendas
2998 5003 3195 5057 montis
3228 5003 3280 5056 in
3315 5000 3505 5062 altum.

1920 5099 2104 5156 Audiit
2129 5095 2421 5152 Anselmus
2438 5134 2455 5161 ,
2495 5093 2834 5164 tandemque,
2853 5091 3164 5163 precatibus
3195 5090 3311 5159 ejus

1918 5189 2146 5256 Annuit,
2171 5197 2227 5244 et
2257 5187 2444 5243 laudat
2480 5187 2626 5258 quod
2657 5185 2988 5255 disposuisse
3009 5181 3214 5236 fatetur
3256 5201 3270 5236 :

1922 5281 2342 5353 Assumptisque
2371 5279 2475 5334 sibi
2502 5277 2690 5341 sociis,
2721 5273 3108 5343 monachisque
3136 5273 3366 5342 duobus,

1924 5375 2070 5430 Exiit
2097 5381 2318 5428 acturus
2355 5369 2532 5426 fuerat
2570 5366 2714 5437 quod
2739 5378 2882 5434 smpe
2913 5373 3155 5433 rogatus.

1926 5467 2033 5524 Sed
2063 5481 2216 5522 mons
2243 5465 2487 5521 sublimis
2510 5470 2628 5516 erat
2653 5460 2856 5516 arduus
2883 5469 2938 5516 et
2967 5459 3127 5515 nimis
3154 5459 3289 5530 ipse.

1926 5560 2167 5631 Desuper
2188 5567 2243 5613 et
2270 5572 2430 5627 rupes
2457 5569 2566 5626 quo
2591 5568 2749 5609 mons
2778 5561 2895 5609 erat
2925 5553 3136 5609 obsitus
3174 5554 3288 5621 ipse
3313 5569 3328 5618 ;

1927 5673 2159 5742 scriptae.
2192 5668 2330 5724 Hinc
2355 5665 2830 5742 conjiciesjiorum
2859 5668 3020 5722 etiam
3044 5679 3294 5721 versuum
3321 5674 3510 5722 auclo-

1933 5737 2054 5799 rem'
2079 5741 2245 5795 fuisse
2271 5737 2583 5809 praedictum
2611 5737 2961 5794 Eadmcrum.
