4068 6286
533 323 638 378 123

532 435 684 492 Unde
719 434 1002 491 videbatur
1031 434 1298 490 dementia
1321 449 1527 488 summa
1559 436 1775 505 probari

532 525 686 591 Quod
720 526 844 594 quis
874 526 945 580 ibi
975 525 1136 580 vellet
1175 533 1396 594 puteum
1434 524 1620 578 saltem
1657 525 1928 578 meditari.

532 621 784 672 Attamen
818 618 1066 682 antistes,
1097 616 1283 684 scripti
1314 631 1418 669 non
1459 615 1744 670 immemor
1785 625 2008 670 exstans

531 710 684 774 Quod
719 710 808 778 qui
847 711 1050 764 habens
1076 708 1197 762 fidei
1223 715 1480 776 quantum
1512 707 1582 761 sit
1627 721 1840 776 sperma
1885 707 2112 776 sinapis,

531 802 764 871 Imperat
793 802 918 855 hinc
949 801 1117 856 monti
1151 798 1448 861 transferri,
1479 799 1693 866 citoque
1733 797 2002 862 movebit;

534 891 614 944 Ac
642 899 769 945 tunc
799 891 915 960 ipse
944 890 1116 944 fretus
1144 905 1238 959 spe
1272 890 1412 943 sicut
1453 897 1569 942 erat
1597 889 1737 942 bene
1762 897 1970 954 suetus,

534 979 868 1048 lnspicieudo
897 979 1094 1043 locum,
1128 978 1423 1048 perlustrat
1453 977 1696 1031 strictius
1723 978 1916 1046 ipsum.

537 1069 690 1125 Tunc
716 1086 880 1140 prece
904 1071 1184 1140 prazmissa
1205 1111 1220 1134 ,
1257 1083 1377 1138 quae
1403 1084 1616 1138 semper
1651 1076 1771 1122 erat
1799 1066 1899 1122 sibi
1930 1081 2117 1136 prom-

1875 1154 2038 1227 leta.

534 1249 712 1318 Atque
739 1249 1043 1318 genuﬂexo,
1078 1248 1254 1304 crucis
1283 1247 1527 1303 exhibito
1549 1261 1763 1316 quoque
1795 1247 1968 1316 signo,

537 1339 642 1393 Ter
681 1338 879 1392 'eriens
911 1348 1109 1392 terram
1137 1337 1296 1406 lapidi
1337 1352 1578 1406 saxoque
1606 1336 1989 1406 propinquam,

535 1430 704 1485 Jussit
728 1439 785 1484 ut
809 1431 1073 1485 instarent
1101 1430 1250 1499 Operi
1272 1438 1597 1499 puteumque
1626 1436 1897 1498 pararent.

540 1522 655 1575 Non
683 1521 1002 1587 difﬁdentes,
1031 1523 1122 1577 sed
1151 1523 1202 1576 in
1228 1521 1343 1590 ipso
1369 1534 1516 1589 spem
1555 1527 1878 1580 statuentes,

539 1611 640 1676 Qui
671 1612 866 1682 populo
908 1613 1177 1682 quondam
1211 1626 1307 1680 per
1333 1611 1605 1665 desertum
1637 1608 1904 1680 gradienti

540 1703 720 1758 Firma
743 1705 826 1764 ,de
859 1713 1011 1773 petra
1043 1703 1303 1774 produxit
1334 1717 1505 1773 aquas
1535 1701 1762 1756 sitienti.

541 1795 831 1865 Perpaucis
869 1797 1032 1866 igitur
1069 1796 1360 1850 transactis
1401 1795 1527 1850 inde
1572 1794 1781 1857 diebus,

541 1887 618 1940 Ex
649 1903 755 1956 quo
791 1899 1072 1958 coeperunt
1102 1888 1154 1943 in
1179 1889 1386 1944 vertice
1413 1887 1654 1958 scalpere
1690 1885 1912 1952 montis,

1583 322 1639 378 S.
1675 321 1974 378 ANSELMI
2015 321 2363 378 CANTUAR.
2397 319 2714 376 ARCHIEP.

2129 446 2175 499 Α
2203 436 2343 490 Fons
2371 451 2402 490 e
2426 435 2652 504 vestigio
2694 444 3056 503 prorumpens
3086 428 3248 492 cetis,
3273 435 3329 481 et
3363 425 3503 479 unda

2213 526 2447 581 Perculit
2481 533 2719 580 astantes
2747 521 2925 577 subito
2966 519 3268 590 grandique
3303 527 3544 586 stupore.

2214 617 2349 672 ilinc
2377 632 2474 686 pro
2506 615 2686 669 laetitia
2716 613 2910 668 mentis
2939 626 3063 666 eum
3093 609 3267 662 laudis
3305 608 3511 662 honore

2212 707 2485 761 Christum
2525 704 2893 774 magnificam,
2928 709 3287 768 sanctumque
3313 697 3408 752 Dei
3449 694 3696 766 repetitis

2213 799 2448 853 Vocibus
2484 796 2804 859 acclamant,
2845 803 2955 847 tum
2989 791 3111 846 facti
3141 805 3239 862 pro
3271 789 3511 844 novitate

2213 889 2470 953 Muneris,
2502 896 2557 942 et
2584 887 2689 941 divi
2721 895 2827 940 tam
2863 883 2997 938 mira
3027 899 3125 952 pro
3161 881 3417 936 novitate.

2214 981 2326 1036 l‘loe
2354 990 2408 1034 et
2434 979 2662 1036 habetur
2698 977 2766 1031 ibi
2808 990 2905 1046 pro
2940 974 3102 1038 miro,
3132 988 3256 1026 nam
3285 978 3432 1040 patet
3459 967 3606 1021 omni

2213 1073 2347 1129 Cum
2378 1087 2533 1126 mons
2566 1083 2822 1140 procerus
2848 1073 3063 1122 constet
3089 1063 3412 1131 modiceque
3441 1067 3688 1119 cavatus,

2212 1164 2386 1220 Fonte
2416 1161 2648 1217 salubris
2685 1174 2822 1228 aqua
2853 1158 2999 1228 jugis
3022 1168 3076 1212 et
3105 1155 3185 1219 ﬁt,
3222 1162 3276 1209 et
3307 1154 3419 1224 ipse
3445 1149 3706 1220 repletus.

2214 1253 2348 1308 Nam
2385 1252 2735 1307 febrientibus
2763 1251 2875 1305 haec
2908 1249 2962 1303 in
3002 1256 3187 1318 potum
3213 1252 3425 1314 sumpta
3455 1241 3728 1303 medetur,

2215 1342 2440 1412 Insuper
2460 1352 2514 1396 et
2541 1341 2706 1396 variis
2739 1339 3090 1410 languoribus
3125 1345 3248 1407 apta
3282 1335 3566 1406 probatur.

2215 1433 2296 1488 Ad
2319 1433 2544 1488 iDomini
2577 1433 2788 1487 laudem
2825 1431 2966 1500 quod
3003 1429 3238 1496 pertinet
3269 1425 3640 1480 indubitanter

2217 1523 2364 1578 Talia
2388 1523 2477 1592 qui
2511 1520 2703 1591 p0pulo
2725 1520 2820 1574 dat
2858 1519 2996 1574 dona
3037 1532 3136 1573 suo
3164 1517 3510 1570 miseranter.

2217 1611 2418 1668 Praesul
2441 1621 2494 1667 et
2525 1597 2636 1681 ipse
2664 1610 2881 1679 quidem
2911 1625 3016 1664 non
3045 1621 3240 1678 expers
3277 1604 3450 1658 laudis
3472 1602 3732 1664 habetur,

2218 1699 2382 1768 Cujus
2417 1713 2602 1752 amore
2630 1698 2771 1752 Deus
2799 1712 2934 1767 opus
2963 1696 3066 1751 hoc
3103 1703 3350 1766 patrasse
3374 1691 3610 1752 videtur,

2145 1779 2192 1838 Β
2221 1789 2358 1844 Hinc
2389 1788 2615 1844 Sclavite
2648 1796 2843 1858 puteus
2877 1787 3052 1858 patria
3094 1785 3364 1840 vocitatur
3387 1783 3439 1837 in
3473 1779 3621 1835 omni

3672 307 3789 366 ’121
3851 322 3897 365 ο

2226 1881 2479 1936 Praesulis
2507 1878 2750 1933 Ansclmi
2797 1888 2992 1947 puteus
3034 1876 3099 1930 de
3137 1875 3296 1929 laude
3327 1870 3571 1943 perenni.

549 2062 3787 2102 ________________________.__________________

923 2217 1464 2382 'SANCTI
1582 2213 2206 2332 ANSELMI
2314 2208 2670 2329 VITA
2781 2205 3405 2324 BREVIOR

1357 2437 1462 2496 Ea:
1497 2435 1924 2513 mrmuscrt’pto
1963 2430 2175 2493 codice
2203 2427 2583 2492 bibliothecae
2622 2425 2989 2488 l'ictorinx.

615 2751 898 2808 Anselmus
925 2765 988 2806 ex
1019 2749 1257 2819 Augusta
1292 2747 1614 2819 Burgundim
1659 2745 1880 2802 civitate
1924 2743 1992 2796 ad
2025 2741 2118 2796 Al-

543 2845 692 2916 pium
720 2842 930 2898 radices
956 2841 1128 2910 posita
1160 2839 1440 2905 oriundus,
1467 2854 1531 2892 ac
1558 2839 1859 2893 illustribus
1879 2834 2122 2905 parenti-

545 2935 668 2997 bus,
699 2931 972 2988 Gundulfo
1000 2938 1153 2999 patre
1182 2944 1244 2983 ac
1259 2929 1660 2999 Hermenberga
1691 2935 1864 2984 matre
1887 2941 2122 2998 progna-

548 3007 662 3086 tus“,
687 3032 741 3077 et
771 3040 798 3076 a
830 3022 1061 3091 pueritia
1089 3021 1317 3088 ingenue
1373 3019 1773 3088 liberaliterque
1823 3019 2120 3084 institutus,

546 3117 614 3169 ad
641 3116 906 3170 Beccense
930 3113 1259 3177 coenobium,
1297 3121 1573 3181 permotus
1621 3111 1907 3168 Lanfranci
1943 3112 2084 3166 fama
2106 3151 2123 3178 ,

545 3206 898 3274 discendique
926 3204 1126 3271 studio,
1164 3204 1330 3258 venit.
1364 3204 1438 3259 lbi
1469 3204 1645 3260 aetatis
1672 3219 1782 3259 sua:
1811 3219 1952 3259 anno
1979 3206 2126 3260 vice-

545 3313 684 3352 simo
711 3297 939 3367 septimo
954 3297 1186 3367 primum
1213 3296 1602 3363 fitmonachus,
1616 3295 1810 3350 deinde
1825 3285 2127 3350 L'anfranco

546 3389 612 3443 a:l
672 3389 1062 3444 Cadomensem
1117 3388 1390 3443 abbatiam
1435 3387 1711 3458 praefecto,
1766 3388 1817 3442 iu
1871 3385 2126 3442 Beccensi

545 3478 789 3547 prioratu
815 3477 1116 3534 successit:
1159 3477 1210 3530 in
1243 3492 1349 3546 quo
1396 3477 1589 3532 ordine
1636 3475 1945 3545 quindecim
1971 3476 2128 3529 annis

546 3568 702 3621 stetit
737 3585 751 3620 :
791 3567 930 3622 Tum
958 3567 1179 3621 Erluiuo
1207 3567 1460 3622 Beecensi
1489 3567 1685 3622 abbate
1732 3575 1968 3630 mortuo,
2010 3565 2126 3618 An-

547 3657 751 3710 sclmus
792 3658 964 3712 abbas
1021 3666 1274 3722 creatur;
1323 3672 1483 3727 quem
1525 3656 1762 3727 'gradum
1821 3655 2126 3725 quindecim

547 3745 710 3799 etiam
774 3747 930 3801 annis
973 3746 1158 3816 gessit.
1205 3746 1445 3801 Tandem
1499 3746 1567 3800 ab
1627 3747 1853 3818 Hugone
1902 3745 2126 3801 Cestria:

548 3837 749 3890 comite
777 3838 1019 3907 graviter
1046 3847 1362 3908 aegrotante,
1395 3837 1713 3894 celebritate
1758 3839 1839 3893 sui
1895 3839 2128 3895 nominis

553 3925 885 3996 pervulgata,
917 3927 969 3980 iu
992 3926 1241 3994 Angliam
1277 3928 1572 3984 accersitus
1597 3929 1766 3996 venit,
1792 3938 1852 3983 ut
1874 3931 2120 3999 quaedam

548 4016 692 4074 illius
710 4020 926 4074 comitis
942 4020 1153 4092 negotia
1171 4031 1507 4091 procuraret,
1524 4030 1578 4076 et
1602 4021 1906 4078 Castrensis
1935 4038 2126 4077 mona-

547 4111 698 4165 sterii
730 4121 950 4177 coetum,
978 4112 1211 4167 exclusis
1247 4115 1641 4180 sacerdotibus,
1672 4116 1954 4170 monachis
1977 4130 2126 4170 com-

546 4203 740 4272 pleret.
795 4204 871 4259 De
921 4219 1027 4274 quo
1057 4221 1178 4259 cum
1213 4205 1532 4262 Guillelmus
1561 4207 1732 4264 Rufus
1787 4209 2124 4277 accepisset,

547 4312 669 4350 eum
734 4297 1178 4351 Cantuariensem
1265 4298 1731 4369 archiepisc0pum
1805 4301 2124 4355 nominavit.

547 4385 751 4440 Omnes
777 4387 920 4440 enim
978 4387 1478 4458 archiepiscopatus
1499 4400 1794 4460 proventus
1844 4401 1952 4446 toto
1993 4408 2128 4461 qua-

2228 2754 2334 2808 que
2388 2738 2582 2795 divinis
2633 2737 2836 2800 dedito,
2885 2733 3109 2806 perferri
3137 2748 3203 2790 ac
3247 2733 3538 2790 sustentari
3587 2743 3805 2804 posset.

2229 2828 2336 2884 Sed
2357 2844 2480 2884 cuin
2510 2841 2686 2897 neque
2706 2827 2811 2881 hac
2837 2825 3090 2880 suasione
3131 2823 3423 2893 quidquam
3465 2823 3818 2892 profecisset,

2226 2934 2432 2989 proque
2459 2927 2609 2973 certo
2633 2915 2989 2985 comperisset
3015 2929 3272 2984 proceres
3296 2911 3666 2984 populumque
3697 2911 3820 2966 An.

2229 3011 2349 3081 glia:
2376 3011 2633 3066 adversos
2661 3016 2754 3062 aut
2807 3008 2987 3062 minus
3010 3006 3148 3061 fidos
3166 3006 3292 3072 sibi,
3319 3005 3572 3060 Anselmo
3627 3005 3824 3061 favere

2229 3114 2461 3169 eumque
2487 3099 2553 3153 ad
2588 3097 2979 3168 archiepiscOpi
3009 3110 3204 3151 munus
3228 3095 3341 3164 jam
3372 3095 3616 3151 oblatum
3643 3093 3818 3165 ﬂagi-

2229 3202 2377 3258 tare,
2423 3199 2610 3260 aperte
2647 3189 3022 3246 contradicere
3044 3187 3235 3243 noluit.
3275 3186 3657 3243 Verumtamen
3716 3202 3822 3242 ex-

2228 3284 2373 3354 cepit
2417 3281 2812 3352 possessionem
2854 3295 3040 3334 rerum
3095 3277 3626 3344 ecclesiasticarum,
3667 3292 3821 3346 quas

2229 3373 2321 3430 illo
2345 3373 2643 3430 vacationis
2673 3371 3032 3442 quadriennio
3063 3369 3291 3435 fecerat,
3317 3377 3376 3423 ut
3398 3365 3639 3422 Anselmi
3669 3381 3821 3436 quo-

2229 3481 2335 3536 que
2379 3466 2700 3520 auctoritate
2744 3471 2801 3520 et
2837 3461 3106 3518 sententia
3137 3470 3270 3516 ratae
3303 3468 3507 3515 essent.
3563 3457 3648 3512 Ad
3693 3473 3829 3528 quae

2227 3557 2517 3613 Anselmus
2538 3555 2676 3609 dixit
2705 3554 2780 3609 illi
2811 3553 2953 3608 nolle
2983 3567 3042 3608 se
3061 3551 3320 3608 Ecclesiae
3347 3563 3544 3606 nocere
3574 3548 3824 3618 inquam

2228 3647 2386 3702 oliicii
2411 3646 2546 3700 nihil
2572 3645 2906 3699 contulisset.
2928 3643 3117 3713 Itaque
3134 3642 3420 3702 abbatiam
3448 3639 3822 3706 Beccensem,

2227 3741 2447 3795 obtenta
2502 3737 2953 3804 Rothomagensis
3000 3735 3238 3805 episcopi
3271 3733 3488 3788 licentia
3513 3732 3588 3802 (in
3640 3729 3816 3798 cujus

2230 3826 2449 3882 dioecesi
2484 3825 2606 3895 fuit)
2637 3825 2925 3888 deserens,
2971 3821 3412 3894 archiepiscopus
3437 3819 3820 3876 Cantuarien-

2230 3919 2307 3972 sis
2343 3933 2372 3971 a
2421 3915 2758 3972 Walcheliuo
2807 3914 3169 3970 Wintoniensi
3217 3922 3330 3968 tum
3376 3911 3630 3983 episcopo
3680 3921 3830 3967 con-

2235 4012 2483 4064 firmatur
2515 4047 2528 4071 ,
2569 4006 2997 4076 ﬁdelitatemque
3033 4004 3176 4060 Rufo
3208 4004 3322 4077 regi
3370 4005 3436 4076 de
3475 4016 3625 4058 more
3661 4001 3827 4058 fecit.

2299 4203 2432 4259 Tum
2457 4220 2585 4261 vero
2604 4205 2654 4260 in
2681 4220 2744 4260 ea
2782 4207 2909 4261 sede
2936 4205 3146 4260 locatus
3171 4213 3223 4259 et
3255 4202 3604 4266 constitutus,
3636 4202 3822 4272 cmpit

2230 4309 2409 4366 regem
2436 4295 2657 4351 liberius
2684 4305 2846 4366 atque
2861 4297 3102 4351 severius
3129 4295 3196 4350 de
3223 4303 3332 4348 tam
3356 4289 3664 4361 inexplebili
3722 4306 3831 4346 cu-

2228 4385 2450 4455 piditate
2477 4395 2531 4440 et
2555 4386 2743 4455 rapina
2759 4387 3016 4440 bonorum
3042 4384 3530 4440 ecclesiasticarum
3547 4380 3829 4437 admone-

547 4474 794 4530 driennio
827 4492 920 4530 rex
951 4484 1287 4545 perceperat,
1316 4477 1691 4549 plurimasque
1721 4479 1992 4536 Ecclesias
2031 4497 2128 4537 ve-
2161 4505 2204 4560 ι)
2231 4493 2311 4544 re,
2338 4494 2444 4548 qua
2485 4479 2620 4533 nihil
2642 4478 2811 4548 possit
2833 4493 2956 4532 esse
2977 4479 3179 4533 certius
3203 4477 3346 4546 quod
3391 4483 3468 4530 tot
3497 4474 3832 4530 cmmeteria

479 4595 487 4606 ι
547 4564 699 4619 nales
751 4567 1045 4632 habuerat,
1074 4577 1128 4622 et
1160 4568 1380 4637 triginta
1421 4571 1734 4626 cmmeteria
1781 4571 1835 4625 in
1889 4572 2122 4628 ferarum

547 4669 746 4722 pascua
779 4656 1084 4725 redegerat,
1111 4667 1166 4711 et
1193 4658 1546 4713 ecclesiarum
1575 4661 1882 4716 vacantium
1920 4662 2128 4719 fructus

546 4743 648 4797 sibi
675 4755 1064 4800 reservaverat.
1098 4747 1262 4818 Cujus
1297 4748 1432 4802 lucri
1463 4751 1817 4818 suavitatem,
1879 4769 2000 4807 cum
2043 4755 2128 4809 vel

544 4853 768 4906 prorsus
808 4839 1184 4904 amittendam,
1221 4841 1306 4896 vel
1335 4842 1492 4896 valde
1540 4844 1888 4899 minuendam
1937 4862 2002 4900 ex
2041 4862 2128 4900 ar-

544 4927 979 4999 chiepiscopatus
1008 4931 1356 4986 concessione
1384 4945 1656 4999 senserat,
1683 4935 1934 5003 pmnituit
1973 4935 2126 4989 illum

543 5021 686 5077 illico
714 5022 872 5091 hujus
902 5033 1009 5078 tam
1042 5034 1302 5094 prompta:
1325 5033 1380 5079 et
1403 5041 1682 5095 propensa
1722 5028 1775 5080 in
1810 5027 2123 5082 Anselmum

544 5115 935 5172 beneficentiae.
963 5116 1150 5186 Itaque
1198 5117 1394 5187 utejus
1442 5117 1680 5172 animum
1730 5133 1759 5171 a
1789 5119 2127 5189 suscipiendo

549 5207 732 5262 oblato
795 5209 1262 5279 archiepiscopatu
1310 5217 1599 5276 averteret,
1639 5210 1894 5266 simulate
1947 5211 2123 5281 primo

543 5299 814 5368 exposuit,
843 5299 944 5354 etsi
972 5313 1156 5353 amore
1205 5309 1260 5354 et
1292 5300 1498 5355 meritis
1528 5301 1643 5370 ejus
1672 5301 1864 5356 ductus
1889 5300 2126 5356 Cantua-

545 5391 780 5444 riensem
838 5391 1361 5462 archiepiscopatum
1415 5395 1774 5461 contulisset,
1836 5404 2013 5449 tamen
2066 5411 2127 5452 se

546 5479 655 5546 iam
689 5493 914 5533 cernere
940 5479 1260 5549 gravitatem
1283 5490 1337 5537 et
1364 5483 1786 5552 magnitudinem
1839 5484 2128 5554 provincia:

545 5571 955 5626 Cantuariensis
997 5571 1254 5641 majorem
1287 5590 1406 5631 esse
1462 5590 1622 5646 quam
1647 5590 1766 5646 qua:
1789 5576 1857 5631 ab
1909 5576 2126 5632 homine

549 5664 866 5723 monasticis
895 5664 1355 5736 occupationibus,
1390 5667 1602 5736 vigiliis,
1638 5667 2126 5724 lucubrationibus-

2231 4569 2361 4624 feris
2384 4570 2515 4639 ipsis
2530 4570 2599 4624 ob
2625 4570 2833 4624 ruinam
2857 4569 3210 4624 ecclesiarum
3226 4579 3549 4636 compascua
3573 4563 3828 4619 fecisset.

2233 4661 2338 4716 Sed
2367 4677 2490 4717 cum
2515 4663 2628 4717 suis
2671 4661 2920 4731 precibus
2950 4670 3004 4716 et
3053 4658 3542 4724 exhortationibus,
3567 4656 3634 4711 de
3665 4657 3830 4728 regis

2232 4753 2415 4808 animo
2470 4768 2620 4822 Spem
2665 4752 2866 4807 nullam
2933 4751 3219 4821 concipere
3267 4750 3551 4821 potuisset,
3597 4747 3833 4800 veniam

2233 4845 2384 4914 petiit
2417 4844 2642 4899 Romam
2672 4845 2831 4899 eundi
2858 4859 2956 4914 pro
2979 4843 3270 4899 obtinendo
3309 4843 3376 4896 ah
3411 4838 3632 4895 Urbano
3678 4851 3834 4909 papa

2234 4937 2416 5006 pallio.
2449 4937 2563 5003 Qua
2593 4935 2706 4990 sive
2732 4936 3011 5006 petitione,
3039 4934 3152 4989 sive
3173 4931 3541 4988 nominatione
3566 4928 3837 4984 turbatus

2231 5038 2286 5083 81,
2314 5043 2577 5084 accensus
2607 5027 2958 5081 vehementer
2991 5042 3088 5081 rex
3121 5024 3356 5080 asseruit
3385 5033 3439 5077 ει
3464 5019 3667 5076 acriter
3685 5034 3841 5074 con-

2230 5122 2401 5176 tendit
2425 5121 2527 5175 hoc
2549 5119 2861 5174 Anselmum
2894 5129 3083 5174 contra
3116 5133 3226 5172 suae
3255 5115 3530 5171 fidelitatis
3574 5114 3835 5184 promis-

2229 5229 2302 5268 sa:
2325 5213 2498 5268 fuedus
2527 5211 2742 5278 fecisse;
2779 5211 2943 5267 fuisse
2964 5212 3108 5267 enim
3133 5227 3162 5265 a
3189 5219 3344 5281 patre
3373 5223 3471 5264 suo
3515 5207 3815 5263 decretum

2231 5323 2298 5362 ne
2321 5305 2628 5376 quisquam,
2659 5305 2748 5375 qui
2783 5320 2811 5358 a
2842 5320 2968 5375 rege
3007 5310 3349 5373 nuncupatus
3374 5315 3483 5356 non
3533 5308 3701 5364 esset,
3771 5299 3831 5352 in

2234 5397 2438 5466 Anglice
2461 5411 2626 5466 regno
2656 5411 2806 5466 papae
2837 5396 3055 5450 nomine
3085 5401 3426 5453 censeretur,
3454 5399 3509 5446 et
3535 5389 3625 5460 qui
3655 5403 3836 5444 secus

2235 5487 2456 5542 fecisset
2490 5487 2629 5542 laesae
2659 5487 2958 5556 maiestatis
3013 5499 3162 5540 reum
3212 5483 3463 5553 regisque
3507 5479 3834 5548 inimicum,

2234 5577 2376 5646 quod
2431 5577 2581 5647 regni
2635 5577 3086 5632 consuetudinem
3138 5573 3368 5628 violaret
3433 5568 3834 5640 iudicandum.

2235 5667 2402 5737 llujus
2426 5682 2554 5723 vero
2567 5667 2639 5722 rei
2669 5666 2950 5750 veritatem
2975 5663 3271 5721 Eadmerus
3296 5660 3381 5718 his
3406 5658 3584 5717 verbis
3599 5656 3834 5714 descri-
