4068 6286
245 372 349 432 125

1614 372 1771 430 VITA
1812 375 2130 433 BREVIOR.

3407 381 3510 436 120

245 490 362 544 hit:
407 506 426 539 ‹
480 488 681 557 Regem
733 487 800 541 oe
847 494 1148 542 transmare
1201 503 1507 560 regressum
1536 489 1824 546 Anselmus
1853 496 1896 549 A
1927 491 1992 544 ad
2023 491 2164 560 regis
2201 491 2538 547 hlurierdaeb
2566 493 2859 562 populique
2900 492 2952 547 in
2981 491 3240 548 Hibernia
3288 496 3505 565 petitio-

249 581 562 644 acliit,etnt
610 579 712 635 sibi
747 577 977 633 Romam
1003 579 1070 634 ad
1124 595 1316 650 papam
1377 580 1674 648 Urbanum,
1728 598 1827 652 pro

247 671 382 726 stola
434 671 514 726 sui
574 669 1091 740 archiepiscopatus,
1134 672 1295 727 eundi
1347 672 1618 727 licentiam
1650 673 1824 740 daret,

247 763 524 816 humiliter
557 762 732 832 petiit.
757 760 934 816 Atille
957 761 1024 815 ad
1056 776 1250 818 nomen
1292 762 1493 818 Urbani
1547 765 1816 830 turbatus,

246 853 383 906 dixit
410 869 467 908 se
494 853 644 906 illum
671 869 770 922 pro
797 869 932 924 papa
960 868 1067 907 non
1102 861 1304 920 tenere,
1336 869 1439 909 nec
1464 870 1576 910 suae
1594 870 1828 910 consue-

247 945 453 1000 tudinis
486 959 606 999 esse
636 954 696 999 ut
727 946 934 1015 absque
959 959 1058 999 sua
1084 945 1346 1001 electione
1368 945 1527 1000 alicui
1559 945 1747 1001 liceret
1772 946 1826 1000 in

245 1049 415 1106 regno
445 1051 542 1090 suo
570 1052 761 1108 papam
794 1037 1092 1092 nominare.
1129 1055 1149 1090 ι
1183 1036 1319 1091 Hinc
1348 1037 1513 1106 igitur
1537 1047 1653 1091 orta
1676 1052 1828 1107 qua:-

243 1131 370 1186 dam
400 1131 582 1201 gravis
612 1131 876 1186 dissensio
909 1137 1016 1194 est,
1047 1129 1139 1184 sed
1163 1129 1216 1183 in
1243 1128 1389 1183 aliud
1419 1139 1628 1197 tempus
1653 1128 1828 1182 discu-

243 1219 430 1274 tienda
458 1230 541 1274 est
571 1219 769 1274 delata.
795 1216 958 1274 Jubet
997 1233 1126 1286 ergo
1159 1225 1220 1272 ut
1259 1218 1426 1274 totius
1470 1217 1677 1289 Anglia!
1719 1219 1830 1288 epi-

245 1311 428 1380 scopi,
455 1309 701 1375 abbates,
735 1321 790 1365 et
817 1310 1095 1381 principes
1118 1310 1185 1363 ad
1235 1310 1626 1364 discussionem
1666 1309 1830 1363 dissia

239 1402 318 1456 dii
373 1400 530 1468 hujus
557 1401 698 1470 apud
731 1411 998 1467 castrum,
1057 1400 1199 1469 quod
1231 1399 1566 1468 Roehingam
1609 1398 1826 1464 dicitur,

239 1506 355 1545 una
385 1474 624 1544 veniant.
644 1490 862 1544 Factum
883 1500 987 1557 est,
1003 1501 1058 1546 et
1084 1493 1242 1547 tertia
1267 1493 1569 1563 septimana
1584 1491 1829 1558 Quadra-

236 1581 487 1650 gesima»,
517 1580 668 1649 iuxta
693 1577 956 1646 edictum,
978 1591 1366 1636 convenerunt.
1398 1581 1575 1637 Causa
1627 1583 1678 1636 in
1711 1597 1826 1636 mc-

235 1671 395 1724 dium
414 1670 646 1734 ducitur,
667 1678 720 1722 et
739 1669 1024 1725 Anselmus
1053 1671 1281 1726 diversis
1295 1672 1528 1741 querelis
1556 1671 1680 1727 hinc
1705 1673 1829 1727 inde

231 1763 588 1825 concutitur;
616 1762 884 1830 siquidem
909 1762 1084 1829 multi,
1101 1763 1195 1818 sed
1213 1763 1447 1817 maxime
1463 1762 1724 1833 episcopi,
1741 1779 1824 1818 re-

230 1865 344 1919 glrc
363 1851 620 1904 voluntati
644 1850 824 1906 favere
837 1851 1098 1915 volentes,
1113 1853 1576 1924 spretoaequitatis
1594 1853 1818 1924 iudicio,
1853 1825 1898 1885 Β

229 1939 286 1993 id
314 1941 552 2009 probare
571 1940 883 1996 nitebantur
895 1943 1036 2012 quod
1058 1943 1527 2010 Anselmus,salva
1544 1945 1646 2000 fide
1659 1959 1822 2014 quam

229 2031 355 2098 regi
389 2031 640 2094 deltebat,
675 2030 985 2086 nullatenus
1023 2043 1206 2102 posset
1232 2033 1284 2088 in
1321 2049 1489 2104 regno
1518 2034 1688 2104 ipsius
1720 2032 1824 2088 Ur-

227 2117 447 2170 banum
480 2119 627 2174 sedis
661 2119 968 2188 apostolica:
1003 2121 1284 2190 praesulem
1315 2136 1415 2190 pro
1444 2137 1581 2191 papa
1613 2131 1817 2176 tenere.

223 2208 452 2274 Quibus
490 2226 614 2264 cum
651 2210 804 2278 plura
841 2225 962 2281 qua:
992 2213 1134 2266 ratio
1165 2212 1381 2278 tulerat,
1420 2213 1632 2280 objecta
1681 2211 1822 2268 fuis-

220 2311 389 2365 sent,
442 2309 499 2354 et
535 2300 820 2355 Anselmus
866 2317 961 2356 eos
983 2318 1050 2356 ex
1094 2303 1275 2356 verbis
1305 2303 1514 2357 Domini
1555 2323 1568 2358 :
1605 2303 1825 2357 Reddite

217 2405 358 2458 qua:
390 2398 511 2441 sunt
539 2387 787 2451 Cwsaris,
834 2387 1059 2456 Conari,
1086 2401 1134 2444 et
1161 2407 1277 2461 qua:
1310 2391 1427 2457 Dei,
1460 2391 1568 2446 Deo
1604 2391 1820 2462 (Matth.

217 2493 387 2543 xx",
417 2477 544 2547 21);
573 2477 800 2546 aliisque
823 2478 1249 2549 nonnullis,quae
1262 2481 1404 2536 ratio
1421 2480 1563 2535 nulla
1579 2481 1826 2537 refellere

219 2577 447 2640 posset,
462 2568 678 2637 penitus
694 2568 1046 2637 infrenasset;
1065 2571 1137 2626 illi
1153 2580 1396 2637 econtra,
1408 2573 1550 2643 quod
1565 2572 1825 2639 dicereut,

223 2673 342 2712 non
381 2656 666 2721 habentes,
695 2673 817 2711 eum
846 2658 902 2713 in
933 2672 1113 2728 regem
1139 2659 1514 2730 blasphemare
1545 2676 1654 2716 uno
1679 2671 1823 2717 stre-

221 2749 351 2814 pitu
382 2746 774 2812 clamaverunt,
792 2749 1228 2818 quandoquidem
1243 2765 1408 2806 ausus
1436 2761 1554 2806 erat
1583 2752 1636 2806 in
1656 2765 1822 2822 regno

225 2840 356 2908 eius
371 2839 501 2909 (nisi
525 2854 591 2894 eo
603 2839 954 2908 concedente)
969 2841 1260 2912 quidquam
1284 2842 1365 2896 vel
1391 2841 1501 2897 Deo
1523 2843 1822 2899 ascribere.

224 2927 441 2995 lgitur,
475 2928 542 2981 ad
585 2945 747 2983 unam
782 2929 943 3001 regite
972 2930 1358 3002 indignationis
1388 2946 1574 2987 vocem
1605 2934 1822 3001 quidam

226 3033 294 3074 ex
322 3020 604 3090 episcopis
625 3022 1029 3092 archiepiscopo
1052 3038 1150 3078 suo
1175 3032 1336 3092 atque
1363 3024 1576 3092 primati
1607 3039 1823 3080 omnem

228 3110 657 3178 subiectionem,
690 3119 854 3181 atque
895 3112 1193 3181 professam
1215 3114 1576 3169 obedientiam
1603 3116 1822 3169 unoim-
1849 3152 1895 3212 ο

230 3209 364 3268 petu
387 3201 680 3272 abnegant,
697 3202 1126 3270 ciqueunitatcm
1143 3202 1396 3258 fraternae
1409 3204 1684 3259 societatis
1705 3205 1821 3275 pari

230 3301 365 3344 voto
403 3289 701 3344 miserandi
735 3291 1007 3360 abiurant.
1027 3292 1256 3359 Quidam
1282 3293 1480 3348 veroin
1507 3293 1587 3348 eis
1614 3301 1819 3348 tantum

232 3395 358 3448 quae
391 3393 460 3432 ex
493 3388 646 3449 parte
680 3380 1045 3452 Urbanipapae
1067 3385 1388 3453 praeciperet
1422 3384 1497 3437 illi
1533 3399 1590 3439 se
1624 3394 1824 3452 negant

231 3471 585 3526 obedituros.
635 3472 882 3542 Episcopi
921 3477 1104 3544 itaque
1151 3489 1341 3529 omnes
1387 3474 1648 3545 (Rol'fensi
1708 3477 1822 3532 solo

231 3565 507 3634 excepto)
537 3575 630 3618 aut
666 3580 772 3619 uno
800 3575 894 3619 aut
921 3566 1028 3622 alio
1058 3567 1240 3633 modo,
1271 3567 1504 3622 debitam
1534 3568 1610 3622 illi
1637 3568 1821 3638 subie-

233 3656 482 3710 ctionem
522 3665 576 3710 et
602 3657 966 3716 obedientiam
992 3659 1286 3730 abnegant.
1337 3659 1453 3714 Rex
1501 3661 1667 3715 etiam
1705 3661 1822 3730 ipse

231 3754 496 3801 cunctam
517 3746 565 3800 ei
591 3745 966 3802 confidentiam
1014 3759 1068 3802 et
1090 3750 1436 3804 securitatem
1466 3750 1519 3804 in
1551 3751 1665 3806 suis
1688 3751 1819 3805 'om-

233 3837 400 3891 nibus
471 3837 698 3902 ademit,
749 3851 848 3892 nec
870 3853 928 3894 se
974 3839 1121 3893 illum
1157 3856 1256 3909 pro
1301 3842 1704 3912 archiepiscopo
1736 3842 1819 3897 vel

233 3937 398 3996 patre
445 3926 679 3996 amplius
734 3914 1046 3982 habiturum
1096 3929 1263 3997 iurat,
1293 3932 1395 3986 nisi
1451 3933 1565 4000 ipse
1614 3933 1819 3988 vicario

233 4019 384 4074 beati
439 4018 588 4073 Petri
615 4018 844 4074 ulterius
889 4021 1234 4076 obediturum
1267 4025 1514 4092 deneget.
1545 4024 1680 4078 Tres
1704 4024 1821 4078 dies

235 4110 294 4163 in
327 4111 440 4164 isto
469 4111 686 4178 negotio
728 4109 1059 4164 clamoribus
1096 4111 1150 4164 in
1189 4111 1526 4175 Anselmum,
1548 4121 1602 4165 et
1631 4122 1821 4166 contu-

234 4200 421 4254 meliis
448 4200 655 4270 gravidi
679 4201 902 4269 expensi
924 4209 1072 4268 sunt,
1100 4201 1312 4255 tandem
1341 4201 1393 4255 in
1420 4202 1523 4256 hoc
1544 4201 1649 4258 ﬁne
1689 4214 1822 4256 con-

231 4291 480 4348 cludunt.

295 4382 370 4436 At.
403 4381 695 4436 Anselmus
723 4383 776 4436 in
799 4397 900 4438 suo
924 4383 1201 4453 proposito
1228 4389 1486 4438 constans
1512 4381 1755 4452 postulat
1786 4395 1816 4435 a

1930 595 2072 642 nem,
2103 581 2349 650 aliosque
2368 581 2673 653 episcopos,
2704 593 2926 654 accepta
2967 585 3319 654 subiectionis
3369 601 3500 656 pro-

1929 674 2164 729 fessioue
2192 673 2469 729 Lamhethi
2501 677 2860 731 consecravit.
2895 675 3001 732 Sed
3042 685 3165 746 post
3205 676 3502 732 Cambren-

1929 777 2040 818 sem
2089 763 2489 832 expeditionem
2545 779 2796 821 reversus
2843 781 2960 834 rex,
2995 767 3322 836 expostulari
3378 783 3505 821 cum

1927 853 2183 908 Anselmo
2209 855 2392 922 coepit,
2417 854 2484 909 de
2510 855 2770 912 militibus
2799 858 2866 912 ab
2894 873 2960 912 eo
2983 860 3161 914 missis
3190 859 3257 913 ad
3285 866 3494 912 tantum

1931 945 2222 1016 gerendum
2252 944 2450 998 bellum
2497 959 2690 1014 parum
2734 947 2962 1011 idoneis,
3007 958 3064 1003 et
3090 963 3226 1002 nova
3274 948 3502 1003 crimina

1935 1034 2136 1090 inferre
2169 1036 2237 1090 de
2269 1035 2354 1090 bis
2383 1050 2504 1105 quae
2525 1037 2817 1092 Anselmns
2841 1039 2906 1093 de
2926 1040 3298 1094 ecclesiastica
3329 1039 3497 1093 liber-

1930 1134 2039 1180 tate
2063 1126 2427 1195 recuperanda
2460 1135 2622 1195 atque
2643 1127 2952 1194 retinenda,
2973 1145 3074 1184 nec
3104 1144 3208 1183 non
3238 1131 3308 1184 de
3333 1130 3499 1184 vasti-

1928 1222 2037 1268 tate
2057 1223 2112 1269 et
2143 1215 2297 1268 ruina
2334 1215 2714 1282 ecclesiarum,
2741 1232 2863 1287 quae
2904 1219 3049 1286 regis
3100 1219 3378 1273 invasione
3412 1233 3503 1272 ac-

1929 1304 2190 1370 ciderant,
2221 1305 2441 1360 liberius
2464 1313 2520 1360 et
2548 1305 2722 1374 palam
2745 1316 2802 1361 et
2831 1322 3014 1362 secum
3056 1308 3307 1377 privatim
3360 1308 3506 1378 egis-

1929 1402 2030 1449 set.
2057 1394 2262 1461 Quibus
2288 1396 2406 1450 suis
2437 1394 2598 1450 factis
2626 1397 2928 1462 recensitis,
2952 1397 3109 1451 datur
3137 1397 3281 1451 illico
3310 1395 3506 1452 Ansel-

1928 1501 2019 1540 mo
2047 1487 2329 1556 utriusque
2351 1488 2427 1542 rei
2455 1486 2684 1544 facultas
2715 1498 2877 1557 atque
2897 1489 3067 1558 optio,
3093 1489 3208 1543 sive
3249 1487 3507 1542 manendi

1929 1576 1982 1630 in
2005 1590 2172 1646 regno
2190 1575 2416 1646 Anglize,
2467 1593 2588 1632 cum
2639 1593 2702 1632 ea
2747 1578 3094 1648 praestatione
3137 1576 3412 1632 fidelitatis
3451 1583 3512 1632 et

1929 1666 2171 1735 obsequii
2198 1667 2330 1737 regi,
2365 1682 2525 1736 quam
2555 1668 2909 1738 iurisiurandi
2944 1667 3512 1738 sacramentopromi-

1930 1765 2098 1820 serat,
2121 1765 2176 1810 et
2196 1771 2226 1811 a
2257 1759 2627 1827 superioribus
2649 1759 3073 1830 archiepiscopis
3095 1759 3340 1829 praestari
3363 1773 3506 1813 con-

1925 1845 2118 1910 suevit,
2152 1855 2208 1900 et
2255 1861 2324 1901 ne
2388 1862 2709 1920 quacunque
2749 1849 2816 1904 de
2842 1865 2901 1904 re
2922 1849 2988 1904 ad
3026 1864 3221 1920 papam
3265 1848 3334 1902 de
3382 1860 3510 1918 rege

1923 1946 2268 2008 provocaret,
2294 1948 2349 1994 et
2399 1941 2466 1994 ad
2491 1942 2676 1997 sedem
2743 1941 3097 2010 apostolicam
3147 1938 3443 2010 appellaret
3487 1954 3504 1992 :

1926 2029 2010 2084 vel
2034 2045 2100 2084 ex
2121 2030 2326 2100 Angliae
2352 2045 2519 2100 regno
2545 2032 2876 2096 discedendi,
2913 2031 3057 2102 quod
3104 2031 3305 2085 homini
3347 2043 3507 2099 pere-

1925 2122 2082 2194 grine
2108 2132 2162 2177 et
2184 2124 2402 2178 advenae
2424 2123 2636 2179 difficile
2658 2141 2762 2180 non
2788 2126 2983 2180 fuerat.
3017 2121 3508 2193 ltaqueAnselmus

1925 2213 2235 2268 constitutis
2257 2212 2358 2267 sibi
2383 2213 2634 2268 undecim
2657 2214 2864 2269 dierum
2891 2212 3140 2275 induciis,
3186 2211 3329 2264 intra
3369 2224 3507 2278 quos

1925 2302 2190 2357 confectis
2211 2303 2514 2358 rationibus
2541 2304 2670 2368 suis,
2711 2303 3128 2359 transfretaret:
3161 2301 3275 2370 Ego
3309 2299 3508 2371 (inquit

1925 2391 2038 2462 regi
2065 2401 2119 2446 et
2147 2391 2484 2462 proceribus)
2501 2395 2656 2458 vado,
2686 2394 2841 2448 vobis
2867 2401 3050 2447 tamen
3073 2389 3505 2445 benedictionem

1927 2497 2124 2544 meam,
2149 2483 2193 2536 si
2217 2497 2322 2536 non
2346 2484 2713 2549 contemnitis,
2736 2483 3038 2554 impcrtior.
3063 2481 3232 2547 Quam
3277 2495 3399 2534 cum
3448 2491 3508 2535 se

1926 2581 2026 2623 rex
2052 2583 2157 2622 non
2181 2580 2488 2638 spreturum
2512 2571 2671 2637 dixit,
2690 2571 2977 2625 Anselmus
3015 2571 3063 2623 ei
3090 2569 3264 2623 levata
3278 2569 3506 2622 dextera

1926 2657 2227 2723 benedixit,
2251 2667 2307 2714 et
2327 2659 2620 2714 Cantuaria
2671 2660 2938 2724 discessit,
2984 2659 3057 2713 ibi
3088 2657 3498 2728 quatuordecim

1927 2747 2045 2802 dies
2069 2749 2292 2814 mansit,
2322 2758 2396 2815 et,
2422 2749 2684 2819 postridie
2719 2765 2912 2804 navem
2934 2749 3130 2804 Doveri
3176 2761 3507 2803 conscensu-

1928 2852 2044 2904 rus,
2075 2847 2330 2906 tanquam
2360 2839 2589 2910 insignis
2621 2839 2853 2910 alicuius
2879 2839 3124 2894 criminis
3158 2853 3283 2894 reus
3305 2853 3334 2892 a
3373 2851 3508 2907 quo-

1927 2929 2048 2983 dam
2077 2929 2361 2984 Guillelmo
2382 2930 2584 2985 clerico
2613 2932 2754 3002 regis
2780 2931 2846 2985 ad
2872 2929 2951 2985 id.
2975 2930 3172 2984 nuntio
3202 2928 3502 2994 detinetur,

1927 3019 2100 3074 donec
2140 3035 2332 3090 magna
2362 3019 2531 3090 plebis
2559 3030 2771 3076 astante
2792 3035 3012 3085 corona,
3056 3019 3391 3089 supellectile
3406 3033 3504 3074 sua

1927 3115 2037 3162 tota
2070 3119 2442 3179 perscrutata,
2495 3109 2651 3166 bonis
2698 3111 2949 3166 omnibus
2992 3118 3204 3174 exutus,
3250 3117 3507 3180 superato

1928 3201 2091 3267 mari,
2124 3201 2302 3256 alieno
2333 3201 2502 3256 littori
2543 3203 2718 3257 nudus
2775 3201 3050 3272 expositus
3073 3207 3178 3256 est.
3205 3200 3332 3256 Post
3387 3198 3507 3256 eius

1923 3292 2241 3358 discessum,
2268 3310 2364 3349 rex
2390 3295 2709 3364 proscripsit
2733 3295 2911 3349 omnia
2935 3308 3055 3363 qua:
3075 3292 3314 3348 Anselmi
3355 3291 3497 3361 iuris

1925 3391 2106 3447 erant,
2142 3384 2278 3438 etin
2309 3401 2467 3439 suum
2517 3377 2812 3438 dominium
2860 3384 3155 3446 transtulit,
3180 3392 3233 3437 et
3255 3397 3505 3451 qurecun-

1923 3483 2028 3538 que
2057 3477 2342 3536 statuerat,
2372 3471 2524 3525 irrita
2545 3470 2937 3539 pronuntiavit.
2972 3468 3264 3523 Anselmus
3321 3476 3502 3522 autem

1922 3559 2235 3630 Lugdunum
2265 3562 2525 3631 perrexit,
2561 3562 2685 3616 inde
2720 3562 2942 3617 Romam
2966 3576 2995 3614 a
3019 3575 3155 3631 papa
3183 3559 3502 3625 accersitus,

1922 3641 2014 3721 qui
2055 3651 2386 3722 perbenigno
2414 3666 2540 3707 eum
2581 3651 2818 3722 hospitio
2841 3651 3075 3722 accepit.

1993 3741 2200 3797 Interea
2228 3739 2456 3797 Romam
2484 3743 2634 3798 venit
2674 3742 3014 3807 Guillelmus,
3057 3742 3148 3812 qui
3185 3739 3501 3797 Ansehnum

1921 3831 1976 3886 in
1999 3831 2177 3887 littore
2206 3831 2574 3889 discedentem
2603 3841 2880 3887 scrutatus
2901 3841 3004 3894 est,
3034 3832 3176 3900 regis
3205 3831 3271 3884 ad
3300 3843 3498 3900 papam

1920 3920 2130 3991 legatus
2153 3961 2168 3986 ,
2209 3930 2269 3976 ut
2290 3922 2356 3977 de
2409 3923 2652 3978 Anselmi
2701 3937 2866 3978 causa
2895 3922 3141 3977 inducias
3168 3921 3233 3974 ad
3264 3932 3500 3988 sequens

1919 4011 2195 4066 Michaelis
2234 4012 2542 4082 archangeli
2594 4012 2789 4067 festum
2820 4012 3156 4080 impetraret.
3199 4007 3316 4074 Quo
3376 4022 3501 4060 con-

1921 4117 2097 4166 cesso,
2125 4101 2408 4158 Anselmus
2444 4103 2496 4157 id
2525 4118 2668 4173 aegre
2702 4103 2897 4163 ferens,
2925 4101 3244 4170 Lugdunum
3297 4098 3496 4151 reverti

1919 4192 2203 4248 constituit
2228 4233 2244 4257 ,
2272 4193 2366 4248 sed
2397 4208 2425 4246 ι
2453 4207 2591 4262 papa
2616 4195 2681 4248 ad
2704 4191 2991 4248 concilium
3031 4189 3174 4260 quod
3205 4197 3318 4243 tum
3362 4201 3498 4242 con-

1896 4291 2172 4338 ,vocatum
2195 4283 2318 4350 fuit,
2350 4292 2592 4340 retentus
2613 4292 2715 4340 est.
2741 4283 2892 4338 inter
2922 4293 3146 4338 caeteras
3168 4280 3329 4352 huius
3359 4294 3498 4335 con-

1921 4374 2032 4430 cilii
2079 4377 2413 4441 sanctiones,
2460 4373 3170 4432 excommunicationislata
3226 4371 3497 4428 sententia

232 4488 364 4545 rege
394 4482 454 4527 ut
488 4483 634 4529 mins
659 4490 826 4544 regno
848 4476 1107 4531 discedat,
1131 4474 1248 4541 Quo
1265 4475 1364 4530 sibi
1382 4484 1575 4544 negato
1600 4515 1615 4540 ,
1659 4475 1817 4529 factm
1847 4481 1892 4536 ι)
1919 4473 2021 4531 est,
2054 4475 2163 4520 tam
2202 4467 2256 4521 in
2300 4467 2465 4522 laicos
2499 4467 2848 4522 investituras
2905 4465 3257 4522 ecclesiarum
3307 4465 3498 4519 dantes

232 4574 360 4618 sunt
391 4567 653 4635 utrinque
695 4567 904 4620 indicia!
920 4568 986 4621 ad
1012 4567 1410 4631 Pentecostem,
1433 4576 1486 4622 et
1528 4568 1683 4636 plena
1709 4580 1814 4636 pax

232 4665 288 4708 et
303 4655 672 4724 tranquillitas
696 4659 978 4727 promissa.
1005 4658 1685 4720 NihilominusAnselmus,
1705 4657 1804 4712 ho-

232 4746 476 4802 minibus
507 4747 618 4802 suis
641 4749 830 4817 captis,
849 4758 904 4803 et
924 4749 1170 4818 spoliatis
1204 4750 1469 4818 terrisque
1490 4748 1812 4813 vastatis,in

231 4833 564 4888 immensum
594 4832 825 4890 afﬂictus
849 4845 954 4891 est.
983 4836 1112 4891 Post
1153 4837 1268 4890 haec
1315 4845 1496 4889 tamen
1539 4834 1816 4889 Urbanum

229 4938 328 4994 per
355 4923 662 4978 Walterum
691 4925 1050 4982 Albanensem
1081 4929 1395 4996 episcopum
1425 4926 1540 4997 (qui
1593 4925 1814 4996 pallium

228 5012 492 5068 Anselmo
524 5029 552 5068 a
593 5015 765 5068 Roma
792 5015 1140 5071 Cantuariam
1172 5016 1385 5087 detulit)
1410 5031 1507 5086 pro
1535 5031 1673 5087 papa
1699 5031 1820 5071 sus-

230 5109 396 5177 cepit.
425 5107 482 5160 In
515 5106 618 5161 hac
641 5117 822 5162 autem
851 5111 1130 5163 tractanda
1154 5109 1529 5164 controversia
1563 5123 1657 5162 rex
1692 5123 1817 5163 cum

230 5195 459 5250 Urbano
514 5211 651 5266 papa
692 5198 944 5267 privatim
993 5200 1105 5270 egit
1127 5199 1192 5254 de
1233 5199 1489 5254 Anselmo
1519 5200 1586 5254 ab
1615 5200 1810 5269 Anglia

229 5287 452 5354 penitus
477 5286 819 5341 abducendo.
851 5288 958 5342 Sed
1009 5304 1130 5343 cum
1157 5289 1226 5344 ob
1271 5290 1526 5344 eximiam
1575 5290 1678 5344 viri
1718 5291 1816 5345 do-

230 5376 470 5431 ctrinam
509 5392 828 5448 morumque
852 5380 1177 5449 probitatem
1204 5381 1255 5436 id
1301 5380 1516 5436 efﬁcere
1543 5396 1650 5435 non
1691 5397 1815 5450 pos-

230 5476 341 5531 set,
365 5467 663 5523 Anselmus
687 5469 799 5538 iam
827 5478 1049 5540 accepto
1069 5471 1251 5540 pallio,
1290 5471 1812 5542 archiepisc0palem

233 5573 427 5612 curam
457 5567 514 5613 et
539 5559 920 5616 auctoritatem
961 5577 1086 5633 rege
1106 5563 1428 5617 connivente
1449 5563 1696 5618 exercuit
1715 5603 1730 5628 ,
1759 5573 1814 5618 et

229 5644 542 5703 Samuelem
572 5651 861 5717 quemdam
895 5649 1279 5705 Dublinensem
1319 5651 1809 5723 archiepiscopum,

229 5735 580 5810 Malcumque
639 5739 1130 5798 Vaterfordienscm
1197 5741 1430 5812 primum
1471 5743 1805 5816 episcopum,

1919 4573 2080 4626 quam
2133 4559 2186 4612 in
2207 4558 2440 4614 clericos
2489 4561 2708 4615 easdem
2757 4575 2785 4613 a
2833 4557 2987 4614 laicis
3034 4557 3380 4626 accipientes.
3433 4555 3500 4611 Et

1917 4652 2275 4722 pendentibus
2328 4653 2394 4706 de
2420 4652 2659 4707 Anselmi
2708 4666 2870 4707 causa
2894 4651 3148 4715 induciis,
3175 4651 3490 4720 obiitpapa,

1919 4748 1976 4795 et
1997 4740 2156 4810 paulo
2178 4749 2300 4810 post
2331 4741 2502 4796 Rufus
2527 4757 2646 4806 rex,
2676 4741 2766 4812 qui
2795 4757 2852 4796 se
2874 4741 3108 4807 vivente,
3135 4755 3234 4795 nec
3264 4739 3498 4810 synodos

1920 4832 2321 4889 ecclesiasticas
2349 4835 2417 4888 ad
2439 4834 2568 4889 vitia
2600 4834 2916 4903 corrigenda
2942 4833 3227 4896 celebrari,
3253 4845 3351 4885 nec
3373 4829 3494 4898 plu-

1921 4928 2090 4981 rimas
2141 4925 2460 4980 ecclesiasa
2526 4925 2741 4980 clericis
2793 4925 3052 4995 possideri
3101 4921 3371 4992 permisit'
3401 4919 3496 4973 sed

1920 5033 2108 5072 earum
2137 5016 2345 5073 fructus
2365 5016 2625 5086 percepit,
2647 5015 2833 5082 iocose
2855 5028 3068 5084 semper
3102 5013 3202 5066 hoc
3244 5025 3402 5063 versu
3428 5009 3495 5062 il-

1919 5107 2110 5162 ludens
2153 5107 2248 5161 toti
2299 5106 2447 5162 clero
2491 5122 2506 5156 :
2550 5105 2716 5158 Panis
2738 5103 2955 5167 Christi,
2977 5101 3128 5172 panis
3148 5100 3356 5169 pinguis
3395 5108 3493 5155 est.

1920 5197 2063 5252 Rufo
2083 5209 2264 5254 autem
2287 5206 2522 5262 mortuo,
2544 5198 2803 5252 successit
2828 5195 2995 5248 frater
3021 5190 3158 5258 eius,
3197 5188 3492 5256 Henricus,

1918 5305 1947 5343 a
1973 5289 2234 5344 Mauricio
2286 5287 2643 5344 Londinensis
2681 5286 2936 5356 episeopo
2990 5290 3360 5346 consecratus,
3401 5281 3493 5350 qui

1921 5378 2293 5433 calamitosum
2315 5385 2370 5432 et
2401 5378 2734 5446 discerptum
2768 5389 2796 5427 a
2823 5372 2993 5428 fratre
3021 5370 3262 5426 ecclesiae
3289 5378 3491 5424 statum

1917 5470 2240 5535 resarcivit,
2286 5469 2601 5524 Anselmum
2657 5467 2728 5521 ab
2773 5465 2965 5521 exsilio
3005 5463 3299 5528 revocavit,
3337 5462 3494 5531 eique

1915 5561 2350 5632 procurationem
2400 5557 2826 5614 ecclesiasticam
2876 5555 3168 5612 commisit.
3218 5555 3490 5621 Quantum

1917 5658 2096 5705 autem
2144 5649 2399 5704 Anselmo
2423 5647 2638 5713 faverit,
2683 5662 2749 5703 ex
2787 5663 2890 5704 suo
2918 5647 2985 5702 ad
3025 5645 3398 5702 Londinenses
3425 5642 3492 5696 de

1917 5742 2152 5798 Anselmi
2179 5756 2458 5800 servorum
2482 5741 2870 5814 ctl‘amulorum
2903 5741 3265 5806 immunitate,
3288 5749 3490 5806 eosque
