4068 6286
557 269 656 326 151

1607 263 1664 318 S.
1706 258 2008 316 ANSELMI
2050 255 2403 314 CANTIJAR.
2446 254 2766 312 ARCHIEP.

3712 254 3799 308 15‘}.

554 388 658 460 Qui
690 401 812 445 cum
839 386 909 442 ab
933 385 1190 441 Anselmo
1209 384 1608 438 consecrandus
1649 389 1824 445 esset,
1857 378 2148 450 provincia
2174 379 2221 434 A
2247 379 2482 432 crandus
2537 373 3004 444 metropolitanus,
3051 371 3312 441 proliteor
3352 363 3730 437 subiectionem
3754 377 3801 420 et

558 493 674 533 sua:
719 477 866 532 clero
893 491 1014 532 eum
1061 475 1288 545 pellente
1315 482 1372 528 et
1404 471 1715 542 instigante,
1751 469 2140 540 subiectionem

560 568 937 623 Cantuariensi
963 567 1080 621 sedi
1105 565 1360 626 debitam,
1389 571 1444 617 et
1470 577 1500 616 a
1530 561 1802 632 prioribus
1838 560 2144 614 Eboracen-

561 658 712 713 sibus
733 656 1158 727 archiepiscopis
1197 653 1524 725 praestitam,
1557 649 1802 722 profiteri
1845 647 2136 703 recusavit.

559 749 641 805 0b
694 765 854 818 quam
883 747 1283 803 contumaciam
1331 745 1624 800 Anselmus
1670 756 1772 797 nec
1796 756 1918 796 eum
1949 754 2143 818 consef

555 857 714 896 crare
750 840 936 907 voluit,
965 848 1021 895 et
1052 853 1121 894 ne
1161 838 1228 893 ab
1272 837 1379 892 alio
1423 851 1640 907 quoque
1667 833 1923 904 episcopo
1953 813 2142 886 sacra;

554 944 726 999 retur,
760 948 854 1000 per
882 933 1096 987 litteras
1127 932 1316 985 vetuit.
1358 929 1546 991 Itaque
1588 928 1829 982 Thomas
1858 927 1978 980 sine
2011 939 2143 979 con-

554 1024 861 1080 secratione
898 1033 1014 1078 toto
1058 1021 1300 1076 Anselmi
1335 1030 1579 1090 tempore
1619 1019 1752 1073 vita:
1784 1017 1989 1072 electus
2023 1025 2138 1070 tan-

554 1115 834 1188 tummodo
883 1114 1054 1170 stetit.
1097 1113 1174 1167 Eo
1206 1127 1338 1167 vero
1380 1121 1616 1177 mortuo,
1653 1124 1770 1176 rex,
1820 1108 1968 1179 regni
2013 1122 2142 1177 pro-

553 1221 710 1261 ceres
743 1214 908 1274 atque
948 1203 1208 1274 praesules
1259 1203 1326 1258 ad
1367 1201 1660 1256 ineundum
1689 1201 1755 1254 de
1783 1197 2144 1254 Eboracensis

551 1296 953 1366 archiepiscopi
1032 1293 1453 1350 consecratione
1516 1290 1826 1346 .concilium
1908 1287 2143 1342 Londini

551 1388 897 1444 convocavit.
949 1386 1200 1457 Episcopi
1229 1385 1399 1451 enim,
1453 1385 1522 1438 ab
1556 1381 1816 1437 Anselmo
1860 1379 2142 1450 prohibiti,

555 1494 885 1537 consecrare
940 1480 1090 1535 illum
1140 1479 1451 1534 noluerunt.
1501 1475 1654 1543 Quod
1715 1489 1839 1530 cum
1907 1473 2146 1528 Thomas

554 1569 830 1638 quondam
856 1568 1188 1634 Meletensis,
1207 1567 1361 1636 cujus
1393 1577 1518 1621 tunc
1544 1564 1782 1620 fuitcum
1807 1577 1934 1634 rege
1955 1563 2146 1617 intima

555 1661 902 1730 maximaque
931 1660 1126 1731 gratia,
1163 1660 1428 1715 sensisset
1455 1658 1609 1712 vultu
1654 1670 2020 1725 sermoneque
2047 1670 2146 1711 sa:-

555 1753 698 1808 viori
737 1754 992 1820 quaesivit
1043 1769 1110 1808 an
1140 1754 1426 1822 quisquam
1468 1749 1773 1818 huiusmodi
1822 1724 2020 1803 litteris
2049 1763 2145 1817 pa-
2175 1724 2218 1783 Β

553 1859 677 1900 rere
714 1847 940 1902 auderet
967 1846 1083 1900 sine
1109 1846 1254 1915 regis
1281 1843 1614 1898 auctoritate
1635 1853 1689 1895 et
1711 1842 1998 1896 sententia.
2026 1840 2144 1908 Quo

552 1938 828 2006 perterriti
853 1948 906 1993 et
937 1936 1222 2007 stupefacti
1253 1935 1516 2007 episcopi,
1550 1934 1870 1990 Samsonem
1892 1934 2145 2005 Wingor—

554 2030 798 2084 niensem
843 2030 1176 2099 episcopum,
1213 2037 1275 2083 ut
1301 2028 1567 2082 Thomam
1606 2026 2006 2081 Eboracensem
2057 2040 2148 2079 ar-

553 2121 961 2192 chiepiscopum
1022 2129 1415 2185 consecraret,
1470 2127 1758 2189 rogarunt.
1817 2116 1919 2183 Qui
1982 2117 2036 2171 id
2087 2132 2146 2173 se

555 2207 830 2264 facturum
887 2209 1126 2282 negavit,
1179 2209 1283 2263 nisi
1329 2208 1568 2263 Thomas
1604 2205 1982 2261 Cantuariensi
2030 2205 2146 2260 sedi

556 2297 949 2367 subiectionem
1029 2316 1094 2355 ex
1151 2297 1724 2368 more.professurum
1779 2295 2142 2367 promitteret.

557 2390 659 2445 Cui
687 2400 742 2447 et
793 2407 889 2446 rex
942 2406 1200 2448 assensus
1234 2399 1338 2457 est,
1390 2388 1662 2459 jussitque
1705 2397 1766 2443 ut
1802 2388 1994 2458 quinto
2023 2387 2140 2442 Kal.

554 2481 683 2537 Julii
718 2483 948 2552 proximi
990 2484 1044 2538 in
1089 2481 1317 2538 ecclesia
1351 2479 1578 2534 Paulina
1614 2479 1974 2550 praesentibus
2027 2479 2144 2548 epi-

555 2573 737 2643 scopis
762 2572 1000 2629 Thomas
1049 2580 1380 2636 sacraretur,
1424 2578 1479 2625 et
1505 2571 1802 2640 prastitam
1839 2585 1870 2623 a
1898 2567 2144 2639 superio-

566 2664 720 2719 ribus
786 2665 1207 2734 archiepiscopis
1276 2661 1670 2733 professionem
1740 2661 1964 2716 faceret.
2025 2659 2143 2725 Quo

555 2765 800 2826 tempore
831 2757 1282 2812 convenientibus
1319 2755 1610 2825 episcopis,
1640 2753 1732 2821 qui
1765 2767 1952 2807 sacras
1977 2764 2145 2804 czere-

555 2848 767 2902 monias
827 2847 1191 2913 absolverent,
1239 2845 1536 2915 porrigitur
1597 2843 1820 2898 Thomte
1877 2841 2141 2911 professio

2245 470 2564 525 canonicam
2615 465 2984 522 obedientiam
3039 473 3244 517 sanctae
3274 457 3666 514 Dorovernensi
3708 457 3797 512 Ec-

2245 564 2441 627 clesiae,
2475 571 2532 616 et
2558 559 2799 623 ejusdem
2821 555 3078 612 Ecclesize
3111 551 3328 623 primati
3356 551 3616 604 canonice
3646 548 3801 601 electo

2245 666 2300 712 et
2327 662 2677 716 consecrato,
2725 661 2781 706 et
2825 647 3235 706 successoribus
3280 644 3392 698 suis
3431 641 3692 697 canonice
3734 641 3802 693 in-

2245 746 2585 810 thronisatis,
2623 743 2770 798 salva
2823 740 3083 796 fidelitate
3125 735 3344 791 Henrici
3386 733 3553 803 regis,
3585 740 3636 786 et
3667 731 3798 786 salva

2245 836 2551 893 obedientia
2580 848 2698 889 mea
2733 833 2993 887 Romana:
3023 827 3301 884 Ecclesiae.
3329 844 3346 876 ι

2314 929 2605 986 Anselmus
2629 941 2760 982 vero
2789 922 3118 987 Cantuariae,
3147 936 3200 974 ιν
3219 918 3344 973 ldus
3385 915 3636 985 Augusti,
3678 912 3803 969 Guil-

2245 1019 2466 1075 lelmum
2515 1015 2974 1078 Wintoniensem,
3021 1010 3298 1080 Rogerttm
3345 1005 3804 1070 Salishurieusem,

2244 1109 2570 1182 Baynelium
2597 1105 3066 1162 llerefordiensem
3097 1101 3484 1168 Urbanumque
3505 1096 3805 1165 Glamorga-

2245 1215 2489 1256 mensem
2514 1200 2798 1269 episcOpos
2825 1192 3184 1258 consecravit,
3219 1189 3578 1259 praesentibus
3596 1185 3806 1242 Girardo

2245 1296 2573 1354 Eboracensi
2636 1291 3066 1360 archiepiscopo,
3126 1297 3185 1343 et
3242 1286 3365 1341 aliis
3413 1280 3806 1338 Cantuariensis

2244 1387 2535 1459 provinciae
2561 1383 2898 1454 praesulibus.
2951 1378 3175 1432 Multum
3218 1387 3400 1430 autem
3454 1384 3509 1428 et
3546 1386 3724 1440 operae
3761 1385 3806 1422 et

2244 1486 2494 1548 sumptus
2520 1472 2751 1529 contulit
2795 1471 2850 1525 in
2901 1468 3148 1524 ornando
3173 1477 3230 1522 et
3261 1463 3622 1522 inslaurando
3648 1461 3807 1516 ecce-

2247 1573 2385 1626 siam
2421 1566 2621 1624 Christi
2651 1564 3124 1624 Cantuariensem,
3169 1569 3226 1615 et
3263 1559 3314 1612 in
3359 1553 3694 1611 instituendo
3719 1551 3810 1606 Ce-

2249 1662 2399 1717 striae
2453 1657 2846 1714 monachorum
2902 1651 3170 1714 coenobio,
3233 1650 3300 1703 ab
3352 1647 3577 1717 llugone
3633 1645 3810 1699 comite

2247 1753 2398 1822 prius
2423 1757 2738 1813 exstructo;
2765 1745 2918 1814 cujus
2942 1742 3274 1797 Richardum
3302 1738 3642 1808 capellanum
3675 1751 3808 1790 suum

2245 1845 2500 1900 abbatem
2548 1840 2695 1897 fecit.
2749 1838 2807 1892 In
2857 1834 3160 1890 scribendis
3192 1831 3436 1901 epistolis
3488 1829 3744 1898 frequens
3765 1836 3812 1881 et

2246 1934 2497 1990 assiduus
2528 1931 2650 1996 fuit,
2691 1940 2923 1998 quarum
2953 1922 3056 1978 567
3079 1921 3147 1977 ad
3176 1931 3361 1975 nostra
3385 1928 3633 1988 tempora
3659 1931 3808 1970 reser-

2247 2035 2467 2081 vantur.
2501 2022 2734 2092 Scripsit
2765 2025 3034 2073 tractatus
3058 2015 3256 2078 varios,
3292 2015 3344 2067 1.
3382 2012 3459 2066 De
3483 2010 3734 2074 veritate,
3764 2009 3809 2061 ‘2.

2249 2121 2323 2175 De
2373 2120 2622 2174 libertate
2669 2114 2904 2180 arbitrii,
2955 2114 3014 2168 5.
3076 2111 3151 2164 De
3198 2122 3326 2163 casu
3376 2104 3601 2166 diaboli,
3657 2105 3709 2157 4.
3751 2105 3811 2157 De

2246 2208 2612 2265 Grammatico
2685 2213 2740 2260 et
2800 2200 3099 2272 discipulo,
3160 2197 3214 2252 5.
3281 2204 3505 2249 vocatur
3591 2192 3813 2246 Μηηοιοη

2246 2303 2415 2372 gium.
2465 2297 2658 2353 Multas
2702 2295 3016 2350 dialecticas
3059 2290 3388 2361 quaestiones
3450 2286 3730 2355 proposuit
3768 2294 3813 2337 et

2244 2393 2423 2449 solvit.
2457 2390 2688 2461 Scripsit
2732 2389 2896 2443 etiam
2941 2383 3176 2440 libellum
3205 2378 3625 2441 sententiarum,
3668 2376 3812 2430 Pros-

2246 2488 2468 2560 logion,
2533 2485 2728 2540 librum
2782 2479 3132 2550 epistolarurn
3189 2476 3254 2530 ad
3309 2474 3577 2535 diversos,
3630 2470 3810 2524 librum

2244 2585 2322 2639 De
2366 2579 2738 2636 incarnatione
2789 2574 2972 2638 Verbi,
3001 2573 3196 2627 librum
3225 2585 3323 2624 cur
3370 2569 3513 2621 Deus
3543 2567 3725 2625 homo,
3756 2561 3812 2616 ad

2246 2675 2362 2730 haec
2391 2673 2468 2727 De
2496 2675 2756 2736 conceptu
2785 2662 3054 2734 virginali,
3106 2660 3179 2714 De
3200 2655 3537 2714 orationibus
3582 2663 3813 2708 contem-

2244 2763 2480 2833 plativis,
2512 2769 2567 2814 et
2591 2760 2663 2813 De
2692 2754 3042 2826 processione
3078 2749 3315 2820 Spiritus
3344 2743 3542 2801 sancti.
3573 2744 3644 2797 Et
3687 2743 3815 2796 bien-

2244 2854 2335 2908 nio
2360 2859 2482 2922 post
2524 2846 2820 2905 secundum
2868 2844 2920 2897 in
2947 2839 3197 2910 Angliam
3249 2838 3317 2891 ab
3351 2835 3546 2890 exsilio
3593 2833 3812 2888 reditum

555 2938 734 3008 sigillo
763 2938 1046 3008 obsignata
1099 2937 1210 3007 iam
1258 2938 1387 2992 olim
1434 2952 1463 2990 a
1491 2937 1606 2992 suis
1653 2934 2142 3006 prmdecessoribus

2245 2932 2541 3010 lransacto,
2584 2940 2638 2995 in
2688 2935 2907 2994 abbatia
2959 2927 3144 2988 Sancti
3194 2927 3464 2984 Edmundi
3505 2925 3813 2996 gravissima

558 3027 662 3097 legi
702 3026 883 3081 solita.
925 3026 1097 3094 Quam
1138 3041 1262 3081 cum
1310 3040 1521 3080 summa
1565 3025 1838 3096 gravitate
1881 3033 1936 3078 et
1986 3037 2138 3077 reve-

559 3118 765 3183 rentia,
815 3134 920 3188 qua
955 3118 1156 3182 decuit,
1206 3126 1392 3188 aperte
1423 3116 1678 3188 legisset,
1720 3116 1974 3185 episcopo
2003 3113 2142 3168 Lon-

557 3207 807 3273 dinensi,
860 3207 1118 3262 Ecclesia:
1175 3207 1584 3262 Cantuariensis
1651 3205 1897 3268 decano.
1957 3203 2137 3273 priore

555 3297 727 3353 etiam
781 3296 1021 3368 ejusdem
1074 3295 1333 3351 Ecclesia:
1370 3305 1673 3366 praesente,
1728 3294 1969 3350 tradidit.
2001 3293 2135 3348 Pro-

561 3384 818 3439 fessionis
849 3385 1020 3439 forma
1052 3386 1166 3440 haec
1196 3392 1338 3439 erat.

549 3471 558 3523 ἰ
636 3492 655 3525 ι
714 3474 823 3544 Ego
877 3475 1154 3540 Thomas,
1213 3474 1578 3530 Eboracensis
1643 3472 1899 3528 Ecclesia:
1951 3485 2140 3526 conse-

2245 3037 2381 3093 febri
2425 3041 2732 3103 correptus,
2783 3025 3135 3084 Cantuariam
3174 3019 3455 3076 festinavit
3498 3016 3691 3085 ibique
3734 3014 3812 3069 diu

2246 3130 2386 3184 lecto
2432 3123 2762 3180 decumbens
2788 3159 2802 3183 ,
2835 3116 3122 3173 undecimo
3167 3112 3291 3166 Kal.
3339 3108 3487 3173 Maii,
3526 3123 3618 3160 an.
3662 3103 3812 3165 1109,

2240 3221 2415 3277 aetatis
2459 3232 2570 3273 sua:
2615 3227 2798 3278 Lxxvt,
2854 3219 2910 3265 et
2958 3205 3308 3279 ponrilicatus
3353 3215 3496 3254 anno
3527 3214 3645 3263 xvr,
3678 3194 3815 3260 ohiit,

2245 3312 2556 3380 tumuloque
2591 3307 2660 3361 ad
2687 3311 2850 3374 caput
2884 3296 3175 3355 Lanfrauci
3203 3292 3445 3364 sepultus
3473 3300 3530 3345 et
3575 3289 3816 3344 conditus

2233 3397 2383 3466 jacet

548 3651 3815 3710 .______________________________________________.________.

1210 3837 1689 3962 'VIT/E
1835 3832 2354 3947 SANCTI
2470 3821 3086 3940 ANSELMI

1579 4051 2164 4110 ‘CANTUARIENSIS
2203 4043 2730 4104 ARCHIEPISCOPI

1377 4225 1949 4316 SYNOPSIS
2008 4212 2986 4312 GHBONOLOGICA.

1942 4414 2306 4432 Α

559 4515 688 4565 Anni
720 4510 833 4562 Chr.
869 4481 953 4559 SS.
979 4507 1256 4559 Pontifices.

559 4597 716 4652 1055.
792 4591 1138 4647 ΒεΝευΝιιί.
1263 4591 1475 4671 Anselm

1332 4670 1592 4715 035011111⁸.

1263 4589 1548 4644 Anselmus
1592 4587 1848 4659 Augustae
1880 4584 1947 4640 ad
1993 4582 2208 4654 Alpium
2244 4581 2456 4636 radices
2493 4594 2561 4634 ex
2606 4572 2928 4642 Gondulpho
2966 4578 3119 4641 patre
3157 4577 3212 4624 et
3251 4563 3624 4634 Ermengarda
3654 4569 3823 4617 matre

1608 4726 1828 4782 orbatus
1849 4767 1862 4788 .
1889 4724 2064 4780 aetatis
2093 4739 2203 4779 sum
2233 4737 2323 4776 an.
2347 4720 2437 4780 27,
2467 4716 2756 4772 Anselmus
2777 4714 3010 4788 Beccum
3035 4708 3201 4788 venit,
3226 4716 3280 4761 et
3303 4706 3373 4787 ibi
3409 4712 3510 4760 sub
3538 4701 3821 4788 llerluino,

1341 4801 1561 4870 hujusce
1607 4775 1862 4852 cmnobii'
1889 4775 2281 4849 iidditdré'ac
2323 4775 2496 4861 primo
2534 4787 2764 4850 abbate,
2819 4797 2883 4836 ac
2928 4777 3234 4833 Lanfranco
3270 4777 3452 4846 priore
3492 4775 3824 4828 tnonachum

1342 4869 1532 4923 induit.

1267 4940 1586 5005 Anselmus,
1629 4937 1936 4990 Lanl‘ranco
1987 4935 2040 4989 in
2091 4929 2440 4988 Cadomensis
2491 4923 2726 4982 ctenobii
2773 4921 3023 4979 abbatem
3067 4922 3378 4986 assumpto},
3426 4914 3488 4968 ﬁt
3534 4910 3825 4967 Beccensis

1335 5009 1645 5064 monasterii
1673 5007 1841 5064 orior.

1268 5080 1470 5146 Scribit
1497 5050 1846 5146 “dion'oiogi’on
1871 5115 1888 5142 ,
1939 5073 2247 5146 Prosiogion
2273 5111 2304 5146 ,_
2323 5070 2518 5146 Contra
2551 5064 2900 5146 Gaunilonerrt
2929 5057 3326 5146 respolndentem
3359 5070 3458 5137 pro
3499 5050 3780 5146 insipiente
3808 5088 3823 5112 ,

1332 5121 1961 5211 'Jeﬁiélévfﬂi'c'a’m'
1977 5121 2631 5207 bewvl—ibrertate
2677 5135 2925 5199 arbitrii,
2959 5121 3038 5185 De
3072 5121 3431 5183 Grammalico
3460 5163 3475 5187 ,
3512 5121 3824 5174 Meditatio—

1335 5237 1449 5274 nem
1475 5233 1492 5270 :
1526 5218 1746 5272 Tenncr
1800 5232 1868 5273 ur:
1892 5256 1906 5279 ,
1937 5223 2068 5277 etc.,
2097 5224 2152 5267 et
2178 5212 2328 5266 alias.

1267 5289 1524 5345 Herluino
1555 5263 1630 5341 vi.
1659 5263 1776 5340 Kal.
1800 5263 2998 5354 'S-epteinbghurmanisegtemptoLAuselmtts
3021 5267 3355 5354 in.ahbatem
3377 5263 3580 5354 electus
3609 5271 3716 5314 est.

1812 5333 2632 5410 26312255'riééhi'ii’iiisiebeho
2658 5333 3291 5414 Ebroicensi_epi_scopo.
3326 5335 3382 5414 lu
3414 5333 3665 5414 Angliam
3695 5345 3826 5414 pro-

1335 5431 1615 5485 liciscitur.
1655 5427 1959 5482 Cantuarize
1991 5425 2040 5478 in
2071 5401 2598 5478 coir'v'éuilfr‘éaiémn
2629 5426 2936 5485 sermonem
2973 5401 3332 5485 de'charitate
3358 5401 3594 5485 fraterna
3630 5401 3824 5481 habet.

1262 5501 1575 5556 Anselm‘um
1609 5501 1674 5553 ad
1706 5512 1764 5552 se
1793 5472 2170 5551 Guillelmusﬂl'
2194 5472 2402 5562 Kiig‘lﬁize
2427 5472 2552 5562 rex,
2605 5501 2675 5562 eo
2695 5484 2884 5562 morbo
2914 5494 3022 5550 quo
3061 5479 3312 5548 proxime
3351 5473 3583 5556 decessit
3629 5472 3814 5562 nigra.

1341 5541 1592 5626 vescente
1615 5611 1629 5632 ,
1662 5541 2107 5636 'accer'sitflp‘se
2139 5541 2552 5634 'réééﬁisaii,’
2584 5555 2678 5614 sed
2727 5554 2916 5610 morbo
2932 5541 3226 5620 'corr'eptus
3267 5546 3379 5618 regi
3426 5541 3680 5600 morienti
3716 5555 3827 5596 nou

1334 5643 1510 5712 ‘potuit
1548 5646 1756 5697 adesse.

558 4735 716 4790 1060.
795 4733 978 4788 Νιοοι.
1021 4731 1083 4784 ll.

559 4947 715 5003 1065.
791 4946 963 5000 Auzx.
1005 4945 1066 4997 Il.

561 5295 718 5350 1078.

561 5365 718 5422 1079.

562 5505 716 5562 1088.

793 5294 961 5350 Gneo.
1004 5294 1114 5351 Vll.

794 5504 995 5561 Unum.
1039 5505 1100 5558 ll.
