4068 6286
278 352 380 410 ις’-ι
868 320 869 323 γ
1361 353 1644 411 cauum
1685 351 1748 406 IN
1782 352 2064 409 LAUDlStt
2101 356 2156 411 s.
2192 355 2513 414 ANSELMI.

262 470 353 533 At,
385 476 534 538 puto,
563 484 685 524 cum
714 476 924 538 poterat
953 482 1117 523 sanus
1144 467 1316 522 vitare
1354 466 1598 529 ruinam,

338 560 447 616 llac
472 561 660 617 incede
686 562 792 627 via,
824 562 1007 616 dicere
1033 560 1350 616 debueram.

263 652 417 709 Nunc
452 655 524 708 illi
556 656 728 709 fracta
759 654 880 708 navi
908 655 1037 723 quid
1072 655 1254 709 dicere
1280 652 1522 723 prodest,

336 744 565 800 Currere
589 749 807 800 cautius
839 745 940 799 hoc
964 760 1062 815 per
1089 760 1237 799 mare
1266 744 1555 798 debueras.

262 834 408 907 Ergo
434 839 734 893 communis
764 854 886 893 cum
910 839 984 893 sis
1014 838 1183 892 tutela
1217 851 1460 903 reorum,

292 1024 2118 1049 ’Μ’-*ν*-

1868 472 1921 528 Α
2017 465 2194 532 Illum,
2221 476 2407 523 sancte
2434 468 2614 529 Pater.
2640 484 2821 538 quasso
2857 479 3009 523 tuere
3042 485 3208 524 roum.

1954 559 2152 615 Sancte
2176 560 2270 615 Dei
2293 562 2486 627 cultor,
2516 562 2638 615 fidei
2666 561 2806 626 fons,
2840 578 3005 632 pecus
3033 574 3262 627 amator,

2024 652 2182 721 Spes,
2215 652 2399 719 decus,
2432 653 2713 718 auxilium,
2744 655 2878 720 vita,
2909 654 3056 710 salus
3086 655 3386 719 hominum,

1949 741 2130 812 Usque
2161 743 2303 811 quod
2334 753 2417 797 est
2448 744 2645 808 dicam,
2682 745 2870 813 patria:
2901 746 3065 799 totius
3088 745 3318 816 asylum.

2026 837 2191 892 Unica
2231 835 2373 890 scala
2403 836 2530 905 poli,
2560 853 2657 891 nec
2682 839 2909 905 ruitura,
2940 838 3076 893 Vale.

883 1177 1543 1271 EPICEDION
1627 1178 1748 1267 ΙΝ
1813 1175 2280 1269 OBITUM
2350 1177 2931 1266 EJUSDEM.

260 1486 512 1539 Pi-cesiilis
536 1484 795 1549 Anselmi,
820 1498 979 1553 quem
1012 1498 1180 1552 nuper
1210 1482 1390 1538 obisse
1411 1482 1675 1546 dolemus,

330 1575 603 1631 Laudibus
627 1576 800 1646 aptari
831 1575 1012 1629 littera
1043 1584 1223 1627 nostra
1256 1573 1426 1642 cupit.

258 1666 353 1720 Est
380 1677 559 1722 tamen
593 1683 624 1721 a
657 1677 805 1722 tanto
826 1666 968 1736 quod
1005 1679 1091 1719 me
1119 1665 1393 1719 deterreat
1427 1679 1593 1728 ausu,

327 1758 405 1813 Ne
440 1776 525 1815 res
542 1760 707 1815 chara
738 1775 914 1814 memn
956 1773 1062 1812 non
1088 1767 1233 1811 amet
1257 1756 1553 1826 ingenium.

255 1850 556 1921 Aggrediar
583 1866 731 1918 vero,
762 1850 828 1906 de
860 1848 1063 1905 Christi
1093 1863 1320 1902 munere
1347 1848 1540 1915 fidens,

330 1942 520 1997 Dicere
556 1944 699 2011 quod
723 1956 939 2013 possum
967 1942 1033 1996 de
1059 1940 1301 1995 bonitate
1326 1940 1450 1994 viri.
1502 2010 1513 2016 ᾗ

253 2031 363 2086 Res
391 2033 624 2101 pretiosa
655 2033 835 2098 nimis,
870 2047 956 2087 res
986 2031 1133 2086 utilis
1164 2041 1328 2102 atque
1356 2031 1573 2095 decora,

332 2119 424 2174 Vir
450 2121 650 2188 clarus,
682 2114 898 2192 sapiens
925 2122 1012 2177 hic
1038 2132 1091 2177 et
1124 2122 1385 2176 honestus
1417 2128 1555 2185 erat,

248 2211 425 2266 Notus
445 2222 500 2267 et
528 2214 765 2283 ignotus,
788 2214 1008 2284 sapiens
1033 2214 1195 2269 simul
1222 2212 1576 2283 insipiensve,

319 2304 391 2357 Et
414 2314 558 2359 totus
590 2305 795 2375 pariter
819 2303 1047 2360 mundus
1066 2306 1283 2360 amabat
1303 2319 1453 2359 eum.

243 2392 381 2466 Ejus
410 2411 566 2452 amor
593 2396 770 2451 dulcis
802 2395 1021 2451 fastidia
1049 2396 1195 2450 nulla
1220 2397 1464 2466 gerebat.

319 2487 535 2559 Cuique
563 2504 754 2559 parum
789 2488 968 2544 fuerat
988 2488 1250 2559 quidquid
1282 2495 1495 2543 amaret
1513 2499 1661 2541 eum.

242 2580 479 2650 Quoque
501 2580 673 2650 magis
702 2580 921 2635 virtutis
945 2594 1104 2649 opem
1132 2581 1350 2636 mireris
1380 2580 1434 2634 in
1466 2578 1589 2647 illo,

320 2670 530 2728 Charus
562 2670 865 2727 habebatur
900 2672 1148 2727 hostibus
1180 2670 1294 2742 ipse
1323 2672 1457 2726 suis.

243 2762 458 2835 Nempe
482 2762 636 2818 fuere
656 2762 755 2817 viri
786 2763 898 2835 (48)
924 2779 1058 2834 quos
1080 2761 1197 2832 ejus
1224 2778 1388 2818 causa
1403 2764 1695 2833 gravabat;

320 2854 749 2924 Laudabantque
804 2864 982 2911 tamen
1024 2855 1168 2925 quod
1199 2855 1375 2910 bonus
1400 2855 1516 2924 ipse
1554 2852 1716 2910 foret.

240 2944 520 3014 Quidquid
546 2954 666 3001 erat
688 2947 833 3015 quod
856 2946 937 3001 eis
960 2960 1125 3016 super
1150 2946 1241 3003 illo
1267 2945 1659 3019 displicuisset,

325 3037 537 3093 Illorum
560 3038 740 3108 plane,
784 3054 890 3091 non
915 3053 1047 3093 suus
1071 3054 1225 3093 error
1253 3047 1391 3093 erat.

240 3125 387 3181 Tota
417 3128 633 3198 quidem
660 3128 815 3199 (quid
839 3129 984 3183 enim
1014 3130 1097 3183 vir
1124 3128 1275 3198 pravi
1309 3137 1496 3184 tantus
1532 3127 1835 3199 haberet?)

324 3218 455 3289 l'ljus
485 3221 653 3275 odore
684 3221 829 3275 bono
852 3221 957 3274 vita
988 3221 1167 3277 suavis
1196 3231 1334 3277 crat.

242 3314 297 3368 Β
320 3313 476 3369 liicile
504 3315 697 3369 credas
726 3325 986 3384 quantum
1012 3316 1094 3369 vir
1115 3314 1310 3371 claruit
1328 3313 1437 3381 ille,

325 3404 433 3461 Nec
473 3406 568 3461 tibi
603 3407 781 3478 lingua
812 3416 991 3478 potest
1012 3408 1116 3461 ulla
1149 3409 1354 3465 referre
1384 3408 1539 3464 Satis.

246 3499 369 3567 Ipse
402 3500 544 3553 Deus
571 3500 721 3553 novit
752 3499 878 3569 quia
911 3515 1071 3568 spero
1099 3515 1223 3554 vera
1255 3500 1414 3555 fateri

322 3589 430 3645 Nec
467 3590 739 3644 laudando
767 3590 941 3644 virum
984 3588 1173 3645 fallere
1201 3605 1472 3661 quemque
1503 3591 1644 3647 volo.

240 3679 444 3735 Testor
469 3682 612 3735 enim
639 3680 841 3744 Jesuin,
878 3696 979 3736 nec
1007 3680 1184 3735 inanis
1210 3682 1393 3751 Opinio
1429 3680 1596 3747 fallit,

322 3768 475 3836 Quod
505 3771 642 3826 satis
670 3771 933 3825 innocuos
959 3770 1189 3826 duxerat
1227 3772 1315 3828 ille
1343 3772 1477 3828 dies.

239 3860 420 3927 Quem
451 3861 589 3917 laesit
611 3862 777 3919 verbo
797 3903 810 3927 ,
833 3863 937 3917 nisi
965 3877 1126 3932 quem
1155 3877 1412 3933 peccasse
1436 3864 1694 3933 putaret?

323 3952 436 4007 lloc
467 3968 573 4022 quo
586 3968 679 4024 ,‘iie
706 3968 739 4007 ο
757 3969 918 4023 quam
943 3953 1124 4008 sobrie
1154 3951 1358 4008 fecerat
1383 3962 1545 4024 atque
1564 3956 1687 4023 pie!

240 4041 614 4111 Opprobrium
638 4043 830 4099 durum
858 4044 983 4115 quis
1006 4044 1074 4099 ab
1100 4043 1247 4100 illius
1277 4059 1373 4100 ore
1405 4044 1652 4116 recepit?

318 4137 475 4203 Quod
501 4137 697 4192 rideret
726 4153 847 4193 eum
882 4137 1063 4193 dicere
1094 4136 1217 4206 quis
1243 4136 1450 4205 potuit?

239 4228 420 4295 Quem
446 4229 583 4283 male
624 4229 899 4294 tractavit,
922 4228 1008 4284 vel
1036 4228 1220 4297 inique
1253 4229 1420 4282 movit
1455 4229 1522 4283 ad
1558 4227 1730 4282 iram?

321 4321 494 4388 Qucm
526 4321 714 4376 vivens
742 4320 1019 4376 hominum
1051 4319 1243 4374 fraude
1266 4334 1361 4374 sua
1391 4320 1593 4375 nocuit.

242 4413 360 4467 Nec
392 4413 617 4468 multum
642 4412 818 4468 fuerat
846 4413 963 4468 sine
989 4412 1222 4467 crimine
1255 4412 1454 4468 ducere
1482 4413 1670 4481 vitam,

327 4506 387 4561 Si
425 4522 529 4561 non
559 4506 779 4562 virtutis
804 4504 961 4575 plena
991 4505 1188 4560 decore
1222 4502 1343 4558 fuit.

247 4597 307 4654 Si
340 4598 535 4669 placet,
559 4597 745 4652 audito
772 4596 1148 4650 sanctissimus
1175 4594 1263 4650 i.le
1285 4595 1525 4649 virorum

323 4690 593 4743 Virtutum
624 4687 818 4742 merito
841 4701 1005 4757 quam
1039 4686 1313 4756 pretiosus
1344 4694 1486 4739 erat.

244 4783 341 4836 Est
366 4791 549 4835 tamen
578 4780 866 4842 incertum,
901 4778 1026 4848 quia
1059 4776 1290 4847 plurima
1322 4775 1477 4847 copia
1516 4773 1690 4841 fallit,

314 4871 455 4939 Quid
480 4870 632 4941 prius
666 4869 924 4940 incipiam
955 4868 1294 4939 posteriusve
1322 4867 1534 4936 loquar.

240 4966 353 5017 (Zcu
383 4963 571 5017 videas
607 4960 843 5030 aliquem
881 4960 973 5029 qui
1004 4969 1248 5028 tempore
1275 4957 1416 5013 veris
1449 4971 1746 5023 animinoni,

318 5054 587 5109 Lecturus
614 5052 796 5119 ﬂores,
830 5050 1168 5122 ingrediatur
1190 5066 1402 5120 agrum.
1520 5040 1523 5043 ’

238 5147 485 5213 (inuitat,
517 5149 660 5202 hunc
687 5144 949 5214 carpam?
981 5144 1075 5198 sed
1107 5142 1261 5197 valde
1292 5140 1570 5211 pulchrior
1602 5141 1702 5195 iste
1727 5148 1850 5194 est."

319 5239 467 5292 Illum
496 5238 819 5310 decerpam?
847 5237 941 5292 sed
969 5244 1229 5305 superant
1255 5233 1364 5288 alii.

241 5331 618 5400 lgnorausque
645 5331 735 5384 diu
772 5329 902 5399 quid
928 5337 1073 5398 agat,
1107 5326 1380 5381 desiderat
1409 5340 1616 5389 omnes,

326 5419 571 5486 Miratur,
600 5421 768 5476 nescit
793 5436 956 5488 quem
988 5419 1157 5490 magis
1177 5418 1431 5489 accipiat.

240 5514 346 5569 Sic
374 5530 472 5585 ego
509 5513 676 5569 multa
705 5513 793 5566 diu
823 5526 1034 5567 mecum
1066 5511 1293 5566 dicenda
1320 5510 1627 5576 revolvens,

330 5602 518 5675 Cogito
550 5604 618 5658 de
646 5604 831 5658 multis
858 5618 976 5672 qua:
1006 5603 1237 5656 recitare
1286 5601 1464 5658 velim.

331 5755 437 5826 (ιε)
479 5754 593 5809 Rex
617 5763 672 5808 et
702 5752 990 5824 complices
1015 5749 1155 5818 ejus.

541 5852 813 5913 Ρηιιοι..
862 5848 1133 5910 CLVI“.

1871 1888 1916 1947 Β

1948 1478 2190 1549 Denique
2219 1479 2261 1532 si
2297 1478 2525 1533 referam
2559 1489 2761 1549 quanto
2792 1478 3078 1549 splendore
3104 1479 3307 1548 sophiae

2018 1570 2111 1624 llle
2146 1570 2349 1625 niteret
2378 1570 2558 1635 homo,
2589 1571 2710 1640 quis
2740 1570 2871 1625 mihi
2904 1572 3088 1625 credet
3123 1570 3318 1625 homo?

1940 1658 2148 1716 Omnes
2169 1662 2221 1716 ni
2254 1661 2429 1727 fallor,
2458 1675 2595 1729 quos
2621 1670 2861 1730 tempore
2890 1660 3166 1715 cernimus
3190 1660 3293 1715 isto

2021 1752 2239 1807 Vicerat
2268 1753 2477 1808 electos
2507 1754 2864 1823 egregiosque
2899 1753 3064 1806 viros.

1947 1844 2003 1899 Si
2038 1846 2169 1899 mihi
2202 1862 2307 1900 non
2338 1846 2535 1910 credis,
2569 1846 2711 1901 illius
2748 1846 3005 1915 opuscula
3036 1848 3229 1902 saltem

2017 1937 2129 1993 Non
2162 1939 2293 1994 mibi
2321 1954 2426 1994 non
2458 1949 2713 2010 poterunt
2739 1933 2855 1993 visa
2883 1955 3082 2009 negare
3110 1940 3290 1995 fidem.

1940 2027 2043 2094 Qui
2070 2027 2265 2099 legisse
2290 2031 2428 2085 volet
2452 2046 2588 2099 quos
2614 2030 2911 2099 scripserat
2946 2029 3033 2084 ille
3051 2030 3263 2087 libellos
3281 2073 3294 2096 ,

2014 2124 2126 2179 Illic
2151 2125 2446 2196 perspiciet
2471 2141 2633 2196 quam
2670 2126 2890 2193 sapiens
2919 2123 3110 2179 fuerit.

1940 2212 2009 2269 Et
2036 2226 2184 2270 recte
2207 2217 2385 2288 sapuit
2418 2217 2511 2288 qui
2538 2217 2817 2272 Christum
2850 2231 3068 2287 semper
3099 2217 3326 2281 amavit,

2006 2306 2112 2374 Qui
2138 2324 2413 2379 nunquam
2442 2308 2633 2364 sceleri
2662 2308 2892 2377 praebuit
2920 2308 3273 2378 obsequium.

1943 2400 2087 2456 Talis
2116 2403 2315 2473 quippe
2342 2403 2451 2458 Deo
2477 2401 2745 2472 sapientia
2777 2412 2933 2472 grata
2966 2400 3239 2472 probatur

2011 2489 2142 2556 Quae
2165 2491 2354 2545 vitium
2382 2491 2638 2562 prohibet
2666 2490 3046 2560 iustitiamque
3069 2491 3245 2544 docet.

1942 2579 2050 2636 Sed
2080 2580 2396 2649 dejustitia,
2435 2597 2541 2652 qua
2567 2582 2780 2653 plenius
2812 2582 2900 2637 ille
2935 2581 3182 2653 vigebat,

2012 2672 2281 2740 Quiddam
2314 2674 2526 2731 dicendi
2557 2683 2769 2744 tempus
2799 2675 2992 2729 adesse
3026 2688 3169 2728 reor.

1940 2760 1986 2817 Ο
2019 2779 2182 2833 quam
2202 2763 2383 2832 justus
2409 2775 2528 2821 erat
2552 2766 2645 2838 qui
2675 2782 2780 2821 non
2809 2766 3037 2820 adversa
3078 2764 3317 2828 timeret,

2010 2852 2121 2910 Nec
2148 2854 2269 2924 plus
2307 2871 2468 2926 quam
2499 2859 2632 2912 satis
2659 2865 2745 2911 est
2772 2870 3031 2928 prospera
3061 2855 3337 2925 diligeret.

1939 2940 2056 2997 Non
2096 2953 2215 2998 erat
2242 2945 2294 3000 in
2324 2945 2485 3003 rebus
2519 2947 2837 3016 quidquam,
2870 2959 3224 3017 quascunque
3246 2945 3523 3013 videmus,

2010 3035 2161 3103 Quod
2193 3036 2431 3092 levitatis
2465 3053 2590 3093 eum
2617 3047 2835 3110 cogeret
2865 3039 2917 3092 iu
2952 3038 3165 3092 vitium.

1937 3126 2085 3180 Inter
2109 3126 2350 3193 divitias,
2376 3144 2514 3201 quas
2549 3128 2882 3186 sufﬁcienter
2903 3127 3160 3196 habebat,

1859 3233 1909 3294 ς
2013 3212 2282 3271 Virtutum
2309 3215 2520 3288 plenus,
2545 3218 2708 3273 rebus
2730 3233 2931 3288 egenus
2951 3223 3093 3272 erat.

1939 3307 2032 3361 Sic
2060 3307 2160 3361 sibi
2188 3308 2401 3364 vivebat
2429 3318 2487 3363 ut
2509 3308 2584 3363 nil
2616 3308 2868 3364 habuisse
2897 3319 3140 3378 putares.

2008 3396 2258 3452 llrerebat
2297 3398 2497 3452 mundo
2520 3413 2767 3467 corpore,
2793 3413 2901 3451 non
2928 3398 3131 3452 animo.

1939 3484 2129 3541 Omnia
2156 3488 2447 3557 prudenter
2476 3497 2533 3542 et
2561 3487 2775 3542 fortiter
2794 3486 2976 3542 omnia
3015 3502 3272 3558 pensans,

2010 3565 2242 3633 Nolebat
2265 3579 2366 3634 sibi
2400 3579 2741 3651 displicuisse
2771 3580 2899 3635 Deo.

1935 3669 2085 3724 inter
2114 3682 2402 3742 utrumque
2427 3688 2683 3739 manens,
2716 3672 2994 3728 moderate
3015 3681 3214 3729 cuncta
3248 3675 3491 3744 gert-lat.

2007 3761 2191 3815 Odivit
2214 3761 2380 3817 nimio
2416 3762 2675 3832 quidquid
2698 3772 2816 3816 erat
2847 3763 3100 3818 nimium.

1939 3851 2080 3907 Sunt
2112 3862 2293 3909 autem
2325 3854 2545 3923 quidam
2577 3854 2667 3924 qui
2702 3870 2787 3909 me
2817 3853 3054 3908 fortasse
3081 3854 3346 3909 notabunt

2004 3941 2161 4009 Quod
2193 3944 2352 3998 tantis
2381 3941 2529 3998 illum
2559 3943 2804 3998 laudibus
2834 3942 3139 3999 extulerim.

1937 4031 2073 4086 Nam
2104 4033 2282 4088 dicent
2312 4047 2327 4086 :
2357 4034 2505 4087 Adeo
2528 4034 2839 4087 uondebuit
2866 4034 2955 4087 ille
2975 4032 3161 4099 levari,

2009 4125 2113 4191 Qui
2149 4126 2372 4180 nimium
2405 4124 2633 4196 simplex
2660 4134 2820 4193 atque
2853 4123 3111 4178 remissus
3146 4131 3281 4177 erat.

1933 4217 2061 4285 Qui,
2091 4218 2232 4274 sicut
2258 4217 2469 4288 legitur,
2503 4218 2739 4273 seducta:
2768 4232 2919 4274 more
2948 4216 3234 4284 columbrc,

2009 4308 2140 4376 Qua:
2169 4307 2277 4364 cito
2306 4308 2605 4378 decipitur,
2639 4308 2719 4363 sic
2757 4308 2872 4363 sine
2893 4307 3060 4364 cclde
3092 4307 3210 4372 fuit,

1938 4402 2037 4471 Qui
2072 4401 2356 4472 prohibere
2395 4401 2549 4456 nefas
2579 4410 2635 4453 ut
2659 4399 2855 4470 pra‘sul
2890 4415 2996 4454 non
3039 4403 3342 4469 satagebat,

2009 4494 2118 4550 Nec
2140 4494 2317 4564 populi
2342 4494 2599 4547 miserum
2630 4493 2956 4563 corripiebat
2989 4508 3163 4563 opus;

1866 4576 1913 4631 Β
1940 4586 2040 4656 Qui
2071 4586 2261 4656 dignos
2287 4586 2474 4657 sapido
2503 4600 2608 4639 non
2637 4585 2861 4654 protulit
2885 4600 2982 4639 ore
3013 4584 3260 4653 latratus,

2014 4678 2120 4733 Sed
2144 4693 2264 4734 sese
2293 4688 2500 4732 mutum
2523 4677 2749 4749 protulit
2776 4691 2897 4732 esse
2922 4693 3143 4732 canem:

1941 4769 2042 4838 Qui
2074 4769 2177 4825 sibi
2208 4770 2552 4825 commissum
2585 4786 2688 4824 non
2714 4769 3007 4824 cusloilivit
3028 4773 3188 4834 ovde,

2008 4859 2121 4915 lino
2145 4858 2324 4915 locum
2351 4859 2544 4915 sceleri
2564 4859 2953 4915 dissimularilo
2975 4859 3143 4914 dedit.

1939 4951 1983 5006 Ο
2014 4951 2173 5006 nimis
2195 4950 2383 5006 insane
2414 4966 2652 5022 praeceps
2682 4951 2904 5005 audacia
2936 4952 3160 5005 mentis!

2010 5044 2054 5097 Ο
2076 5058 2253 5098 caicus
2280 5042 2481 5099 tumida
2511 5059 2609 5113 pro
2646 5043 2846 5113 pietate
2875 5041 3024 5097 furor
3052 5047 3063 5094 2
3114 5109 3118 5113 ι

1942 5134 2019 5189 Tu
2047 5134 2169 5206 quis
2193 5148 2253 5189 es
2281 5144 2338 5189 ut
2363 5151 2576 5189 servum
2607 5134 2865 5189 damnare
2889 5148 3058 5203 queas
3080 5132 3313 5187 alienum
3337 5130 3358 5182 ‘.’

2014 5224 2129 5279 Non
2157 5225 2273 5289 tibi,
2308 5226 2398 5280 sed
2425 5225 2649 5281 Domino
2667 5226 2920 5281 subditur
2943 5223 3121 5277 omnis
3148 5222 3327 5275 homo.

1942 5317 2082 5385 Quid
2105 5317 2321 5387 prodest
2350 5317 2484 5372 alios
2516 5318 2559 5372 si
2588 5318 2788 5371 lumine
2813 5315 2992 5370 cernis
3024 5323 3204 5370 acuto.

2016 5409 2151 5465 Cum
2184 5420 2361 5465 tamen
2394 5409 2507 5479 ipse
2540 5420 2684 5464 tuam
2711 5424 2814 5464 non
2838 5408 3020 5464 videas
3041 5406 3326 5464 nebulam?

1948 5498 2177 5569 Respice
2203 5513 2297 5555 cor
2329 5499 2605 5570 prOprium
2626 5499 2717 5569 qui
2745 5498 2824 5553 sic
2846 5496 3043 5554 delicta
3072 5498 3375 5567 remordes,

2017 5590 2178 5661 Nigra
2200 5591 2524 5647 videbuntur
2551 5576 2777 5660 qumque
2804 5600 3067 5663 geruntur
3109 5585 3203 5646 ibi.

3436 365 3536 420 l38

3232 1024 3499 1042 ο*
