4068 6286
507 306 614 367 153
1558 297 1616 353 S.
1647 290 1948 352 ANSELMI
1990 289 2340 350 CANTUAR.
2371 286 2690 344 ARCHIEP.
3659 278 3775 336 £36

517 441 3769 498 “MM

1107 609 1580 705 CARMEN
1660 609 1784 697 IN
1859 604 2343 695 LAUDEM
2411 603 2503 690 s.
2582 531 3143 689 ANSELMI.

505 977 660 1036 llaud
687 969 936 1027 habiture
972 976 1158 1034 parem
1196 971 1398 1018 sumas,
1423 952 1585 1007 Pater
1629 946 1790 1008 alme,
1846 939 2074 995 salutem
2104 938 2154 995 A
2187 1027 2229 1036 _
2355 944 2538 1036 tamen
2560 939 2613 993 in
2641 938 2801 996 terris
2827 942 2942 1010 ipse
2964 949 3240 1012 superstes
3265 941 3396 1008 eris,

577 1027 746 1134 65am
783 1073 900 1115 mea
927 1027 1235 1125 disparibus
1261 1059 1411 1101 musa
1435 1041 1582 1096 vehit
1605 1034 1851 1107 pedibus.
2187 1027 2648 1134 Excipietprimo.
2669 1034 2925 1100 quoniam
2953 1041 3004 1087 te
3031 1034 3273 1102 gaudens
3303 1035 3450 1090 curia
3480 1038 3628 1103 coeli,

505 1119 659 1226 Quod
679 1167 800 1208 mea
815 1161 966 1203 musa
983 1119 1144 1215 pedes
1171 1138 1266 1193 tibi
1283 1135 1526 1191 scribens
1549 1143 1656 1183 non
1684 1125 1849 1180 habet
1877 1132 2085 1189 aequos,
2190 1210 2227 1226 Π
2350 1120 2444 1176 tibi
2476 1121 2744 1190 promissa
2768 1124 2898 1178 sede
2918 1123 3125 1179 locatus
3153 1126 3285 1180 eris.

577 1247 906 1316 Paupertate
926 1210 1031 1291 mei
1055 1231 1282 1301 contigit
1318 1224 1539 1298 ingenii.
1634 1285 1677 1316 “_
1839 1308 1850 1316 .
2187 1210 2365 1316 Credo
2395 1213 2501 1316 tuis
2534 1213 2824 1316 hominum.
2840 1214 3017 1316 nullus
3056 1217 3314 1272 succedet
3351 1218 3581 1276 habenis

503 1303 739 1395 Laudari
763 1331 942 1404 proles
971 1338 1255 1398 procerum
1287 1319 1423 1390 pede
1448 1317 1607 1370 debet
1634 1308 1874 1366 Homeri.
2192 1393 2228 1404 Α
2256 1303 2314 1358 In
2343 1303 2587 1404 bonitate
2619 1316 2707 1404 tua
2734 1307 2833 1377 qui
2848 1309 3173 1404 moderetur
3199 1323 3312 1365 eas.

577 1430 652 1483 Da
692 1393 930 1486 “aiam,
961 1393 1112 1474 ίίιηυί
1141 1413 1377 1484 pondera
1418 1416 1564 1462 tanta
1601 1403 1732 1475 pati.
2187 1393 2324 1486 Cum
2353 1395 2494 1451 Deus
2511 1398 2855 1476 omnipotens
2881 1399 3273 1471 protoplastum
3303 1401 3434 1458 fecit
3465 1404 3622 1476 aber
3637 1406 3792 1478 (47),

506 1515 767 1578 Materiae,
789 1514 984 1574 fateor,
1021 1522 1136 1562 sum
1170 1511 1331 1559 tanta
1361 1498 1593 1570 pondere
1624 1507 1841 1565 pressus
1863 1531 1878 1557 ,
2202 1577 2217 1578 7
2259 1485 2336 1540 Te
2366 1487 2572 1544 nostris
2606 1490 2757 1545 nasci
2786 1493 3116 1561 temporibus
3138 1494 3327 1548 voluit.

576 1608 690 1663 Nec
718 1577 835 1660 mea
867 1615 1018 1657 musa
1051 1598 1129 1654 rei
1153 1595 1383 1651 sustinet
1405 1590 1566 1660 hujus
1591 1603 1752 1644 onus.
2187 1577 2298 1634 Cur
2319 1586 2497 1634 tamen
2535 1581 2638 1637 hoc
2658 1582 2846 1650 voluit,
2873 1584 2978 1640 nisi
3004 1586 3148 1655 quod
3176 1594 3229 1642 te
3249 1596 3474 1643 noverat
3505 1599 3635 1644 ante

509 1695 836 1757 lndefective
863 1691 975 1760 jam
1000 1689 1046 1744 si
1073 1703 1190 1743 mea
1215 1692 1434 1756 pectora
1463 1680 1720 1744 clament,
1809 1705 1814 1709 ς
2258 1670 2429 1728 Posse
2458 1676 2757 1732 cruentans
2799 1677 2950 1733 frena
2977 1694 3175 1748 parare
3203 1680 3378 1751 lupis?

575 1790 640 1845 Et
667 1803 784 1842 mea
807 1783 1052 1840 centenis
1079 1778 1306 1834 vocibus
1327 1788 1423 1830 ora
1457 1778 1677 1836 sonent,
2188 1761 2328 1820 Ecce
2354 1775 2670 1823 cruentatus
2708 1767 2863 1838 lupus
2893 1771 3118 1837 assistit,
3147 1774 3568 1844 aggrediturque

504 1881 677 1938 Fonte
697 1875 976 1934 Caballino
999 1872 1043 1928 si
1076 1887 1162 1926 me
1187 1873 1464 1938 respergat
1487 1860 1698 1934 Apollo,
2257 1852 2472 1920 Caulas,
2502 1871 2621 1926 qua
2645 1856 2817 1913 ﬁrma
2849 1869 2900 1914 te
2935 1861 3190 1933 vigilante
3219 1874 3461 1920 manent.

592 1971 674 2025 Ad
706 1977 758 2024 te
785 1963 1111 2021 laudandum
1141 1975 1248 2016 non
1276 1957 1407 2012 satis
1428 1969 1568 2009 unus
1590 1967 1705 2008 ero.
2190 1941 2246 1998 Si
2278 1959 2441 2014 quam
2477 1948 2685 2004 crudus
2715 1965 2869 2007 ovem
2890 1967 3021 2008 casu
3042 1953 3196 2024 lupus
3226 1971 3321 2012 ore
3345 1969 3622 2028 cruentat,

506 2063 586 2120 Tu
613 2073 906 2134 generosus
933 2059 1116 2116 homo,
1142 2049 1462 2120 magnisque
1491 2041 1806 2116 parentibus
1825 2049 1976 2095 ortus
2000 2078 2016 2104 ,
2185 2034 2238 2134 ἃ
2259 2034 2455 2134 Evadit
2480 2036 2666 2094 fauces
2693 2048 2747 2095 te
2780 2054 3108 2112 properante
3136 2045 3265 2116 lupi.

579 2121 884 2218 Εξιευρεηε
907 2157 1128 2211 ιιι‹)ι·ιιιῐι⁵
1159 2137 1440 2194 nobilitate
1466 2147 1655 2204 genus.
2173 2121 2370 2180 Mundi
2405 2134 2698 2198 tempestas
2728 2130 2964 2201 aliquem
2990 2133 3034 2188 si
3069 2135 3269 2204 depulit
3291 2136 3358 2190 ad
3396 2146 3470 2203 te,

507 2241 626 2298 1am
653 2217 744 2297 tua
773 2239 916 2292 fama
944 2237 1163 2291 domum
1191 2231 1322 2286 solis
1351 2226 1577 2300 replevit
1606 2233 1918 2290 utramque.
2118 2276 2161 2300 n
2258 2217 2610 2275 Annamema
2640 2222 2809 2289 rans,
2833 2237 3130 2294 "amarem,
3167 2228 3367 2283 reﬁcis.

581 2334 648 2388 Ει
671 2331 831 2386 talem
856 2332 1088 2383 mundus
1115 2323 1311 2398 gaudet
1340 2276 1539 2375 habere
1563 2319 1802 2372 Patrem.
2118 2276 2162 2336 Β
2191 2305 2399 2396 Divinis
2424 2309 2592 2365 armis
2631 2310 2920 2367 instantem
2957 2315 3192 2384 perculis
3222 2317 3454 2372 hostem.

507 2423 640 2478 Axis
660 2431 715 2478 et
736 2420 1001 2478 australes
1027 2427 1076 2476 te
1105 2417 1253 2472 novit
1286 2412 1780 2485 hyperboreusqne,
1939 2459 1942 2466 ,

1620 2423 1780 2478 ηεψιο,
1939 2459 1942 2466 ,
2263 2399 2472 2456 Divinis
2506 2402 2676 2457 armis
2701 2410 2812 2458 tuta
2831 2405 3061 2474 quiescit
3091 2408 3226 2462 ovis.

579 2513 823 2583 Parsque
852 2511 956 2566 tuis
978 2508 1162 2564 mundi
1193 2506 1338 2563 nulla
1370 2512 1522 2559 caret
1553 2500 1784 2556 meritis.
2101 2563 2106 2568 ν
2191 2489 2345 2557 Quod
2385 2491 2582 2563 nolles,
2604 2495 2787 2550 ovium
2825 2497 2991 2565 periit
3023 2506 3200 2554 tamen
3235 2515 3340 2553 una
3385 2511 3632 2566 tuarum;

508 2602 665 2659 Fulta
699 2581 807 2658 tnis
833 2600 1044 2657 meritis
1067 2600 1110 2653 si
1137 2613 1242 2652 non
1293 2595 1434 2651 foret
1453 2592 1673 2665 Anglica
1703 2600 1869 2656 terra,
2262 2581 2377 2636 Nec
2401 2583 2546 2652 perit
2580 2599 2648 2640 ex
2679 2595 2814 2653 toto,
2846 2588 2891 2642 si
2921 2588 3146 2658 vigilare
3174 2590 3328 2645 velis.

582 2698 874 2759 Corrueret
899 2695 1013 2752 vitii
1043 2694 1278 2764 pondere
1299 2702 1496 2760 quassa
1532 2687 1635 2742 sui.
1999 2668 2010 2678 ’

2187 2671 2318 2728 Hac
2341 2673 2407 2728 de
2436 2689 2544 2744 qua
2571 2675 2711 2742 dico,
2749 2677 3016 2734 bahalans
3037 2688 3122 2735 est
3142 2684 3431 2752 presbyter
3453 2683 3628 2757 Hugo,

514 2790 612 2847 llla
651 2787 1010 2855 tuismet-ins,
1041 2786 1234 2849 fateor,
1267 2783 1411 2837 valet
1445 2788 1610 2849 atque
1637 2775 1861 2840 valebit,
2261 2765 2497 2822 Abstulit
2524 2769 2575 2822 in
2605 2769 2856 2841 scopulos
2882 2786 3040 2842 quem
3065 2789 3163 2830 sua
3189 2776 3439 2832 stultitia.

573 2881 756 2951 Atque
791 2879 904 2934 tuis
927 2876 1177 2947 precibus
1207 2888 1276 2929 ne
1305 2873 1462 2927 cadat
1489 2869 1746 2924 efﬁcitur.
2193 2856 2299 2951 Sed
2323 2859 2578 2951 quoniam
2597 2900 2613 2926 ,
2638 2860 2820 2930 Pater,
2843 2873 2928 2920 est
2954 2865 3168 2922 miseris
3196 2867 3369 2938 pietas
3399 2879 3489 2924 tua
3514 2871 3708 2928 vallum
3733 2914 3751 2938 ,
3807 2919 3810 2922 .

511 2973 645 3041 Quis
667 2948 737 3026 te
765 2985 874 3026 non
901 2968 1042 3023 norit
1070 2957 1321 3022 mensura
1347 2963 1533 3016 vivere
1558 2958 1732 3014 recti?

2263 2948 2560 3018 Auxilium,
2589 2968 2794 3023 quaso,
2825 2956 3024 3018 sentiat
3056 2956 3145 3015 ille
3179 2967 3349 3012 tuum.

582 3061 715 3129 Quis
739 3070 790 3116 te
821 3067 1132 3119 sanctorum
1157 3055 1330 3110 nescit
1353 3053 1552 3108 habere
1585 3049 1776 3104 ﬁdem?
1841 3075 1845 3079 λ
2192 3037 2306 3106 Hoc
2335 3041 2644 3126 tIItOd.vivit
2675 3045 2872 3113 adhuc,
2898 3050 3041 3117 quod
3085 3065 3194 3105 non
3229 3061 3315 3107 est
3341 3052 3544 3108 lumina
3581 3054 3729 3128 fossn
3751 3075 3788 3122 ς,

516 3153 596 3208 Tu
633 3152 1007 3220 delinquentes
1031 3147 1264 3218 castigas
1292 3145 1517 3200 verbere
1547 3142 1723 3199 dulci:
2263 3131 2524 3188 Elfectum
2552 3149 2680 3188 cura
2713 3137 2836 3208 quis
2862 3149 3022 3209 neget
3047 3155 3169 3196 esse
3198 3144 3326 3196 tua?

582 3241 662 3297 Ne
686 3254 914 3311 peccare
941 3239 1137 3303 velint,
1174 3238 1288 3306 ipse
1316 3248 1501 3289 mones
1531 3232 1801 3286 homines.
2191 3221 2326 3276 Nam
2358 3222 2458 3277 nisi
2490 3231 2542 3278 te
2569 3224 2750 3281 rabies
2782 3226 3055 3284 timuisset
3082 3245 3222 3286 sava
3261 3231 3511 3303 luporum
3534 3274 3550 3300 ,
3642 3246 3644 3248 '

510 3333 709 3404 Arguis
747 3341 806 3386 ut
844 3331 1008 3386 debes
1034 3330 1279 3386 homines
1309 3336 1533 3396 peccata
1561 3314 1855 3379 lucrantes.
2263 3313 2434 3380 Quem
2465 3330 2571 3370 ηοη
2601 3331 2790 3372 carcer
2822 3320 3020 3386 habet,
3051 3336 3187 3378 61'th
3216 3323 3466 3381 habitura
3495 3326 3658 3383 Γοτεῑο

585 3403 662 3482 'l‘e
683 3426 932 3482 mercede
962 3431 1114 3477 caret
1135 3421 1321 3491 judice
1346 3427 1501 3474 curta
1533 3418 1686 3473 ﬁdes.
2193 3403 2292 3460 Est
2312 3421 2497 3475 grave,
2526 3409 2812 3475 conﬁteor,
2844 3413 2990 3480 quod
3019 3415 3294 3470 commisit
3327 3417 3492 3473 miser
3515 3419 3639 3487 ille,

513 3513 700 3570 Judice
735 3525 789 3570 te
820 3515 971 3569 dives
1000 3511 1258 3582 peccator
1279 3509 1411 3564 vivit
1439 3523 1660 3579 egenus,
2268 3495 2373 3552 Sed
2409 3512 2518 3552 non
2546 3500 2762 3555 excedit
2788 3501 2942 3572 culpa
2971 3505 3153 3574 gravis
3183 3509 3416 3562 veniam.

585 3610 652 3665 Et
682 3599 930 3666 dominus
960 3621 1189 3676 nequam
1220 3614 1306 3660 sat
1328 3603 1492 3658 miser
1520 3611 1603 3656 est
1633 3598 1885 3654 famulus.
2120 3631 2165 3691 ε
2196 3587 2344 3691 Qu}:
2358 3603 2516 3658 quam
2544 3592 2750 3657 Primus
2781 3594 2941 3650 homo
2962 3597 3208 3667 peccavit
3233 3601 3483 3657 acerbius
3511 3605 3786 3673 unquami

516 3701 678 3759 Solus
700 3701 752 3754 in
777 3700 880 3754 hoc
909 3712 1047 3761 avo,
1076 3695 1256 3759 Pater,
1277 3707 1338 3749 es
1361 3691 1646 3748 laudabilis
1672 3705 1806 3744 avo.
2123 3679 2165 3691 ν
2266 3679 2412 3735 unus
2441 3682 2649 3739 ίιιιθνίίι
2673 3686 2835 3757 Culpa
2882 3697 3065 3744 tamen
3109 3691 3286 3746 venia-

585 3791 744 3846 sOlus
766 3787 1109 3849 habes-vita»,
1133 3786 1218 3840 vir
1243 3783 1572 3848 venerande,
1603 3780 1863 3836 modum.
2193 3771 2372 3827 Altius
2401 3773 2655 3844 incipiam
2685 3795 2702 3831 :
2733 3780 2856 3848 quis
2878 3780 3154 3838 eritJuda
3177 3783 3366 3838 sceleri
3395 3786 3530 3854 par?

517 3883 674 3940 Solus
697 3897 757 3937 es
779 3881 832 3935 in
865 3879 1028 3936 terris
1050 3877 1267 3935 deflens
1295 3884 1520 3946 peccata
1549 3873 1837 3927 malorum.

2268 3860 2421 3928 Huic,
2449 3878 2590 3929 reor,
2617 3879 2738 3920 esse
2775 3881 2958 3924 comes
2983 3870 3131 3926 nulla
3166 3881 3344 3940 potest
3364 3875 3541 3930 venia.

588 3973 668 4027 Tu
701 3972 848 4028 εοιυε
879 3970 1080 4024 umidis
1102 3983 1161 4023 es
1193 3967 1458 4022 medicina
1497 3964 1624 4020 τρῖς,
2195 3950 2355 4006 Caede
2385 3962 2563 4009 tamen
2589 3970 2746 4011 sacra
2777 3958 3024 4016 madidus
3050 3961 3095 4016 si
3125 3963 3498 4034 paenituisset,

516 4060 616 4118 His
645 4073 983 4132 quoquepro
1018 4056 1227 4112 meritis
1251 4057 1464 4118 merito,
1492 4053 1652 4110 Pater
1675 4052 1881 4124 optime
1913 4061 2024 4107 toto
2202 4131 2237 4132 π
2267 4041 2367 4110 Qut
2393 4044 2513 4115 Pius
2543 4055 2626 4101 est
2651 4049 2882 4112 cunctis,
2915 4065 3021 4105 non
3041 4049 3190 4107 ferus
3218 4063 3367 4109 esset
3389 4058 3461 4110 ei.

584 4150 681 4206 Est
705 4157 1057 4222 propagatum
1083 4162 1278 4202 nomen
1307 4148 1360 4202 in
1386 4148 1518 4202 orbe
1543 4155 1715 4201 ιυιιιῃ,
2196 4131 2280 4187 Tu
2309 4133 2510 4190 debere
2535 4151 2750 4192 manum
2775 4139 2910 4194 dicis
2939 4155 3243 4211 supponere
3264 4146 3436 4212 nanti,

515 4243 946 4300 lntereuntcasn
971 4255 1091 4309 qua
1117 4239 1350 4307 primum
1382 4252 1572 4307 magna
1593 4235 1832 4301 fuerunt,
1970 4295 1973 4298 _
2268 4222 2348 4278 ΝΘ
2372 4225 2650 4293 ἀθωοτεαι
2673 4243 2795 4282 etim
2822 4245 2943 4299 quae
2981 4233 3132 4287 venit
3159 4236 3302 4289 unda
3331 4238 3518 4291 maris.

587 4331 1045 4400 Necquemquam
1071 4337 1222 4382 certo
1252 4327 1423 4381 limite
1447 4326 1554 4380 fata
1581 4335 1794 4394 regunt.

2197 4309 2459 4382 Mergitur
2479 4314 2588 4378 hic,
2612 4317 2834 4386 puppim
2874 4334 3068 4391 magna
3100 4321 3330 4379 feriente
3369 4327 3637 4396 procella;

518 4420 618 4488 Qui
644 4419 802 4474 modo
835 4419 983 4472 dives
1004 4426 1140 4481 erat,
1170 4415 1398 4471 fortuna
1417 4417 1622 4470 corruit
1646 4416 1776 4470 ictu.

2270 4403 2337 4456 Et
2361 4403 2411 4456 ni
2441 4404 2556 4474 jam
2591 4420 2870 4477 properes,
2895 4411 3002 4465 vita
3034 4413 3291 4486 relinquit
3327 4435 3471 4474 cum.

596 4511 772 4578 Atque
801 4509 960 4564 modo
988 4523 1110 4562 cum
1136 4507 1259 4571 sim,
1287 4521 1392 4560 non
1415 4521 1539 4560 reor
1566 4521 1685 4563 esse
1701 4505 1813 4560 diu.
2198 4492 2202 4546 Ῐ

1799 4545 1813 4560 ι
2198 4491 2280 4546 Ex
2316 4492 2406 4547 illo
2438 4503 2547 4551 toto
2572 4497 2744 4551 solum
2772 4511 2936 4570 caput
2966 4505 3169 4560 eminet
3209 4509 3399 4576 undis;

518 4598 633 4656 Hoc
655 4612 763 4652 non
798 4597 1080 4650 attendunt
1107 4610 1244 4665 quos
1269 4597 1451 4651 mundi
1484 4587 1655 4666 gloria
1688 4596 1857 4661 ducit,
2091 4584 2096 4588 ’
2269 4585 2422 4652 Ουοά
2448 4587 2492 4641 Si
2520 4598 2813 4660 mergatur.
2845 4592 2932 4646 hei
2955 4594 3119 4649 mihi!
3147 4597 3254 4650 vita
3289 4598 3442 4670 fugit.

588 4689 842 4759 Quosque
872 4687 1062 4744 fefellit
1099 4701 1253 4744 amm-
1288 4704 1392 4742 non
1430 4688 1654 4744 satiatus
1681 4704 1859 4760 οριιηι,
2197 4675 2345 4732 Illius
2367 4690 2496 4748 ergo
2517 4692 2711 4748 precor
2733 4678 2910 4736 fracto
2939 4697 3197 4739 succurre
3232 4689 3484 4756 phaselo,

517 4781 587 4836 At
629 4787 708 4848 tu,
731 4779 1004 4850 praterita
1030 4779 1120 4849 qui
1146 4789 1362 4849 spectas
1392 4779 1534 4849 quod
1560 4780 1946 4850 sequiturque,
2267 4766 2398 4834 Qua
2417 4767 2643 4838 nullum,
2676 4771 2780 4825 nisi
2822 4772 2936 4837 des,
2962 4773 3114 4832 littus
3144 4777 3344 4835 habere
3369 4791 3563 4851 potest.

590 4871 710 4927 Scis
741 4871 867 4940 quia
903 4885 1023 4940 qua
1051 4869 1209 4928 modo
1243 4877 1370 4925 sunt
1410 4870 1688 4926 interitum
1719 4871 1952 4942 capient.

2197 4857 2305 4913 Aut
2331 4859 2496 4930 igitur
2519 4876 2818 4932 properans
2844 4872 2935 4919 tua
2974 4881 3104 4922 cura
3134 4872 3440 4928 medeliitur
3465 4874 3573 4946 illi,

519 4969 644 5026 Haec
669 4986 789 5042 qua
810 4985 909 5040 per
923 4969 1159 5040 spatium
1183 4969 1271 5023 vix
1303 4969 1502 5024 durant
1537 4970 1699 5025 unius
1721 4969 1868 5025 hora
2119 4975 2173 5037 ι)
2265 4953 2374 5008 Am
2400 4953 2547 5010 ηυιίο
2585 4965 2732 5012 certe
2761 4965 3006 5027 tempore
3035 4976 3202 5018 sanus
3229 4966 3355 5020 eril-

591 5065 779 5119 credis
818 5063 1093 5135 perpemis
1123 5061 1507 5133 aquipamnda
1529 5063 1706 5128 bonis,
2197 5042 2298 5135 Ille
2319 5043 2417 5098 fuit
2447 5045 2630 5135 multis
2654 5055 2708 5100 et
2730 5049 2942 5117 magnis
2962 5049 3129 5107 fultus
3153 5055 3362 5124 amicis,

520 5153 736 5208 Naturae
763 5132 1198 5224 paret'quidquid
1225 5132 1453 5208 mortale
1482 5161 1730 5221 creatur;
2214 5222 2230 5224 μ
2270 5132 2406 5187 Dm"
2430 5133 2643 5190 ridebat
2669 5135 2718 5190 εί
2741 5151 2860 5206 qui”
2882 5146 2991 5193 εῐθῑ
3017 5139 3069 5194 in
3095 5143 3226 5198 Ot'be
3251 5146 3348 5200 dea
3375 5164 3391 5202 :

592 5222 848 5312 Quodque
878 5222 980 5299 fuit
1007 5222 1300 5313 quondam,
1334 5243 1673 5299 desinitesse
1700 5242 1880 5298 modo.

2198 5222 2329 5292 Quae
2349 5234 2633 5294 postquam
2670 5225 2839 5280 risum
2865 5228 3098 5283 subitam
3131 5236 3402 5289 contraxit
3422 5236 3473 5289 in
3506 5238 3672 5305 iram,

523 5331 602 5388 Tu
635 5347 846 5404 quoque
871 5335 1087 5402 parebis
1115 5334 1298 5400 morti,
1322 5335 1416 5390 sed
1458 5334 1673 5404 dispare
1701 5342 1914 5400 tractu;

1871 5350 1914 5400 η
2268 5315 2392 5371 lllos
2417 5331 2522 5371 non
2551 5317 2890 5388 puduitquin
2916 5329 3063 5376 retro
3093 5332 3242 5394 terga
3267 5327 3477 5382 darent.

596 5426 704 5480 Nec
724 5434 778 5480 ω
800 5441 922 5480 cum
947 5427 1189 5498 mprobis
1221 5428 1337 5498 ipse
1365 5426 1624 5484 locandus
1651 5426 1776 5483 eris.
2203 5406 2355 5498 Illum
2382 5408 2622 5462 nonnulli
2648 5425 2754 5464 non
2791 5425 2912 5465 cum
2944 5414 3157 5494 ratione
3192 5420 3526 5486 remordent,

525 5516 602 5572 Tn
634 5533 755 5572 cum
781 5516 1016 5570 mutabis
1042 5497 1401 5574 terramcoelo
1421 5519 1666 5590 potieris,
2023 5551 2028 5554 ·

2023 5551 2028 5554 .
2276 5497 2404 5566 Nec,
2428 5500 2551 5569 quia
2586 5500 2838 5571 desipuit,
2867 5518 3027 5560 nosse
3045 5504 3287 5562 fatentur
3320 5525 3462 5566 enim.

595 5647 708 5717 (£7)
746 5646 982 5709 ’Δϐονλος
1021 5647 1366 5719 inconsultus,
1394 5667 1552 5721 pravo
1578 5648 1796 5706 consilio
1817 5650 2086 5705 incitatus.
