4068 6286
278 348 381 406 157
1362 348 1646 407 CARMEN
1686 346 1749 401 IN
1784 346 2065 403 LAUDEM
2102 350 2158 406 S.
2194 350 2515 408 ANSELMI.

262 466 354 529 At,
386 472 535 534 puto,
564 479 686 519 cum
715 472 925 533 poterat
954 477 1119 518 sanus
1146 462 1318 518 vitare
1356 461 1599 524 ruinam,

338 556 449 613 llac
472 557 661 612 incede
687 557 793 622 via,
826 557 1009 611 dicere
1035 555 1353 612 debuerant.

263 648 418 706 Nunc
453 651 524 705 illi
557 651 729 705 fracta
760 649 881 704 navi
910 650 1038 718 quid
1073 650 1256 704 dicere
1282 647 1523 717 prodest,

337 740 566 796 Currere
589 744 808 796 cautius
840 740 942 795 hoc
964 756 1063 811 per
1090 755 1239 795 mare
1268 738 1557 793 debueras.

264 831 409 903 Ergo
434 835 735 889 communis
766 849 887 888 cum
911 834 986 888 sis
1016 833 1185 888 tutela
1219 845 1463 897 reorum,

294 1018 2120 1045 Μ

1869 467 1922 523 Α
2018 460 2195 526 illum,
2223 470 2409 517 sancte
2436 462 2616 522 Pater.
2643 477 2823 531 qnst
2859 472 3011 517 tuere
3044 478 3210 518 reum.

1955 553 2154 609 Sancte
2177 554 2272 609 Dei
2295 556 2487 621 cultor,
2518 555 2640 609 lidei
2668 555 2809 619 fons,
2842 572 3007 625 pecus
3034 568 3264 621 amator,

2026 646 2184 715 Spes,
2217 646 2401 713 decus,
2434 646 2715 711 auxilium,
2746 648 2880 713 vita,
2912 647 3058 703 salus
3088 648 3387 712 hominum,

1951 736 2131 806 Usque
2163 737 2305 805 quod
2336 747 2419 791 est
2449 738 2647 802 dicam,
2685 738 2873 806 patriae
2904 739 3067 793 totius
3090 738 3320 809 asylum.

2027 831 2192 886 Unica
2233 829 2375 884 scala
2405 830 2532 899 poli,
2562 847 2660 884 nec
2685 833 2911 897 ruitura,
2943 831 3079 886 Vale.

885 1172 1545 1266 EPICEDION
1629 1173 1750 1262 IN
1814 1170 2283 1265 OBITUM
2352 1171 2933 1259 EJUSDEM.

264 1482 513 1537 Prcesulis
538 1481 795 1546 Anselmi,
821 1494 981 1550 quem
1013 1494 1182 1548 nuper
1213 1478 1393 1533 obisse
1413 1477 1678 1542 dolemus,

333 1573 605 1628 Laudibus
628 1573 801 1643 aptari
832 1572 1013 1626 littera
1044 1580 1225 1624 nostra
1258 1568 1429 1639 cupit.

262 1663 355 1716 Est
382 1673 561 1719 tamen
595 1680 624 1718 a
658 1674 805 1719 tanto
827 1663 970 1733 quod
1008 1677 1092 1716 me
1120 1662 1396 1716 deterreat
1430 1675 1595 1725 ausu,

330 1754 408 1810 Ne
442 1773 527 1811 res
545 1757 709 1811 chara
739 1772 915 1811 meum
956 1770 1064 1809 non
1090 1763 1236 1808 amet
1260 1752 1555 1823 ingenium.

258 1847 558 1917 Aggrediar
585 1862 733 1915 vero,
764 1848 830 1903 de
862 1846 1065 1903 Christi
1095 1860 1323 1899 munere
1350 1844 1542 1911 ﬁdens,

332 1938 523 1993 Dicere
558 1941 701 2008 quod
726 1953 942 2009 possunt
969 1940 1035 1993 de
1061 1937 1303 1992 bonitate
1328 1936 1452 1990 viri.
1506 2006 1513 2011 μ

255 2026 366 2083 {les
394 2030 626 2098 pretiosa
658 2030 837 2095 nimis,
873 2045 958 2084 res
988 2028 1135 2083 utilis
1166 2038 1331 2098 atque
1358 2027 1575 2090 decora,

335 2115 427 2171 Vir
452 2117 653 2184 clarus,
685 2110 901 2188 sapiens
928 2118 1014 2174 hic
1040 2128 1094 2173 et
1126 2119 1387 2172 honestus
1419 2124 1557 2182 erat,

251 2207 427 2263 Notus
448 2218 504 2263 et
531 2210 768 2279 ignotus,
791 2210 1011 2280 sapiens
1036 2210 1197 2264 simul
1224 2207 1579 2279 insipiensve,

200 2364 203 2365 ν
322 2301 394 2354 Et
417 2310 561 2355 totus
593 2301 798 2371 pariter
822 2299 1050 2355 mundus
1069 2302 1285 2356 amabat
1305 2315 1455 2355 eum.

245 2390 384 2463 Ejus
412 2408 569 2448 amor
596 2393 773 2447 dulcis
805 2390 1023 2447 fastidia
1052 2392 1198 2446 nulla
1223 2393 1467 2462 gerebat.

324 2484 538 2556 Cuique
567 2501 756 2555 parum
792 2484 1253 2555 fueratquidquid
1286 2492 1498 2539 amaret
1516 2496 1664 2537 eum.

246 2576 483 2647 Quoque
504 2577 676 2647 magis
704 2576 924 2632 virtutis
949 2590 1107 2645 opem
1135 2577 1353 2632 mireris
1383 2576 1438 2630 iu
1469 2575 1592 2643 illo,

324 2666 535 2724 Charus
566 2667 867 2723 habebatur
902 2668 1151 2723 hostibus
1182 2667 1297 2738 ipse
1326 2668 1461 2722 suis.

250 2759 461 2831 Nempe
486 2759 640 2814 fuere
660 2759 759 2814 viri
788 2760 901 2831 (48)
926 2776 1061 2831 quos
1083 2758 1200 2828 ejus
1228 2774 1391 2814 causa
1406 2759 1699 2829 gravabat;

325 2851 753 2921 Laudabantque
807 2860 986 2907 tamen
1027 2851 1170 2921 quod
1202 2851 1377 2906 bonus
1402 2851 1519 2920 ipse
1556 2848 1720 2905 foret.

248 2941 525 3010 Quidquid
551 2950 670 2997 erat
692 2943 837 3011 quod
860 2942 940 2998 eis
963 2957 1128 3012 super
1154 2942 1244 2999 illo
1270 2941 1662 3015 displicuisset,

329 3034 540 3090 lllorum
564 3034 744 3104 plane,
787 3050 895 3088 non
919 3049 1050 3089 suus
1075 3050 1228 3089 error
1256 3043 1394 3089 erat.

245 3122 391 3178 ‘l‘ota
420 3125 637 3194 quidem
663 3125 818 3195 (quid
843 3125 988 3179 enim
1017 3126 1100 3178 vir
1128 3124 1278 3194 pravi
1312 3132 1499 3180 tantus
1534 3122 1839 3194 haberet?)

329 3215 460 3285 lijus
490 3217 657 3272 odore
689 3217 834 3272 bono
856 3217 961 3271 vita
992 3217 1171 3272 suavis
1199 3227 1337 3272 erat.

246 3310 481 3366 D‘lﬁcile
509 3311 702 3366 credas
730 3321 989 3380 qnautmn
1016 3312 1097 3365 vir
1118 3310 1313 3367 claruit
1331 3309 1440 3377 ille,

328 3402 438 3457 Nec
478 3403 573 3457 tibi
604 3403 784 3475 lingua
816 3412 994 3475 potest
1015 3404 1119 3457 ulla
1152 3404 1359 3461 referre
1387 3404 1543 3460 satis.

249 3497 373 3565 Ipse
406 3498 548 3551 Deus
576 3497 725 3550 novit
756 3496 882 3566 quia
915 3512 1074 3564 spero
1102 3511 1227 3550 vera
1259 3496 1418 3551 fateri

326 3587 434 3641 Nec
471 3587 743 3641 laudando
771 3586 945 3640 virum
987 3585 1176 3642 fallere
1205 3601 1476 3657 quemque
1507 3588 1647 3643 volo.

244 3676 449 3732 Testor
474 3678 617 3732 enim
644 3676 846 3740 Jesum,
883 3692 983 3732 nec
1010 3678 1188 3732 inanis
1214 3678 1398 3748 opinio
1433 3676 1600 3744 fallit,

325 3766 479 3833 Quod
509 3768 647 3823 satis
674 3768 938 3822 innocuos
963 3767 1193 3823 duxerat
1231 3768 1319 3825 ille
1347 3769 1482 3825 dies.

242 3857 425 3925 Quem
456 3858 594 3914 lzesit
616 3859 783 3916 verbo
801 3900 815 3924 ,
839 3860 942 3913 nisi
970 3874 1130 3928 quem
1159 3875 1417 3929 peccasse
1441 3860 1698 3929 putaret?

328 3949 440 4004 lluc
471 3965 684 4021 quo;ue
710 3966 743 4004 ο
762 3966 923 4020 quam
948 3950 1129 4005 sobrie
1158 3948 1362 4004 iecerat
1387 3959 1549 4020 atque
1569 3952 1691 4019 pie!

245 4037 619 4108 Opprobrium
643 4040 835 4095 durum
864 4041 988 4111 quis
1011 4041 1079 4096 ab
1105 4040 1251 4095 illius
1280 4055 1377 4096 ore
1409 4040 1656 4111 recepit?

324 4133 480 4199 Quod
506 4133 703 4189 rideret
731 4150 852 4189 eum
887 4134 1068 4189 dicere
1098 4132 1221 4202 quis
1246 4131 1454 4202 potuit?

243 4223 427 4292 Quem
452 4225 589 4279 male
629 4225 904 4290 tractavit,
926 4224 1013 4279 vel
1041 4224 1225 4293 inique
1256 4224 1425 4277 tnuvit
1459 4225 1527 4278 ad
1563 4222 1734 4277 iram?

328 4316 500 4383 Quem
532 4317 719 4372 vivens
747 4317 1025 4373 hominum
1056 4315 1246 4369 fraude
1270 4329 1365 4369 sua
1396 4315 1598 4369 nocuit.

249 4408 367 4463 Nec
399 4409 623 4464 multum
648 4408 824 4464 fuerat
851 4409 968 4464 sine
995 4407 1226 4463 crimine
1259 4407 1458 4463 ducere
1487 4408 1675 4475 vitain,

335 4501 395 4557 Si
431 4518 535 4557 non
565 4502 784 4557 virtutis
809 4500 966 4571 plena
996 4501 1192 4556 decore
1227 4498 1347 4555 fuit.

252 4593 317 4650 Si
349 4594 542 4665 placet,
565 4593 751 4649 audito
776 4592 1153 4647 sanctissimus
1179 4590 1268 4646 i.le
1290 4591 1529 4646 virorum

332 4685 599 4739 V.rtututu
630 4683 825 4739 merito
847 4698 1011 4753 quam
1045 4682 1317 4752 pretiosus
1349 4690 1489 4735 erat.

251 4780 349 4833 Est
374 4787 555 4831 tamen
584 4776 872 4839 incertum,
906 4774 1032 4844 quia
1065 4772 1295 4843 plurima
1326 4771 1482 4843 copia
1521 4768 1694 4836 fallit,

323 4867 464 4935 Quid
488 4867 639 4937 prius
672 4865 931 4936 incipiam
961 4865 1298 4935 posteriusve
1327 4862 1537 4932 loquar.

249 4962 362 5013 (ch
392 4959 578 5013 videas
614 4956 849 5027 aliquem
887 4956 979 5026 qui
1009 4965 1253 5024 tempore
1279 4953 1420 5009 veris
1452 4966 1751 5018 amtBuum,

324 5050 594 5105 Lecturus
621 5048 803 5115 ﬂores,
837 5047 1174 5118 ingrediatur
1195 5062 1406 5116 agrum.
1522 5035 1526 5039 ’

249 5144 492 5211 tinguat,
523 5145 667 5198 lumc
695 5139 955 5210 carpam?
987 5140 1082 5194 sed
1112 5138 1267 5193 valde
1297 5135 1573 5206 pulchrior
1605 5137 1706 5191 iste
1730 5142 1855 5189 est.‘

324 5236 474 5289 Illum
502 5234 827 5305 deeerpam?
854 5232 948 5287 sed
976 5239 1235 5300 superant
1260 5228 1369 5283 alii.

254 5334 625 5396 ignoratusque
652 5327 742 5380 diu
778 5324 908 5395 quid
934 5331 1081 5393 agat,
1113 5321 1385 5376 desiderat
1413 5335 1621 5384 omnes,

331 5416 577 5482 Miratur,
607 5417 775 5472 nescit
800 5430 962 5484 quem
995 5414 1164 5485 magis
1183 5414 1435 5484 accipiat.

256 5510 351 5565 Sic
379 5526 478 5582 ego
516 5509 683 5564 multa
712 5509 801 5562 diu
830 5522 1041 5562 mecum
1073 5506 1300 5561 dicenda
1325 5506 1632 5571 revolvens,

334 5600 524 5671 Cogito
556 5600 625 5654 de
653 5599 838 5654 multis
864 5614 983 5667 qua:
1013 5598 1243 5651 recitare
1292 5596 1469 5653 velim.

336 5752 443 5821 (ιε)
485 5751 600 5805 Rex
623 5758 679 5804 et
709 5748 996 5819 complices
1021 5744 1161 5814 ejus.

548 5848 821 5908 Ρηκοι..
870 5844 1139 5906 CLVIII.

1951 1473 2193 1543 Denique
2221 1473 2264 1527 si
2300 1472 2528 1527 referam
2562 1482 2764 1543 quanto
2795 1472 3081 1542 splendore
3107 1472 3310 1542 sophia:

2021 1565 2114 1619 Ille
2148 1566 2351 1619 niteret
2381 1564 2561 1629 homo,
2592 1565 2713 1633 quis
2744 1563 2874 1619 mihi
2907 1564 3091 1618 credet
3126 1564 3320 1618 homo?

1944 1652 2151 1711 Omnes
2171 1657 2224 1710 ni
2257 1656 2431 1721 fallor,
2462 1670 2598 1724 quos
2623 1664 2864 1724 tempore
2893 1654 3170 1709 cernimus
3194 1654 3297 1708 isto

2024 1746 2242 1802 Vicerat
2276 1747 2481 1803 electos
2510 1748 2867 1817 egregiosque
2902 1746 3068 1800 viros.

1949 1839 2005 1895 Si
2040 1841 2171 1894 mibi
2205 1856 2310 1894 non
2341 1841 2539 1904 credis,
2571 1841 2714 1895 illius
2751 1839 3009 1909 opuscula
3040 1841 3233 1896 saltem

2019 1932 2132 1989 Non
2164 1933 2297 1988 mihi
2323 1950 2430 1988 non
2462 1943 2716 2004 poterunt
2742 1928 2858 1987 visa
2886 1948 3085 2003 negare
3114 1933 3293 1989 ﬁdem.

1942 2023 2045 2090 Qui
2072 2022 2268 2095 legisse
2293 2025 2431 2079 volet
2456 2040 2591 2093 quos
2617 2023 2915 2094 scripserat
2950 2023 3036 2078 ille
3060 2024 3266 2080 libellos
3284 2066 3297 2089 ,

2016 2119 2128 2175 lllic
2154 2120 2448 2192 perspiciet
2474 2136 2638 2190 quant
2673 2120 2893 2188 sapiens
2923 2117 3113 2174 fuerit.

1943 2209 2011 2264 Et
2038 2221 2186 2266 recte
2209 2212 2388 2283 sapuit
2422 2212 2513 2283 qui
2542 2212 2820 2267 Christum
2854 2226 3072 2281 semper
3102 2210 3329 2275 amavit,

2012 2302 2116 2371 Qui
2140 2319 2416 2375 nunquam
2446 2304 2637 2359 sceleri
2666 2303 2896 2372 praebuit
2922 2302 3276 2372 obsequium.

1946 2396 2091 2452 Talis
2118 2398 2319 2467 quippe
2344 2398 2455 2453 Deo
2481 2396 2748 2467 sapientia
2781 2406 2937 2467 grata
2969 2394 3242 2466 probatur

2014 2485 2145 2552 Quae
2168 2486 2358 2540 vitium
2386 2486 2642 2557 prohibet
2670 2484 3050 2554 iustitiamque
3073 2484 3249 2538 docet.

1945 2574 2053 2631 Sed
2083 2576 2399 2645 dejustitia,
2438 2592 2545 2648 qua
2570 2577 2783 2648 plenius
2814 2577 2903 2631 ille
2938 2574 3185 2647 vigebat,

2016 2668 2284 2735 Quiddam
2317 2669 2529 2725 dicendi
2560 2677 2772 2739 tempus
2803 2670 2996 2722 adesse
3029 2682 3173 2722 reor.

1943 2755 1990 2812 Ο
2023 2774 2185 2828 quam
2205 2758 2386 2827 justus
2411 2770 2531 2816 erat
2555 2760 2649 2832 qui
2678 2776 2783 2815 non
2813 2759 3041 2814 adversa
3082 2758 3322 2823 timeret,

2015 2847 2125 2905 Nec
2151 2850 2273 2919 plus
2310 2866 2472 2920 quam
2502 2853 2636 2906 satis
2663 2859 2749 2905 est
2775 2864 3035 2921 prospera
3065 2849 3342 2919 diligeret.

1874 1884 1918 1942 Β

1944 2935 2060 2992 Non
2100 2947 2218 2993 erat
2245 2939 2297 2993 in
2328 2940 2489 2996 rebus
2522 2941 2841 3011 quidquam,
2873 2953 3228 3011 quascunque
3250 2938 3528 3007 videmus,

2013 3029 2164 3097 Quod
2196 3030 2435 3087 levitatis
2469 3047 2594 3087 eum
2620 3042 2839 3104 cogeret
2868 3033 2921 3086 in
2956 3032 3170 3087 vitium.

1941 3120 2089 3175 Inter
2113 3121 2353 3188 divitias,
2379 3139 2518 3195 quas
2553 3122 2887 3182 sullicicnter
2907 3122 3165 3191 habebat,

1861 3228 1912 3289 ς
2016 3207 2286 3266 Virtutum
2312 3210 2524 3282 plenus,
2549 3212 2712 3268 rebus
2734 3227 2935 3283 egenus
2956 3218 3098 3267 erat.

1942 3302 2035 3356 Sic
2064 3302 2164 3356 sibi
2192 3302 2405 3359 vivebat
2433 3312 2491 3358 ut
2513 3303 2589 3358 nil
2620 3303 2872 3359 habuisse
2902 3314 3145 3373 putares.

2012 3391 2262 3447 Haerebat
2301 3393 2502 3447 mundo
2524 3407 2771 3461 corpore,
2798 3408 2905 3446 non
2933 3392 3136 3447 animo.

1942 3478 2133 3536 Omnia
2160 3482 2453 3551 prudenter
2481 3491 2538 3536 et
2566 3481 2780 3536 fortiter
2798 3481 2981 3536 omnia
3019 3496 3278 3552 pensans,

2012 3572 2242 3627 Nolebat
2269 3572 2371 3628 sibi
2405 3573 2746 3645 displicuisse
2776 3574 2904 3627 Deo.

1939 3665 2088 3720 Inter
2117 3677 2407 3736 utrumque
2432 3680 2689 3730 manens,
2721 3665 2999 3720 moderate
3021 3674 3219 3721 etmcta
3253 3667 3497 3737 gere-lat.

2010 3756 2194 3811 Odivit
2216 3756 2384 3811 nimio
2420 3754 2679 3826 quidquid
2703 3764 2821 3809 erat
2852 3755 3105 3810 nimium.

1942 3847 2082 3902 Sunt
2115 3857 2297 3904 autem
2328 3848 2550 3918 quidam
2582 3847 2673 3918 qui
2708 3864 2793 3902 me
2823 3845 3059 3901 fortasse
3086 3846 3352 3900 notabunt

2008 3937 2163 4004 Quod
2196 3939 2356 3993 tantis
2385 3936 2533 3993 illiilli
2564 3937 2809 3992 laudibus
2839 3935 3145 3992 extulerim.

1940 4026 2077 4081 Nam
2107 4028 2286 4082 dicent
2316 4042 2331 4081 :
2362 4029 2509 4083 Adeo
2533 4046 2636 4081 non
2661 4028 2845 4081 debuit
2872 4027 2960 4081 ille
2980 4026 3167 4092 levari,

2011 4120 2115 4186 Qui
2152 4120 2376 4174 nimium
2409 4119 2637 4191 simplex
2665 4128 2826 4187 atque
2858 4117 3117 4172 remissus
3151 4124 3286 4171 erat.

1937 4211 2064 4280 Qui,
2095 4213 2236 4268 sicut
2263 4212 2474 4284 legitur,
2508 4212 2745 4268 seducta:
2774 4226 2924 4268 more
2953 4209 3239 4277 columbm,

2012 4303 2143 4371 Qua:
2173 4303 2281 4359 cito
2310 4303 2610 4373 decipitur,
2644 4302 2724 4357 sic
2762 4303 2878 4357 sine
2899 4301 3066 4358 corde
3098 4301 3216 4366 fuit,

1942 4397 2041 4465 Qui
2075 4396 2360 4467 prohibere
2399 4396 2553 4451 nefas
2584 4404 2640 4448 ut
2664 4394 2860 4465 pra‘sul
2895 4409 3001 4448 non
3045 4396 3348 4463 satagebat,

2014 4489 2123 4545 Nec
2144 4490 2323 4560 populi
2348 4490 2604 4543 miserum
2635 4487 2961 4558 corripiebat
2994 4502 3169 4557 Opus;

1870 4570 1917 4626 ι)
1945 4582 2045 4651 Qui
2076 4582 2267 4651 dignos
2292 4582 2479 4652 sapido
2508 4595 2613 4634 non
2642 4579 2867 4649 protulit
2891 4594 2987 4634 ore
3019 4578 3265 4647 latratus,

2019 4674 2125 4729 Sed
2149 4688 2269 4728 sese
2298 4684 2505 4727 mutum
2527 4671 2754 4744 protulit
2781 4686 2903 4727 esse
2928 4687 3149 4726 canem:

1947 4764 2048 4833 Qui
2079 4764 2181 4820 sibi
2214 4764 2557 4819 commissum
2590 4780 2694 4819 non
2719 4764 3013 4819 custotlivit
3034 4768 3194 4829 ονςιυ.

2013 4853 2126 4910 luto
2150 4853 2329 4911 locum
2356 4854 2549 4910 sceleri
2570 4854 2958 4910 dissimulante
2981 4855 3149 4909 dedit.

1945 4946 1989 5001 Ο
2019 4946 2178 5001 nimis
2200 4946 2389 5002 insane
2419 4961 2658 5018 praeceps
2688 4946 2910 5000 audacia
2942 4947 3167 5000 mentis!

2016 5038 2060 5092 Ο
2082 5053 2259 5093 caecus
2286 5037 2487 5093 tumida
2517 5053 2615 5107 pro
2652 5038 2851 5107 pietate
2881 5037 3031 5092 furor
3058 5041 3070 5090 ε
3119 5105 3123 5109 ἰ

1947 5129 2026 5183 Tu
2053 5129 2174 5200 quis
2199 5143 2259 5184 es
2286 5138 2344 5183 ut
2369 5145 2582 5184 servum
2613 5129 2871 5184 damnare
2895 5144 3064 5198 queas
3086 5127 3319 5181 alienum
3343 5125 3365 5177 ἲ

2021 5218 2136 5273 Νοη
2163 5220 2279 5283 tibi,
2314 5220 2405 5274 sed
2432 5220 2656 5275 Domino
2674 5221 2926 5275 subditur
2949 5218 3126 5272 omnis
3154 5217 3333 5270 humo.

1948 5311 2089 5380 Quid
2112 5311 2327 5382 prodest
2356 5311 2492 5366 alios
2523 5312 2566 5365 si
2594 5312 2794 5364 lumine
2820 5309 2998 5364 cernis
3030 5317 3210 5364 acuto.

2022 5403 2157 5459 Cum
2191 5414 2367 5459 tamen
2400 5403 2514 5473 ipse
2547 5413 2691 5457 tuam
2718 5418 2820 5457 non
2844 5401 3027 5457 videas
3046 5400 3332 5458 nebulam?

1954 5493 2183 5563 Respice
2210 5508 2303 5549 cor
2335 5492 2612 5563 pmprium
2633 5491 2726 5561 qui
2753 5491 2832 5546 sic
2854 5489 3050 5547 delicta
3080 5493 3381 5572 remordes,

2024 5585 2184 5656 Nigra
2206 5585 2530 5641 videbuntur
2557 5573 2785 5654 qumque
2814 5594 3075 5656 geruntur
3116 5579 3211 5640 ibi.

3438 358 3538 413 l38

3235 1017 3501 1035 ,ψ
