4068 6286
547 356 649 411 H7

1082 355 1142 413 S.
1183 356 1481 412 ANSELMI
1521 356 1870 413 CANTUAR.
1915 355 2239 412 AllClllEP.
2282 355 2433 412 OPP.
2478 355 2658 412 PARS
2683 355 2723 410 1.
2758 382 2824 395 —~

2859 353 2995 411 DOG
3007 353 3284 412 llATlCA.
3706 357 3804 415 148

543 472 720 548 quod;
755 471 854 529 sed
885 470 1028 542 quod
1059 480 1263 542 quanto
1287 471 1483 541 majus,
1514 479 1664 525 tanto
1685 471 1879 526 melius
1908 480 1992 525 est
2041 471 2211 554 auth
2238 484 2382 534 cem,
2418 477 2474 524 et
2511 468 2619 538 ipsi
2657 469 2906 525 homines
2956 469 3049 540 qui
3091 469 3422 537 referuntur,
3459 464 3680 528 omnino
3705 488 3808 532 non

546 567 764 639 dignius
788 565 854 628 ",
885 572 946 619 ut
965 572 1052 619 cst
1073 563 1362 634 sapientia.
1397 561 1465 617 Et
1490 563 1750 632 quoniam
1795 579 1902 618 non
1951 559 2146 640 potest:

507 635 669 717 ιεεεε
697 671 906 714 ειιιιιιιιε
929 661 1204 727 m’agnum,
1229 655 1333 710 nisi
1371 654 1424 709 id
1469 655 1611 725 quod
1659 663 1745 710 εει
1789 670 2000 710 ειιιιιιιιε
2037 635 2147 735 ιιοέ

549 767 704 815 num,
729 762 951 827 necesse
973 756 1059 803 est
1081 746 1282 815 aliquid
1304 761 1426 803 esse
1453 748 1749 803 maximum
1776 757 1830 804 et
1846 749 2140 824 optimum,»

548 847 562 899 i
588 847 600 899 l
637 852 719 899 est
743 857 1012 898 summum
1041 841 1283 896 omnium
1314 856 1434 910 quae
1463 849 1608 896 sunt.

1170 931 1397 988 CAPUT
1435 932 1517 1002 Ill.

548 1027 699 1094 Quod
726 1027 794 1080 sit
818 1024 1059 1094 quedam
1092 1034 1284 1078 natura
1307 1041 1398 1096 per
1423 1041 1582 1094 quam
1609 1034 1689 1098 est
1731 1027 1987 1098 quidquid
2032 1037 2139 1089 est,

614 1109 659 1149 et
687 1112 803 1167 qua:
830 1111 922 1168 per
949 1111 1004 1149 se
1033 1104 1128 1157 est,
1157 1105 1207 1150 ει
1236 1104 1310 1150 est
1339 1111 1600 1150 summum
1650 1097 1696 1128 ⁸⁸
1741 1099 1974 1152 omnium
2017 1101 2145 1167 qua!

613 1178 753 1220 sunt.

505 1290 509 1295 -
543 1264 888 1319 tloasrsc'rus
925 1257 1424 1329 csrrrtsg—iﬂmne
1449 1258 1724 1329 quodest,
1757 1268 1848 1312 aut
1893 1273 1993 1328 per
2032 1257 2152 1329 ali-",5

615 1329 767 1397 quid,
796 1337 888 1381 aut
902 1343 1009 1398 per
1033 1328 1186 1383 nihil.
1217 1328 1332 1383 Non
1360 1327 1660 1397 per'nihil;
1713 1343 1842 1398 ergo
1891 1327 1989 1397 per
2038 1327 2151 1382 ali-'

615 1399 747 1466 quid
773 1407 874 1451 est.
900 1397 1032 1452 Illud
1060 1407 1239 1469 autem
1265 1413 1368 1469 per
1401 1402 1542 1468 quod
1585 1397 1794 1454 cuncta
1833 1410 1980 1462 sunt,
2042 1407 2136 1453 aut

615 1479 701 1523 est
731 1483 921 1530 unum,
973 1479 1068 1522 aut
1104 1468 1298 1538 plura:
1328 1468 1373 1523 si
1427 1470 1610 1538 plura,
1663 1469 1778 1524 haec
1819 1469 1970 1539 plura
2009 1476 2137 1524 sunt

617 1539 835 1610 singula
855 1554 950 1607 per
980 1553 1078 1610 se:
1105 1540 1250 1593 etita
1292 1550 1375 1610 cst
1424 1555 1527 1593 una
1578 1540 1718 1593 ratio
1769 1555 1861 1594 seu
1905 1539 1990 1594 vis
2027 1543 2151 1610 qua

615 1607 772 1678 plura
812 1608 937 1678 hinc
968 1607 1169 1664 habent
1191 1619 1248 1662 ut
1271 1609 1375 1662 sint.
1399 1623 1495 1678 per
1538 1625 1618 1663 se.
1663 1610 1802 1676 Ergo
1842 1617 1927 1664 εει
1967 1607 2153 1678 unum;

620 1677 822 1748 aliquid
848 1693 943 1746 per
972 1681 1114 1746 quod
1145 1688 1272 1733 sunt
1302 1677 1641 1748 quaecunque
1672 1689 1798 1734 sunt
1841 1697 1852 1732 :
1905 1689 1961 1733 et
2004 1677 2154 1732 illud}

619 1747 792 1831 solum
823 1759 907 1802 est
933 1763 1028 1816 per
1056 1764 1135 1831 se.
1165 1748 1321 1831 Nulla
1345 1750 1523 1831 enim,
1554 1747 1731 1831 neque
1753 1764 1816 1803 ea
1847 1764 1954 1831 qua
1973 1748 2134 1831 .refc-

565 1849 572 1851 Α
619 1827 831 1882 runtur,
865 1805 1039 1886 neque
1067 1819 1194 1888 ipsa:
1225 1805 1538 1881 relationes,
1587 1805 1715 1874 ειιίιι
1739 1834 1833 1888 ρει·
1866 1805 2210 1874 ’ἰιινίεειιιάΒ

619 1889 687 1940 At
716 1889 859 1956 quod
887 1903 987 1959 per
1011 1887 1164 1943 aliud
1180 1897 1284 1948 cst.
1313 1891 1491 1944 minus
1516 1899 1600 1944 est
1627 1905 1692 1944 eo
1725 1887 1870 1959 quod
1923 1904 2038 1959 per,
2075 1905 2134 1944 se

616 1969 719 2029 est.
760 1959 854 2012 Est
883 1958 1046 2027 igitur
1069 1974 1234 2028 unum
1267 1959 1470 2028 aliquid
1506 1961 1649 2029 quod
1695 1958 1867 2014 solum
1899 1958 2160 2014 maxime'

616 2028 670 2098 5
703 2035 760 2082 et
783 2042 993 2082 summe
1041 2029 1283 2086 omnium
1338 2038 1440 2093 est,
1484 2028 1800 2098 summeque
1846 2030 2042 2084 bonmn
2079 2041 2136 2084 et

616 2113 835 2171 summe
865 2113 1125 2171 magnum
1165 2099 1381 2163 existit;
1433 2109 1642 2171 utpote,
1669 2115 1766 2168 per
1816 2101 1959 2170 quod
2006 2108 2089 2156 est
2117 2107 2152 2166 ,ᾖ

616 2169 874 2237 quidquid
908 2168 1103 2223 bonum
1137 2180 1190 2223 et
1217 2185 1468 2240 magnum
1495 2168 1551 2224 et
1577 2170 1778 2242 aliquid
1817 2168 1919 2227 est.

623 2259 864 2329 Denique
891 2275 994 2314 non
1023 2261 1199 2316 solum
1222 2262 1404 2316 omnia
1441 2263 1581 2317 bona
1618 2277 1713 2332 per
1739 2261 1881 2319 idem
1925 2263 2127 2335 aliquid
2143 2259 2158 2334 ἐ

551 2360 680 2406 sunt
707 2351 871 2418 bona,
913 2361 969 2408 et
1006 2353 1190 2408 omnia
1223 2369 1419 2426 magna
1463 2370 1561 2426 per
1590 2355 1731 2411 idem
1777 2356 1980 2426 aliquid
2009 2349 2161 2412 sunt1

557 2457 784 2514 magna;
815 2444 910 2499 sed
937 2444 1199 2515 quidquid
1228 2453 1331 2510 est,
1361 2460 1458 2518 per
1488 2462 1655 2502 unum
1684 2447 1890 2518 aliquid
1919 2448 2146 2503 videtur

549 2548 691 2589 esse.
717 2534 907 2590 Omne
927 2550 1161 2606 namque
1181 2538 1326 2607 quod
1352 2516 1454 2602 est.
1483 2548 1578 2595 aut
1596 2547 1679 2594 εει
1706 2516 1806 2610 ρει·
1834 2538 2036 2610 aliquid
2064 2529 2156 2628 ",1

553 2635 647 2680 aut
674 2642 774 2697 per
797 2627 966 2693 nihil;
997 2628 1090 2684 sed
1124 2628 1255 2684 nihil
1282 2637 1366 2685 est
1395 2644 1494 2700 per
1529 2629 1686 2685 nihil.
1718 2628 1832 2685 Non
1861 2631 2008 2686 enim
2049 2627 2157 2722 velt5

551 2719 784 2790 cogitari
810 2731 993 2792 potest
1012 2731 1070 2777 ιιι
1085 2722 1157 2776 Sit
1177 2721 1378 2792 aliquid
1403 2723 1448 2755 ⁵³
1471 2737 1578 2778 non
1601 2737 1698 2792 per
1719 2722 1943 2794 aliquid.
1971 2719 2157 2794 Quid-ﬁ

549 2813 680 2881 quid
716 2812 880 2884 igitur
908 2821 1013 2878 est,
1046 2828 1160 2868 non
1183 2814 1286 2869 nisi
1317 2829 1416 2884 per
1450 2814 1656 2885 aliquid
1683 2823 1788 2870 est.
1825 2813 1979 2881 Quod
2009 2801 2155 2870 cum’

553 2905 624 2942 iln
658 2901 725 2942 ςίι
786 2909 875 2942 ait!
907 2910 984 2942 ρει
1019 2917 1184 2942 unum
1242 2911 1333 2942 aut
1365 2911 1487 2942 cunt
1521 2903 1673 2942 nlnrq
1733 2919 1832 2942 nm-
1860 2918 1979 2942 num
2009 2851 2162 2942 cum!)

553 2905 626 2954 ita
658 2901 751 2967 sit,
785 2909 879 2956 aut
907 2910 990 2956 est
1019 2917 1208 2966 unum,
1242 2911 1334 2958 aut
1365 2911 1491 2958 sunt
1521 2903 1702 2973 plura,
1733 2919 1832 2974 per
1860 2918 1979 2972 quzc
2009 2901 2159 2968 sunt!

553 3001 751 3047 cuncta
781 3008 901 3063 qua:
929 3002 1076 3050 sunt.
1109 2992 1215 3050 Sed
1246 2995 1291 3051 si
1319 3004 1446 3051 sunt
1474 2996 1651 3066 plura,
1680 3005 1774 3050 aut
1810 2997 1924 3066 ipsa
1961 2997 2006 3030 δ’
2045 3003 2158 3062 rc-i

553 3082 805 3136 teruntur
827 3083 893 3138 ad
913 3099 1078 3138 unum
1099 3084 1321 3156 aliquid,
1345 3101 1444 3157 per
1465 3087 1608 3157 quod
1632 3095 1790 3153 sunt;
1826 3097 1919 3143 aut
1945 3069 2160 3160 eadem;

554 3176 708 3242 plura
734 3173 944 3246 singula
976 3185 1103 3229 sunt
1131 3190 1228 3245 ρει·
1256 3190 1348 3243 εε;
1392 3187 1485 3232 aut
1517 3178 1631 3248 ipsa
1674 3194 1772 3248 per
1805 3194 1864 3234 se
1901 3153 2203 3268 invicetnic

554 3272 682 3318 sunt
723 3263 790 3317 °°.
829 3264 904 3319 At
941 3266 986 3320 si
1025 3265 1178 3336 plura
1221 3267 1335 3336 ipsa
1369 3277 1494 3322 sunt
1525 3284 1621 3336 per
1655 3286 1844 3335 unum,
1873 3270 1987 3341 jam
2024 3263 2166 3406 non}

554 3362 679 3406 sunt
707 3355 894 3406 ontnia
922 3368 1018 3406 ηει-
1039 3354 1228 3406 plura:
1263 3358 1355 3406 sed
1380 3358 1561 3406 notius
1589 3373 1687 3406 nor
1711 3359 1839 3406 illud
1873 3378 2039 3406 unum
2064 3363 2107 3394 οι

551 3362 679 3408 sunt
707 3355 894 3408 omnia
920 3368 1018 3425 per
1039 3354 1228 3426 plura;
1263 3358 1355 3411 sed
1380 3358 1561 3426 potius
1589 3373 1687 3428 per
1711 3359 1839 3416 illud
1873 3378 2041 3418 unum
2064 3363 2130 3430 σί,

552 3461 650 3514 per
690 3447 834 3515 quod
879 3453 995 3504 haec
1023 3447 1176 3518 plura
1209 3458 1337 3504 sunt
1371 3449 1438 3505 θ’.
1479 3449 1537 3505 Si
1578 3465 1708 3506 vero
1743 3452 1795 3484 ⁸³
1830 3455 1942 3523 ipsa
1978 3454 2133 3526 plura

554 3538 762 3608 singula
795 3549 924 3595 sunt
950 3556 1047 3610 per
1093 3555 1182 3606 se,
1216 3541 1402 3613 utique
1439 3551 1523 3598 est
1561 3559 1665 3598 una
1705 3545 1884 3615 aliqua
1923 3547 2007 3602 vis
2049 3549 2132 3603 vel

554 3641 753 3686 natura
774 3632 1042 3689 existendi
1062 3649 1161 3704 per
1181 3649 1260 3698 se,
1285 3650 1390 3706 qua
1417 3637 1619 3693 habent
1647 3647 1706 3693 ut
1733 3653 1831 3709 per
1856 3655 1913 3695 se
1939 3641 2049 3696 sint
2067 3643 2133 3696 “.
2222 3632 2227 3653 ³

554 3723 672 3779 Non
709 3733 795 3780 est
828 3734 1010 3780 autem
1055 3728 1278 3782 dubium
1315 3730 1458 3798 quod
1493 3744 1589 3800 per
1629 3732 1860 3802 idipsum
1895 3732 1942 3764 “
1971 3750 2134 3788 unum

555 3815 687 3877 sint,
705 3828 803 3883 per
827 3815 970 3883 quod
997 3815 1199 3871 habent
1226 3827 1284 3870 ut
1313 3819 1422 3872 sint
1447 3833 1544 3886 per
1570 3833 1648 3873 se.
1671 3818 1862 3874 Verius
1887 3836 2015 3891 ergo
2041 3839 2137 3892 per

554 3905 731 3972 ipsum
757 3919 923 3958 unum
949 3914 1144 3960 cuncta
1175 3915 1326 3969 sunt.
1358 3922 1518 3977 quam
1543 3923 1639 3978 per
1661 3908 1835 3979 plura,
1866 3929 1988 3982 quae
2020 3915 2138 3970 sine

555 4015 619 4052 eo
651 4015 758 4054 uno
790 4013 912 4057 esse
950 4015 1069 4055 non
1087 4008 1317 4070 possunt
1343 4019 1356 4054 :
1394 4009 1453 4055 ut
1483 4017 1612 4057 vero
1651 4003 1802 4074 plura
1835 4021 1932 4075 per
1960 4021 2019 4063 se
2049 4007 2132 4063 in-

553 4089 727 4144 vicem
760 4091 889 4156 sint,
927 4090 1068 4146 nulla
1101 4091 1304 4160 patitur
1326 4092 1496 4157 ratio;
1523 4096 1776 4170 quoniam
1809 4097 2137 4156 irrationalis

554 4182 816 4252 c0gitatio
870 4192 956 4239 est
1001 4193 1062 4238 ut
1109 4183 1290 4252 aliqua
1338 4199 1426 4239 res
1459 4186 1533 4240 sit
1572 4202 1671 4256 per
1701 4188 1748 4220 “
1777 4189 1904 4244 illud
1928 4192 2014 4246 cui
2043 4193 2141 4248 dat.

553 4290 713 4330 esse:
741 4291 867 4330 nam
893 4291 993 4332 nec
1011 4278 1125 4347 ipsa
1149 4278 1372 4333 relativa
1396 4279 1475 4334 sic
1491 4289 1794 4350 suntpcrse
1815 4281 2042 4337 invicem
2066 4284 2144 4338 ".-

557 4365 695 4420 Natn
751 4382 873 4421 cum
933 4366 1184 4424 dominus
1220 4376 1275 4425 et
1303 4383 1494 4425 servus
1549 4370 1854 4426 referantur
1897 4372 1964 4425 ad
2001 4373 2136 4427 invi-

2233 571 2359 616 sunt
2407 577 2504 632 ρει·
2541 562 2819 628 invicem;
2853 570 2907 616 et
2945 563 3074 632 ipsa:
3116 562 3413 618 relationes
3440 563 3639 633 quibus
3677 561 3812 621 refo-

2233 664 2449 715 runtur.
2479 671 2584 710 non
2603 656 2827 710 omnino
2847 665 2972 710 sunt
2990 671 3085 726 per
3105 671 3164 710 se
3187 656 3441 721 ivicem,
3464 658 3590 726 quia
3614 657 3813 714 eadem

2235 754 2361 800 sunt
2396 762 2491 816 per
2525 744 2766 814 subjecta
2816 745 2882 800 °'.
2921 745 3056 800 Cum
3102 745 3287 815 itaque
3318 745 3362 780 “
3391 747 3598 800 vetitas
3639 749 3812 802 omni-

2143 881 2148 888 .
2235 837 2397 892 modo
2424 836 2679 892 excludat
2709 836 2863 908 plura
2899 852 3052 898 esse,
3081 851 3179 905 per
3214 851 3334 906 quae
3362 845 3561 891 cuncta
3601 846 3729 891 sunt
3745 837 3814 902 πθ,

2234 945 2460 985 necesse
2486 939 2573 985 est
2600 945 2766 982 unum
2806 929 2935 983 illud
2965 943 3108 990 esse,
3134 927 3412 998 per-quod
3458 937 3585 982 sunt
3621 938 3814 981 cuncta

2193 1063 2196 1066 .
2236 1037 2357 1091 qua:
2382 1030 2528 1075 sunt.
2557 1020 2822 1088 Quoniam
2855 1035 2988 1091 ergo
3016 1029 3212 1076 cuncta
3245 1035 3366 1088 qua:
3398 1028 3546 1082 sunt,
3571 1028 3701 1074 sunt
3728 1035 3819 1089 per

2239 1113 2411 1182 ipsum
2443 1127 2640 1179 unum;
2683 1111 2870 1183 procul
2903 1111 3068 1167 dubio
3093 1121 3149 1167 et
3187 1111 3364 1187 ipsum
3404 1126 3568 1179 unum
3606 1120 3692 1164 est
3729 1126 3820 1179 ρει·

2237 1206 2496 1275 scipsum.
2522 1205 2868 1273 Quaecunque
2898 1203 3063 1274 igitur
3091 1203 3194 1257 alia
3223 1210 3371 1268 sunt,
3402 1212 3528 1257 sunt
3557 1218 3654 1272 per
3677 1202 3818 1254 aliud

2238 1306 2293 1350 et
2331 1297 2510 1364 ipsum
2541 1295 2715 1351 solum
2756 1311 2854 1366 per
2899 1295 3159 1364 scipsum.
3211 1296 3282 1349 At
3319 1295 3581 1365 quidquid
3616 1303 3822 1364 est_per

2238 1387 2404 1450 aliud,
2437 1387 2617 1441 minus
2651 1393 2735 1440 est
2764 1400 2925 1454 quam
2966 1383 3100 1438 illud
3143 1400 3238 1454 per
3275 1386 3417 1453 quod
3459 1394 3654 1441 cuncta
3694 1392 3820 1438 sunt

2238 1478 2364 1543 alia,
2406 1488 2461 1534 et
2509 1479 2652 1548 quod
2691 1476 2864 1532 solum
2910 1484 2994 1531 est
3025 1492 3121 1546 ρει·
3155 1493 3234 1532 εε.
3269 1477 3450 1544 Quare
3503 1477 3634 1532 illud
3675 1475 3820 1545 quod

2237 1579 2316 1624 est
2345 1583 2441 1638 per
2465 1581 2522 1622 se
2545 1610 2560 1631 ,
2589 1566 2823 1622 maxime
2844 1565 3084 1620 omnium
3106 1574 3208 1621 est.
3230 1566 3321 1619 Est
3345 1566 3509 1634 igitur
3529 1581 3693 1619 unum
3721 1563 3814 1619 ali-

2238 1661 2390 1729 quid,
2418 1660 2560 1729 quod
2596 1659 2769 1712 solum
2820 1659 3055 1712 maxime
3095 1666 3150 1712 et
3185 1672 3398 1712 summe
3424 1657 3666 1712 οιιιιιίιιιιι
3695 1664 3820 1712 est:

2239 1751 2383 1820 quod
2414 1759 2594 1804 autem
2626 1750 2862 1804 maxime
2887 1748 3126 1802 omnium
3154 1749 3318 1810 est“,
3349 1757 3399 1802 et
3437 1763 3533 1816 per
3561 1746 3706 1817 quod
3740 1755 3823 1802 est

2237 1841 2498 1912 quidquid
2537 1848 2620 1896 est
2648 1842 2846 1894 bonum
2878 1839 2958 1894 vel
2995 1854 3276 1909 magnum,
3315 1846 3368 1892 ct
3405 1838 3630 1891 omnino
3665 1837 3822 1905 quid-

2237 1934 2365 2004 quid
2386 1933 2588 2002 aliquid
2610 1941 2714 2001 est,
2740 1933 2794 1988 id
2815 1933 2861 1964 "
2880 1947 3100 1987 necesse
3125 1941 3202 1985 est
3227 1946 3346 1986 esse
3361 1945 3569 1985 summe
3596 1931 3823 1990 bonum.

2237 2035 2292 2080 ει
2315 2040 2525 2080 summe
2553 2041 2830 2096 magnum,
2861 2035 2918 2080 ει
2947 2040 3217 2080 summum
3249 2024 3490 2078 omnium
3521 2039 3646 2092 qua:
3671 2031 3818 2078 sunt.

2237 2115 2417 2184 Quare
2446 2123 2530 2172 est
2564 2116 2764 2186 aliquid
2801 2116 2944 2186 quod
2985 2115 3099 2170 sive
3134 2115 3392 2177 essentia,
3420 2113 3536 2167 sive
3561 2113 3820 2167 substan-

2240 2208 2338 2272 tia,
2365 2209 2478 2263 sive
2509 2215 2699 2262 natura
2732 2209 2963 2274 dicatur,
3006 2207 3269 2277 optimum
3302 2215 3358 2261 et
3385 2205 3684 2260 maximum
3716 2214 3825 2268 est,

2211 2309 2292 2363 et
2319 2315 2590 2355 summum
2615 2299 2856 2354 omnium
2887 2292 3006 2367 ιιιιτε
3040 2306 3185 2357 ειιιιι.

2809 2471 2811 2473 ,
2849 2410 3077 2468 CAPUT
3112 2410 3200 2466 IV.

2787 2524 2865 2579 Dc
2893 2525 3077 2580 cadent
3110 2543 3162 2580 re
3193 2525 3260 2580 ⁷³.

2236 2640 2582 2696 Cossrecrus
2620 2655 2849 2695 ελιιιτιε.
2875 2671 2946 2681 -—
2971 2638 3084 2694 Non
3115 2653 3306 2694 omnes
3336 2647 3542 2693 natura!
3573 2647 3702 2692 sunt
3729 2653 3832 2706 pa-

2308 2727 2398 2766 res
2422 2713 2712 2780 dignitate;
2744 2711 2837 2764 sed
2852 2711 2969 2764 alim
2982 2711 3102 2764 aliis
3125 2720 3249 2764 sunt
3266 2711 3532 2764 meliores.
3552 2709 3711 2780 Ergo,
3724 2722 3823 2761 una

2307 2785 2467 2835 datur
2488 2779 2607 2851 quae
2627 2782 2838 2836 cmteris
2865 2782 2944 2835 sic
2979 2781 3370 2850 supereminet,
3398 2789 3456 2832 ut
3485 2795 3592 2834 non
3622 2779 3825 2851 habeat

2309 2867 2368 2906 se
2432 2849 2764 2922 superiorem
2803 2868 2845 2922 :7
2878 2849 3113 2919 alioquin
3173 2861 3486 2922 naturarum
3537 2849 3827 2922 multitudo

2311 2922 2458 2977 nullo
2500 2919 2635 2976 'line
2693 2921 3038 2976 clauderetur
3075 2962 3089 2985 ,
3137 2921 3281 2989 quod
3359 2930 3442 2975 cst
3505 2919 3824 2989 absurdum.

2308 2992 2571 3062 Superior
2642 3001 2821 3046 autem
2888 2999 3077 3062 natura
3132 2988 3225 3043 aut
3258 3000 3343 3045 est
3376 2989 3523 3062 sola,
3567 3000 3674 3042 aut
3714 2988 3827 3057 plu-

2311 3060 2401 3116 res
2442 3071 2568 3116 sunt
2609 3062 2861 3131 mquales.
2908 3060 2964 3115 Si
3001 3062 3218 3131 plures,
3268 3061 3502 3130 :equales
3529 3075 3634 3112 non
3670 3065 3820 3118 sunt,

2312 3133 2418 3188 nisi
2447 3147 2544 3202 per
2573 3131 2776 3201 aliquid
2808 3132 2946 3202 idem
2984 3133 3125 3202 quod
3158 3131 3270 3200 ipsa
3313 3133 3604 3202 sit‘earum
3633 3142 3828 3202 essen-

2313 3204 2385 3256 tia
2417 3198 2516 3257 :'si
2551 3198 2693 3257 enim
2724 3217 2821 3270 per
2856 3198 3208 3256 aliud'essent
3237 3200 3493 3270 aequales,
3521 3209 3710 3253 essent
3741 3198 3828 3270 illo

2312 3274 2582 3337 minores;
2624 3269 2739 3328 nec,
2758 3273 2984 3342 proinde
3025 3286 3234 3325 summa
3277 3269 3458 3327 essent
3503 3284 3567 3322 ac
3609 3269 3828 3323 ueteris

2313 3343 2646 3414 superiores.
2686 3343 2780 3397 Est
2828 3343 2992 3411 igitur
3033 3358 3140 3396 uua
3183 3343 3428 3414 quaedam
3485 3349 3682 3392 natura
3735 3353 3827 3391 seu

2313 3412 2570 3478 esSentia,
2619 3428 2739 3482 qua:
2775 3421 2858 3467 est
2891 3427 3164 3465 sumntum
3210 3412 3453 3464 omnium
3491 3425 3612 3480 qum
3655 3419 3828 3482 sunt;

2311 3499 2433 3553 qum
2465 3499 2562 3552 per
2605 3479 2663 3538 se
2701 3484 2838 3536 bona
2890 3491 2945 3536 et
2995 3497 3223 3552 magna;
3265 3479 3542 3553 qnzeper
3569 3493 3630 3532 se
3665 3479 3829 3553 estid

2312 3549 2595 3624 quod—ipsa
2633 3563 2739 3616 est,
2767 3562 2822 3607 et
2853 3568 2948 3622 per
2983 3549 3145 3624 quain
3171 3561 3256 3624 est
3285 3549 3546 3620 quidquid
3596 3558 3696 3602 aut
3738 3551 3830 3604 bo-

2314 3621 2440 3679 num
2476 3621 2568 3678 aut
2593 3621 2962 3695 magnum'aut
2988 3621 3189 3692 aliquid
3218 3632 3321 3676 est.

2312 3737 2556 3808 Amplius
2580 3737 2625 3768 ⁷⁸
2653 3755 2665 3790 :
2695 3735 2750 3791 Si
2779 3736 2901 3806 quis
2933 3735 3175 3790 intendat
3196 3750 3376 3790 rerum
3393 3743 3639 3795 naturas,
3671 3733 3829 3796 velit,

2242 3830 2394 3895 nolit,
2424 3829 2588 3883 sentit
2617 3843 2722 3882 non
2749 3842 2842 3882 eas
2870 3842 3060 3882 omnes
3095 3815 3363 3882 contineri
3400 3840 3505 3879 una
3538 3823 3828 3892 dignitatis

2243 3921 2472 3992 paritate
2501 3919 2577 3984 ⁷⁸;
2609 3919 2701 3973 sed
2734 3919 2994 3990 quasdam
3026 3932 3212 3972 earum
3262 3915 3520 3985 distingui
3556 3916 3826 3986 graduum

2244 4009 2718 4081 imparitate.'Qui
2752 4009 2897 4064 enim
2943 4009 3153 4064 dubitat
3187 4009 3328 4077 quod
3376 4008 3427 4061 iu
3483 4016 3678 4061 natura
3731 4020 3830 4058 sua

2241 4103 2390 4175 ligno
2411 4103 2458 4133 ⁷⁸
2481 4100 2676 4156 melior
2697 4099 2777 4153 sic
2807 4114 2996 4168 equus,
3023 4108 3080 4153 et
3102 4113 3244 4169 equo
3273 4097 3615 4168 praestantior
3639 4096 3830 4155 homo,

2243 4197 2290 4250 is
2311 4193 2555 4265 profecto
2587 4207 2692 4247 non
2726 4199 2809 4246 est
2839 4191 3097 4245 dicendus
3131 4191 3316 4244 homo.
3363 4189 3495 4242 Cum
3530 4187 3697 4256 igitur
3738 4203 3832 4240 na-

2243 4295 2488 4338 turarum
2517 4283 2636 4337 alia:
2683 4282 2804 4336 aliis
2846 4282 3032 4351 negari
3085 4296 3189 4334 non
3234 4279 3444 4349 possint
3479 4279 3524 4308 ⁷⁷
3553 4276 3837 4338 meliores,

2243 4373 2589 4428 nihilominus
2617 4372 2906 4442 persuadet
2933 4371 3070 4426 ratio
3094 4370 3326 4441 aliquam
3355 4368 3408 4423 in
3435 4368 3512 4423 eis
3531 4367 3610 4421 sic
3633 4381 3831 4436 supcr-

1835 4511 2068 4571 VARUE
2098 4512 2505 4570 LECTIONES.

633 4619 678 4652 ⁸⁸
708 4619 851 4673 Ibid.
905 4619 969 4674 D.
1029 4618 1135 4676 Sed

1177 4619 1320 4689 quod
1357 4627 1562 4692 quanto
1601 4635 1808 4687 majus,
1840 4629 1998 4692 tanto
2027 4622 2240 4692 melius
2275 4631 2368 4676 aut
2410 4623 2621 4692 dignius
2657 4640 2783 4676 mss.
2833 4622 2980 4676 Gem.
3022 4621 3180 4676 (Σουρί).
3227 4621 3361 4675 Tim.
3412 4619 3470 4675 S.
3521 4621 3684 4692 ΜὶιξΙι.
3740 4620 3836 4675 sed

559 4691 704 4757 quod
736 4698 886 4763 tanto
918 4690 1111 4745 melius
1155 4699 1240 4746 est
1277 4690 1382 4745 aut
1400 4691 1629 4763 dignius
1673 4708 1798 4746 mss.
1840 4690 1974 4750 Vict.
2009 4691 2138 4762 Sag.
2170 4693 2263 4746 sed
2306 4690 2747 4763 quantomajus,
2774 4701 2948 4763 tanto
2996 4691 3187 4763 melius
3227 4703 3310 4744 est
3349 4700 3441 4744 aut
3485 4691 3702 4761 dignius
3734 4707 3837 4744 ms.

561 4763 750 4814 Lisler.
783 4762 1053 4833 sed_qu_o_d
1078 4770 1280 4829 quanto
1310 4760 1505 4828 majus,
1535 4770 1688 4814 tanto
1718 4762 1908 4816 melius
1937 4773 2019 4818 cst
2048 4760 2140 4816 aut
2163 4760 2376 4833 dignius
2449 4763 2495 4794 ⁸⁸
2516 4760 2652 4817 Car.
2677 4765 2729 4818 5.
2761 4762 2826 4816 In
2860 4761 2964 4814 Tit.
2998 4760 3126 4828 Quae
3154 4777 3251 4830 per
3280 4776 3337 4815 se
3359 4771 3461 4823 est,
3486 4760 3646 4815 etest
3683 4776 3840 4833 sum-

561 4845 710 4885 mum
741 4846 841 4884 ms.
870 4830 930 4886 S.
963 4829 1130 4884 M-ich.
1176 4840 1231 4886 et
1267 4845 1388 4900 qua:
1408 4846 1505 4901 per
1535 4845 1593 4886 se
1622 4839 1790 4884 estet
1821 4847 2088 4887 summum
2126 4829 2253 4887 mss'.
2288 4831 2458 4886 Tlma.
2488 4844 2542 4887 et
2573 4849 2691 4902 qua:
2723 4849 2817 4901 per
2845 4847 2904 4887 se
2939 4840 3122 4902 εειεει
3150 4829 3234 4885 εει
3263 4847 3530 4885 summum
3554 4847 3669 4902 ms.
3706 4830 3838 4898 Sag.

559 4918 682 4972 qum
714 4914 809 4971 per
839 4916 899 4956 se
922 4911 1026 4962 est,
1073 4910 1243 4972 etest
1268 4900 1499 4972 summa.
1559 4902 1621 4948 .⁸⁷
1655 4903 1764 4955 Αιιι
1793 4904 2115 4972 ρειειιῳιίά
2148 4920 2272 4958 mss.
2323 4913 2414 4955 aut
2439 4913 2520 4956 cst
2551 4900 2644 4972 per
2674 4900 2872 4972 aliquid
2968 4901 3161 4972 “_Non
3188 4903 3330 4954 enim
3356 4910 3459 4960 est.
3485 4900 3569 4972 vel
3601 4901 3840 4972 cogitari

562 4970 756 5040 potest.
784 4981 844 5026 ut
883 4973 927 5026 si
955 4971 1165 5042 aliquid
1185 4988 1281 5027 ms.
1315 4970 1472 5042 Cori}.
1506 4976 1614 5026 non
1643 4973 1786 5025 enim
1818 4971 1931 5025 vult
1960 4970 2204 5042 cogitari,
2246 4983 2305 5028 ut
2345 4973 2389 5027 si
2417 4970 2616 5042 aliquid
2649 4970 2775 5026 mss.
2821 4970 3141 5042 Gem.]lm.
3168 4986 3281 5042 non
3317 4972 3462 5026 enim
3488 4971 3571 5024 vel
3593 4970 3840 5042 cogitari

562 5039 764 5113 potest,
804 5050 862 5096 ut
891 5043 963 5098 sit
1006 5039 1207 5112 aliquid
1235 5059 1368 5113 mss.
1402 5039 1558 5095 Vict.'
1587 5058 1694 5096 non
1731 5043 1873 5096 enim
1919 5039 2141 5113 cogitari
2175 5053 2372 5113 potest,
2419 5053 2474 5096 ut
2510 5039 2594 5096 'sit
2632 5043 2833 5111 aliquid
2909 5042 2954 5072 ⁵⁸
2985 5041 3138 5113 Tunc
3165 5041 3277 5110 ipsa
3309 5058 3436 5096 mss.
3468 5039 3756 5113 ειιιι-ῑρεὲιμ
3796 5042 3843 5113 ’ἑ

563 5112 784 5182 Singula
813 5122 944 5183 sunt
973 5127 1070 5182 per
1099 5110 1164 5167 se
1189 5125 1208 5164 :
1235 5120 1328 5165 aut
1358 5112 1473 5181 ipsa
1491 5126 1595 5183 per
1619 5127 1679 5166 se
1707 5113 1938 5183 invicem
1968 5110 2093 5167 sunt
2113 5110 2210 5167 ms.
2241 5115 2398 5167 om.
2422 5114 2631 5183 singula
2659 5110 2804 5175 sunt,
2827 5127 2928 5182 per
2951 5127 3009 5166 se
3033 5111 3260 5183 invicem
3287 5120 3412 5166 sunt
3485 5111 3529 5142 ⁶¹
3561 5110 3670 5165 Per
3701 5111 3842 5183 illud

560 5181 730 5254 unum
754 5199 853 5236 ms.
881 5181 1039 5254 corp.
1065 5184 1211 5254 omit.
1244 5197 1408 5254 unttm
1484 5181 1528 5213 ⁸³
1565 5181 1672 5236 Ρει·
1707 5184 1850 5252 quod
1878 5182 2028 5254 plura
2057 5191 2184 5254 sunt
2215 5200 2342 5236 mss.
2390 5199 2488 5254 per
2509 5181 2668 5254 quiuit
2689 5183 2802 5236 haec
2832 5181 2992 5254 plura
3013 5184 3138 5233 sunt
3211 5181 3257 5212 ⁸³
3288 5183 3343 5235 Si
3371 5195 3502 5254 vero
3527 5199 3656 5254 mss.
3699 5181 3841 5254 l’ict.

562 5251 657 5306 sed
687 5266 818 5321 vero
889 5251 936 5284 οδ
970 5252 1143 5319 Quam
1175 5249 1375 5306 habent
1411 5260 1468 5304 ut
1488 5267 1584 5321 per
1605 5268 1663 5307 se
1693 5249 1786 5305 tiat
1814 5249 1910 5306 ms.
1941 5252 2098 5306 Corb.
2127 5255 2293 5306 o-miu.
2321 5249 2442 5307 ista.
2472 5249 2598 5307 mss.
2629 5251 2761 5306 Tim.
2786 5249 2891 5320 qua
2910 5251 3108 5305 habent
3140 5259 3198 5304 ut
3225 5267 3325 5321 per
3349 5267 3408 5305 se
3429 5253 3539 5305 sint
3611 5252 3656 5282 “
3679 5251 3843 5318 Quod

561 5334 662 5388 ρει·
688 5320 1022 5392 ipsum_mss.
1050 5324 1193 5392 quod
1223 5335 1322 5392 per
1347 5320 1580 5392 idipsum
1655 5323 1700 5353 ⁸⁸
1722 5323 1912 5389 Aliqua
1935 5324 2006 5376 sit
2033 5338 2130 5390 per
2168 5339 2294 5377 mss.
2340 5321 2469 5377 Vict.
2506 5335 2553 5376 ει
2582 5323 2640 5378 S.
2662 5321 2824 5376 Miclt.
2856 5321 3044 5391 aliqua
3067 5334 3154 5375 res
3177 5320 3249 5374 sit
3321 5323 3366 5353 θ’
3408 5322 3546 5392 Sunt
3575 5336 3674 5392 per
3698 5323 3846 5392 iuvi-

564 5404 684 5462 cem
713 5407 817 5444 ms.
840 5390 1004 5462 _Corb.
1025 5390 1155 5447 sunt
1176 5390 1271 5462 per
1289 5404 1348 5462 se
1372 5390 1602 5447 invicem
1677 5393 1726 5425 ³⁸
1753 5392 1778 5445 Ι
1788 5392 1896 5446 bid.
1930 5393 1990 5446 C.
2022 5392 2224 5446 Eadem
2254 5405 2377 5447 sunt
2399 5392 2638 5459 subjecta
2667 5410 2791 5446 mss.
2816 5390 3017 5446 eadem
3041 5403 3167 5445 sunt
3186 5406 3281 5461 per
3314 5391 3569 5462 subjecta_
3631 5390 3678 5462 '_’
3698 5391 3843 5444 Cum

565 5461 641 5515 ita
666 5476 798 5531 mss.
827 5460 962 5516 Cum
984 5459 1190 5530 itaque'
1240 5463 1286 5494 ⁷ο
1322 5461 1460 5516 Sunt
1485 5471 1678 5517 cuncta
1704 5479 1830 5517 mss.
1867 5472 2060 5517 cuncta
2091 5473 2218 5516 sunt
2287 5463 2331 5494 '“
2371 5463 2520 5531 Quod
2547 5473 2726 5518 autem
2754 5463 2990 5516 maxime
3017 5459 3257 5516 omnium
3293 5471 3374 5516 est
3399 5479 3494 5515 ms.
3529 5459 3687 5515 Corb.
3723 5462 3847 5514 Ιιατ

569 5530 737 5584 0min.
814 5531 860 5562 ⁷³
899 5531 1163 5602 Quicquid
1192 5541 1274 5588 est
1318 5531 1518 5601 aliquid
1562 5545 1664 5596 est,
1711 5533 1764 5586 id
1799 5548 1923 5585 mss.
1949 5532 2206 5601 quicquid
2235 5530 2435 5602 aliquid
2483 5543 2584 5602 est,
2631 5535 2682 5587 id
2785 5533 2832 5562 ⁷³
2870 5531 3152 5602 Deeadem
3176 5546 3258 5602 re.
3285 5533 3437 5601 Quod
3465 5532 3608 5586 sicut
3634 5531 3728 5584 illa
3758 5539 3848 5584 est

567 5615 665 5672 per
686 5615 760 5661 se,
794 5609 852 5655 et
873 5600 976 5656 alia
1004 5600 1101 5671 per
1145 5601 1324 5662 illam;
1355 5600 1425 5657 ita
1456 5603 1558 5657 alia
1600 5604 1756 5658 sitcx
1785 5618 1862 5667 se,
1894 5600 2098 5672 et’alia
2142 5617 2208 5655 ex
2240 5600 2339 5655 illa
2379 5619 2477 5656 ms.
2513 5601 2670 5656 Carb.
2705 5602 2858 5669 Quod
2878 5601 2980 5655 ’illa
3015 5601 3233 5662 uonsi‘t,
3257 5603 3363 5654 ulla
3387 5602 3614 5672 juvante
3643 5615 3851 5663 causa.

569 5668 727 5743 ducta
752 5671 818 5743 ad
839 5685 986 5734 esse;
1007 5668 1123 5727 ἰιεε
1148 5673 1220 5726 sit
1258 5675 1400 5742 quod
1439 5688 1536 5743 per
1581 5674 1710 5743 nihil
1739 5683 1830 5725 aut
1855 5689 1923 5743 ex
1955 5671 2153 5734 nihilo;
2187 5680 2242 5743 et
2269 5673 2541 5742 quomodo
2571 5668 2794 5743 intelligi
2825 5672 3160 5743 possit‘esse
3199 5685 3294 5740 per
3337 5668 3404 5726 se
3424 5681 3570 5743 etex
3616 5685 3676 5725 se
3706 5686 3846 5743 mss.

573 5737 616 5790 Τ
617 5740 709 5793 Im.
738 5738 926 5796 Cister.
957 5745 1024 5797 de
1060 5744 1248 5797 eadem
1276 5737 1334 5796 re
1408 5737 1456 5778 τε
1495 5741 1631 5797 Ibid.
1661 5742 1725 5794 Ε.
1752 5745 1804 5794 iu
1840 5741 2023 5796 Tea‘tu.
2061 5737 2304 5811 Amplius
2333 5758 2428 5795 ms.
2457 5743 2648 5796 Cistcr.
2673 5737 2840 5794 omiu:
2913 5741 2966 5771 ⁷³
2999 5737 3239 5793 Paritate
3285 5757 3384 5794 ms.
3425 5739 3617 5794 Cistcr.
3648 5740 3850 5811 parili-

573 5819 680 5864 late
753 5812 799 5851 ⁷⁸
839 5812 1034 5867 Natura
1069 5828 1165 5868 suo
1197 5813 1339 5882 ligno
1363 5829 1485 5866 mss.
1529 5825 1715 5866 natura
1742 5830 1831 5866 sua
1865 5813 2024 5884 ligio.
2108 5812 2148 5842 ⁷⁷
2189 5812 2378 5883 Negari
2423 5829 2525 5866 non
2559 5823 2782 5882 possunt.
2813 5827 2934 5862 mss.
2972 5812 3151 5879 negari
3186 5828 3290 5866 non
3330 5812 3554 5880 possint.
