4068 6286
272 364 364 422 li!)

1662 358 2144 417 NONOLOGIUM.

3386 358 3503 421 ‘tso

266 477 509 540 «uiuere,
563 483 621 530 ut
667 490 777 531 non
842 474 1041 531 habeat
1080 487 1139 530 se
1177 471 1531 534 superiorem.
1580 469 1636 527 Si
1682 472 1825 527 enim
1856 475 1901 534 Α
1932 472 2316 539 existentium;
2348 481 2441 527 aut
2478 489 2508 529 e
2538 486 2801 530 converso
2840 473 2891 527 id
2924 472 3177 543 quodest
3208 492 3500 542 summum,

267 566 546 635 huiusmodi
578 566 860 637 graduum
879 567 930 599 ⁷⁸
948 565 1232 621 distinctio
1261 564 1342 619 sic
1375 571 1459 619 est
1496 561 1731 629 inllnita,
1762 571 1821 617 ut

264 659 425 714 nullus
454 657 525 712 sit
548 658 594 689 "
645 658 717 713 ibi
745 660 945 729 gradus
965 657 1240 728 superior,
1272 670 1381 727 quo
1405 654 1656 726 superior
1682 653 1821 709 alius

260 766 360 806 non
391 750 722 815 inveniatur;
757 751 826 803 ad
855 750 959 804 hoc
988 748 1197 804 ratio”
1234 746 1558 812 deducitur,
1588 754 1649 799 ut
1675 745 1820 814 ipsa-

261 855 369 895 rum
394 838 680 893 multitudo
710 847 1027 892 naturarum
1055 837 1205 893 nullo
1237 837 1343 892 line
1367 835 1669 892 claudatur.
1708 835 1820 891 Hoc

258 940 418 985 autem
447 945 606 985 nemo
627 944 733 985 non
760 938 911 1000 putat
939 930 1253 995 absurdum,
1286 930 1390 984 nisi
1420 928 1511 999 qui
1550 927 1716 984 nimis
1733 935 1820 983 est

253 1023 525 1079 absurdus.
563 1022 661 1079 Est
703 1024 868 1094 igitur
910 1038 979 1079 ex
1009 1024 1337 1080 necessitate
1378 1010 1558 1091 aliqua
1599 1029 1814 1085 natura,

250 1130 362 1183 «ματη
390 1115 469 1169 sic
486 1122 587 1184 _est
615 1113 776 1170 alicui
817 1114 901 1170 vel
935 1113 1207 1184 aliquibus
1252 1112 1521 1183 superior,
1572 1118 1632 1166 ut
1675 1110 1815 1165 nulla

248 1209 311 1259 sit
332 1207 412 1261 cui
439 1207 725 1262 ordinetur
751 1206 997 1262 inferior.
1023 1206 1149 1261 limo
1169 1220 1301 1260 vero
1322 1212 1518 1259 natura
1549 1218 1671 1274 quae
1692 1202 1817 1258 talis

246 1306 339 1355 est,
373 1303 464 1350 aut
491 1296 606 1351 sola
637 1304 743 1359 est,
778 1304 873 1350 aut
913 1286 1103 1365 plures
1130 1294 1438 1363 huiusmodi
1485 1304 1541 1349 et
1577 1293 1816 1364 aequales

247 1393 396 1439 sunt:
437 1400 627 1441 verum
669 1386 714 1440 si
763 1385 948 1455 plures
995 1392 1125 1439 sunt
1174 1393 1230 1440 et
1282 1382 1544 1454 equales,
1595 1397 1718 1438 cum
1768 1383 1814 1415 ⁸⁸

248 1476 467 1545 aequales
502 1490 629 1531 esse
675 1490 782 1530 non
820 1474 1031 1546 possint
1062 1476 1133 1541 θ’,
1175 1489 1272 1546 per
1300 1475 1512 1530 diversa
1544 1474 1814 1544 quredam,

249 1566 336 1619 sed
360 1581 456 1637 per
482 1567 624 1622 idem
650 1566 878 1635 aliquid,
909 1566 1040 1621 illud
1069 1581 1235 1621 unum
1255 1607 1270 1632 ,
1302 1581 1402 1636 per
1427 1565 1571 1635 quod
1596 1564 1816 1635 aequali-

245 1665 319 1712 ter
342 1668 443 1713 tam
469 1674 678 1730 magna:
698 1667 848 1722 sunt,
871 1666 964 1713 aut
986 1666 1070 1712 est
1086 1657 1317 1727 idipsum
1338 1655 1483 1726 quod
1507 1656 1642 1725 ipsa:
1663 1663 1812 1721 sunt,

244 1747 293 1801 id
316 1758 415 1811 est.
447 1749 561 1820 ipsa
598 1763 780 1804 rerum
803 1748 1039 1804 essentia
1071 1747 1138 1812 ⁸³,
1172 1754 1264 1802 aut
1300 1746 1444 1802 aliud
1476 1761 1640 1816 quam
1667 1745 1814 1817 quod

242 1840 366 1910 ipse
398 1819 548 1895 sunt.
577 1839 687 1896 Sed
712 1841 759 1895 si
782 1839 919 1895 nihil
961 1848 1048 1895 est
1078 1838 1222 1893 aliud
1261 1851 1424 1908 quatn
1469 1837 1580 1908 ipsa
1623 1850 1811 1891 earum
1844 1819 1888 1880 Β

240 1929 487 1993 essentia,
519 1930 660 1986 sicut
699 1945 888 1985 earum
914 1930 1164 1986 essentia:
1191 1944 1295 1983 non
1331 1937 1456 1983 sunt
1491 1927 1696 1998 plures,
1720 1925 1814 1981 sed

240 2035 376 2086 una;
424 2024 498 2076 ita
553 2031 609 2078 et
655 2031 866 2077 natura:
912 2038 1022 2077 non
1074 2029 1201 2077 sunt
1253 2021 1437 2091 plures
1467 2062 1481 2085 ,
1533 2020 1627 2075 sed
1681 2035 1831 2095 una.~

239 2107 370 2162 Idem
434 2124 671 2181 namque
732 2120 983 2167 naturam
1039 2111 1128 2166 hic
1184 2109 1460 2179 intelligo,
1529 2110 1671 2177 quod
1725 2123 1813 2164 cs-

235 2200 479 2255 sentiam.
522 2200 581 2255 Si
621 2216 753 2257 vero
792 2202 866 2266 id,
895 2216 996 2272 per
1037 2201 1180 2271 quod
1214 2201 1400 2271 plures
1442 2201 1572 2271 ipsa:
1602 2208 1812 2257 natura:

241 2298 340 2343 tam
374 2307 586 2360 magna:
624 2299 772 2358 sunt,
809 2290 952 2346 aliud
987 2301 1073 2346 est
1115 2306 1275 2360 quam
1307 2291 1453 2361 quod
1500 2292 1629 2359 ipsa:
1654 2299 1810 2356 sunt,

235 2395 325 2448 pro
359 2391 517 2435 certo
543 2382 785 2437 minores
821 2391 970 2443 sunt.
1015 2396 1178 2451 quam
1212 2381 1263 2435 id
1292 2394 1390 2452 per
1415 2383 1558 2451 quod
1605 2395 1813 2450 magna

237 2480 374 2526 sunt.
408 2472 683 2543 Quidquid
710 2473 856 2529 enim
886 2488 987 2544 per
1011 2473 1159 2528 aliud
1204 2484 1285 2529 cst
1318 2487 1592 2543 maguum,
1635 2473 1814 2529 minus

235 2571 308 2617 est
332 2578 497 2633 quam
532 2564 582 2618 id
610 2580 708 2635 per
734 2565 878 2635 quod
909 2574 996 2619 est
1022 2579 1295 2634 magnum.
1330 2564 1513 2630 Quare
1552 2579 1657 2617 non
1687 2570 1813 2618 sunt

237 2655 309 2708 sit;
330 2669 563 2723 magum,
588 2663 645 2709 ut
676 2654 784 2711 illis
810 2654 945 2710 nihil
968 2654 1115 2709 aliud
1141 2656 1213 2708 sit
1241 2652 1431 2721 majus.
1465 2653 1619 2720 Quod
1644 2653 1687 2707 si
1713 2667 1813 2707 nec

237 2761 323 2815 per
358 2746 460 2804 hoc
487 2748 631 2818 quod
661 2757 788 2803 sunt
835 2748 901 2812 ⁸³,
946 2763 1047 2804 nec
1092 2760 1191 2816 per
1242 2746 1389 2801 aliud
1444 2744 1699 2816 possibile
1728 2751 1812 2799 est

238 2837 363 2893 tales
385 2854 514 2896 esse
542 2839 726 2909 plures
763 2849 1014 2905 naturas,
1044 2839 1242 2909 quibus
1268 2838 1403 2894 nihil
1443 2838 1514 2893 sit
1545 2846 1809 2907 praestan-

238 2924 334 2980 tius
356 2926 436 2992 ";
480 2928 634 2984 nullo
659 2930 822 2984 modo
847 2938 1076 3006 possunt
1103 2942 1223 2985 esse
1250 2937 1459 2984 natura:
1490 2928 1670 2998 plures
1709 2928 1810 2982 hu—

235 3012 450 3079 iusmodi
476 3018 549 3071 ⁸⁸.
584 3018 776 3074 Restat
821 3019 991 3091 igitur
1033 3034 1196 3073 unam
1236 3028 1291 3073 et
1333 3019 1502 3074 solam
1554 3028 1805 3073 naturam

235 3106 455 3179 aliquam
485 3124 634 3177 esse,
674 3126 794 3182 qua:
824 3112 903 3167 sic
931 3119 1019 3167 est
1041 3110 1163 3167 aliis
1183 3111 1456 3180 superior,
1491 3124 1550 3165 ut
1578 3109 1705 3164 nulli
1736 3111 1809 3163 sit

236 3197 479 3267 inferior;
517 3202 610 3257 sed
642 3204 788 3274 quod
834 3202 940 3257 tale
974 3211 1078 3267 est,
1113 3203 1411 3257 maximum
1456 3211 1512 3256 et
1543 3202 1807 3272 optimum

235 3301 309 3347 es:
334 3296 577 3350 omnium
609 3311 727 3367 qua:
760 3305 886 3352 sunt
914 3297 982 3352 ⁸⁷.
1006 3296 1101 3351 list
1128 3295 1295 3366 igitur
1318 3293 1564 3365 quaedam
1589 3303 1805 3358 natura,

236 3397 343 3451 qua:
370 3395 451 3441 cst
481 3402 757 3441 summum
786 3387 1028 3441 onmium
1057 3401 1178 3456 qua
1212 3395 1355 3441 sunt.
1396 3384 1508 3439 llue
1559 3384 1738 3438 autem
1760 3384 1808 3416 ⁸⁷

237 3489 345 3530 esse
368 3492 469 3532 non
504 3486 704 3548 potest,
740 3479 843 3533 nisi
876 3480 988 3549 ipsa
1019 3478 1092 3533 sit
1117 3493 1214 3548 per
1238 3493 1298 3533 se
1324 3477 1376 3531 id
1412 3476 1554 3547 quod
1591 3485 1711 3542 est;
1755 3484 1814 3529 et

238 3575 417 3622 cuneta
443 3583 573 3639 qua:
601 3577 745 3632 sunt,
777 3570 886 3623 sint
913 3584 1010 3639 per
1041 3569 1213 3638 ipsam
1246 3569 1299 3623 id
1328 3569 1471 3638 quod
1502 3576 1651 3622 sunt.
1676 3565 1810 3621 Nam

237 3669 347 3709 cum
372 3658 539 3727 paulo
578 3667 704 3715 ante
738 3659 876 3713 ratio
905 3658 1151 3714 docuerit
1201 3659 1253 3713 id
1286 3660 1428 3729 quod
1460 3672 1558 3729 per
1598 3668 1656 3712 se
1695 3665 1802 3721 est,

237 3752 281 3795 rt
308 3760 397 3815 per
418 3749 569 3818 quod
587 3749 690 3803 alia
714 3759 906 3805 cuneta
938 3759 1085 3817 sunt,
1107 3764 1231 3807 esse
1254 3764 1527 3805 summum
1558 3748 1801 3803 omnium

1923 573 2003 618 est
2033 579 2128 633 per
2154 578 2233 626 se,
2272 573 2328 619 et
2356 575 2548 620 cuncta
2578 563 2679 618 alia
2713 578 2809 634 per
2833 563 2960 618 illud
2987 581 3002 632 ;
3035 574 3130 619 aut
3161 574 3326 620 erunt
3348 566 3499 635 plura

1924 670 2157 710 summa.
2188 656 2294 711 Sed
2317 656 2472 727 plura
2521 673 2731 713 summa
2764 675 2872 715 non
2903 674 3024 714 esse
3060 659 3108 691 ⁸⁸
3147 659 3490 713 manifestum

1921 748 2028 803 e‘st.
2063 748 2243 815 Quare
2283 759 2368 804 est
2406 751 2649 819 quaedam
2682 764 2897 819 natura,
2927 752 3010 807 rel
3042 751 3370 816 substantia,
3420 752 3499 805 rei

1922 839 2181 904 essentia,
2211 855 2331 909 qua:
2358 848 2440 894 est
2465 855 2560 911 per
2588 858 2646 896 se
2678 844 2815 898 bona
2842 852 2898 898 et
2924 858 3114 916 magna
3143 842 3212 909 ⁸⁸,
3237 850 3294 896 et
3319 855 3503 912 per‘se

1921 938 2007 984 est
2036 930 2089 985 id
2119 930 2262 999 quod
2297 939 2383 985 est
2414 930 2492 995 ’°,
2523 940 2579 986 et
2622 945 2718 1002 per
2747 948 2910 1002 quam
2941 942 3025 988 est
3067 932 3327 1003 quidquid
3378 946 3503 985 rere

1919 1029 2015 1076 aut
2038 1020 2261 1088 bonum,
2290 1031 2383 1077 aut
2413 1038 2692 1095 magnum,
2737 1033 2831 1099 aut
2858 1024 3061 1094 aliquid
3088 1025 3135 1057 ”
3166 1033 3268 1088 eSt,
3303 1033 3355 1079 et
3386 1039 3503 1092 qua:

1917 1120 2001 1168 est
2012 1128 2280 1170 summum
2300 1114 2520 1180 bonum,
2539 1131 2809 1171 summum
2827 1130 3102 1186 magnum,
3116 1132 3384 1171 summum
3409 1130 3503 1169 CllS

1919 1206 2032 1261 sive
2052 1207 2353 1263 subsistens
2375 1208 2439 1273 ",
2470 1208 2635 1275 idest,
2651 1224 2921 1264 sumnmm
2944 1208 3184 1264 omnium
3210 1224 3331 1280 quae
3356 1219 3509 1285 sunt;

2457 1320 2686 1376 CAPUT
2739 1321 2783 1375 v
2824 1321 2958 1392 (49).

1920 1409 2075 1477 Quod
2104 1411 2238 1467 sicut
2268 1410 2363 1466 illa
2393 1420 2467 1465 est
2496 1428 2587 1481 per
2612 1429 2685 1472 se.
2718 1423 2768 1467 et
2794 1413 2902 1467 alia
2933 1429 3027 1481 per
3063 1412 3246 1478 illam;
3280 1413 3353 1466 ita
3405 1413 3502 1466 illo

2347 1483 2413 1536 sit
2446 1498 2512 1536 ea:
2536 1498 2612 1549 se,
2649 1493 2695 1536 et
2727 1483 2835 1536 alia
2864 1498 2929 1536 ea.
2955 1481 3068 1537 illa.

1988 1574 2253 1643 Quoniam
2281 1573 2465 1645 itaque
2486 1574 2663 1645 placet
2679 1576 2725 1607 ”
2742 1575 2885 1644 quod
2915 1575 3187 1628 inventum
3211 1584 3293 1630 est
3312 1618 3324 1640 ,
3348 1575 3504 1645 juvat

1921 1668 2179 1735 indagare
2205 1677 2388 1721 utrum
2419 1668 2533 1722 hinc
2563 1669 2676 1738 ipsa
2709 1677 2904 1722 natura
2941 1677 2996 1722 et
3020 1676 3213 1723 cuncta
3254 1683 3376 1738 qum
3403 1670 3502 1722 ali-

1918 1758 2047 1831 quid
2074 1767 2223 1824 sunt,
2253 1774 2360 1814 non
2392 1759 2502 1814 sint
2532 1759 2636 1814 nisi
2687 1774 2753 1814 ex
2777 1744 2910 1826 hpsa
2943 1757 3010 1820 ",
3043 1759 3499 1825 quemadmodum

1920 1867 2026 1907 non
2054 1860 2184 1907 sunt
2225 1850 2330 1906 nisi
2368 1866 2464 1921 per
2487 1852 2534 1883 θ’
2578 1851 2769 1923 ipsam.
2797 1850 2903 1906 Sed
2932 1850 3103 1922 liquet
3140 1866 3296 1921 posse
3321 1851 3425 1905 dici
3456 1852 3502 1883 9'

1917 1942 2043 2014 quia
2084 1938 2228 2010 quod
2258 1949 2338 1996 est
2385 1957 2450 1996 ex
2489 1941 2701 2011 aliquo,
2740 1949 2823 1997 est
2854 1942 3018 1996 etiam
3051 1956 3149 2011 per
3196 1941 3245 1994 id
3282 1942 3498 2009 ipsum;

1915 2044 1971 2091 et
1998 2035 2142 2105 quod
2171 2043 2253 2090 est
2280 2050 2375 2104 per
2390 2034 2611 2105 aliquid,
2638 2044 2721 2088 est
2749 2033 2910 2089 etiam
2931 2046 2997 2087 ex
3026 2048 3092 2088 co
3120 2034 3234 2101 ipso
3261 2052 3273 2087 :
3314 2048 3503 2102 quem-

1914 2124 2384 2193 admodumquod
2429 2132 2514 2179 est
2564 2138 2631 2179 ex
2667 2126 2893 2179 materia
2931 2120 2978 2157 ’τ
3008 2134 3063 2179 et
3091 2139 3191 2193 per
3213 2114 3501 2185 artiﬁcem,

1914 2225 2093 2286 potest
2121 2215 2287 2269 etiam
2317 2214 2424 2270 diei
2452 2230 2572 2270 esse
2604 2230 2701 2287 per
2727 2217 3012 2272 materiam
3059 2225 3113 2269 ct
3158 2230 3222 2268 ex
3250 2212 3500 2277 artiﬁce;

1914 2308 2171 2378 quoniam
2219 2322 2319 2377 per
2362 2315 2672 2377 utrumque,
2703 2318 2757 2361 et
2799 2324 2863 2363 ex
2903 2318 3153 2377 utroque,
3204 2306 3391 2359 idest
3435 2306 3503 2360 ab

1915 2404 2144 2465 utroque
2175 2397 2339 2451 habet
2372 2405 2433 2449 ut
2469 2397 2557 2461 sit,
2592 2398 2842 2467 quamvis
2882 2398 3040 2451 aliter
3076 2396 3147 2450 sit
3191 2412 3286 2465 per
3334 2405 3503 2450 mate—

1916 2488 2054 2541 riam
2077 2496 2132 2542 et
2159 2502 2224 2542 ex
2257 2488 2508 2551 materia,
2551 2502 2712 2557 quam
2744 2504 2843 2559 per
2884 2488 3149 2542 artificem
3186 2497 3241 2541 et
3271 2502 3336 2540 ex
3369 2488 3498 2541 arti:-

1918 2576 2039 2631 liee.
2069 2575 2436 2647 Consequitur
2467 2576 2514 2608 ’³
2541 2590 2670 2646 ergo
2708 2587 2767 2630 ut
2811 2581 3082 2648 quommlo
3136 2589 3328 2635 cuncta
3365 2594 3501 2646 qua:

1914 2678 2061 2733 sunt,
2092 2682 2188 2738 per
2201 2682 2448 2722 summan
2475 2676 2722 2722 naturam
2738 2677 2862 2723 sunt
2890 2668 2940 2722 id
2958 2670 3098 2739 quod
3123 2679 3275 2733 sunt;
3301 2677 3352 2722 et
3381 2667 3501 2721 ideo

1914 2756 2002 2810 illa
2043 2766 2124 2811 est
2148 2771 2247 2826 per
2272 2771 2331 2812 se
2355 2757 2549 2827 ipsam,
2587 2756 2689 2811 alia
2718 2773 2848 2813 vero
2878 2774 2976 2830 per
3004 2758 3179 2823 aliud;
3222 2757 3293 2811 ita
3319 2756 3500 2810 omnia

1913 2863 2035 2918 quae
2066 2852 2214 2911 sunt,
2264 2848 2371 2901 sint
2412 2862 2475 2902 ex
2506 2847 2554 2879 ”
2599 2848 2787 2902 eadem
2830 2863 3040 2903 summa
3080 2852 3300 2902 natura:
3334 2855 3390 2901 et
3423 2844 3502 2900 id-

1914 2938 2063 2992 circo
2094 2936 2182 2990 illa
2224 2936 2296 2990 sit
2334 2953 2403 2990 ex
2436 2936 2504 2967 ¹⁰⁰
2534 2934 2735 3006 seipsa,
2767 2935 2869 2991 alia
2901 2945 3085 2991 autem
3116 2952 3183 2990 ex
3211 2935 3318 2990 illa.

2308 3046 2535 3103 CAPUT
2576 3047 2640 3104 Vl
2678 3036 2813 3121 [ol.,
2854 3027 2935 3123 ἡ]
2977 3050 3067 3103 ιοι.

1835 3163 1878 3219 C
1917 3163 2071 3232 Quod
2094 3163 2188 3218 illa
2233 3181 2337 3218 non
2375 3165 2440 3219 sit
2470 3163 2579 3218 ulla
2600 3164 2822 3234 jurunte
2854 3181 3019 3219 causa
3047 3164 3210 3218 ducta
3234 3163 3306 3216 ad
3335 3178 3446 3216 esse
3472 3179 3492 3225 ;

1990 3251 2082 3287 nec
2113 3244 2285 3286 tamen
2318 3235 2383 3287 sit
2408 3252 2501 3304 per
2534 3235 2665 3287 nihil
2696 3244 2786 3287 tmt
2824 3251 2888 3288 ca:
2918 3234 3124 3298 nihilo;
3162 3243 3208 3287 et
3236 3234 3496 3299 quomodo

1981 3304 2201 3373 intelligi
2230 3304 2298 3335 ¹⁰²
2327 3304 2487 3373 possit
2513 3320 2622 3357 esse
2649 3320 2742 3372 per
2769 3320 2842 3369 se,
2872 3314 2918 3357 et
2948 3320 3012 3357 es:
3041 3320 3115 3357 se.

1918 3393 2263 3449 Cossrec'rus
2300 3408 2527 3447 CAPlTls.
2553 3423 2619 3433 -—
2638 3392 2922 3458 Quomodo
2944 3407 3154 3445 summa
3185 3400 3376 3444 natura
3408 3405 3503 3460 per

1990 3481 2051 3518 se
2089 3478 2211 3518 esse
2240 3463 2466 3518 dicenda
2505 3463 2624 3516 est?
2668 3463 2939 3532 Quidquid
2987 3462 3130 3517 enim
3179 3475 3277 3531 per
3300 3460 3501 3529 aliquid

1920 3598 1929 3604 ,
1997 3543 2101 3598 est,
2134 3543 2230 3587 aut
2257 3548 2355 3603 per
2380 3533 2646 3596 eliiciens.
2685 3543 2778 3587 aut
2805 3550 2900 3604 per
2931 3532 3237 3604 materiam,
3259 3539 3378 3604 Laut
3408 3545 3503 3599 per

1995 3600 2412 3659 instrumentum
2441 3619 2559 3659 esse
2582 3600 2817 3659 videtur;
2839 3602 2992 3671 Quod
3020 3611 3201 3657 autem
3224 3600 3408 3670 aliquo
3432 3616 3498 3654 ex

1984 3675 2067 3729 his
2101 3675 2273 3728 modis
2292 3680 2393 3736 eét,
2426 3688 2522 3743 per
2549 3673 2690 3728 aliud
2728 3683 2831 3741 est,
2861 3684 2913 3729 et
2945 3672 3171 3743 proinde
3225 3672 3401 3725 minus
3436 3686 3502 3743 (δέ)

1985 3727 2083 3814 per
2103 3727 2262 3815 quod
2310 3727 2563 3800 habetat
2607 3745 2713 3811 sit;
2740 3727 2971 3800 summa
3000 3758 3133 3799 vero
3169 3754 3359 3797 natura
3401 3727 3502 3795 nde

1537 3881 1770 3937 \‘ARIIE
1811 3878 2206 3936 LECTIOHES.

301 3974 943 4049 ’illuthSgraduummss.
966 3978 1547 4049 hujusmodigraduum
1602 3976 2030 4049 "l_\'nllus_s_itms
2067 3974 2253 4029 Cistcr.
2278 3975 2513 4049 omitsit
2549 3974 2828 4049 ξ”ΑΙιΙιου
2855 3974 2992 4027 ratio
3016 3972 3505 4025 ιη.κέ.λ“ι‹11ω‹τι·;ιιῖσι

237 4041 278 4074 ⁸⁸
316 4044 376 4118 Et
395 4041 634 4118 aequales
657 4060 799 4110 sunt,
820 4064 942 4104 cum
965 4041 1090 4103 mss.
1119 4041 1454 4118 Gemil’irt.
1489 4045 2027 4118 ΤΙιιι.*ϐοτὺᾏςὶδιρνἶ
2063 4049 2230 4097 omitt.
2255 4055 2384 4098 sunt
2459 4045 2504 4076 ⁸³
2547 4042 2805 4118 ESseJton
2832 4052 3059 4118 possunt
3085 4058 3211 4097 mss.
3231 4056 3368 4118 _e.~.se
3394 4054 3499 4092 non

238 4116 432 4189 possint
460 4109 474 4118 ’
507 4117 555 4148 ⁸³
588 4109 827 4189 Ipsarum
858 4119 1245 4189 essentiamss.
1264 4116 1395 4170 Vict.
1423 4118 1573 4171 Gem.
1602 4115 1759 4189 (ξονι).
1793 4114 2127 4189 Cister._ipsa
2158 4129 2337 4167 rerum
2362 4114 2615 4189 essentia-
2643 4112 2720 4189 έν
2734 4109 3081 4189 Νρόρθῖιιοο
3101 4109 3244 4189 quod
3260 4118 3499 4189 suntms.

241 4179 385 4239 Corb.
409 4204 511 4244 nec
529 4179 628 4291 per:
651 4190 794 4258 quod
824 4199 951 4246 sunt
1023 4188 1068 4220 ⁸⁸
1092 4187 1235 4242 Nihil
1256 4196 1339 4242 est
1365 4187 1708 4257 praestantius
1739 4200 1863 4238 mss.
1892 4179 2121 4239 ttihil'sit
2149 4184 2498 4253 priestautius
2570 4183 2616 4215 ⁸⁸
2640 4182 2830 4237 Plures
2854 4179 3014 4252 hujus
3041 4197 3166 4235 mss.
3195 4179 3378 4250 plures
3391 4180 3503 4260 .hu-

241 4253 450 4291 incmmli
555 4260 722 4291 1n“...
742 4269 862 4291 οηηι
1018 4256 1129 4291 ΠΜ
1160 4268 1339 4291 nnmm
1374 4274 1477 4291 ..ιη
1524 4272 1644 4291 ηιιιη
1666 4264 1784 4291 ciant
1840 4253 1925 4291 Rat
1959 4255 2122 4291 initur
2160 4253 2403 4291 natasti-im
2454 4266 2643 4291 notum
2672 4268 2793 4291 nium
2820 4263 2899 4291 net
2943 4267 3215 4291 cnnamum
3256 4265 3498 4291 nmnmnn

236 4253 451 4320 iusmodi
529 4250 574 4291 3"
593 4250 722 4327 Quae
742 4269 869 4315 sunt
890 4298 905 4313 .
930 4298 945 4314 .
974 4299 987 4312 .
1018 4256 1130 4315 lloe
1159 4268 1339 4312 autem
1366 4250 1497 4311 'mss.
1524 4272 1644 4325 qua:
1665 4264 1813 4327 sunt.
1839 4253 1932 4308 Est
1959 4255 2122 4324 igitur
2150 4250 2405 4325 'qumdam
2428 4266 2644 4327 Auatura
2672 4268 2793 4327 qua:
2820 4263 2906 4308 est
2928 4250 3215 4327 summum
3256 4250 3499 4327 omnium

242 4340 349 4393 qum
371 4339 518 4384 sunt.
553 4320 663 4385 Hoc
689 4338 868 4385 autem
942 4331 989 4364 ⁸⁸
1029 4328 1185 4385 Plura
1229 4344 1334 4383 non
1378 4343 1498 4382 esse
1524 4320 1646 4380 mss.
1673 4325 1824 4396 plura
1859 4320 2066 4379 sumina
2101 4320 2205 4378 nou
2231 4338 2351 4396 esse
2390 4394 2403 4396 Α
2420 4324 2471 4396 f’
2499 4320 2742 4396 Bouavel
2768 4339 2958 4396 magna
2982 4320 3421 4396 mss._TIttt.bona
3447 4330 3501 4374 et

243 4391 420 4470 tiiagna
495 4400 544 4431 ’°
570 4401 672 4456 Per
698 4415 757 4470 se
778 4409 863 4455 est
886 4401 939 4455 id
969 4400 1111 4470 quod
1137 4410 1220 4454 est
1248 4414 1374 4452 mss.
1404 4397 1537 4451 Tim.
1561 4391 1865 4470 per'sehoe
1893 4405 1976 4450 est
1998 4397 2139 4464 quod
2161 4405 2247 4450 est
2319 4395 2359 4426 θ’
2388 4393 2648 4470 Magnum
2667 4391 2881 4464 aliquid
2896 4410 3020 4447 mss.
3065 4391 3200 4447 Vict.
3234 4407 3489 4470 Inagtmm

241 4464 338 4520 aut
359 4469 563 4540 aliquid
634 4471 679 4502 ”
719 4464 1002 4525 Summum
1034 4485 1317 4540 magnum,
1338 4464 1719 4540 summumque
1746 4466 1967 4540 bonum,
2010 4480 2283 4540 summum
2304 4480 2401 4521 ens
2428 4467 2542 4540 sive
2566 4466 2804 4540 existens
2826 4479 2950 4518 mss.
2981 4479 3250 4540 sgnrmttm
3278 4464 3499 4540 bonum,

242 4533 496 4611 s_u_mmnin
531 4555 807 4611 magnum,
848 4533 1255 4596 summum'eus
1280 4539 1397 4611 sive
1416 4533 1720 4611 subsistens
1789 4536 2139 4611 ’j‘Quouiam
2185 4535 2364 4611 itaque
2388 4536 2594 4611 placet,
2626 4547 2733 4591 etc.
2757 4535 2809 4588 in
2833 4551 2961 4589 mss.
2995 4533 3145 4611 Gem.
3174 4533 3496 4611 Cor-li._’l'lut.

243 4606 417 4681 _Cister.
440 4612 528 4664 hic
551 4603 729 4681 inéipit
758 4609 889 4681 Cap.
917 4611 969 4665 5.
1010 4610 1103 4664 sub
1128 4627 1187 4664 eo
1212 4608 1364 4681 titul.
1382 4609 1435 4663 in
1460 4625 1583 4661 mss.
1612 4605 1761 4681 Gem.
1796 4605 1932 4660 Tltu.
1961 4607 2147 4681 llisler.
2174 4603 2318 4675 quod
2358 4603 2628 4681 sicuthilla
2659 4615 2745 4660 est
2774 4620 2946 4681 pense
2973 4603 3281 4681 etaliahpelr
3304 4605 3451 4681 illam
3480 4620 3493 4659 ε

242 4675 309 4746 ita
332 4681 396 4733 sit
419 4695 485 4735 ex
518 4697 600 4743 se,
630 4673 684 4735 e't
708 4682 814 4736 alia
835 4673 911 4735 ἐι
952 4681 1039 4734 iila
1082 4681 1136 4733 in
1167 4696 1290 4734 mss.
1324 4679 1480 4732 ϐου-ιι.
1516 4678 1786 4746 quomodo
1831 4676 2013 4731 omnia
2053 4675 2157 4729 alia
2194 4673 2331 4731 Ksunt
2356 4691 2452 4745 per
2481 4676 2627 4731 illam
2654 4688 2707 4731 et
2731 4690 2796 4731 ex
2830 4673 3108 4746 illa.7l_bid.
3139 4674 3206 4727 ι).
3234 4674 3501 4741 Quoniam

244 4745 412 4817 itaque
441 4767 542 4805 ms.
570 4752 757 4806 Cister.
786 4752 1041 4820 quoniam
1066 4750 1139 4804 ita
1232 4750 1280 4781 “
1318 4749 1445 4820 Non
1474 4744 1602 4801 sunt
1625 4748 1728 4820 nisi
1752 4763 1823 4803 ex
1853 4748 1965 4817 ipsa
1992 4764 2115 4820 mss.
2153 4761 2259 4800 non
2290 4744 2395 4801 sint
2428 4747 2531 4820 nisi
2561 4762 2624 4802 ex
2653 4748 2783 4820 ipsa,
2866 4747 2911 4778 "
2952 4744 3069 4800 Non
3110 4745 3213 4820 nisi
3242 4760 3337 4813 per
3370 4758 3499 4820 mss.

242 4812 491 4891 notisunt
529 4822 633 4875 nisi
662 4837 761 4891 per
803 4812 879 4853 ’⁸⁸
914 4820 1021 4877 Sed
1045 4820 1168 4874 licet
1210 4829 1392 4891 posset
1418 4818 1521 4872 dici
1558 4835 1569 4871 :
1600 4818 1726 4891 quia
1752 4812 2003 4891 quodex
2041 4818 2223 4885 aliquo
2239 4826 2359 4891 est,
2387 4816 2550 4891 etiam
2590 4812 2688 4891 per
2717 4817 2947 4891 idipsum
2986 4816 3130 4885 quod
3164 4812 3498 4891 est_per_ali-

241 4887 378 4955 quid,
410 4900 565 4946 estet
588 4884 751 4947 ex'eo
774 4892 891 4961 ipso
916 4910 929 4946 :
962 4884 1414 4960 quemadmodum
1454 4905 1551 4944 ms.
1581 4884 1735 4961 cori,
1766 4884 1859 4943 sed
1888 4886 2009 4940 licet
2041 4884 2198 4961 posse
2219 4888 2322 4942 dici
2351 4887 2495 4961 quod
2517 4884 2642 4956 quia
2665 4904 2729 4941 ex
2761 4884 2825 4941 eo
2847 4889 2965 4961 ipso
2998 4884 3019 4940 Ξ
3042 4884 3499 4961 quenradmmium

241 4953 372 5031 mss.
404 4962 500 5016 sed
542 4962 713 5030 liquet
744 4953 903 5031 posse
934 4953 1041 5017 diei
1083 4962 1210 5029 quia
1248 4961 1388 5030 quod
1430 4968 1515 5013 est
1550 4974 1615 5013 ex
1659 4957 1868 5031 aliquo,
1895 4966 1978 5011 est
2003 4953 2166 5031 etiam
2215 4972 2315 5027 per
2354 4953 2584 5031 idipsuin
2617 4968 2710 5011 :et
2731 4953 2882 5031 quod
2914 4964 3000 5011 est
3024 4969 3121 5025 per
3158 4953 3385 5031 aliquid,
3411 4960 3502 5031 est

240 5026 393 5083 etiam
427 5047 495 5086 ex
524 5020 776 5102 eo'ipso':
818 5020 1280 5102 quemadunnlum'
1346 5031 1389 5061 ⁸⁷
1415 5020 1898 5102 Quemadmodum
1926 5036 1981 5080 et
2001 5027 2084 5082 e§t
2111 5042 2179 5082 ex
2208 5020 2459 5092 materia",
2485 5037 2540 5082 et
2563 5043 2656 5102 per
2689 5020 2994 5102 ariiﬁeem,_
3009 5020 3188 5093 potest
3213 5020 3360 5102 enim
3390 5020 3501 5075 diei

239 5107 352 5172 esse
371 5115 466 5172 per
496 5093 779 5157 materiam
812 5093 866 5157 et
886 5118 953 5158 ex
980 5103 1190 5156 artiﬁce
1217 5119 1230 5155 :
1265 5093 1524 5172 quoniam
1556 5115 1654 5172 per
1676 5107 1983 5172 utrumque,
2016 5107 2068 5151 et
2096 5112 2161 5151 ex
2188 5107 2441 5172 utroque,
2466 5108 2521 5153 et
2550 5093 2618 5153 ab
2649 5108 2878 5172 utroque
2908 5095 3073 5150 habet
3095 5102 3154 5172 ut
3182 5093 3277 5171 sit,
3311 5106 3503 5172 quam:

242 5115 352 5152 esse
404 5115 466 5155 er
496 5115 779 5157 maternam
812 5115 866 5157 et
886 5118 953 5158 ex
980 5115 1190 5156 artmee
1217 5119 1230 5155 :
1265 5116 1520 5172 quoniam
1556 5115 1652 5168 per
1676 5115 1983 5167 Utrtlmqth,
2016 5115 2068 5151 et
2096 5115 2161 5151 ex
2188 5115 2441 5168 utroque,
2466 5115 2521 5153 et
2550 5115 2618 5153 ao
2649 5115 2878 5166 utroque
2909 5115 3073 5150 uan
3095 5115 3154 5146 ιιι
3182 5115 3277 5171 su,
3311 5115 3497 5172 quani-

242 5166 315 5220 Vis
337 5115 492 5226 aliter
516 5185 613 5240 per
649 5174 934 5227 materiam
978 5189 1077 5226 ms.
1107 5172 1261 5224 Corb.
1297 5169 1751 5240 quemadmodum
1779 5169 1921 5236 quod
1962 5178 2043 5222 est
2073 5182 2137 5222 ex
2179 5171 2403 5240 materia
2445 5178 2498 5222 et
2523 5183 2624 5240 per
2650 5167 3157 5240 artitieem,_potest
3200 5174 3363 5217 etiam
3391 5160 3497 5215 diei

240 5248 329 5311 per
353 5233 635 5297 materiam
664 5252 720 5298 et
762 5258 829 5299 ex
858 5243 1068 5297 artilice
1103 5259 1116 5294 :
1150 5233 1405 5311 quoniam
1437 5250 1725 5308 utrumque
1758 5233 1815 5292 et
1841 5251 1907 5291 ex
1950 5248 2179 5311 utroque
2213 5239 2373 5293 habet
2409 5247 2467 5292 ut
2489 5233 2564 5311 sit
2598 5236 2884 5311 :tpiamris
2924 5233 3084 5288 aliter
3110 5234 3181 5287 sit
3211 5249 3307 5311 per
3332 5242 3502 5287 mate-

241 5305 369 5382 riam
400 5326 527 5365 mss.
560 5313 1011 5382 quemadmodum
1042 5305 1184 5381 quod
1216 5321 1299 5365 est
1322 5326 1387 5367 ex
1420 5305 1652 5363 materia
1692 5317 1751 5382 et
1779 5318 1876 5376 per
1905 5305 2188 5370 artiﬁcem,
2224 5318 2403 5382 potest
2440 5305 2740 5382 etiamdici
2771 5320 2891 5360 esse
2916 5308 3325 5382 per__mate_riam
3351 5312 3405 5359 et
3432 5316 3498 5357 ex

239 5379 442 5454 artiﬁce
472 5399 486 5435 :
521 5375 776 5454 quoniam
806 5399 903 5454 per
929 5375 1215 5452 utrumque
1259 5390 1313 5436 et
1340 5396 1407 5434 ex
1450 5389 1700 5454 utraque,
1739 5375 1789 5431 id
1821 5388 1923 5443 est,
1958 5375 2277 5454 auntroque
2306 5380 2465 5434 habet
2495 5388 2554 5431 ut
2575 5379 2669 5441 sit,
2705 5390 2949 5447 qumm'ts
2978 5375 3132 5430 aliter
3151 5378 3224 5431 sit
3251 5390 3349 5454 per
3381 5389 3496 5426 ma-

241 5448 447 5529 [ffitjtu
522 5448 1011 5529 “__(_lousequenter
1040 5448 1366 5529 _ergo__mss._
1397 5450 1747 5529 consequitur
1804 5462 1947 5529 ergo.
2022 5449 2069 5480 ³⁸
2108 5449 2241 5529 Quae
2294 5459 2439 5529 sunt,
2485 5457 2719 5529 suntme);
2750 5464 2876 5501 mss.
2906 5462 3027 5529 quas
3072 5457 3219 5511 sunt,
3278 5449 3386 5501 sint
3432 5458 3500 5529 eis

244 5513 305 5586 Ψ
341 5519 548 5577 Idcirco
576 5524 664 5578 illa
698 5538 764 5578 ex
790 5513 919 5579 mss.
951 5513 1152 5578 idcich
1185 5522 1270 5575 illa
1324 5522 1393 5577 sit
1422 5537 1487 5575 ex
1563 5513 1629 5551 ’δι
1671 5518 1801 5586 Cap.
1828 5513 1895 5574 δῖ
1930 5520 1983 5572 in
2030 5513 2151 5575 mss.
2202 5517 2528 5575 Corb.(£em.
2587 5519 2793 5574 Tltuau.
2853 5529 2898 5575 et
2927 5513 3118 5573 Cister.
3159 5529 3231 5572 est
3278 5534 3393 5586 mp.
3444 5513 3498 5570 li.

241 5585 304 5617 '”
344 5587 450 5647 Ms.
476 5593 631 5648 Corb.
664 5595 944 5661 Quomodo
973 5593 1380 5665 intelligendum
1409 5593 1498 5657 sit,
1544 5591 1666 5661 quia
1699 5590 1823 5645 fecit
1848 5592 2027 5644 omnia
2060 5591 2126 5645 de
2166 5591 2334 5646 nihilo

1734 5722 1959 5780 ΝΟΤΛῙ.

314 5786 425 5843 (19)
452 5788 597 5846 Alias
626 5799 702 5843 est
732 5809 855 5856 pars
879 5792 1074 5861 capitis
1106 5792 1156 5846 4.
