4068 6286
204 361 294 416 ms
737 363 740 369 '
915 335 927 344 ’
1169 351 1171 353 ‘
1574 353 1757 410 nono

1856 355 2050 411 mea.

3335 362 3436 418 151

197 474 362 542 seipsa.
387 464 837 537 Quemadmodum
861 467 1003 521 enim
1044 482 1163 523 sese
1205 469 1404 525 habent
1426 470 1492 524 ad
1516 470 1746 524 invicem
1783 475 1823 531 Α
1854 485 2014 538 quam
2038 469 2169 534 dixi,
2203 471 2934 528 mandantemolis'materia
2965 472 3054 528 sit.
3087 471 3227 528 Nam
3248 475 3292 529 si
3329 475 3424 529 hu-

198 564 292 626 lux,
318 570 368 614 et
391 558 584 621 lucere,
607 564 662 612 et
692 555 906 622 lucens;
936 559 1013 613 sic
1044 569 1168 614 sunt
1197 561 1266 614 ad
1289 575 1348 614 se
1398 561 1627 616 invicem
1679 562 1744 593 ³⁸³

194 651 572 714 essentia.essr,
597 658 652 704 et
675 665 794 714 eus,
828 651 929 705 hoc
971 661 1056 706 est
1099 651 1356 714 existens,
1407 653 1520 708 sive
1570 654 1747 707 subsi-

194 754 338 799 stens.
359 740 492 812 Ergo
521 757 728 796 summa
759 745 1017 807 essentia,
1047 753 1104 798 et
1132 759 1340 800 stnnme
1360 761 1498 809 esse,
1523 756 1576 799 et
1598 761 1748 799 sum-

192 852 266 891 me
294 850 404 900 eos,
436 834 486 888 id
517 845 601 890 est
629 851 840 890 summe
869 836 1132 900 existens,
1154 837 1269 891 sive
1312 853 1524 890 summe
1567 838 1743 891 subsi-
1782 853 1784 855 ’

191 939 321 981 stens
343 941 443 980 non
470 925 806 982 dissimiliter
832 926 932 982 sibi
960 927 1308 993 convenient,
1355 943 1517 999 quam
1547 929 1660 994 lux,
1691 937 1746 984 et

193 1019 368 1084 lucere.
391 1026 444 1074 et
469 1017 676 1074 lucens.

588 1132 814 1188 CAPUT
855 1131 1338 1209 VH[aL,Yn‘”.

218 1225 473 1290 Quomodo
498 1225 609 1281 alia
640 1227 815 1280 omnia
844 1227 946 1279 sint
976 1242 1069 1292 per
1089 1227 1259 1294 iilam,
1311 1236 1358 1280 et
1383 1243 1448 1282 ea:
1486 1227 1578 1282 illa
1626 1227 1714 1281 ¹³¹.

187 1316 501 1373 Cossaeorus
538 1315 1064 1372 caetris—Utrum
1103 1325 1298 1386 cuncta
1328 1316 1440 1370 sint
1473 1331 1570 1386 per
1595 1332 1746 1369 Stltn-

249 1403 378 1439 mam
405 1387 549 1440 illam
569 1397 842 1448 naturam,
872 1392 932 1438 ιιι
951 1399 1170 1439 causam
1195 1385 1538 1448 efﬁcientem,
1566 1387 1650 1441 vel
1683 1403 1745 1442 ex

246 1456 345 1517 illa,
375 1464 629 1525 tanquam
651 1471 716 1509 ex
740 1455 987 1525 materia,
1020 1456 1099 1510 sic
1146 1456 1476 1524 inquiritur:
1507 1456 1752 1523 Quatuor

247 1523 498 1579 elementa
535 1527 651 1581 sine
675 1525 787 1579 suis
836 1523 1046 1595 formis,
1097 1523 1234 1594 quas
1279 1526 1642 1595 conspicimus
1696 1529 1746 1581 in

245 1595 392 1649 rebus
423 1595 706 1665 formatis,
756 1593 976 1665 intelligi
1025 1593 1273 1663 poSsunt.
1332 1593 1456 1651 Huic
1503 1595 1750 1651 informis

244 1679 327 1718 seu
353 1663 574 1719 confusa
603 1681 790 1720 eorum
821 1663 1016 1718 natura
1038 1666 1180 1720 unde
1219 1667 1336 1720 est?
1365 1668 1412 1719 l.
1458 1665 1513 1720 Si
1544 1680 1610 1720 ex
1652 1667 1750 1720 ali-

241 1749 332 1803 qua
357 1737 582 1788 materia
612 1745 718 1799 est,
774 1735 856 1788 vel
882 1744 965 1789 est
1003 1751 1069 1789 ex
1093 1750 1302 1790 summa
1335 1744 1543 1793 natura.
1571 1737 1652 1791 vel
1679 1752 1744 1791 ex

242 1803 429 1876 seipsa,
455 1805 540 1858 vel
566 1821 631 1860 ex
660 1807 834 1876 aliqua
865 1805 1024 1858 tertia
1053 1805 1309 1871 essentia,
1331 1821 1451 1874 qua:
1481 1805 1622 1860 nulla
1642 1818 1746 1876 est.
1785 1817 1824 1872 [ι

242 1872 346 1927 Non
369 1888 433 1928 ex
463 1891 551 1942 se;
581 1887 691 1930 tum
716 1872 839 1946 quia
872 1876 986 1946 lucc
1024 1891 1129 1929 non
1159 1891 1255 1944 per
1280 1872 1460 1931 sesed
1485 1889 1579 1944 per
1605 1875 1747 1930 aliud

237 1953 331 2029 est,
368 1954 480 1999 tum
513 1946 640 2029 quia
665 1945 788 2001 cum
817 1945 945 2027 nihil
976 1945 1335 2015 sitposterius
1385 1947 1583 2029 seipso,
1617 1947 1748 2002 nith

239 2022 316 2070 est
344 2016 698 2072 materialiter
720 2033 788 2071 ex
817 2015 994 2084 seipso
1020 2034 1033 2068 :
1064 2032 1168 2070 non
1191 2031 1257 2070 ex
1287 2015 1511 2072 materia
1537 2033 1748 2072 smnma

239 2094 469 2156 naturm;
496 2087 731 2156 alioquin
755 2101 822 2140 ex
854 2086 964 2155 ipsa
995 2086 1195 2156 aliquid
1229 2086 1408 2141 minus
1433 2089 1544 2155 ipsa
1573 2088 1745 2149 lieret,

236 2165 284 2208 et
305 2155 534 2227 proinde
565 2155 676 2226 ipsa
708 2165 1009 2211 mutaretur
1035 2155 1097 2227 ct
1115 2167 1551 2226 corrumperetur
1576 2158 1749 2227 :quod

185 2274 188 2276 γ
236 2226 382 2280 nefas
397 2236 485 2280 est
506 2227 705 2280 dicere.
729 2227 784 2280 9...
817 2228 932 2280 Non
963 2237 1044 2281 est
1075 2226 1295 2288 bonum,
1337 2242 1433 2295 per
1457 2229 1598 2297 quod
1629 2226 1749 2281 um-

239 2304 381 2351 tatur
414 2297 500 2351 vel
524 2297 892 2364 corrumpitur
913 2309 1184 2350 summum
1231 2298 1448 2350 bonum.
1501 2301 1568 2350 At
1593 2300 1750 2367 quid-

242 2367 367 2434 quid
399 2376 507 2428 est,
532 2380 629 2435 per
659 2381 926 2420 summam
950 2367 1239 2420 essentiam
1264 2376 1364 2420 est.
1397 2367 1539 2436 Ergo
1565 2368 1750 2436 siquid

235 2448 304 2490 est
340 2452 410 2490 ex
437 2437 637 2490 summi
684 2437 807 2490 boni
862 2436 1107 2498 materia,
1147 2451 1410 2490 smnmam
1462 2439 1752 2492 essentiam

237 2507 694 2575 corrumpituret
717 2514 960 2559 mutatur
994 2521 1264 2562 summum
1297 2505 1517 2560 bonum.
1581 2507 1646 2560 Et
1677 2507 1751 2560 ita

236 2592 517 2648 stttnmumi
541 2577 765 2648 bonum,
793 2575 1102 2648 nullatenus
1123 2586 1207 2632 est
1229 2577 1431 2630 bonum
1457 2590 1472 2629 :
1501 2578 1644 2648 quod
1671 2585 1757 2630 est

238 2647 645 2701 inconveniens.
674 2646 816 2716 Ergo
845 2645 990 2699 nulla
1018 2646 1196 2716 minor
1227 2655 1420 2716 natura
1468 2645 1554 2702 est
1583 2657 1755 2702 mate-

237 2717 441 2770 rialiter
472 2731 540 2770 ex
573 2715 782 2770 summa
813 2724 1028 2769 natura.
1065 2715 1210 2783 Ergo
1250 2715 1641 2772 elementorum
1668 2732 1756 2772 es-

239 2787 399 2841 sentia
429 2801 502 2841 ex
531 2785 675 2840 nulla
707 2785 931 2840 materia
954 2795 1059 2856 est.
1117 2785 1260 2856 Ergo
1285 2802 1495 2840 nllllllllil
1517 2787 1751 2842 essentia

241 2864 454 2982 tardari!
472 2870 657 2912 rerum
689 2856 886 2911 molem
909 2855 1024 2912 sola
1069 2870 1171 2928 per
1202 2855 1451 2928 "seipsatn
1498 2858 1755 2930 produxit

241 2938 298 2982 ex
325 2943 376 2982 ut
399 2944 434 2982 ιι
459 2943 518 2982 o.

237 2938 298 2982 ex
325 2938 518 2982 11111110.

243 3035 418 3092 Restat
449 3052 602 3094 nunc
630 3037 698 3092 de
726 3051 908 3092 rerum
958 3050 1147 3092 earum
1193 3037 1544 3091 untversitate
1565 3077 1580 3097 ,
1630 3053 1752 3107 qua:

185 3139 266 3192 per
295 3126 432 3181 aliud
464 3136 619 3192 sunt,
667 3126 940 3181 discutere
987 3125 1258 3195 quomodo
1288 3121 1421 3226 -siut
1469 3142 1566 3196 per
1611 3143 1753 3185 sum-
1781 3165 1825 3226 ο

185 3230 307 3272 mam
333 3219 717 3285 substantiam,
751 3226 931 3272 utrum
955 3217 1082 3288 quia
1137 3217 1252 3286 ipsa
1286 3216 1418 3273 fecit
1471 3217 1748 3285 universa,

185 3309 398 3378 autquia
423 3309 654 3365 materia
685 3308 785 3362 fuit
808 3308 1210 3362 universorum.
1252 3306 1368 3361 Non
1416 3308 1561 3362 enim
1614 3323 1752 3377 opus

185 3407 254 3451 est
278 3415 524 3470 quaerere
545 3410 726 3456 utrum
749 3399 872 3456 ideo
897 3400 1008 3454 siut
1034 3399 1102 3431 ⁸³³
1131 3399 1384 3456 universa
1414 3415 1511 3470 per
1535 3399 1704 3469 ipsam
1735 3417 1750 3465 ;

186 3493 290 3557 quia
316 3495 418 3550 alio
446 3494 733 3560 faciente,
776 3502 870 3548 aut
898 3490 1004 3545 alia
1040 3492 1273 3546 materia
1320 3491 1610 3556 existente,
1664 3491 1750 3545 illa

189 3591 370 3640 tantum
395 3586 645 3657 quolibet
665 3587 846 3650 modo,
900 3594 960 3639 ut
992 3599 1079 3641 res
1107 3599 1298 3640 omnes
1343 3594 1546 3650 essent,
1598 3583 1754 3654 adju-

187 3674 306 3729 verit
331 3675 394 3708 ⁸⁸³
414 3693 547 3732 cum
571 3685 831 3748 repugnet
863 3676 947 3730 bis
981 3689 1101 3744 qum
1119 3673 1234 3743 jam
1263 3688 1423 3743 supra
1447 3680 1750 3742 patuerunt,

187 3765 224 3818 si
259 3773 491 3825 secundo
523 3770 640 3824 loco
673 3778 728 3824 et
751 3784 855 3822 non
886 3768 1261 3838 priurira'iter
1302 3767 1412 3821 sint
1439 3781 1532 3835 per
1561 3767 1750 3836 ipsam.

187 3873 502 3934 quaecunque
528 3870 677 3918 sunt.
715 3861 956 3916 Primum
1006 3863 1189 3931 itaque
1226 3859 1358 3915 mihi
1403 3859 1752 3929 qum-rendam

188 3963 292 4004 esse
321 3963 446 4021 puto
487 3961 670 4008 utrum
704 3953 1028 4008 universitas
1063 3968 1265 4015 rerum,
1321 3967 1441 4021 qua:
1471 3967 1567 4021 per
1613 3951 1756 4006 aliud

189 4056 318 4110 sunt,
347 4051 415 4104 sit
451 4067 521 4106 ex
555 4051 733 4120 aliqua
758 4052 1006 4107 materia.
1046 4050 1162 4106 Non
1212 4059 1392 4105 autem
1435 4051 1620 4105 dubito
1642 4065 1757 4103 om-

191 4153 297 4193 nem
322 4143 462 4199 hanc
491 4143 562 4176 ¹³⁵
589 4145 774 4198 mundi
799 4143 1018 4209 molem,
1041 4157 1163 4199 cum
1196 4143 1438 4212 partibus
1468 4143 1602 4203 suis,
1647 4142 1754 4193 sic-

193 4240 242 4283 ut
273 4234 515 4291 videmus
545 4277 560 4303 ,
615 4235 899 4290 formatam
928 4243 1180 4289 constare
1208 4248 1272 4288 ex
1308 4242 1448 4288 terra
1494 4243 1546 4287 et
1594 4246 1755 4302 aqua,

191 4331 237 4375 ct
261 4339 379 4382 aere
404 4339 461 4383 et
492 4329 615 4400 igne
643 4346 656 4382 :
685 4343 826 4398 qum,
859 4328 1087 4392 scilicet,
1111 4335 1343 4396 quatuor
1368 4327 1435 4358 ¹³⁸
1466 4326 1754 4387 elementa,

192 4414 352 4486 aliquo
375 4422 539 4477 modo
563 4421 786 4491 intelligi
819 4430 1041 4491 possunt
1066 4419 1131 4450 ¹³⁶
1159 4419 1278 4474 sine
1306 4419 1390 4474 his
1414 4417 1601 4473 formis
1624 4426 1758 4489 quas

1846 558 1935 633 jus
1967 562 2206 616 materiae
2234 573 2314 618 est
2343 564 2520 633 aliqua
2547 564 2792 628 materia,
2841 564 2929 618 illa
2990 565 3172 620 verius
3223 566 3291 599 ¹⁸⁸
3341 545 3483 622 ests

1851 667 2126 722 corporea:
2154 655 2523 710 universitatis
2553 655 2798 711 materia.
2829 657 2884 710 Si
2915 657 3080 727 igitur
3101 656 3432 713 universitas
3455 634 3476 694 ’Τ

1851 760 2057 810 rerum,
2097 759 2192 801 seu
2224 745 2541 816 visibilium,
2570 764 2663 804 seu
2699 749 3054 804 invisibilinm
3093 755 3176 805 est
3215 765 3279 805 ex
3340 751 3468 804 διδ-ς

1847 855 1951 909 qua
1980 837 2227 901 materia,
2260 839 2504 908 profesto
2539 859 2644 896 non
2693 843 2866 896 solum
2904 855 3009 897 non
3055 850 3231 914 potest
3279 837 3480 909 esse,l

1851 930 1944 984 sed
1976 947 2072 986 nec
2095 931 2196 986 dici
2222 940 2398 1002 potest
2417 946 2538 988 esse
2565 947 2632 986 ex
2661 932 2770 985 alia
2803 933 2868 966 ¹³⁹
2901 936 3151 994 materia,
3175 949 3336 1004 quam
3362 948 3435 987 ex

1850 1037 2061 1077 summa
2097 1033 2311 1089 natura,
2353 1031 2447 1078 aut
2475 1038 2541 1078 ex
2566 1038 2624 1078 se
2655 1024 2792 1092 ipsa,
2821 1033 2915 1078 aut
2941 1040 3007 1078 ex
3051 1025 3226 1093 aliqua
3278 1024 3436 1079 tertia

1853 1114 1920 1145 ’δ’
1948 1114 2212 1176 essentia;
2247 1129 2366 1183 qtue
2395 1114 2578 1184 utique
2599 1113 2742 1168 nulla
2772 1123 2895 1170 est..
2918 1115 3128 1185 Quippe
3155 1115 3286 1170 nihil
3315 1129 3436 1168 om-

1852 1205 1981 1258 nino
2007 1203 2090 1260 vel
2121 1205 2352 1276 cogitari
2381 1215 2558 1275 potest
2577 1188 2705 1261 esse
2749 1213 2946 1274 praeter
2975 1205 3104 1259 illud
3145 1219 3435 1280 summum

1850 1299 2114 1363 omnium,
2137 1299 2279 1368 quod
2301 1306 2385 1354 est
2412 1313 2508 1367 per
2537 1297 2809 1367 seipsum;
2842 1306 2898 1352 et
2918 1297 3324 1352 universitatem
3351 1309 3436 1351 eo-

1851 1403 1969 1444 rum
1993 1406 2114 1460 qna:
2143 1405 2249 1444 non
2279 1405 2376 1460 per
2398 1406 2480 1454 se,
2512 1391 2605 1445 sed
2631 1404 2729 1459 per
2773 1389 2912 1444 idem
2939 1370 3210 1443 summum
3258 1395 3386 1442 sunt
3420 1405 3433 1441 :

1852 1495 2022 1552 quare
2053 1480 2196 1551 quod
2226 1480 2373 1535 nullo
2403 1480 2563 1535 modo
2588 1479 2788 1551 aliquid
2816 1488 2920 1547 est,
2950 1477 3148 1534 nullius
3200 1477 3278 1532 rei
3321 1487 3439 1532 ina-

1855 1573 1988 1628 teria
2015 1582 2119 1628 est.
2153 1571 2230 1626 Ex
2257 1588 2352 1628 sua
2379 1586 2506 1627 vero
2534 1583 2725 1626 natura
2749 1585 2930 1626 rerum
2955 1571 3435 1639 univcrsitas,qu:e

1853 1680 1950 1735 per
1976 1681 2033 1720 se
2060 1680 2166 1719 non
2193 1675 2296 1728 est,
2349 1678 2473 1719 esse
2505 1679 2611 1718 non
2664 1671 2874 1734 potest;
2923 1655 3180 1732 quoniam
3227 1663 3273 1718 si
3331 1665 3437 1717 hoc

1853 1765 2015 1819 esset,
2046 1756 2226 1825 aliquo
2251 1754 2413 1810 modo
2441 1763 2585 1808 esset.
2617 1769 2713 1823 per
2727 1769 2785 1808 se
2813 1761 2868 1807 et
2916 1767 3014 1823 per
3056 1751 3221 1814 aliud,
3271 1744 3433 1820 quam

1853 1860 1948 1915 per
1984 1845 2033 1898 id
2068 1860 2163 1915 per
2193 1843 2334 1914 quod
2360 1852 2486 1898 sunt
2525 1853 2752 1906 cuncta,
2784 1851 2838 1896 et
2866 1857 2970 1896 non
3003 1850 3149 1896 esset
3180 1841 3354 1894 solum
3381 1841 3434 1894 id

1851 1951 1946 2004 per
1968 1934 2110 2004 quod
2143 1938 2334 1989 cuncta
2386 1941 2510 1990 sunt
2542 1952 2554 1986 :
2585 1947 2708 2002 qua:
2755 1931 2938 1986 omnia
2993 1938 3117 1985 sunt
3149 1929 3282 1985 falsa
3342 1929 3454 1981 Μ.-

1849 2029 2003 2087 l-tem,
2037 2041 2198 2081 omne
2220 2026 2360 2096 quod
2389 2041 2452 2079 cx
2487 2024 2713 2081 materia
2741 2031 2846 2089 est,
2876 2039 2944 2079 ex
2995 2022 3102 2076 alio
3152 2031 3234 2078 est
3267 2022 3355 2088 Μ,
3379 2031 3440 2077 et

1849 2118 2120 2191 posterius
2147 2128 2228 2174 est
2252 2135 2348 2183 co;
2389 2119 2642 2187 quoniam
2691 2117 2854 2188 igitur
2893 2115 3024 2169 nihil
3079 2124 3163 2170 est
3213 2114 3352 2168 aliud
3405 2132 3434 2168 a

1852 2213 2053 2280 seipso,
2081 2209 2161 2265 vel
2185 2212 2455 2280 posterius
2486 2209 2686 2279 seipso,
2718 2207 3073 2277 consequitur
3125 2214 3180 2266 ut
3207 2206 3338 2262 nihil
3365 2207 3436 2265 sit

1859 2303 2212 2360 materialiter
2229 2318 2294 2359 ex
2318 2304 2513 2373 seipso.
2547 2304 2614 2356 At
2637 2302 2681 2357 si
2711 2316 2777 2356 ex
2831 2301 2899 2333 “’
2947 2314 3183 2356 summa}
3231 2307 3438 2353 naturae
3466 2327 3468 2330 ν

1857 2395 2082 2450 materia
2115 2403 2292 2466 potest
2340 2409 2459 2449 esse
2509 2394 2712 2464 aliquid
2744 2392 2922 2448 minus
2968 2391 3106 2462 ipsa,
3167 2399 3435 2445 sumntum

1857 2487 2052 2540 bonum
2083 2485 2281 2539 mutari
2309 2497 2364 2539 et
2390 2477 2660 2554 corrumpi
2704 2492 2882 2554 potest
2917 2501 2931 2538 :
2975 2481 3306 2552 quod-nefas
3350 2491 3437 2534 est

1856 2579 2061 2634 dicere.
2097 2578 2458 2648 Quapropter,
2487 2577 2742 2646 quoniam
2768 2591 2929 2631 omne
2955 2576 3100 2646 quod
3151 2574 3296 2628 aliud
3352 2583 3442 2627 est

1856 2687 2018 2740 quant
2043 2671 2180 2739 ipsa,
2212 2671 2392 2725 minus
2417 2677 2501 2725 est
2550 2669 2704 2739 ipsa;
2733 2667 3062 2738 impossibile
3109 2675 3194 2722 est
3232 2666 3462 2735 aliquid.

1857 2752 2001 2818 aliud
2035 2763 2136 2818 hoc
2165 2762 2325 2817 modo
2350 2775 2474 2817 esse
2512 2759 2578 2816 ex
2617 2761 2735 2831 ipsa
2757 2758 2846 2816 ηιξ.
2876 2757 3124 2829 Amplius
3153 2774 3168 2811 :
3203 2755 3451 2811 Dubium

1857 2867 1962 2909 non
1987 2863 2069 2910 est
2094 2856 2218 2924 quia
2251 2854 2555 2909 nullatenus
2580 2863 2665 2908 est
2687 2853 2910 2914 bonum,
2941 2865 3038 2921 per
3064 2850 3207 2920 quod
3260 2858 3441 2904 muta-

1858 2955 1947 3000 tur
1977 2945 2058 2999 vel
2086 2946 2452 3015 corrumpitur
2479 2961 2750 3001 sumntum
2780 2945 3026 2998 bonum.
3067 2932 3220 3011 Quod
3253 2943 3296 2997 si
3326 2957 3450 3010 qua

1859 3037 2037 3092 minor
2072 3047 2259 3092 natura
2286 3045 2372 3092 est
2397 3052 2463 3092 ex
2490 3035 2683 3091 smnmi
2725 3035 2850 3090 boui
2878 3035 3124 3100 materia,
3150 3048 3272 3089 cum
3292 3032 3426 3086 nihil

1857 3131 1925 3186 sit
1949 3130 2304 3201 undecunque
2333 3129 2399 3161 ’⁵⁸
2431 3129 2534 3184 nisi
2563 3144 2660 3199 per
2689 3143 2954 3184 summam
2979 3126 3295 3189 essentiam,
3325 3140 3440 3178 mu-

1861 3230 2006 3276 tatur
2029 3229 2084 3276 et
2111 3220 2478 3289 corrumpitur
2505 3233 2775 3274 summum
2805 3218 3006 3272 bonum
3036 3213 3103 3248 ¹⁸⁶
3129 3214 3433 3285 peripsam:
3481 3272 3492 3280 ,

1857 3325 2028 3380 quare
2054 3325 2262 3366 summa
2289 3309 2547 3374 essentia,
2575 3309 2627 3378 7
2658 3323 2778 3376 quae
2805 3316 2889 3362 est
2930 3307 3104 3376 ipsum
3161 3318 3434 3358 smnmum

1858 3401 2081 3466 bonum,
2138 3399 2445 3456 nullatenus
2473 3407 2554 3453 est
2584 3398 2815 3462 bonum;
2865 3397 3008 3466 quod
3061 3405 3146 3450 est
3179 3395 3440 3448 inconve-

1861 3491 2038 3548 niens.
2063 3490 2218 3547 Nulla
2248 3491 2410 3560 igitur
2441 3490 2619 3545 minor
2639 3498 2830 3544 natura
2858 3486 3211 3543 materialiter
3254 3495 3338 3540 est
3373 3500 3439 3539 ex

1859 3599 2072 3639 summa
2110 3591 2326 3641 natura.
2354 3581 2686 3653 Cum-igitur
2711 3595 2899 3635 eorum
2951 3580 3265 3646 essentiam,
3319 3594 3440 3648 qua:

1860 3696 1957 3752 per
1981 3679 2126 3733 aliud
2150 3685 2297 3742 sunt,
2333 3683 2546 3732 constet
2571 3691 2677 3730 non
2703 3690 2825 3730 esse
2867 3673 3012 3729 velut
3059 3687 3125 3728 ex
3187 3672 3438 3734 materia,

1859 3788 1927 3828 ex
1949 3785 2159 3826 summa
2185 3767 2441 3831 essentia,
2472 3781 2568 3823 nec
2591 3782 2658 3820 ex
2683 3782 2763 3830 se,
2814 3781 2915 3821 nec
2960 3779 3024 3821 ex
3056 3763 3162 3818 alio
3207 3764 3294 3828 “7,
3329 3779 3444 3816 ma-

1860 3863 2112 3919 nifestum
2140 3871 2226 3916 est
2247 3860 2374 3930 quia
2409 3874 2476 3914 ex
2499 3859 2642 3914 nulla
2673 3862 2896 3914 materia
2928 3868 3031 3914 est.
3059 3856 3258 3925 Quare,
3309 3871 3445 3926 quo-

1861 3957 2006 4010 niam
2034 3953 2293 4025 quidquid
2329 3961 2413 4008 est
2439 3967 2537 4020 per
2555 3968 2824 4008 summam
2854 3951 3150 4006 essentiam
3180 3959 3284 4010 est,
3339 3963 3441 4002 nec

1861 4046 2152 4116 peripsam
2181 4043 2386 4112 aliquid
2413 4043 2556 4096 aliud
2581 4058 2701 4097 esse
2732 4050 2907 4112 potest
2934 4041 3034 4094 nisi
3093 4055 3154 4094 ea
3211 4050 3304 4092 aut
3354 4038 3440 4092 fa-

1862 4137 2039 4191 ciente
2068 4142 2162 4190 aut
2186 4133 2411 4186 materia
2439 4132 2729 4195 existente,
2755 4131 3112 4201 consequitur
3140 4130 3206 4183 de
3250 4141 3444 4183 neces-

1861 4229 2043 4293 sitate,
2073 4236 2131 4280 ut
2154 4233 2349 4296 prmtcr
2371 4239 2490 4279 eam
2524 4223 2657 4278 nihil
2687 4224 2778 4282 sit.
2827 4223 2930 4277 nisi
2981 4237 3044 4276 ea
3084 4220 3336 4285 faciente,
3393 4227 3448 4274 et

1863 4320 2120 4390 quoniam
2155 4317 2287 4372 nihil
2310 4316 2452 4370 aliud
2481 4325 2567 4370 est
2596 4315 2678 4370 vel
2707 4316 2824 4379 fuit,
2854 4315 2956 4368 nisi
2987 4313 3098 4377 illa,
3121 4323 3179 4368 et
3205 4329 3322 4382 qua:
3357 4311 3434 4365 fa-

1863 4423 1947 4467 cta
1973 4421 2098 4466 sunt
2124 4411 2191 4464 ab
2221 4410 2325 4470 illa,
2353 4408 2482 4463 nihil
2507 4409 2729 4462 omnino
2763 4405 2938 4462 facere
2963 4408 3136 4476 potuit
3159 4403 3446 4474 peraliud,

194 4511 615 4579 conspicimusin
658 4514 820 4568 rebus
844 4511 1111 4578 formatis,
1161 4521 1220 4566 ut
1267 4525 1454 4565 eorum
1511 4511 1756 4565 informis

1864 4504 1946 4559 vel
1973 4504 2414 4565 instrumentum,
2445 4500 2526 4553 vel
2558 4499 2961 4567 adiumentum,
3015 4513 3176 4568 quam
3227 4511 3323 4565 per
3359 4510 3448 4548 sc-

197 4604 458 4658 autetiam
482 4606 705 4660 confusa
741 4615 930 4660 natura
959 4605 1208 4660 videatur
1237 4619 1355 4661 esse
1387 4604 1612 4658 materia
1645 4619 1758 4656 om-

199 4692 328 4748 nium
354 4713 639 4766 corporum
671 4698 784 4752 suis
837 4699 1023 4752 formis
1080 4699 1471 4762 discretorum;
1523 4712 1628 4749 non
1676 4695 1758 4747 iu-

198 4799 362 4854 (tuam,
392 4791 498 4845 hoc
531 4791 867 4855 dubito;scd
900 4805 1106 4860 quaero,
1160 4791 1299 4844 unde
1343 4790 1456 4844 ltazc
1515 4789 1626 4855 ipsa
1665 4787 1752 4849 ιν,

1437 4878 1668 4934 νΑιιιΑῐ
1703 4873 2103 4931 1.Ε(ΣΊ“ΙΟΝΕ8.

262 4950 324 4982 ¹¹⁹
366 4951 504 5006 Sunt
548 4954 613 5007 ad
652 4953 877 5008 invicem
934 4969 1060 5007 mss.
1126 4949 1256 5004 Vict.
1305 4959 1431 5004 sunt
1491 4951 1557 5003 ad
1603 4966 1662 5001 se
1720 4949 1947 5001 imiccm

201 5016 322 5075 Tim.
374 5022 442 5076 In
489 5040 589 5077 ms.
652 5022 835 5078 Sancti
906 5023 1068 5077 Mirh.
1133 5021 1524 5075 distribuuntur
1575 5021 1744 5079 (arilu
1797 5029 1849 5070 nt
1901 5019 1952 5069 in
2001 5015 2152 5067 editis

1864 4597 2058 4667 ipsam.
2087 4594 2156 4648 At
2184 4608 2346 4647 omne
2373 4592 2440 4624 “"
2469 4593 2611 4662 quod
2645 4591 2771 4646 lccit
2794 4633 2809 4656 ,
2857 4590 2972 4645 sine
3004 4589 3167 4644 dubio
3204 4596 3294 4642 aut
3321 4587 3446 4640 fecit

1858 4707 1924 4746 ex
1954 4689 2159 4757 aliquo,
2182 4685 2329 4738 velut
2356 4699 2422 4738 ex
2455 4686 2712 4750 materia;
2744 4691 2835 4737 aut
2861 4698 2927 4737 ex
2958 4682 3148 4737 nihilo.
3176 4679 3448 4746 Quoniam

1857 4783 2023 4852 igitur
2054 4778 2530 4847 certissimepatct‘
2557 4777 2681 4846 quia
2731 4774 2967 4831 essentia
3019 4772 3281 4838 omnium,
3322 4783 3448 4838 qum

2074 4944 2141 4974 ¹³⁰
2199 4942 2330 5005 Cap.
2375 4941 2407 4993 6
2463 4949 2536 4991 ast
2593 4942 2614 4994 Ι
2663 4941 2714 4992 in
2773 4957 2895 4992 mss.
2962 4935 3111 4989 fient.
3173 4932 3327 5005 Corb‘.
3394 4943 3448 4981 re

2278 5001 2341 5042 ‘3‘
2400 5010 2500 5063 Ms.
2557 5010 2707 5062 (ἕω-Ι).
2777 5009 2926 5075 Quod
2987 5022 3049 5058 ea
3119 5021 3240 5073 qum.
3286 5001 3448 5075 facta.

358 5070 440 5146 de.
871 5070 1858 5158 nihili-Inerant"antequam"iit-runt,
1919 5096 2203 5158 quantuur
2243 5081 2308 5158 ad
2369 5083 2630 5158 ratiotunu
2709 5070 2932 5134 faciens.
3006 5076 3092 5158 Et
3133 5070 3448 5158 est

199 5143 424 5226 capitisvé
451 5143 835 5218 invaditis—“‘3'
1160 5143 1404 5216 Densiut
1425 5143 1555 5214 'mss.
1601 5169 1762 5211 ulrun

1855 5143 2066 5210 ’eo'siut
2141 5155 2207 5186 ⁸³³
2248 5152 2438 5206 Essent
2492 5152 2706 5226 adjuvat
2747 5167 2871 5202 mss.
2919 5143 3443 5226 essent-,nailjuverit

202 5212 263 5259 ""
297 5232 488 5286 Dubito
532 5235 671 5287 hanc
700 5251 824 5288 mss.
855 5233 1041 5288 dubito
1063 5248 1276 5286 omnem
1311 5235 1448 5285 hanc
1523 5230 1590 5261 ⁸³⁵
1632 5229 1762 5295 Quae

1855 5239 1932 5280 tut
1961 5237 2192 5294 quatuor
2221 5241 2344 5278 mss.
2375 5239 2515 5300 qum,
2540 5212 2772 5300 scilicet,
2805 5228 3035 5300 quatuor
3111 5212 3441 5300 "‘intcllit‘ti

201 5283 496 5373 possem-sis.
535 5283 1033 5373 'iiiié'taigi'misénni
1070 5283 1377 5373 “ﬁglinum
1406 5283 1496 5373 hic
1527 5283 1796 5373 ipsa~mss.
1824 5283 2110 5352 unde'ha'c
2139 5297 2264 5373 ipsa
2312 5283 2591 5373 “dixiin
2619 5290 2799 5373 verius
2821 5283 2949 5373 inst.
2978 5285 3299 5373 illanverius

199 5352 368 5425 Potest
390 5352 771 5428 "éi'aiii'iii'sil
801 5352 1130 5428 ﬁrm-."fjorb.
1165 5352 1390 5426 Vict—(‘8.
1411 5352 1820 5439 "Mic'li.irpotcst
1851 5383 1972 5424 esse
2010 5382 2075 5439 ex
2105 5352 2214 5439 alia
2311 5364 2376 5397 ”°
2415 5364 2504 5439 Ex
2524 5364 2701 5431 aliqua
2734 5359 2886 5439 tertia
2916 5374 3037 5412 mss.
3071 5355 3219 5439 Tim.
3237 5371 3302 5409 ex
3335 5352 3445 5438 alia

200 5441 344 5514 tertia
421 5444 489 5475 m
527 5443 790 5514 Quoniam
823 5460 917 5514 per
946 5445 996 5496 id
1019 5460 1115 5514 per
1143 5445 1284 5512 quod
1309 5449 1434 5496 sunt
1461 5435 1656 5496 cuncta
1683 5457 1694 5492 :
1720 5450 1770 5494 et
1805 5456 1909 5493 non
1956 5437 2129 5492 solum
2166 5435 2215 5488 id
2247 5453 2343 5514 per
2366 5437 2506 5514 quod
2537 5440 2729 5514 cuncta
2763 5437 2908 5492 sunt,
2939 5443 3056 5498 qua!
3100 5436 3226 5483 sunt
3257 5435 3440 5514 omnia

201 5507 343 5583 falsa.
374 5529 472 5566 ms.
506 5505 662 5569 coro.
705 5505 865 5583 quam
897 5530 993 5583 per
1020 5505 1088 5567 'id
1129 5505 1224 5576 per
1251 5514 1393 5581 quod
1430 5521 1549 5566 sunt
1597 5521 1792 5567 cuncta
1842 5519 2002 5573 sunt;
2039 5523 2160 5576 quze
2201 5506 2379 5559 omnia
2428 5508 2561 5583 falsa
2595 5511 2751 5583 sunt.
2794 5516 3106 5583 nmaqua‘m
3138 5515 3234 5583 per
3265 5505 3315 5552 id
3345 5511 3445 5583 per

199 5581 328 5644 quod
352 5592 474 5636 sunt
504 5571 736 5648 cunctaf
759 5594 812 5638 et
844 5571 948 5638 min
977 5571 1327 5639 esset-soloin
1363 5583 1412 5636 id
1460 5597 1557 5650 per
1596 5587 1739 5651 qttod
1769 5590 1962 5636 cuncta
1991 5571 2150 5642 sunt;
2181 5591 2300 5646 quze
2325 5575 2506 5629 omnia
2539 5575 2669 5651 falsa
2695 5573 3000 5651 suut.___”_’_
3029 5571 3102 5625 Ex
3145 5571 3326 5639 aliquo
3356 5575 3445 5623 est

200 5643 317 5702 um.
345 5666 414 5706 ex
436 5655 541 5708 alio
569 5664 653 5709 est
755 5656 820 5688 "*3
860 5656 938 5709 Ac
965 5656 1008 5708 si
1032 5671 1096 5709 ex
1123 5671 1248 5706 mss.
1277 5663 1332 5706 at
1358 5654 1402 5706 si
1427 5643 1491 5706 ex
1595 5643 1662 5686 ¹ῖ⁵
1704 5653 1834 5708 Esse
1862 5651 2034 5718 majus
2061 5643 2213 5719 ipsa;
2234 5663 2359 5722 mss.
2381 5659 2500 5699 esse
2529 5661 2594 5700 ex
2627 5645 2736 5722 ipsa
2838 5643 2904 5676 M
3051 5654 3448 5722 quamcunque

200 5733 317 5773 mss.
348 5723 418 5776 sit
447 5709 801 5794 undecunque
877 5725 942 5756 ¹⁸⁶
981 5725 1262 5779 Summum
1307 5738 1402 5791 per
1424 5724 1596 5795 ipsum
1632 5725 1828 5780 bo..utu
1863 5709 1982 5778 mss.
2012 5709 2285 5777 summum
2315 5717 2512 5770 bonum
2545 5709 2847 5787 per-ipsam
2946 5715 3010 5748 ³η
3047 5713 3157 5768 Nec
3179 5709 3282 5767 alio
3311 5726 3438 5774 nm,

200 5803 290 5846 nec
315 5807 378 5845 cx
412 5795 513 5849 alio
592 5795 655 5826 “'
700 5797 772 5850 Ac
795 5809 951 5854 omne
979 5812 1102 5852 mss.
1135 5807 1186 5848 at
1231 5807 1390 5850 omne
