4068 6286
595 297 659 327 292

567 311 662 353 1-35

1067 291 1126 348 S.
1169 287 1472 350 ANSELMI
1526 284 1885 342 CANTUAR.
1926 278 2246 336 ARClillﬂP.
2289 275 2439 330 OPP.
2484 275 2664 333 PARS
2703 273 2743 328 1.
2785 305 2855 316 --
2895 271 3315 330 DOGMATICA.

3729 271 3828 328 156

553 419 752 482 praeter
778 422 1046 464 summam
1076 403 1369 461 essentiam
1398 409 1544 465 sunt,
1574 402 1645 456 ab
1681 400 1870 458 eadem
1929 409 2140 453 summa
2174 414 2217 469 Α
2255 390 2490 460 aliquid;
2533 388 2796 458 consequi
2838 389 3053 444 videtur
3094 397 3167 482 ut
3195 386 3454 458 quidquid
3492 386 3696 444 factum
3739 395 3833 452 est,

545 501 790 561 essentia
834 501 974 554 facta
996 508 1100 566 est,
1128 508 1182 552 et
1204 495 1330 564 quia
1357 505 1422 551 ex
1455 495 1606 550 nulla
1657 493 1888 549 materia
1923 491 1990 524 ’δ’
2013 501 2098 545 est
2124 506 2139 554 ;

544 593 746 666 procul
785 593 950 648 dubio
981 592 1114 647 nihil
1145 593 1387 663 apertius
1415 605 1582 662 quam
1639 587 1765 656 quia
1807 585 1895 640 illa
1933 599 2143 640 summa

545 685 792 740 essentia
832 693 1010 739 tamen
1047 699 1230 740 rerum
1260 683 1479 748 molem,
1506 689 1616 735 tam
1640 691 1982 734 numerosam
2012 675 2148 731 mul-

544 775 862 840 titudinem,
917 784 1026 829 tam
1055 774 1295 830 formose
1357 773 1644 828 formatam
1679 811 1694 836 ,
1744 777 1853 824 tam
1897 767 2148 824 ordinate

559 868 837 930 variatam,
871 875 978 920 tam
1019 868 1406 922 convenienter
1438 865 1737 928 diversam,
1767 861 1881 918 sola
1934 877 2032 931 per
2069 875 2145 916 sc-

557 957 728 1028 ipsatn
768 957 1023 1027 produxit
1046 974 1111 1012 ex
1136 958 1326 1016 nihilo.

945 1049 1174 1106 CAPUT
1205 1049 1314 1103 vnt
1355 1047 1478 1120 [al.,
1513 1045 1627 1119 vn]
1663 1048 1754 1097 ιεο.

645 1139 921 1205 Quomodo
951 1141 1454 1265 intellige"$33081;:5
1465 1141 1618 1241 lquod
1646 1139 1821 1193 omnia
1847 1139 1965 1206 fecit
1992 1154 2058 1191 ea:

555 1298 905 1358 Cosspscws
943 1318 1175 1358 CAPI'I'IS.
1207 1333 1277 1342 --
1317 1302 1494 1372 Ipsum
1527 1301 1653 1355 nihil
1687 1316 1792 1355 non
1824 1308 2001 1372 potest
2029 1313 2148 1353 esse

633 1388 798 1427 causa
866 1373 1094 1438 alicujus
1141 1374 1284 1438 quod
1322 1370 1461 1428 est:
1502 1383 1555 1426 et
1602 1386 1704 1424 vox
1755 1370 1991 1424 omnium
2041 1379 2146 1434 est,

624 1443 756 1496 nihil
798 1444 862 1498 de
905 1443 1089 1497 nihilo.
1144 1441 1298 1498 Unde
1331 1442 1544 1497 videtur
1582 1441 1725 1510 quod
1765 1439 2023 1509 quidquid
2067 1440 2146 1502 fit,

629 1512 724 1567 ﬁat
752 1528 817 1568 ex
846 1513 1045 1582 aliquo.
1079 1514 1231 1580 Quod
1257 1513 1299 1568 si
1328 1528 1513 1568 verum
1544 1522 1648 1575 est,
1677 1519 1938 1582 corruunt
1963 1511 2144 1564 omnia

624 1598 746 1652 qua:
788 1580 950 1652 supra
993 1585 1164 1652 posita
1213 1591 1340 1638 sunt
1380 1583 1446 1638 de
1489 1597 1696 1638 summa
1731 1580 2001 1652 essentia,
2029 1595 2150 1649 qua:

623 1649 802 1707 omnia
841 1649 970 1708 fecit
993 1649 1066 1708 ex
1103 1652 1290 1708 nihilo.
1324 1653 1521 1707 Tribus
1557 1652 1772 1721 quidem
1808 1649 1981 1704 modis
2013 1652 2141 1704 snh-

625 1723 820 1776 stantia
851 1723 952 1779 dici
987 1733 1161 1792 potest
1187 1725 1328 1777 facta
1355 1738 1418 1777 ex
1444 1722 1639 1778 nihilo:
1661 1723 1709 1775 Ι.
1740 1722 1809 1775 ita
1840 1731 1907 1792 ut
1931 1722 2145 1790 penitus

627 1807 732 1847 non
759 1793 896 1846 facta
929 1791 1302 1864 intelligatur:
1339 1794 1416 1848 sie
1446 1795 1512 1864 de
1554 1801 1766 1847 tacente
1800 1791 2026 1864 tiiiff‘lllll‘,
2079 1792 2145 1864 de

625 1863 793 1918 nihilo
825 1864 1082 1932 loquitur.
1108 1861 1177 1918 '2.
1211 1864 1344 1918 Cum
1383 1865 1461 1918 sic
1493 1863 1632 1917 facta
1663 1879 1726 1916 ex
1758 1861 1948 1923 nihilo,
1986 1862 2140 1930 quasi

623 1948 689 1988 ex
730 1934 912 2004 aliquo
941 1935 1319 2004 signiﬁcatur:
1348 1946 1402 1988 et
1432 1934 1547 1988 hare
1575 1933 1899 2004 significatio
1930 1947 2145 2004 semper

629 2015 713 2057 est
742 2002 896 2059 falSa.
927 2002 1140 2059 3(0qu
1173 2005 1252 2059 sic
1284 2003 1427 2058 facta
1454 2020 1520 2058 ex
1549 2003 1716 2056 nihilo
1745 2003 1958 2064 dicitur,
1991 2010 2043 2054 ut
2076 2002 2146 2055 fa-

623 2083 710 2130 cta
742 2089 846 2128 non
878 2091 942 2130 ex
976 2074 1157 2145 aliquo
1197 2075 1547 2144 intelligatur.
1603 2073 1681 2127 Eo
1723 2088 1896 2145 sensti
1926 2082 2144 2145 cuncta,

624 2153 823 2214 prteter
852 2141 1120 2200 summam
1152 2141 1467 2208 essentiatii,
1499 2145 1638 2197 facta
1671 2159 1737 2199 ex
1769 2141 1936 2196 nihilo
1961 2143 2146 2197 dicun-

625 2213 714 2269 tur
748 2234 761 2269 :
809 2217 908 2269 hoe
950 2225 1056 2279 est,
1094 2231 1212 2285 quae
1247 2217 1406 2282 prius
1447 2213 1579 2270 nihil
1621 2223 1800 2285 erant,
1847 2227 1988 2266 nune
2023 2220 2150 2266 sunt

625 2286 863 2356 aliquid:
902 2286 1046 2368 sicut
1073 2283 1194 2368 quis
1223 2285 1423 2368 dieitur
1444 2286 1596 2339 dives
1627 2283 1741 2338 fieri
1773 2299 1838 2337 ex
1874 2297 2110 2364 paupere
2130 2323 2145 2349 ,

623 2354 788 2411 sanus
816 2371 880 2410 ex
913 2354 1250 2411 infirmitate.
1280 2356 1345 2410 Et
1371 2357 1459 2410 hic
1486 2365 1568 2410 est
1593 2369 1808 2417 sensus,
1830 2354 1920 2425 qui
1946 2368 2149 2423 pauper

622 2426 708 2480 vel
744 2441 890 2496 aeger
912 2435 1050 2491 erat,
1085 2443 1229 2482 nttne
1257 2437 1342 2482 est
1371 2427 1523 2481 dives
1555 2425 1636 2480 vel
1673 2441 1860 2479 sanus.

625 2518 733 2573 Sed
761 2519 1002 2574 occurrit
1032 2519 1280 2589 quaedam
1308 2518 1575 2574 dubitatio
1605 2519 1672 2572 de
1703 2517 1874 2572 nihilo
1897 2517 1986 2570 ³⁵⁸.
2013 2516 2146 2570 Nam

553 2622 618 2662 ex
649 2623 973 2678 quocunque
1003 2609 1062 2662 fit
1099 2608 1325 2679 aliquid,
1364 2608 1417 2664 id
1445 2623 1609 2664 causa
1641 2615 1723 2662 est
1760 2608 1879 2677 ejus
1909 2607 1977 2638 ’⁸³
2002 2607 2148 2676 quod

553 2715 619 2754 ex
655 2715 712 2755 se
741 2699 800 2754 ﬁt
827 2700 916 2765 ηδ,
947 2709 1004 2755 et
1028 2694 1207 2757 omnis
1239 2716 1402 2756 causa
1450 2714 1672 2756 necesse
1699 2709 1785 2754 est
1821 2698 2040 2768 aliquod
2077 2697 2146 2752 ad

553 2793 846 2846 essentiam
871 2791 1047 2846 effecti
1079 2793 1147 2824 ¹⁵³
1177 2792 1419 2862 praiheat
1446 2790 1838 2858 adjumentnm.
1893 2787 2044 2855 Quod
2073 2789 2152 2844 sic

555 2897 748 2938 omnes
778 2893 957 2937 tenent
979 2885 1374 2954 experimento.
1399 2883 1638 2936 utetiam
1665 2882 1794 2935 nulli
1821 2882 1888 2912 ’⁵⁸
1914 2881 2154 2950 rapiatur

556 2972 958 3034 contendendo,
1000 2983 1054 3027 et
1078 2975 1165 3028 vix
1210 2972 1302 3028 ulli
1339 2973 1403 3003 ¹⁵⁷
1435 2971 1768 3041 subripiatur
1811 2970 2148 3040 decipiendo.

557 3060 614 3114 Si
669 3078 798 3131 ergo
831 3061 897 3094 “’3
931 3061 1130 3118 factum
1181 3071 1262 3118 est
1307 3079 1374 3118 ex
1427 3060 1595 3116 nihilo
1659 3060 1903 3130 aliquid,
1971 3062 2146 3130 ipsum

2246 483 2448 537 factum
2486 483 2559 538 sit
2593 497 2660 537 ex
2697 482 2900 552 aliquo.
2935 482 3088 548 Quod
3129 481 3172 536 si
3205 496 3392 535 verum
3435 496 3556 536 esse
3590 484 3834 552 ponitur,

2244 572 2522 637 omnibus,
2565 587 2688 642 qnze
2735 587 2898 640 supra
2953 571 3214 641 disposita
3261 581 3388 627 sunt
3415 573 3502 636 ¹⁶³,
3531 576 3835 645 opponitur.

2247 661 2401 718 Unde
2423 663 2679 731 quoniam
2707 662 2850 732 quod
2879 671 2997 717 erat
3024 662 3180 729 nihil,
3208 663 3412 733 aliquid
3443 664 3577 730 erit;
3617 666 3668 720 id
3699 669 3834 736 quod

2245 755 2487 809 maxime
2535 754 2742 825 aliquid
2789 763 2930 818 erat,
2971 754 3107 809 nihil
3146 755 3360 810 erit‘“.
3389 755 3464 810 Ex
3501 771 3568 811 eo
3613 773 3841 828 namque

2247 848 2393 914 quod
2428 849 2720 916 quamdam
2769 846 3130 902 substantiam
3173 849 3410 904 maxime
3440 851 3684 906 omnium
3734 853 3841 906 exi-

2247 947 2481 993 stentem
2521 940 2868 1000 inveneram.
2910 939 3106 993 adhoc
3137 950 3196 994 ut
3227 941 3410 995 omnia
3444 941 3544 994 alia
3586 943 3667 996 sic
3706 942 3840 998 facta

2248 1040 2432 1083 essent
2471 1030 2539 1083 ah
2579 1045 2664 1089 ea.
2707 1037 2765 1084 nt
2813 1030 2948 1085 nihil
2987 1031 3054 1061 ¹⁶⁸
3080 1041 3226 1086 esset
3265 1032 3407 1086 unde
3450 1033 3592 1087 facta
3637 1044 3836 1093 essent.

2250 1120 2621 1175 ratiocinando
2665 1136 3038 1192 perveneram.
3076 1121 3257 1190 Quare
3294 1124 3341 1178 si
3378 1123 3507 1179 illud
3531 1125 3675 1181 unde
3707 1125 3842 1181 facta

2249 1223 2395 1276 sunt,
2427 1215 2568 1284 quod
2593 1203 2846 1283 putabam
2876 1230 2995 1269 esse
3019 1215 3171 1279 nihil,
3195 1225 3278 1269 est
3304 1215 3542 1286 aliquid;
3583 1218 3841 1288 quidquid

2251 1304 2528 1369 inventum
2582 1304 2918 1359 :estimabam
2949 1304 3016 1358 de
3043 1296 3254 1359 summa
3283 1307 3545 1372 essentia,
3577 1317 3662 1361 est
3693 1307 3841 1362 nihil.

2250 1393 2388 1461 Quid
2423 1395 2587 1466 igitur
2617 1394 3028 1465 intelligendum
3062 1405 3148 1451 est
3189 1395 3257 1450 de
3304 1397 3512 1452 nihilo?
3551 1413 3675 1452 nam
3711 1398 3843 1453 nihil

2249 1487 2391 1559 quod
2427 1488 2637 1544 rideam
2673 1503 2834 1559 posse
2865 1486 3052 1557 objici,
3083 1487 3169 1543 vel
3200 1504 3337 1559 pene
3363 1488 3573 1544 fatuum
3601 1490 3692 1552 ¹⁶⁶,
3731 1490 3843 1558 jam

2250 1580 2415 1635 statui
2447 1582 2500 1636 in
2532 1582 2634 1636 hac
2668 1581 3016 1638 meditatione
3043 1579 3334 1651 negligere.
3365 1579 3488 1652 [al.,
3513 1581 3642 1651 Cap.
3680 1581 3844 1654 8.1‘"

2252 1672 2450 1728 Tribus
2502 1675 2704 1744 itaque,
2740 1683 2800 1728 ut
2835 1683 2996 1743 puto,
3047 1674 3238 1740 modis,
3281 1677 3423 1745 quod
3467 1676 3534 1728 ad
3564 1677 3847 1745 przcsentis

2180 1771 2222 1825 Β
2251 1764 2622 1836 impedimenti
2666 1766 2865 1822 suﬁicit
2899 1766 3360 1835 expedimentum,
3401 1769 3596 1836 exponi
3630 1778 3845 1837 potest,

2247 1858 2292 1912 si
2329 1874 2434 1927 qua
2471 1859 2775 1914 substantia
2808 1858 3011 1913 dicitur
3040 1873 3161 1914 esse
3199 1859 3338 1914 facta
3368 1873 3435 1914 ex
3474 1860 3665 1914 nihilo.
3699 1860 3847 1916 Unus

2248 1952 2462 2019 quidem
2489 1953 2679 2007 modus
2699 1960 2803 2015 est,
2833 1967 2940 2023 quo
2966 1952 3218 2007 volumus
3248 1953 3471 2024 intelligi
3501 1955 3716 2023 penitus
3743 1971 3846 2009 non

2246 2057 2367 2098 esse
2407 2042 2606 2098 factum
2638 2045 2780 2113 quod
2819 2044 3020 2098 dicitur
3055 2061 3120 2100 ex
3155 2045 3325 2098 nihilo
3349 2061 3470 2099 esse
3498 2045 3564 2076 ’⁸⁸
3594 2063 3607 2098 :
3637 2047 3726 2100 cui
3778 2048 3848 2101 si-

2249 2132 2380 2187 mile
2407 2141 2508 2195 est,
2544 2148 2667 2188 eum
2709 2134 2971 2202 quierenti
3005 2135 3069 2187 de
3109 2143 3341 2197 tacente,
3380 2138 3522 2189 unde
3559 2134 3840 2205 loquatur,

2250 2225 2608 2293 restiondetnr
2645 2225 2708 2278 de
2747 2223 2935 2290 nihilo,
2971 2223 3022 2276 id
3053 2234 3158 2287 est,
3183 2241 3290 2278 non
3332 2224 3592 2294 loquitur.
3640 2225 3850 2282 Secun-

2249 2315 2374 2370 dum
2405 2332 2565 2387 quem
2614 2316 2830 2370 modum
2879 2316 2944 2371 de
2984 2317 3096 2386 ipsa
3145 2333 3354 2372 summa
3395 2319 3654 2379 essentia.
3691 2329 3748 2373 et
3785 2322 3847 2373 de

2251 2421 2334 2463 eo.
2375 2407 2521 2478 quod
2565 2406 2782 2476 penitus
2831 2422 2929 2462 nec
2972 2407 3092 2472 fuit,
3137 2424 3236 2464 nec
3265 2418 3369 2475 est,
3400 2411 3664 2478 quaerenti
3707 2412 3849 2464 unde

2253 2497 2453 2554 factum
2485 2500 2575 2564 sit,
2605 2508 2756 2554 recte
2781 2499 3094 2568 responderi
3123 2508 3319 2570 potest,
3349 2501 3416 2554 de
3439 2500 3629 2565 nihilo,
3659 2501 3711 2553 id
3738 2509 3846 2564 est,
3923 2559 3933 2567 _

2252 2605 2594 2660 nequaquam
2629 2589 2830 2644 factum
2865 2599 2948 2644 est
2975 2607 2988 2642 :
3016 2591 3105 2660 qui
3139 2606 3333 2646 sensus
3366 2591 3431 2644 de
3464 2590 3610 2644 nullo
3633 2606 3847 2654 eorum,

2253 2696 2371 2750 qum
2418 2680 2558 2736 facta
2609 2689 2757 2747 sunt,
2803 2681 3024 2753 intelligi
3076 2691 3269 2752 potest.
3347 2681 3465 2737 Alia
3519 2681 3849 2753 significatio

2254 2781 2358 2837 est,
2399 2788 2519 2841 quas
2560 2772 2664 2826 diei
2707 2771 2925 2842 quidem
2957 2781 3158 2842 potest,
3195 2787 3322 2827 vera
3364 2781 3540 2826 tamen
3579 2787 3702 2826 esse
3737 2788 3846 2825 non

2254 2871 2433 2930 potest
2457 2862 2555 2915 “‘9:
2580 2871 2658 2926 ut,
2682 2862 2728 2917 si
2751 2861 2964 2916 dicatur
2987 2862 3188 2933 aliquid
3214 2863 3292 2918 sic
3316 2878 3435 2918 esse
3462 2862 3664 2917 factum
3688 2865 3757 2899 "°
3783 2877 3847 2919 ex

2257 2951 2448 3017 nihilo,
2480 2961 2536 3007 ut
2559 2968 2626 3008 ex
2667 2953 2784 3022 ipso
2812 2952 2980 3009 nihilo
3007 2954 3094 3020 ⁸⁷⁸,
3126 2953 3178 3008 id
3203 2962 3302 3012 est.
3342 2969 3407 3008 ex
3437 2969 3503 3007 eo
3525 2955 3670 3023 quod
3700 2955 3850 3022 peni-

2259 3051 2344 3096 tus
2375 3057 2479 3096 non
2513 3051 2629 3108 est,
2663 3041 2864 3097 factum
2895 3043 2966 3098 sit
2999 3060 3014 3098 :
3047 3044 3200 3114 quasi
3246 3043 3418 3112 ipsum
3463 3043 3596 3098 nihil
3635 3044 3707 3096 sit
3750 3043 3852 3097 ali-

553 3153 688 3208 nihil
718 3153 817 3208 fuit
845 3170 1006 3209 causa
1038 3155 1174 3226 ejus,
1213 3156 1356 3224 quod
1394 3169 1458 3207 ex
1504 3154 1619 3224 ipso
1646 3149 1864 3207 factum
1897 3165 2002 3208 est.
2039 3153 2145 3208 Sed

2256 3132 2384 3202 quid
2433 3131 2674 3186 existens
2704 3132 2793 3193 1",
2823 3147 2889 3186 ex
2931 3149 3042 3206 quo.
3081 3133 3253 3202 possit
3283 3133 3484 3203 aliquid
3518 3133 3635 3186 fieri
3665 3150 3677 3185 :
3705 3133 3853 3202 quod

555 3247 831 3312 quomodo
864 3249 913 3301 id
944 3249 1086 3318 quod
1120 3248 1323 3301 nullum
1354 3249 1586 3302 habebat
1623 3260 1766 3311 esse,
1796 3245 2001 3312 adjuvit
2043 3246 2145 3299 ali-

553 3337 681 3406 quid
726 3339 792 3371 ¹⁸⁹
837 3351 892 3392 ιιι
937 3340 1246 3408 perveniret
1290 3340 1353 3393 ad
1390 3340 1552 3394 esse?
1609 3342 1665 3396 Si
1715 3349 1893 3394 autem
1940 3337 2143 3392 nuilnm

557 3431 928 3501 adjumentum
974 3435 1044 3490 de
1081 3435 1251 3489 nihilo
1281 3435 1529 3506 provenit
1565 3436 1629 3490 ad
1662 3435 1884 3505 aliquid,
1925 3435 2011 3490 cui
2053 3441 2146 3487 aut

557 3522 794 3590 qualiter
829 3525 1220 3593 persuadeatur
1251 3527 1376 3594 quia
1407 3541 1471 3580 ex
1510 3526 1679 3580 nihilo
1714 3527 1912 3594 aliquid
1940 3525 2142 3580 eﬂicia-

557 3615 686 3667 tur?
731 3613 1001 3671 Prteterea
1037 3617 1126 3682 ‘°°,
1157 3617 1292 3672 nihil
1339 3627 1432 3671 aut
1471 3618 1745 3687 signiﬁcat
1793 3611 2016 3686 aliquid,
2055 3624 2148 3671 aut

557 3721 663 3760 non
697 3707 965 3777 signiﬁcat
997 3708 1218 3778 aliquid.
1252 3708 1358 3764 Sed
1391 3709 1434 3765 si
1466 3709 1601 3764 nihil
1631 3718 1710 3764 est
1745 3709 1971 3780 aliquid,
2000 3725 2149 3778 qua:-

557 3813 772 3868 cnnque
804 3799 945 3854 facta
979 3810 1108 3855 sunt
1147 3816 1214 3856 ex
1255 3800 1456 3865 nihilo,
1493 3800 1633 3854 facta
1672 3809 1798 3855 sunt
1826 3801 1915 3867 ex
1941 3800 2142 3870 aliquo.

557 3887 612 3942 Si
644 3905 772 3944 vero
801 3890 932 3945 nihil
965 3907 1070 3946 non
1102 3901 1185 3947 est
1215 3892 1455 3962 aliquid:
1491 3892 1746 3961 quoniam
1783 3892 2004 3962 intelligi
2039 3908 2144 3948 non

552 3991 731 4051 potest.
763 3993 821 4038 nt
849 3999 912 4038 ex
943 3999 1006 4039 co
1032 3985 1094 4016 ¹⁶¹
1119 3984 1260 4055 quod
1289 3987 1504 4055 penitus
1531 4001 1637 4040 non
1670 3995 1774 4048 est,
1802 3984 1896 4039 ﬁat
1919 3986 2142 4056 aliquid,

555 4071 691 4125 nihil
723 4071 783 4128 ﬁt
811 4088 875 4128 ex
910 4075 1106 4139 nihilo;
1140 4083 1288 4131 sicut
1317 4090 1415 4130 vox
1453 4075 1693 4130 omnium
1727 4085 1813 4130 est
1847 4076 1971 4145 quia
2010 4076 2144 4132 nihil

553 4162 622 4216 de
668 4164 856 4220 nihilo.
908 4166 1058 4222 Unde
1099 4167 1314 4221 videtur
1353 4167 1610 4237 consequi
1659 4175 1717 4220 ut
1761 4168 2023 4237 quidquid
2059 4168 2136 4232 fit,

555 4249 650 4303 fiat
677 4267 740 4306 ex
773 4254 993 4323 aliquo:
1026 4264 1117 4309 ant
1144 4257 1287 4310 enim
1324 4257 1381 4310 fit
1413 4258 1477 4312 de
1503 4258 1706 4326 aliquo,
1739 4267 1831 4310 aut
1854 4259 1919 4312 de
1949 4258 2137 4312 nihilo.

553 4341 680 4398 Sive
726 4345 890 4418 igitur
930 4348 1061 4403 nihil
1101 4349 1170 4382 “’
1203 4349 1274 4403 sit
1305 4349 1542 4420 aliquid,
1585 4351 1700 4402 sive
1749 4347 1879 4402 nihil
1930 4364 2033 4402 non
2071 4349 2142 4403 sit

2255 3225 2510 3293 quoniam
2538 3240 2754 3294 semper
2778 3224 2968 3279 falsum
2995 3235 3106 3292 est;
3136 3226 3347 3295 quoties
3373 3239 3493 3279 esse
3518 3225 3584 3256 ¹⁷³
3609 3224 3849 3292 ponitur,

2255 3317 2598 3387 impossibilis
2621 3318 3052 3373 inconvenientia
3079 3318 3447 3387 consequitur.
3477 3316 3660 3372 Tertia
3678 3317 3852 3372 inter-

2253 3411 2508 3480 pretatio,
2539 3426 2641 3478 qua
2669 3396 2866 3464 dicitur
2895 3409 3099 3480 aliquid
3135 3425 3252 3465 esse
3275 3410 3476 3464 factum
3527 3411 3593 3464 de
3644 3409 3838 3474 nihilo,

2253 3511 2337 3555 est
2372 3517 2494 3556 cum
2525 3501 2593 3533 ⁸⁷⁸
2631 3501 2979 3571 intelligimus
3023 3516 3144 3556 esse
3189 3502 3404 3572 quidem
3458 3500 3692 3563 factum,
3747 3501 3844 3555 sed

2253 3608 2358 3648 non
2386 3609 2506 3648 esse
2548 3593 2775 3663 aliquid,
2811 3594 2962 3648 unde
3005 3594 3076 3648 sit
3116 3593 3336 3648 factum.
3382 3593 3486 3647 Per
3515 3592 3751 3647 similem
3781 3593 3853 3647 si-

2248 3687 2648 3756 gniﬁcationem
2680 3687 2748 3718 ¹⁷⁸
2787 3687 2890 3741 dici
2925 3687 3160 3750 videtur,
3198 3702 3319 3741 cum
3361 3685 3522 3739 homo
3552 3687 3851 3740 contrista-

2250 3790 2336 3835 tus
2377 3781 2495 3835 sine
2535 3795 2722 3842 causa,
2769 3780 2968 3833 dicitur
3029 3781 3384 3834 contristatus
3434 3779 3499 3834 de
3540 3780 3610 3810 ¹⁷⁶
3657 3780 3849 3832 nihilo.

2250 3869 2556 3923 Secundum
2605 3869 2768 3939 igitur
2810 3870 2875 3899 ¹⁷⁷
2923 3869 3064 3924 hunc
3112 3885 3331 3925 sensum
3385 3869 3426 3922 si
3480 3869 3842 3937 intelligatur,

2249 3959 2390 4030 quod
2430 3975 2591 4030 supra
2639 3959 2952 4013 conclusum
2998 3968 3101 4024 est,
3151 3960 3278 4028 quia
3329 3968 3524 4028 praeter
3574 3975 3849 4012 sunintain

2251 4053 2542 4106 essentiam
2591 4059 2811 4112 cuncta,
2868 4066 2989 4120 qua:
3043 4059 3171 4104 sunt
3213 4049 3280 4104 ab
3311 4050 3525 4114 eadem,
3571 4066 3637 4102 ex
3680 4049 3852 4101 nihilo

2253 4139 2390 4194 facta
2423 4147 2568 4201 sunt,
2601 4138 2650 4191 id
2677 4148 2782 4202 est,
2814 4154 2918 4191 non
2948 4154 3015 4192 ex
3053 4139 3238 4209 aliquo
3261 4154 3275 4192 :
3301 4139 3442 4193 sicut
3480 4139 3593 4199 ipsa
3625 4138 3854 4192 conclu-

2251 4234 2330 4287 sio
2370 4231 2730 4302 praecedentia
2789 4231 3177 4285 cnuvenienter
3224 4247 3585 4300 CODSCQINJIII'
3636 4231 3728 4289 ιη.
3776 4230 3850 4283 ita

2248 4338 2313 4376 ex
2350 4323 2538 4375 eadem
2573 4321 2921 4376 conclusione
2959 4321 3090 4375 nihil
3133 4322 3520 4376 inconveniens
3549 4321 3853 4389 subseque-

1813 4484 2044 4539 \'Alil/F.
2089 4484 2491 4571 LECTIOtVES.

627 4594 694 4626 ¹⁸⁹
734 4593 865 4661 Quia
919 4598 1062 4651 nulla
1121 4598 1345 4652 materia
1399 4615 1526 4652 mss.
1591 4597 1713 4666 quia
1767 4613 1828 4649 ex
1891 4597 2031 4650 nulla
2098 4599 2319 4652 materia

555 4663 739 4718 Timon

553 4737 620 4809 dc
692 4735 858 4809 nihilo
902 4756 1022 4791 mss.
1069 4740 1289 4808 quidam
1329 4740 1394 4794 de
1450 4738 1620 4809 nihilo
1697 4738 1765 4768 ³⁸³
1805 4738 1976 4792 Causa
2015 4740 2132 4809 ejus
2173 4757 2297 4793 mss.
2326 4755 2485 4793 causa
2520 4735 2604 4792 est
2624 4737 2742 4802 ejus
2782 4737 2884 4809 A’“
2923 4737 3072 4809 Quod
3097 4752 3161 4790 ex
3215 4754 3273 4792 se
3331 4739 3389 4791 ﬁt
3429 4755 3526 4793 ma.

552 4806 593 4859 it
695 4807 762 4836 “"‘
802 4807 1014 4878 Aliquid
1047 4806 1112 4862 ad
1162 4811 1453 4878 essentiam
1484 4807 1708 4864 effectus
1759 4825 1884 4862 mas.
1927 4806 2143 4878 aliquod
2188 4813 2253 4863 ad
2296 4810 2584 4864 essentiam
2617 4807 2792 4863 effecti
2872 4808 2939 4839 ¹⁸⁶
2981 4806 3240 4878 Utetiam
3295 4809 3422 4862 nulli
3449 4826 3546 4862 ms.

1033 4881 1098 4912 ³⁸⁷
1143 4879 1210 4934 Ut
1266 4883 1351 4934 vix
1419 4879 1509 4933 ulli
1559 4897 1682 4934 nisa.
1745 4889 1799 4932 et
1851 4880 1936 4933 vix
1993 4881 2083 4934 ulli
2124 4897 2248 4933 mas.
2295 4879 2499 4934 Timon.
2526 4889 2580 4933 et
2619 4880 2706 4934 vix
2756 4878 2830 4932 illi

549 4885 610 4930 nt
659 4885 714 4931 et
767 4878 894 4932 nulli

841 4666 905 4698 ¹⁸¹
974 4668 1101 4721 Mss.
1159 4668 1310 4722 Carb.
1370 4668 1520 4734 Quod
1571 4667 1658 4720 illa
1721 4669 1857 4720 ratio
1887 4669 1976 4729 sit,
2007 4678 2113 4722 etc.
2161 4679 2215 4722 ut
2258 4670 2311 4722 in
2365 4670 2445 4722 (il.
2479 4670 2666 4738 rapitis
2719 4667 2751 4721 9
2811 4668 2871 4738 in,
2917 4667 3090 4738 editis.

2432 4599 2497 4629 ”'°
2565 4596 2693 4665 Cap.
2757 4595 2787 4648 7
2841 4606 2914 4650 est
2973 4595 3005 4648 8
3065 4596 3116 4650 in
3173 4613 3300 4649 mss.
3361 4597 3509 4651 Gem.
3567 4597 3726 4652 Cori).
3803 4610 3852 4654 et

3173 4669 3239 4697 ιω
3293 4667 3548 4734 ριιςιξιιςιιιι
3576 4669 3853 4734 dubitatio

3627 4733 3742 4792 ιιοιι
3780 4757 3854 4796 ex

3634 4851 3644 4859 .
3676 4809 3852 4864 Mich.

2937 4878 3006 4948 ηε
3055 4877 3108 4931 Si
3167 4894 3297 4948 ergo
3362 4897 3486 4934 mas.
3554 4877 3682 4932 Vict.
3749 4883 3854 4934 sed

551 4963 681 5017 ergo
759 4949 826 4981 ¹⁵⁹
867 4949 1080 5014 Adjuvit
1109 4950 1252 5004 aliud
1281 4967 1406 5004 mss.
1439 4950 1642 5020 adjuvit
1687 4949 1890 5019 aliquid
1968 4951 2034 4982 "°
2072 4953 2358 5018 Propterea
2392 4968 2517 5004 mss.
2546 4961 2808 5020 prteterea
2887 4949 2950 5020 ‘7“
2991 4947 3177 5020 Potest
3221 4961 3279 5002 ιιι
3321 4964 3386 5003 eo
3419 4967 3541 5003 mss.
3575 4961 3754 5019 potest
3794 4961 3855 5003 ut

552 5034 618 5070 ex
652 5034 718 5073 eo
765 5021 882 5092 ξδ’-
906 5021 960 5092 Si
1001 5021 1169 5092 igitur
1210 5021 1342 5092 nihil
1368 5018 1515 5076 mssa
1541 5021 1668 5092 sive
1703 5018 1866 5086 igitur
1919 5022 2050 5075 nihil
2129 5023 2196 5052 ¹⁶³
2235 5022 2513 5084 Disputata
2549 5018 2829 5092 'sttntﬁma.
2873 5019 3030 5092 Coro.
3065 5018 3209 5092 dicta
3254 5030 3383 5092 sunt
3412 5036 3551 5092 uias.
3577 5018 3852 5088 disposita

559 5096 688 5142 sunt
760 5089 1097 5146 “"Maxime
1123 5090 1325 5161 aliquid
1364 5100 1500 5152 erat,
1540 5089 1672 5161 nihil
1710 5092 1834 5145 erit.
1869 5107 1994 5144 mas.
2037 5092 2172 5146 Tim.
2218 5091 2454 5145 maxime
2478 5099 2619 5161 erat,
2651 5091 2853 5161 aliquid
2883 5089 3022 5161 nihil
3045 5091 3169 5161 erit.

3254 5091 3320 5122 ⁸⁸⁸
3361 5090 3477 5144 Alia
3507 5090 3575 5144 ah
3605 5105 3665 5144 ea
3701 5093 3850 5144 facta

557 5169 789 5230 essent:
825 5163 903 5217 sic
934 5173 991 5216 ut
1022 5163 1153 5216 nihil
1183 5159 1307 5215 nisa.
1334 5161 1436 5214 alia
1463 5163 1542 5216 sic
1565 5160 1705 5215 facta
1739 5171 1922 5215 essent
1951 5164 2018 5214 ah
2043 5178 2130 5220 ea.
2161 5170 2219 5215 ut
2250 5163 2381 5214 nihil
2459 5161 2526 5191 ¹⁶⁶
2562 5159 2929 5225 Ροδεσοιιῇίοἰ
2982 5159 3083 5214 sibi
3117 5175 3256 5228 pene
3280 5161 3391 5230 jam
3430 5161 3639 5214 fatuum
3670 5167 3851 5214 statui

551 5244 650 5300 ius.
681 5228 840 5297 objici
872 5240 1030 5300 posse
1058 5233 1142 5287 vel
1181 5248 1317 5300 pene
1347 5233 1551 5286 fatuum
1574 5229 1686 5299 jam
1718 5232 1880 5285 statui
1960 5234 2024 5263 “'7
2053 5233 2117 5287 In
2161 5249 2282 5285 mss.
2313 5230 2458 5284 Gem.
2488 5230 2643 5284 Corb.
2698 5241 2744 5284 et
2771 5231 2906 5284 Tim.
2944 5230 3035 5284 50.
3077 5228 3418 5284 continuatur
3454 5241 3608 5299 caput
3641 5247 3850 5300 prtere-

549 5297 697 5351 deus.
776 5301 842 5332 ’⁸⁸
864 5297 1016 5368 Quod
1038 5297 1234 5360 dicitur
1262 5317 1326 5358 ex
1355 5303 1527 5358 nihilo
1553 5297 1672 5357 esse
1701 5319 1826 5356 mas.
1847 5303 1991 5371 quod
2021 5304 2222 5357 factum
2254 5303 2452 5355 dicitur
2489 5317 2552 5355 ex
2591 5303 2757 5358 nihilo
2834 5302 2899 5332 ⁸⁶⁹
2931 5300 3042 5354 Diei
3089 5309 3265 5370 potest
3287 5297 3689 5367 quidem’vera,
3721 5317 3855 5355 esse

551 5375 732 5442 tamen
788 5385 890 5424 non
939 5383 1137 5441 potest,
1186 5391 1313 5429 mss.
1350 5373 1484 5427 'l'lm.
1534 5373 1640 5428 dici
1689 5375 1906 5441 quidem
1940 5383 2137 5442 potest,
2193 5388 2316 5426 vera
2358 5379 2534 5426 tamen
2587 5386 2859 5442 esseinon
2891 5380 3105 5442 potest.
3186 5371 3252 5402 ¹⁷⁰
3306 5373 3527 5442 Dicatur
3580 5373 3660 5426 sic
3720 5387 3857 5442 esse

552 5436 752 5515 factum
778 5458 905 5515 ηιεε.
942 5436 1155 5498 dicatur
1195 5445 1394 5515 aliquid
1423 5445 1504 5498 sic
1532 5458 1651 5498 esse
1679 5436 1890 5515 factum
1942 5436 2020 5515 1"“
2068 5444 2133 5496 Ut
2164 5458 2229 5496 ex
2263 5443 2378 5508 ipso
2404 5442 2535 5495 nihil
2567 5458 2688 5515 mss.
2731 5441 2862 5494 Vict.
2892 5436 3040 5515 'Sag.
3074 5449 3133 5515 ut
3163 5458 3231 5515 ett
3260 5443 3373 5515 ipso
3403 5441 3572 5496 nihilo
3648 5443 3718 5473 ’τ’
3762 5441 3855 5515 Sit

551 5508 695 5584 aliud
744 5512 984 5567 exiSIeus
1011 5531 1134 5568 nisa.
1167 5515 1238 5567 sit
1283 5508 1487 5584 aliquid
1513 5515 1751 5569 existens
1828 5513 1896 5584 "’_’
1931 5512 2192 5584 Quotiens
2219 5523 2455 5584 estiuss.
2482 5513 2731 5578 qnu:icns
2760 5527 2880 5566 esse
2984 5511 3050 5543 ⁸⁷⁴
3077 5508 3369 5584 De__nihilo,
3423 5527 3554 5584 eum
3613 5530 3742 5566 mss.
3777 5513 3855 5584 de

551 5580 721 5652 nihilo
743 5591 845 5642 cst.
871 5598 991 5638 cum
1021 5601 1119 5638 ms.
1151 5584 1307 5638 Carb.
1339 5580 1404 5639 de
1435 5585 1603 5639 nihilo
1627 5582 1873 5649 estquod
1951 5584 2017 5614 ¹⁷⁵
2049 5583 2152 5637 Per
2203 5582 2433 5637 similem
2469 5583 2914 5650 significationem
2965 5599 3088 5636 nisa.
3136 5581 3268 5635 T/m.
3303 5581 3646 5652 persimilem
3694 5583 3854 5636 enim

552 5650 998 5719 signiﬁcationem
1077 5657 1142 5687 ‘7“
1173 5657 1536 5711 Contristatus
1579 5655 1646 5708 de
1696 5669 1818 5704 mss.
1862 5653 1997 5706 T/m.
2024 5653 2335 5706 contristari
2365 5653 2429 5705 de
2535 5655 2595 5686 ’⁷⁷
2639 5655 2943 5708 Secundum
2991 5654 3152 5723 igitur
3184 5650 3310 5706 nm.
3353 5654 3484 5707 'l‘lm.
3520 5653 3848 5708 Secundum

545 5723 690 5776 enim
771 5726 833 5754 ’τ’
876 5727 1266 5782 Couvcnicntcr
1297 5735 1553 5794 sequetur
1590 5741 1709 5775 mas.
1735 5727 2118 5778 t-tutveziicnter
2165 5736 2541 5793 eo::s~qm~.tur.
