4068 6286
230 355 251 409 1
266 356 332 412 337

227 561 546 630 pugnantia,
570 573 632 614 ea
656 574 777 629 quae
799 557 944 614 facta
972 567 1100 614 sunt
1127 576 1156 614 a
1181 559 1449 616 creatrice
1475 560 1544 592 ¹⁷⁹
1567 559 1818 614 substan-

229 652 303 708 tia
326 652 434 706 dici
459 651 672 723 possint
695 664 816 706 esse
838 665 904 706 ex
938 650 1110 704 nihilo
1135 651 1201 684 ’⁸ο
1225 651 1398 716 facta;
1429 667 1495 708 eo
1525 651 1690 705 modo
1711 666 1819 721 quo

227 745 335 800 diei
367 745 507 798 solet
539 744 692 798 dives
721 743 899 797 factus
925 759 994 798 es
1033 757 1290 814 paupere,
1321 753 1376 797 et
1403 743 1674 813 recepisse
1698 743 1819 812 quis

227 835 520 888 sanitatem
557 847 621 888 ex
668 833 989 902 aegritudine
1017 850 1031 888 :
1059 833 1110 888 id
1141 842 1246 899 est,
1294 835 1384 903 qui
1427 834 1579 904 prius
1616 847 1822 904 pauper

229 935 369 988 erat,
401 940 546 980 nunc
575 933 658 979 est
695 925 879 988 dives,
913 926 1057 994 quod
1099 931 1258 979 antea
1306 940 1413 980 non
1455 935 1606 990 eral;
1645 935 1700 980 et
1727 925 1818 996 qui

227 1019 385 1086 prius
417 1017 647 1074 habebat
692 1016 1093 1087 a‘gritudinem,
1135 1032 1279 1072 nunc
1323 1017 1488 1072 habet
1533 1017 1820 1072 sanitatem

229 1125 395 1178 quam
433 1119 591 1168 antea
626 1123 734 1162 non
767 1107 1020 1164 habebat.
1060 1108 1173 1164 Hoc
1205 1109 1367 1179 igitur
1396 1109 1556 1165 modo
1589 1125 1695 1165 non
1735 1111 1821 1165 iu-

230 1199 623 1253 convenienter
652 1197 876 1266 intelligi
924 1208 1123 1268 potest.
1151 1200 1196 1252 si
1226 1186 1439 1253 dicatur
1465 1202 1701 1256 creatrix
1731 1216 1824 1256 es.

230 1288 408 1342 sentia
435 1289 690 1343 universa
722 1289 916 1343 fecisse
948 1289 1017 1343 de
1043 1288 1232 1352 nihilo,
1261 1291 1376 1343 sive
1407 1291 1548 1359 quod
1571 1293 1823 1345 universa

233 1393 334 1448 per
359 1377 505 1432 illam
543 1378 687 1432 faeta
719 1379 827 1432 sint
866 1378 932 1410 ¹⁸⁸
960 1380 1028 1434 de
1057 1378 1225 1434 nihilo
1264 1395 1279 1433 :
1315 1379 1367 1433 id
1397 1390 1499 1445 est,
1529 1389 1655 1450 quae;
1674 1382 1826 1452 prius

234 1466 374 1523 nihil
402 1476 564 1523 erant
594 1483 734 1521 nunc
773 1477 900 1522 sunt
933 1467 1156 1539 aliquid.
1189 1467 1301 1524 Hac
1332 1469 1445 1539 ipsa
1475 1469 1676 1540 quippe
1697 1485 1827 1527 voce

233 1575 343 1628 qua
373 1559 596 1625 dicitur,
630 1560 758 1628 quia
801 1561 889 1614 illa
933 1560 1081 1628 fecit,
1114 1561 1248 1627 sive,
1295 1563 1423 1632 quia
1465 1563 1570 1617 ista
1595 1564 1660 1596 ¹⁸¹
1685 1564 1824 1618 facta

233 1657 394 1714 sunt;
429 1649 747 1720 intelligitur
770 1651 894 1717 quia
921 1665 1043 1704 cum
1072 1650 1158 1706 illa
1183 1649 1335 1718 fecit,
1358 1652 1560 1722 aliquid
1584 1651 1840 1719 fecit‘”;

233 1751 292 1796 et
319 1757 440 1796 cum
469 1741 568 1796 ista
595 1741 733 1796 facta
763 1751 913 1804 sunt,
935 1747 1042 1797 non
1069 1743 1172 1797 nisi
1199 1743 1401 1812 aliquid
1423 1744 1563 1810 facta
1587 1755 1712 1800 sunt
1734 1747 1819 1800 ηδ.

235 1831 332 1888 Sic
371 1833 515 1887 enim
551 1833 617 1864 ¹⁸⁸
655 1833 982 1902 aspicientes
1030 1833 1264 1904 aliquem
1314 1834 1383 1891 de
1427 1836 1580 1890 valde
1633 1838 1821 1893 humili
1862 1813 1901 1866 Β

233 1923 480 1989 fortuna,
531 1924 714 1978 multis
751 1925 962 1994 opilms.
1014 1926 1379 1981 honorilmsve
1425 1927 1493 1958 ²⁰⁶
1530 1927 1597 1981 ab
1645 1929 1827 1997 aliquo

234 2017 558 2080 exaltatum,
598 2017 862 2073 dicimus:
893 2017 1031 2072 Ecce
1069 2017 1157 2072 ille
1183 2017 1319 2074 fecit
1343 2019 1503 2073 istmn
1534 2020 1602 2074 de
1635 2021 1826 2091 uibilo,

235 2121 330 2162 aut
359 2108 534 2165 factus
563 2117 642 2163 est
681 2109 770 2164 ilie
799 2110 868 2163 ab
893 2110 996 2164 isto
1027 2109 1094 2164 de
1130 2109 1300 2164 nihilo
1326 2126 1340 2164 :
1373 2111 1425 2164 id
1447 2120 1552 2171 est.
1590 2112 1706 2181 ipse
1735 2116 1826 2182 qui

234 2202 554 2270 priusquasi
581 2201 805 2256 nihilum
830 2201 1178 2271 repntabatur
1203 2202 1293 2267 η’,
1318 2215 1459 2256 nunc
1485 2203 1574 2257 illo
1597 2205 1829 2262 faciente

235 2307 367 2347 vere
392 2293 594 2362 aliquid
621 2293 940 2348 :estimatur.

778 2381 1004 2437 CAPUT
1052 2381 1120 2438 Ix
1161 2384 1298 2454 (50).

239 2491 398 2558 Quod
425 2509 488 2546 ea
519 2509 638 2561 qua!
665 2492 806 2559 facta
836 2506 956 2546 sunt
993 2493 1059 2524 ""
1085 2510 1149 2546 ex
1178 2493 1363 2557 nihilo,
1411 2497 1650 2550 nonnihil
1682 2509 1832 2553 erant

311 2573 595 2632 antequam
619 2563 823 2631 ﬁerent,
845 2572 1100 2629 quantum
1123 2563 1193 2616 ad
1216 2564 1470 2618 rationem
1493 2565 1755 2634 facientis.

234 2653 587 2729 Cossrecrus
611 2669 851 2729 eset-ris.
869 2684 938 2694 —
963 2653 1105 2729 Nihil
1144 2655 1536 2729 rationabiliter
1561 2657 1629 2711 ab
1647 2659 1832 2729 aliquo

316 2727 406 2788 lit,
455 2725 557 2777 nisi
610 2724 662 2776 in
713 2725 825 2794 ipso
868 2726 1137 2792 prmcedat
1189 2725 1263 2779 rei
1319 2725 1580 2780 facienda:
1636 2724 1828 2785 forma.

315 2795 446 2866 Erat
487 2794 652 2866 igitur
693 2794 745 2848 in
781 2795 991 2848 ratione
1037 2810 1244 2866 summa
1289 2805 1494 2851 natura:
1534 2797 1694 2866 quid,
1738 2812 1833 2854 aut

315 2863 530 2934 qualia,
591 2873 684 2918 aut
745 2863 1256 2935 quomotlo‘futura
1312 2877 1494 2922 essent
1551 2863 1828 2935 universa,

317 2939 643 3006 priusquam,
671 2935 884 2990 ﬁerent.
937 2936 1078 3005 Ergo
1112 2945 1417 3006 antequam
1471 2948 1675 3001 essent,
1721 2955 1828 2994 non

315 3017 472 3058 erant
517 3005 682 3078 nihil;
729 3021 828 3078 nec
876 3021 942 3060 ex
989 3005 1158 3078 nihilo
1211 3005 1370 3072 sunt,
1403 3009 1623 3078 quando
1669 3021 1848 3076 sunt,

317 3084 578 3142 quantmn
612 3077 679 3130 ad
718 3076 982 3131 rationem
1019 3076 1288 3131 facientis.

317 3167 517 3220 Verum
549 3167 732 3222 videor
764 3168 892 3223 mihi
921 3168 1106 3223 videre
1135 3169 1387 3237 quiddam
1421 3172 1560 3240 quod
1596 3188 1699 3226 non
1724 3190 1820 3228 ne-
1857 3163 1902 3222 (ἶ

239 3257 513 3326 gligenter
536 3259 601 3289 ¹⁸⁹
623 3259 931 3313 discernere
957 3260 1118 3330 cogit,
1148 3261 1441 3315 secundum
1465 3263 1594 3330 quid
1626 3279 1689 3319 ea
1714 3279 1832 3332 (pne

239 3351 391 3402 facta
429 3359 583 3414 sunt,
617 3362 903 3420 antequam
935 3353 1151 3415 tierent,
1193 3351 1295 3404 (1ιεί
1332 3353 1536 3421 possint
1571 3353 1636 3383 "°
1670 3353 1833 3408 fuisse

238 3440 403 3494 nihil.
445 3424 601 3494 Nullo
639 3457 871 3512 nutuque
911 3452 1068 3512 pacto
1111 3443 1222 3496 fieri
1273 3451 1447 3512 potest
1497 3442 1696 3513 aliquid
1746 3460 1831 3496 ra-

243 3531 583 3587 tionabiliter
617 3535 680 3563 “”
721 3535 789 3588 ab
817 3535 1019 3603 aliquo.
1068 3537 1170 3589 nisi
1221 3536 1273 3588 in
1326 3535 1573 3589 facientis
1625 3536 1834 3591 ratione

239 3626 518 3695 priet-edat
578 3626 794 3698 aliquod
853 3629 928 3682 rei
977 3629 1234 3684 faciendae
1285 3629 1435 3698 quasi
1506 3628 1830 3697 exemplum,

239 3717 364 3770 sive
395 3719 475 3786 (ut
497 3718 676 3787 aptius
705 3719 771 3755 ¹⁹¹
802 3718 1023 3777 dicitur)
1055 3717 1247 3780 forma.
1281 3719 1360 3772 vel
1393 3717 1708 3781 similitudo,
1743 3729 1835 3772 aut

242 3809 455 3878 regula.
519 3809 672 3864 Patet
729 3811 911 3883 itaque
966 3810 1224 3879 quoniam
1279 3809 1595 3879 priusquam
1644 3809 1834 3864 fierent

241 3900 526 3965 universa,
573 3912 690 3956 erat
736 3903 788 3956 in
844 3903 1051 3956 ratione
1086 3903 1154 3933 ¹⁹³
1180 3917 1408 3956 sumnnn
1449 3910 1675 3965 naturae,
1709 3900 1832 3969 quid

242 4000 342 4041 aut
364 3990 544 4059 qualia
572 4000 665 4045 aut-
690 3993 962 4062 quomodo
1011 3993 1195 4046 futura
1227 4000 1408 4044 essent
1442 4004 1456 4042 :
1495 4003 1663 4058 quare
1713 4002 1833 4040 cum

246 4096 318 4134 ea
343 4096 464 4150 qua:
500 4065 639 4136 facta
676 4069 822 4151 sunt,
852 4084 1056 4139 clarum
1086 4085 1156 4138 sit
1190 4082 1323 4137 nihil
1354 4081 1518 4136 fuisse
1548 4088 1835 4147 antequam

244 4171 468 4237 fierent,
498 4187 756 4243 quantum
789 4179 854 4230 ad
885 4178 1006 4241 hoc,
1035 4178 1161 4246 quia
1196 4191 1300 4228 non
1335 4183 1492 4227 erant
1520 4171 1663 4241 quod
1697 4183 1838 4223 nunc

244 4273 419 4328 sunt,
467 4279 570 4320 nec
613 4274 731 4321 erat
779 4283 844 4324 ex
895 4282 1002 4336 quo
1051 4268 1271 4330 fierent;
1327 4279 1430 4317 non
1481 4271 1659 4316 tamen
1707 4258 1838 4312 nihil

244 4366 430 4422 erant,
458 4369 716 4427 quantum
760 4363 827 4415 ad
864 4363 1130 4416 rationem
1171 4357 1440 4423 facientis,
1471 4371 1566 4428 per
1593 4370 1754 4424 quam
1785 4360 1840 4406 et

246 4449 548 4504 secundum
577 4466 739 4522 quam
777 4453 989 4508 fierent.

1621 351 2104 411 MONOLOGlUM.
2158 403 2162 406 .

229 477 350 533 tur;
391 466 642 538 quamvis
678 481 783 522 non
821 464 1352 524 inconvenienteret
1381 468 1500 522 sine
1532 468 1682 523 omni
1723 481 1812 523 re-
1841 468 1890 525 Α

3396 355 3502 415 158

2329 468 2560 526 esrur
2605 470 2648 526 x
2700 469 2826 544 [al.,
2857 470 2949 543 IX]
2987 472 3075 525 ηε.

1922 555 2209 630 Quodilla
2225 559 2368 630 ratio
2398 560 2464 592 ¹⁹⁸
2487 561 2552 613 sit
2593 563 2836 630 quietiam
2876 578 3049 615 rerum
3101 561 3326 625 locatio,
3369 562 3516 617 sicut

2026 626 2178 694 faber.
2197 629 2324 682 dicit
2351 630 2496 698 prius
2527 626 2670 700 apud
2695 649 2750 685 se
2772 632 2911 703 quod
2937 632 3003 662 ¹⁹⁶
3035 630 3273 699 [acturus
3300 641 3399 686 est.

1921 715 2266 773 Cosseecws
2302 735 2530 774 CAPITIS.
2560 721 2837 776 —Forma
2877 737 3056 777 rerum
3102 721 3154 774 in
3187 732 3369 776 mente
3426 723 3508 777 div

1948 797 1951 800 '
1993 788 2118 862 vina
2154 797 2245 862 est
2271 804 2456 843 earum
2494 793 2725 859 quadam
2774 795 2826 846 in
2869 793 2982 862 ipsa
3030 792 3242 848 ratione
3284 793 3504 847 locutio.

1949 885 1951 888 ‹
1991 857 2153 930 88ic
2177 857 2330 913 faber
2350 857 2677 930 opum—quod
2707 857 2946 916 facturus
2969 865 3071 922 est;
3101 863 3238 916 intra
3267 878 3328 916 se
3352 864 3504 916 dicit.
3554 903 3558 910 ,

1995 929 2127 1002 item
2182 943 2344 1002 uuam
2390 929 2582 984 autem
2635 932 2922 1002 tripliciter
2971 932 3114 1002 loqui
3175 947 3506 1001 possumus:

1997 1001 2049 1053 l.
2083 998 2445 1071 sensibiliter,
2486 1001 2834 1056 seusihilibus
2872 998 3298 1071 signis'utendo;
3332 1003 3388 1057 2.
3425 1005 3510 1056 in-

1949 1093 1951 1096 ⁴
1997 1069 2361 1141 sensibililer,
2413 1071 2526 1125 haec
2577 1071 2726 1141 signa
2781 1069 3174 1126 insensibiliter
3220 1074 3359 1126 intra
3411 1091 3509 1128 nos

1995 1139 2314 1208 cogitando;
2363 1141 2416 1193 5.
2451 1156 2550 1196 nec
2585 1139 2918 1195 sensibiliter
2963 1157 3062 1195 nec
3103 1142 3506 1206 insensibiliter,

1999 1224 2105 1280 non
2133 1211 2284 1280 signa
2313 1213 2408 1265 sed
2435 1226 2520 1264 res
2553 1212 2695 1280 ipsas
2724 1220 2903 1266 mente
2925 1211 3175 1265 dicemlo.
3213 1212 3308 1266 llis
3337 1213 3511 1266 tribus

2000 1279 2287 1349 locutionis
2339 1279 2628 1349 generibus
2686 1281 2894 1349 singula
2943 1282 3104 1337 verba
3154 1283 3506 1338 conveniunt.

2000 1348 2182 1404 Tertia
2217 1348 2504 1405 locutionis
2530 1351 2692 1405 verba
2721 1348 2850 1406 sunt
2881 1350 3170 1411 naturalia,
3199 1361 3252 1404 et
3281 1353 3508 1420 proinde
3586 1361 3596 1370 ‘

1999 1420 2188 1474 eadem
2227 1421 2365 1490 apud
2404 1437 2611 1475 omnes.
2648 1421 2772 1476 llzcc
2807 1422 2895 1475 ubi
2940 1430 3085 1486 sunt,
3125 1420 3326 1474 nullum
3365 1420 3508 1474 aliud

2000 1491 2226 1545 verbum
2265 1501 2350 1545 est
2383 1494 2752 1546 necessarimn
2793 1493 2858 1544 ad
2891 1506 3004 1545 rem
3046 1491 3509 1561 cognoscendam:

1999 1568 2056 1615 et
2088 1561 2176 1614 ubi
2208 1561 2321 1615 lucc
2349 1576 2469 1616 esse
2498 1577 2603 1615 non
2635 1569 2882 1631 possunt,
2916 1576 3076 1616 omne
3110 1559 3256 1631 aliud
3287 1560 3509 1614 verbum

2000 1640 2095 1682 est-
2121 1631 2310 1685 inutile
2345 1632 2409 1684 ad
2431 1647 2560 1686 rem
2600 1629 3104 1686 demonstrandam.
3144 1629 3320 1685 Verba
3353 1640 3510 1683 natu-

1953 1705 1956 1709 ’
2002 1701 2131 1771 ralia
2163 1711 2289 1754 sunt
2320 1702 2549 1763 veriora,
2583 1702 2708 1770 quia
2744 1703 2905 1756 rebus
2935 1710 3054 1755 sunt
3091 1701 3258 1771 magis
3287 1700 3508 1765 similia.

2003 1769 2154 1825 Unde
2190 1771 2412 1824 verbum
2465 1769 2711 1826 naturale
2751 1780 2830 1825 est
2875 1772 3106 1824 maxime
3149 1769 3422 1839 proprium
3459 1781 3516 1824 et

2001 1840 2298 1911 principale
2331 1841 2407 1896 rei
2436 1843 2682 1895 verbum.
2717 1840 2839 1895 llazc
2867 1855 2998 1911 ergo
3029 1840 3227 1894 locutio
3261 1841 3381 1903 fuit,
3408 1855 3512 1908 qua

2001 1927 2208 1964 suuuna
2243 1912 2480 1966 essentia
2510 1912 2646 1966 dixit
2676 1913 2880 1978 omnia,
2909 1921 3198 1981 antequam
3229 1919 3430 1975 essent,
3459 1919 3517 1964 ut

2001 1996 2096 2050 per
2125 1981 2267 2035 illam
2301 1983 2513 2035 tierent.

2003 2076 2090 2130 Illa
2131 2084 2310 2129 autem
2352 2075 2526 2128 forma
2566 2089 2769 2134 rerum,
2799 2089 2918 2143 qua:
2952 2073 3002 2127 in
3035 2071 3151 2139 ejus
3194 2072 3404 2126 ratione
3432 2086 3519 2126 res

1930 2169 2194 2222 creandas
2239 2167 2609 2237 prmcedehat,
2646 2166 2774 2236 quid
2815 2165 2959 2219 aliud
2998 2174 3082 2219 est
3121 2180 3283 2232 quam
3331 2179 3513 2216 rerum

1930 2261 2175 2332 quzedam
2220 2259 2271 2313 in
2311 2258 2678 2328 ipsaratione
2724 2256 2958 2320 locutio;
3001 2255 3165 2324 veluti
3199 2271 3320 2309 cum
3368 2254 3520 2307 faber

1933 2349 2172 2402 facturus
2205 2345 2423 2416 aliquod
2452 2361 2562 2401 sua:
2592 2346 2728 2400 artis
2759 2361 2914 2414 opus,
2940 2347 3089 2414 prius
3128 2344 3256 2397 ilhnl
3290 2345 3429 2397 intra
3462 2356 3522 2396 se

1933 2441 2064 2492 dicit
2101 2437 2298 2491 mentis
2325 2437 2719 2506 conceptione?
2760 2435 2956 2492 Mentis
2987 2446 3167 2489 autem
3195 2436 3260 2467 “'7
3292 2436 3405 2490 sive
3433 2450 3520 2488 ra-

1935 2530 2156 2585 tionalis
2204 2531 2532 2584 locutionem
2563 2531 2632 2563 ¹⁹⁸
2659 2531 2748 2584 hic
2778 2531 3044 2606 intelligo,
3079 2547 3183 2585 non
3215 2547 3336 2586 cum
3363 2545 3522 2585 voces

1935 2637 2114 2674 rerum
2152 2621 2561 2690 singnilicativa:
2590 2622 2929 2692 cogitantur;
2963 2623 3056 2677 sed
3085 2638 3208 2677 cum
3238 2639 3323 2676 res
3367 2623 3516 2692 ipsa},

1931 2713 2017 2767 vel
2060 2711 2272 2775 futurtc,
2304 2712 2388 2767 vel
2410 2711 2520 2780 jam
2573 2713 2874 2768 existentes
2920 2714 3036 2768 acie
3086 2713 3425 2784 cogitationis
3469 2713 3520 2765 in

1935 2815 2117 2860 mente
2148 2806 2562 2876 conspiciuntur
2589 2808 2676 2861 '9’.
2715 2806 3008 2875 Frequenti
3040 2821 3273 2876 namque
3301 2823 3396 2862 usu
3428 2821 3522 2861 co-

1931 2895 2212 2964 gnoscitur
2238 2895 2363 2964 quia
2393 2892 2506 2950 rem
2537 2911 2697 2950 unam
2728 2897 3009 2967 tripliciter
3039 2883 3181 2966 loqui
3211 2911 3523 2966 possumus.

1931 2984 2039 3038 Aut
2075 2983 2220 3038 enim
2262 3000 2347 3038 res
2389 2983 2664 3054 loquimur
2694 2985 2865 3056 signis
2903 2985 3276 3050 seusibilibus,
3325 2985 3377 3039 id
3413 2995 3519 3051 est,

1933 3093 2056 3147 qum
2088 3077 2338 3132 sensibus
2379 3078 2658 3148 corporeis
2697 3077 2885 3133 sentiri
2918 3087 3163 3147 possunt,
3196 3077 3534 3132 sensibiliter,

1935 3169 2162 3231 utendo;
2201 3179 2295 3222 aut
2315 3169 2503 3224 eadem
2533 3169 2711 3238 signa,
2743 3184 2864 3238 qua:
2898 3168 3032 3223 foris
3060 3168 3337 3223 sensibilia
3368 3176 3519 3234 sunt,

1937 3262 2075 3314 intra
2107 3275 2205 3314 uos
2232 3261 2618 3315 insensibiliter
2642 3261 2929 3330 cogitando
2956 3260 3059 3324 '°°;
3091 3269 3178 3314 aut
3219 3275 3317 3314 nec
3344 3258 3523 3313 sensi-

1937 3345 2141 3416 lii‘liter,
2177 3367 2276 3406 nec
2318 3351 2705 3405 insensibiliter
2737 3351 2821 3405 his
2847 3351 2912 3382 ¹⁰¹
2944 3351 3116 3422 signis
3151 3347 3383 3412 utendo,
3429 3349 3522 3403 sed

1939 3457 2025 3502 res
2056 3443 2224 3510 ipsas,
2256 3441 2336 3495 vel
2380 3456 2668 3510 corporum
2723 3441 3128 3512 imaginatione,
3167 3440 3252 3493 vel
3297 3439 3523 3493 rationis

1938 3532 2233 3598 intellectu,
2266 3547 2362 3600 pro
2396 3546 2574 3585 rerum
2618 3532 2856 3600 ipsarum
2897 3529 3239 3594 diversitate,
3286 3529 3430 3582 intus
3471 3529 3522 3581 in

1938 3636 2120 3680 nostra
2175 3635 2352 3680 mente
2411 3626 2659 3680 dicendo.
2718 3623 2890 3679 Aliter
2954 3638 3188 3692 namque
3244 3623 3519 3677 hominem
3556 3647 3568 3660 κ

1937 3719 2083 3782 dico,
2113 3733 2233 3772 cum
2265 3732 2388 3771 emn
2413 3717 2516 3771 hoc
2546 3716 2784 3780 nomine,
2817 3715 2958 3784 quod
2989 3723 3093 3777 est,
3125 3713 3307 3776 homo,
3359 3712 3528 3782 signi

1941 3810 2071 3875 lico;
2114 3809 2272 3864 aliter
2300 3823 2422 3862 cum
2463 3808 2602 3862 idem
2645 3823 2838 3861 nmnen
2881 3816 3072 3860 tacens
3114 3805 3330 3874 cogito;
3371 3803 3526 3855 aliter

1937 3919 2058 3956 cmn
2109 3917 2232 3956 eum
2276 3892 2448 3969 ipstun
2498 3901 2768 3972 hominem
2820 3915 2992 3963 tuens,
3026 3907 3117 3950 aut
3160 3911 3254 3966 per
3283 3893 3526 3962 corpori:

1939 3983 2256 4063 imaginem,
2310 4003 2396 4045 aut
2428 4008 2524 4060 per
2555 4003 2819 4046 rationem
2849 3991 3125 4048 intuetur;
3156 4004 3254 4056 per
3281 3986 3530 4052 corporis

1939 4085 2154 4155 quidem
2188 4083 2502 4154 imaginem,
2544 4093 2600 4134 ut
2631 4097 2751 4136 cum
2796 4082 2912 4149 ejus
2946 4081 3016 4110 ’θ’
3046 4077 3352 4132 seusibilem
3388 4075 3522 4141 figu-

1942 4191 2056 4229 ram
2097 4175 2421 4245 imaginatur
2453 4191 2466 4226 :
2493 4188 2588 4240 per
2631 4172 2895 4225 rationem
2944 4184 3092 4233 vero,
3141 4178 3196 4219 ut
3236 4181 3358 4220 cum
3402 4165 3527 4217 ιιιιί-

1941 4267 2203 4322 versalcm
2240 4267 2354 4336 ejus
2385 4267 2700 4327 essentiam,
2732 4279 2850 4334 qum
2877 4271 2981 4325 est,
3015 4259 3215 4316 animal
3265 4256 3528 4312 rationale

1944 4359 2190 4424 mortale,
2233 4359 2456 4428 cogitat.
2502 4357 2591 4411 llze
2629 4372 2754 4410 vero
2797 4365 2906 4410 tres
2951 4354 3200 4424 loquendi
3232 4351 3526 4406 varietates

1942 4448 2165 4520 singula:
2212 4450 2394 4503 verbis
2445 4448 2528 4502 sui
2583 4447 2799 4518 generis
2847 4454 3139 4508 constant;
3198 4444 3294 4498 Sed
3360 4441 3536 4516 illitis,

1528 4558 1762 4616 ΥΑΒΙΛΕ
1791 4559 2198 4616 LECTIONES.
3058 4616 3062 4620 .

327 4656 393 4687 ¹⁷⁹
453 4655 614 4712 Facta
667 4675 696 4712 a
748 4660 1012 4714 creatrice
1055 4676 1179 4714 mss.
1246 4657 1385 4711 facta
1434 4663 1559 4710 sunt
1611 4669 1638 4707 a
1696 4642 1963 4707 creatrice
2066 4654 2133 4684 "‘°
2166 4655 2395 4708 Possunt
2428 4671 2489 4707 ex
2527 4653 2690 4706 nihilo
2723 4669 2851 4706 mss.
2877 4651 3082 4720 possint
3113 4664 3232 4703 esse
3262 4663 3327 4702 ex
3360 4647 3530 4700 nihilo

249 4725 395 4779 facta
476 4728 541 4759 ¹⁸¹
585 4728 686 4782 Per
719 4730 804 4783 illa
840 4732 977 4784 facta
1011 4739 1136 4784 sunt
1164 4747 1286 4783 mss.
1331 4726 1462 4778 Vict.
1494 4723 1620 4792 Sag.
1651 4739 1747 4792 per
1776 4723 1919 4776 illam
1964 4724 2103 4777 facta
2136 4727 2241 4777 sint
2321 4726 2386 4756 ³⁸³
2424 4725 2547 4777 Sive
2573 4726 2713 4792 quod
2749 4725 2848 4776 ista
2881 4739 3004 4776 mss.

252 4795 323 4828 ¹⁸³
362 4796 556 4869 Aliqua
590 4800 715 4853 fecit
757 4819 859 4853 mss
913 4801 1113 4869 aliquid
1149 4801 1273 4852 fecit
1349 4797 1416 4827 ¹⁸³
1457 4795 1566 4848 Nisi
1621 4794 1989 4869 aliqua-laeta~
2030 4803 2153 4869 sunt
2192 4811 2319 4869 mss.
2358 4795 2459 4848 nisi
2511 4796 2712 4869 aliquid
2754 4797 2893 4869 facta
2928 4801 3052 4846 sunt

252 4883 352 4920 ms.
407 4866 540 4921 Vict.
564 4870 658 4933 15.
701 4872 778 4926 sic
808 4881 988 4926 autem

3074 4724 3189 4774 sive
3235 4723 3360 4787 quia
3424 4723 3527 4771 ista

3147 4790 3214 4821 ¹⁸⁸
3257 4792 3346 4840 Sic
3378 4789 3526 4840 enim

1068 4870 1133 4900 ⁸⁸⁸
1175 4869 1589 4935 llouoribusque
1619 4857 1742 4935 mss.
1780 4861 1912 4935 Vict.
1951 4863 2078 4935 Sag.
2112 4865 2477 4935 honoribusve
2552 4857 2616 4896 ¹⁸θ
2663 4864 3035 4932 lleputabatur
3065 4877 3188 4914 mss.
3213 4857 3366 4935 ‘Vict.
3393 4857 3520 4935 Sag.

249 4922 626 5004 deputabatur
691 4922 775 4972 m7
1051 4922 1243 4995 videor
1274 4956 1399 4992 mss.
1426 4922 1575 4990 Gem.
1611 4933 1767 5006 ϐριθὺ.
1813 4932 1948 4986 Tha.
1987 4922 2116 4987 Vict.
2153 4933 2278 5006 Sag.
2309 4937 2372 4988 ab
2418 4936 2498 4988 liis
2539 4936 2702 4987 verbis
2741 4922 2986 5006 inclinant
3020 4941 3172 4996 caput
3207 4932 3265 4996 9,
3299 4929 3436 4997 quod
3468 4929 3522 4977 in

248 5003 541 5080 amcam.
568 5010 772 5064 nullam
810 5012 1021 5080 prtvfert
1051 5005 1260 5064 titulum
1294 5026 1312 5063 :
1345 5026 1472 5080 mss.
1503 5021 1619 5060 vero
1651 5003 1758 5080 alia
1798 5007 1935 5080 hunc
1964 5003 2306 5072 prmmittuitt.
2338 5007 2488 5080 Quod
2518 5021 2579 5060 ea
2622 5021 2740 5080 qu:_c
2772 5004 2910 5056 facta
2938 5012 3084 5080 sunt.
3114 5013 3212 5054 etc.
3255 5012 3370 5080 atina"
3400 5006 3522 5080 situt

250 5077 436 5130 titulus
472 5081 658 5147 capitis
686 5082 738 5136 8.
771 5077 828 5135 iit
854 5077 1079 5135 excusis.

1180 5081 1249 5112 ‘89
1288 5079 1568 5148 Quoddam
1598 5076 1740 5148 quod
1771 5067 2098 5148 negligenter
2127 5093 2253 5130 mss.
2295 5067 2549 5148 quiddam
2581 5067 2725 5148 quod
2757 5090 2862 5148 non
2888 5073 3219 5148 negligenter
3295 5067 3362 5098 "°
3403 5067 3522 5146 υρςῖί

252 5159 480 5214 possunt
509 5136 633 5220 mss.
681 5152 785 5205 dici
816 5153 1028 5220 possint
1103 5151 1168 5183 ¹⁹¹
1209 5136 1364 5205 Aliud
1399 5136 1794 5220 ratioual'iiliter
1825 5136 1947 5199 mss:
1979 5147 2181 5220 aliquid
2216 5136 2614 5220 rationabiliter
2687 5144 2922 5220 ‘f’_Sive
2955 5136 3008 5194 iit
3036 5136 3375 5220 aptiusnms‘i.‘
3404 5136 3531 5220 _s.i\'e

251 5204 431 5284 aptius
509 5204 760 5275 “’Erant
780 5204 832 5275 ni
861 5204 1068 5276 ratione
1096 5204 1221 5275 mss.
1262 5221 1394 5274 Vict.
1424 5217 1718 5283 Sag.Gem.
1749 5214 2040 5270 Corb.erat
2071 5204 2124 5271 in
2153 5221 2360 5273 ratione
2437 5219 2503 5249 m
2541 5215 2672 5286 Cap.
2704 5217 2736 5270 9
2766 5217 2818 5286 iu
2845 5230 2966 5268 mss.
2991 5204 3141 5286 caput
3171 5211 3255 5286 ill.
3309 5204 3526 5286 f’hifss.

252 5278 410 5360 Curti.
447 5288 600 5355 Quod
635 5301 832 5354 tamen,
860 5302 966 5348 etc.
992 5306 1044 5345 ut
1076 5293 1129 5345 iu
1153 5293 1308 5346 titulo
1335 5278 1523 5360 capitis
1563 5287 1643 5341 l0.
1664 5287 1721 5360 iit
1745 5287 1972 5360 excusis.
2007 5285 2137 5342 Mss.
2165 5291 2271 5341 alia
2299 5291 2449 5356 Quod
2476 5290 2562 5343 illa
2599 5278 2734 5342 ratio
2763 5285 2856 5346 sit,
2885 5295 2995 5338 etc.
3025 5291 3079 5334 ut
3116 5281 3178 5360 in
3201 5278 3352 5333 titulo
3383 5278 3528 5360 capi:

254 5358 319 5409 tis
343 5360 396 5411 9.
429 5361 483 5412 in
505 5361 681 5414 editis.

760 5363 826 5394 ¹⁹⁶
865 5364 1017 5431 Quod
1049 5362 1246 5416 factum
1292 5355 1408 5414 estf
1427 5375 1550 5412 mss.
1579 5357 1724 5431 quod
1753 5355 1998 5411 facturus
2023 5369 2124 5412 est.

253 5425 502 5500 liationis
534 5425 941 5500 conceptionem
983 5442 1038 5488 et
1068 5433 1389 5488 locationem
1420 5445 1544 5482 mss.
1577 5425 1833 5500 emittant
1885 5431 2315 5497 ροιιοοριίοιιειηι

2205 5361 2271 5392 ¹⁹⁷
2310 5348 2544 5415 Mentem
2574 5369 2754 5414 autem
2801 5371 2928 5408 mss.
2961 5352 3160 5420 mentis
3191 5361 3376 5404 autem
3454 5348 3538 5420 “7",

2416 5431 2481 5462 '9’
2519 5427 3055 5496 Couspiciunturms.
3093 5419 3224 5475 Vict.
3258 5421 3312 5475 '5.
3336 5419 3526 5496 conci-

257 5498 480 5573 piuntur
537 5503 624 5573 7’”
667 5488 1010 5558 sensibiliter
1047 5505 1334 5573 cogitando
1370 5517 1494 5573 mss.
1531 5496 1923 5552 insensibiliter
1944 5488 2232 5573 cogitando
2306 5488 2372 5534 θοι
2418 5499 2522 5554 Nec
2551 5488 2877 5554 scnsibiliter
2907 5495 2991 5550 his
3011 5511 3137 5550 mss.
3167 5507 3266 5548 nec
3292 5488 3525 5546 sensibi-

255 5568 380 5622 liaer
410 5572 922 5630 uec-insensibiliter
945 5576 1030 5629 his
1105 5568 1173 5605 ²’⁰³
1214 5575 1348 5629 Cum
1379 5572 1494 5640 ejus
1537 5586 1663 5623 mss.
1695 5575 1753 5621 ut
1797 5584 1918 5621 cum
1951 5568 2068 5636 ejus

329 5763 442 5836 (50)
473 5766 621 5823 Alias
651 5777 732 5823 est
763 5781 887 5839 pars
917 5768 1114 5838 capitis
1142 5769 1195 5824 8.

1760 5655 1992 5713 ΝΟΤΛΕ.
