4030 6290
554 351 653 407 167
1120 339 1178 395 S.
1220 338 1522 395 ANSELMI
1565 329 1916 391 CANTUAB.
1946 326 2267 383 ARCHIEP.
2305 324 2458 382 OI’P.
2499 322 2677 378 PARS
2708 324 2748 378 Ι.
2788 354 2857 364 —-
2887 320 3309 378 DOGilA'l‘lCA.
3721 320 3825 378 ηε

619 462 807 519 batum
850 459 921 513 sit
947 454 1067 512 eam
1106 471 1211 508 non
1247 467 1366 507 esse
1410 468 1476 506 ex
1507 450 1647 509 alio,
1684 457 1776 502 aut
1812 462 1894 519 _c.\'_
1937 444 2129 519 nihilo.
2160 446 2204 503 Λ
2237 442 2381 495 nitas
2413 459 2426 494 :
2459 439 2600 509 quod
2626 454 2746 495 esse
2772 453 2936 509 supra
2987 436 3483 508 inexpugnaliilitcr
3542 437 3826 494 inventum

625 516 743 588 Eon
792 530 955 585 ειῑίιηὶ
994 542 1057 579 οι
1101 541 1158 579 50
1200 524 1280 575 Vel
1326 537 1420 592 De"
1454 537 1513 576 se
1555 520 1767 599 ίιιίίίυξη
1811 517 1975 599 hab“
2007 533 2020 568 ³
2055 516 2134 596 εἷο
2238 533 2303 565 ³⁸⁸
2334 540 2435 587 est.
2463 532 2665 586 Deinde
2692 531 2914 601 cogitet,
2943 530 3034 600 qui
3059 538 3255 599 potest,
3312 526 3530 595 quando
3581 527 3831 598 incmpit.

626 605 770 652 enim
798 608 881 652 est
908 614 971 652 ea
1000 613 1058 650 se
1089 595 1172 648 vel
1202 609 1296 652 per
1325 607 1402 652 se,
1436 600 1495 644 ut
1523 606 1628 643 non
1656 589 1759 642 alia
1795 596 1866 641 sit
1895 598 2131 641 essentia
2238 633 2323 652 η,
2365 623 2576 652 nam,“
2607 638 2712 652 mm
2757 621 2848 652 Μ,
2887 622 2989 652 ,ηη
3262 618 3465 652 “mm,
3533 620 3659 652 mh
3687 617 3831 652 ,κηκ-

624 609 1628 744 aggesti;sgeﬁ'é’\?rsgf”ci'tamn
2238 633 2330 680 aut
2364 623 2578 694 quando
2607 638 2714 677 non
2756 621 2856 676 l'uit
2887 622 2989 676 hoc
3016 636 3235 684 verum;
3261 618 3488 685 scilicet,
3533 620 3661 689 quia
3686 617 3833 675 futu-

957 737 987 744 ..
1104 736 1116 744 .
1191 733 1201 744 ν
1612 740 1623 744 -
1921 741 1966 744 AA
1994 728 2008 744 ι
2043 742 2064 744 κ,
2117 743 2133 744 ,,
2240 731 2356 744 -.ι-εὶ
2385 723 2495 744 ηις-ηε
2526 713 2726 744 ..ΙῖηηεΑ
2756 731 2767 743 ο
2803 724 2891 744 ιιι-ιι
2924 712 3139 744 ηηηηιΙη
3187 710 3393 744 Αυοῖηοι
3467 718 3516 744 nl
3571 725 3679 744 nnn
3733 713 3832 744 Διιῖι

1185 711 1455 799 ᾗςηςήοὶί
1486 711 1631 784 έέέέι
1653 711 1753 811 'Rér
1779 711 2008 814 s'ez‘sed
2041 742 2137 796 per
2238 731 2358 770 rum
2383 723 2502 770 erat
2526 713 2731 814 aliquid
2755 731 2768 767 :
2801 724 2897 767 aut
2924 712 3139 814 quando
3187 711 3420 814 desinet,
3467 718 3523 763 et
3570 725 3680 764 non
3733 713 3837 766 erit

627 802 797 868 aliud.
837 802 1059 881 Sunnua:
1095 806 1259 881 iam":
1292 813 1630 881 ηδιιιςιι,ιιρει
1681 802 1904 881 ίρςωνξι
1942 811 2037 881 μετ
2079 813 2137 851 80
2239 808 2342 861 hoc
2366 822 2583 870 verum;
2616 804 2846 869 scilicet,
2877 804 3005 874 quia
3052 802 3387 873 praeteritum
3442 802 3548 857 erit
3600 802 3831 872 aliquid.

628 884 713 967 )‘l'l,
739 898 805 967 9"
846 896 929 967 ξεί
947 868 1760 967 ξθάῇωξᾷ,ῘῘ¹ἚΞ¹,¹¹]ξξξξξίςξ¹ζ¹ξζε,ἓ¹
2240 899 2391 967 Quod
2415 900 2458 953 si
2483 906 2735 952 neutrum
2761 896 2951 950 horum
2982 895 3205 964 cogitari
3237 900 3437 963 potest,
3459 901 3515 947 et
3542 903 3836 963 utrumque

628 909 1760 1008 ᾖξὶ,ᾕῗ,τξϋὲεῖ“.“¹“”ιξοξξ
2240 909 2391 1013 Quod
2415 914 2458 953 su
2483 909 2735 952 neutrum
2761 909 2951 950 horum
2982 909 3205 964 cogitari
3237 909 3437 963 poteSt,
3459 909 3515 947 et
3542 909 3803 963 utrumqu

667 990 679 1005 ⁸
849 987 861 1004 ⁸
1021 989 1032 1000 ⁶
1102 985 1115 998 ⁸
1667 1010 1676 1013 -
2023 1007 2035 1013 -
2282 1003 2341 1013 ΑΛ
2364 1001 2550 1013 ..Λ-ιη...
2582 985 2701 1013 οἶα-,ι
2733 985 2964 1013 ινηιηῖιηιη
2992 998 3112 1013 noon
3160 999 3265 1013 “nn
3323 992 3493 1013 nnlnol
3518 1000 3531 1010 ο
3576 984 3803 1013 ἕνη-λιιιοοί

625 986 2136 1083 33:32:;"i5:59.;idinisse“nixae";35.jpg...
2238 986 2341 1083 ξιςξε
2582 986 2703 1083 sine;
2733 986 3134 1083 vernale_essc_
3322 992 3533 1083 ροιεῖειε
3576 986 3838 1083 impos;-

626 1071 837 1147 deliciet
866 1071 1018 1143 :"nou
1074 1071 1283 1149 v'ulens,
1317 1071 1457 1154 'quia
1507 1097 1611 1135 non
1647 1091 1727 1134 est
1769 1078 1995 1154 simplex
2040 1078 2137 1154 bu-_
2239 1078 2347 1134 bile
2370 1087 2449 1131 est
2480 1077 2560 1131 vel
2587 1077 2830 1147 cogitare
2853 1074 2995 1145 quod
3023 1075 3226 1130 veritas
3278 1073 3604 1143 principium
3652 1071 3744 1129 vel
3771 1072 3837 1128 tl-

630 1180 757 1218 num
808 1160 961 1237 cujus
1001 1148 1280 1210 voluntate
1315 1148 1453 1225 perit
1499 1148 2138 1237 summum“bonum;psi
2240 1170 2602 1226 nemhabcal.
2631 1168 2874 1237 Denique
2909 1167 2953 1221 si
3008 1167 3210 1220 veritas
3240 1165 3431 1220 habui,
3480 1165 3832 1235 principium.

560 1283 564 1287 .
627 1249 757 1287 vero
784 1222 995 1316 noleps,
1052 1243 1155 1316 qu
1180 1241 1263 1281 ρει
1290 1222 1497 1306 suntme
1524 1233 1712 1316 potens
1780 1222 1832 1316 δέ
1866 1233 1969 1316 nep
1997 1228 2140 1316 esset

2281 1261 2327 1316 cl
2356 1260 2575 1315 habebit
2604 1260 2764 1314 linem
2796 1277 2810 1316 :
2843 1268 3135 1316 anteanam
3166 1259 3279 1316 ipsa
3312 1258 3417 1312 inci

635 1267 757 1287 ,υιυ
785 1267 972 1285 "me...
1182 1267 1263 1281 ην
1290 1267 1497 1279 υ.......,ν
1562 1267 1710 1275 νη..-
1737 1267 1750 1280 ,
1781 1267 1832 1274 ν-
1866 1267 1969 1273 ---η
2001 1267 2138 1273 --μ-

630 1322 674 1358 te
701 1318 872 1367 crua;
906 1270 1208 1353 «ifveritas
1244 1267 1564 1367 principium
1614 1292 1693 1345 vel
1731 1292 1888 1343 linem
1941 1290 2141 1367 habere

2281 1267 2327 1317 el
2356 1267 2575 1315 habebit
2604 1267 2764 1314 linem
2796 1277 2810 1325 ;
2843 1268 3135 1328 antequam
3166 1267 3279 1327 ipsa
3314 1267 3611 1327 inciperet,
3645 1271 3837 1314 verum

631 1353 831 1441 nequit
858 1353 1102 1438 cogitari.
1152 1353 1435 1441 Nunquam
1476 1363 1619 1415 enim
1664 1378 1769 1415 non
1818 1375 2004 1413 verum
2044 1359 2142 1411 luit
2243 1364 2360 1409 erat
2390 1365 2517 1411 tunc
2551 1355 2673 1425 quia
2708 1353 2778 1386 ⁸⁸³
2807 1371 2912 1409 non
2935 1354 3305 1419 eratveritas;
3340 1364 3395 1407 et
3445 1363 3741 1424 postquam
3777 1357 3840 1408 li-

632 1437 759 1514 quia
786 1437 1023 1523 rutilium
1047 1447 1161 1518 erat
1188 1437 1388 1504 aliquid
1407 1444 1497 1525 aet
1523 1448 1793 1525 inituquam
1822 1446 1929 1485 non
1957 1446 2141 1484 verum

2284 1443 2355 1496 ita
2381 1444 2483 1497 erit
2505 1444 2629 1513 quia
2662 1443 2731 1475 ³⁸³
2753 1459 2857 1497 non
2887 1444 3011 1497 erit.
3038 1444 3198 1511 Atqui
3224 1443 3294 1474 λοι
3312 1458 3494 1497 verum
3527 1459 3632 1497 non
3660 1455 3843 1514 potest

628 1504 736 1569 crit
757 1513 880 1582 quia
913 1509 1243 1580 praeteritum
1270 1518 1353 1561 est
1382 1504 1606 1572 aliquid.

2281 1550 2366 1589 sse
2394 1535 2511 1589 sine
2567 1535 2793 1589 veritate
2825 1544 2981 1588 :erat
3025 1534 3189 1604 igitur
3234 1532 3440 1589 vetitas
3469 1575 3483 1594 ,
3546 1543 3840 1605 antequam

632 1607 712 1663 Ει
743 1619 851 1675 quo
877 1601 1176 1707 lSlu‘rnhfcc
1207 1607 1313 1707 um“
1345 1596 1570 1666 Simplex
1604 1605 1796 1707 "31"”
1827 1596 2146 1707 θνθθξῗξλιθί
2244 1633 2392 1677 esset
2419 1623 2651 1688 veritas;
2685 1633 2739 1677 et
2761 1624 2866 1678 erit
2909 1596 3112 1677 veritas
3139 1662 3154 1687 ,
3191 1631 3477 1692 postquam
3532 1596 3711 1676 ﬁnita'
3741 1627 3843 1679 erit

559 1704 713 1774 vigor
756 1700 998 1754 omnium
1042 1696 1163 1760 fuit,
1216 1694 1298 1749 vel
1346 1709 1627 1764 usquequo
1671 1693 1851 1795 futura
1891 1690 2018 1795 esi?
2059 1689 2143 1792 βπ
2179 1787 2218 1795 _
2247 1715 2653 1783 veritas;quod
2687 1689 3471 1769 inconvenientissimumvest.
3508 1712 3637 1768 Sive
3683 1713 3845 1783 igitur

558 1796 741 1865 potius
770 1806 870 1847 nec
893 1805 957 1844 ex
988 1805 1121 1859 quo,
1148 1803 1249 1843 nec
1274 1801 1557 1856 usquequo
1585 1794 1706 1849 est;
1740 1785 1833 1840 sed
1861 1785 1977 1838 sine
1999 1785 2150 1852 prin-

2281 1806 2461 1860 lieatur
2489 1807 2694 1860 veritas
2730 1805 2948 1872 habere,
2970 1809 3085 1860 sive
3122 1804 3454 1874 intelligatur
3488 1819 3594 1859 non
3632 1806 3842 1859 habere

559 1886 702 1956 eipio
725 1894 783 1940 et
807 1884 925 1939 sine
950 1884 1055 1936 line
1082 1880 1153 1911 '9‘
1183 1879 1308 1933 est?
1338 1878 1394 1933 Si
1422 1878 1565 1933 enim
1595 1874 1916 1946 principium
1944 1873 2105 1927 habet
2128 1911 2143 1935 ,

562 1988 659 2031 aut
689 1993 758 2030 ex
791 1989 849 2028 se
883 1974 969 2028 vel
1003 1988 1100 2044 per
1129 1986 1188 2026 se
1216 1971 1318 2025 hoc
1358 1970 1557 2032 habet;
1591 1978 1683 2022 aut
1711 1982 1776 2021 ex
1808 1965 1912 2019 alio
1943 1962 2021 2018 vel
2054 1978 2151 2033 per

564 2069 746 2134 aliud;
770 2076 867 2120 aut
890 2080 958 2121 ex
988 2064 1157 2121 nihilo
1181 2063 1264 2117 vel
1290 2078 1384 2132 per
1410 2060 1543 2116 nihil
1567 2059 1658 2113 "°.
1684 2059 1789 2114 Sed
1814 2065 2028 2112 constat
2057 2070 2152 2125 per

563 2160 849 2214 veritatem
876 2157 988 2226 jam
1029 2164 1365 2226 perspectam
1397 2152 1520 2223 quia
1571 2151 1717 2206 nullo
1746 2150 1905 2205 modo
1930 2165 1992 2203 ex
2022 2148 2149 2211 alio,

565 2249 649 2302 vel
677 2264 742 2303 ex
774 2246 975 2312 nihilo,
1014 2244 1098 2300 vel
1128 2259 1224 2314 per
1261 2244 1432 2308 aliud,
1461 2242 1544 2296 vel
1581 2257 1678 2311 per
1704 2240 1836 2294 nihil
1866 2248 1965 2293 est.
1999 2236 2155 2290 Nullo

564 2338 734 2407 igitur
765 2336 927 2392 modo
953 2350 1050 2405 per
1075 2334 1251 2399 aliud,
1284 2332 1366 2386 vel
1393 2347 1459 2386 ex
1485 2331 1612 2395 alio,
1640 2338 1736 2385 aut
1760 2344 1856 2400 per
1886 2326 2046 2390 nihil,
2073 2326 2155 2381 vel

564 2445 634 2484 ex
652 2428 835 2483 nihilo
856 2427 1072 2483 initium
1099 2426 1289 2480 sortita
1314 2434 1419 2479 est.
1453 2423 1529 2477 Ex
1555 2422 1733 2491 seipsa
1773 2435 1922 2481 vero,
1949 2416 2032 2471 vel
2061 2432 2157 2487 per

568 2534 630 2575 se
666 2518 879 2574 initium
913 2517 1116 2573 habere
1145 2530 1253 2569 non
1285 2522 1481 2585 potest,
1528 2527 1836 2582 quanquam
1862 2526 1925 2565 ex
1955 2509 2153 2578 seipsa,

567 2615 624 2663 et
651 2598 749 2677 per
773 2607 1008 2677 seipsam
1038 2605 1125 2659 sit.
1161 2604 1253 2658 Sic
1277 2603 1422 2659 enim
1451 2612 1535 2657 est
1560 2618 1627 2656 ex
1669 2616 1727 2657 se
1756 2610 1810 2653 et
1833 2614 1929 2669 per
1957 2614 2014 2653 se
2041 2596 2110 2629 ’⁸⁷
2139 2637 2155 2661 ,

567 2710 629 2755 ut
654 2699 801 2754 nullo
830 2698 989 2753 modo
1014 2698 1087 2753 sit
1121 2696 1225 2751 alia
1253 2696 1515 2758 essentia,
1543 2708 1664 2763 qua:
1687 2699 1769 2746 est
1805 2706 1899 2760 per
1924 2704 1982 2742 se
2008 2696 2065 2742 et
2090 2703 2158 2741 ex

569 2806 652 2857 se,
680 2798 733 2846 et
757 2789 862 2844 alia
904 2803 1002 2858 per
1025 2802 1189 2858 quam
1214 2795 1271 2841 et
1296 2800 1363 2839 ex
1408 2799 1514 2853 qua
1545 2791 1646 2837 est.
1681 2779 1950 2849 Quidquid
1977 2786 2156 2831 autem

567 2898 637 2937 ex
668 2880 850 2948 aliquo
885 2877 971 2932 vel
1014 2892 1112 2947 per
1137 2874 1342 2944 aliquid
1372 2873 1564 2943 incipit
1605 2885 1749 2935 esse,
1785 2884 1890 2924 non
1920 2875 2003 2922 est
2042 2882 2160 2921 om-

574 2971 708 3028 nino
754 2971 892 3025 idem
931 2966 1005 3024 illi
1049 2982 1117 3021 ex
1160 2980 1301 3034 quo,
1340 2962 1424 3018 vel
1464 2977 1561 3032 per
1596 2961 1740 3031 quod
1788 2958 1975 3028 incipit
2014 2972 2155 3013 esse.

576 3067 800 3120 Summa
831 3061 997 3132 igitur
1026 3067 1221 3115 natura
1252 3072 1359 3112 non
1388 3055 1612 3125 iucmpit
1638 3070 1735 3125 per
1762 3069 1840 3117 se,
1873 3051 1956 3106 vel
1984 3067 2049 3105 ex
2077 3066 2157 3105 se.

2249 1898 2575 1981 principium
2606 1898 2688 1951 vel
2739 1897 2923 1961 linem,
2982 1896 3129 1951 nullo
3184 1896 3361 1951 clauli
3416 1904 3596 1965 potest
3647 1895 3847 1949 veritas

2250 1990 2518 2062 principio
2546 1990 2629 2044 Vel
2662 1990 2801 2044 line:
2825 2004 2996 2060 quare
3028 1989 3168 2043 idem
3224 1988 3474 2057 sequitur
3532 1990 3600 2043 de
3631 2003 3846 2043 summa

2253 2094 2467 2146 natura,
2496 2080 2622 2150 quia
2661 2079 2773 2149 ipsa
2810 2093 3019 2133 summa
3049 2078 3252 2132 veritas
3272 2088 3377 2132 est.

2813 2190 3043 2248 CAPUT
3066 2189 3189 2244 XIX
3212 2190 3303 2244 '°'.

2400 2284 2673 2350 Quomoao
2701 2284 2828 2338 nihil
2856 2284 2955 2354 fuit
2983 2294 3125 2347 ante,
3150 2293 3239 2337 aut
3263 2281 3358 2335 erit
3385 2292 3496 2351 post
3524 2279 3700 2334 illam.

2255 2393 2600 2451 Consencrus
2622 2409 2850 2449 (IAPITIS.
2879 2423 2946 2434 —
2976 2392 3179 2461 Duplex
3202 2399 3285 2445 est
3305 2405 3497 2445 sensus
3523 2387 3687 2453 hujus
3717 2405 3852 2460 pro-

2330 2466 2691 2520 nuntiationis
2724 2482 2738 2517 2
2772 2463 2911 2518 i\ihil
2948 2463 3049 2517 l‘nit
3073 2472 3199 2516 ante
3227 2476 3497 2515 summam
3526 2461 3849 2515 essentiam.

2338 2538 2392 2590 l.
2444 2536 2537 2599 list
2568 2575 2583 2599 ,
2639 2535 2956 2605 priusquam
2982 2547 3190 2587 summa
3216 2532 3450 2587 essentia
3503 2540 3673 2591 esset,
3732 2530 3852 2605 l’uit,

2327 2621 2451 2662 cum
2488 2614 2606 2658 erat
2635 2603 2799 2668 nihil;
2832 2604 2887 2657 2.
2918 2603 3038 2666 Est,
3088 2612 3215 2656 ante
3249 2617 3518 2657 summam
3547 2604 3847 2656 cs-tentiam

2341 2690 2449 2729 non
2479 2674 2578 2728 fuit
2617 2674 2841 2744 aliquid.
2887 2672 3071 2744 Primo
3108 2686 3273 2726 sensu
3312 2669 3441 2744 falsa
3469 2679 3584 2736 est;
3616 2672 3856 2744 secundo

2332 2761 2493 2800 sensu
2527 2754 2612 2799 est
2642 2740 2792 2799 vera.
2826 2742 3028 2811 Duplex
3058 2756 3252 2813 sensus
3277 2741 3479 2813 pariter
3502 2753 3587 2813 est
3618 2757 3749 2813 cuin
3777 2740 3858 2793 di-

2333 2816 2477 2871 citur
2511 2833 2525 2869 :
2562 2813 2694 2870 Post
2736 2810 3005 2869 summam
3052 2810 3347 2867 essentiam
3405 2810 3540 2866 nihil
3576 2820 3665 2867 est
3716 2811 3859 2864 lutu-

2331 2901 2475 2942 rum.

2256 3044 2257 3047 η
2335 2977 2441 3034 Sed
2472 2992 2601 3033 ecce
2634 2975 2827 3032 iterum
2857 2973 3259 3046 insurgitnihil,
3280 2983 3334 3029 et
3360 2988 3702 3044 quacunque
3730 2973 3860 3029 hae-

2267 3077 2423 3125 tenus
2457 3068 2600 3123 ratio
2643 3068 2873 3122 veritate
2924 3065 2994 3098 ³⁸⁵
3039 3076 3095 3121 et
3151 3065 3475 3121 necessitate
3512 3064 3861 3121 concorditer

568 3157 842 3225 Quoniam
871 3154 1033 3225 igitur
1062 3168 1160 3205 nec
1185 3164 1280 3220 per
1307 3166 1388 3215 se,
1419 3166 1518 3204 nec
1538 3164 1602 3203 ex
1628 3164 1707 3211 se,
1740 3162 1844 3202 nec
1868 3161 1963 3216 per
1992 3145 2159 3211 aliud,

2281 3161 2672 3225 ittestantibus,
2712 3160 2989 3225 disseruit,
3035 3158 3230 3213 asserit
3254 3168 3399 3213 esset
3427 3156 3581 3233 nihil.
3616 3156 3676 3211 Si
3706 3158 3859 3212 enim

575 3265 677 3305 nec
700 3264 768 3303 ex
795 3246 924 3313 alio,
953 3260 1053 3300 nec
1079 3258 1176 3314 per
1199 3241 1352 3306 nihil,
1388 3256 1487 3295 nec
1527 3256 1593 3294 ex
1616 3237 1784 3292 nihilo
1816 3237 1978 3293 habet
2015 3236 2163 3306 prin—

568 3341 802 3413 cipiunt,
832 3337 980 3393 nullo
1005 3334 1166 3391 modo
1196 3334 1360 3389 habet
1393 3330 1736 3404 principium.
1773 3327 1878 3383 Sed
1905 3342 2080 3399 neque
2104 3326 2166 3380 li-

581 3451 705 3491 nem
734 3432 975 3488 habebit.
1008 3430 1064 3485 Si
1114 3427 1258 3484 enim
1290 3430 1452 3482 linem
1488 3424 1739 3479 habitura
1780 3432 1893 3484 est,
1945 3436 2052 3475 non
2081 3428 2163 3474 est

576 3539 792 3580 summe
838 3520 1162 3577 immortalis
1206 3528 1264 3574 et
1305 3531 1519 3573 summe
1568 3512 2027 3583 incorruptibilis;
2072 3510 2166 3566 sed

576 3626 797 3675 constat
836 3618 962 3687 quia
1000 3624 1081 3669 est
1124 3627 1336 3668 summe
1380 3607 1701 3665 immortalis
1743 3615 1797 3663 et
1844 3604 2167 3673 incorrupti-

582 3710 707 3766 hilis
738 3723 752 3762 :
782 3723 889 3763 non
936 3705 1156 3761 habebit
1182 3703 1347 3773 igitur
1384 3701 1568 3755 linem.
1595 3697 1880 3767 Amplius:
1914 3695 1971 3751 Si
2006 3696 2165 3750 linem

581 3802 835 3857 habitura
877 3808 961 3853 est
985 3838 1000 3863 ,
1050 3804 1143 3850 aut
1177 3794 1363 3850 volens
1385 3833 1400 3858 ,
1432 3802 1529 3847 aut
1567 3790 1757 3847 nolens
1785 3788 2017 3845 deﬁciet.
2060 3787 2168 3844 Sed

586 3912 687 3967 pro
712 3905 867 3952 certo
905 3908 1010 3947 non
1041 3901 1123 3947 cst
1156 3888 1381 3961 simplex
1423 3888 1621 3942 bonum
1648 3926 1663 3952 ,
1710 3885 1867 3955 cujus
1895 3882 2170 3939 voluntate

579 3989 726 4059 perit
763 3997 1036 4042 summum
1072 3981 1273 4036 bonum
1303 3996 1317 4033 :
1351 3988 1408 4033 at
1441 3978 1553 4046 ipsa
1594 3984 1681 4031 est
1725 3990 1909 4029 verum
1942 3981 1997 4028 et
2035 3971 2164 4026 sim-

578 4079 707 4149 ple:
748 4078 950 4133 bonum
977 4091 994 4141 ;
1021 4087 1193 4144 quare
1231 4085 1327 4126 sua
1375 4077 1566 4139 sponte
1607 4083 1715 4123 non
1752 4065 1970 4121 deﬁciet
2008 4065 2123 4135 ipsa
2152 4103 2167 4129 ,

579 4185 747 4239 quam
773 4176 985 4223 certum
1014 4173 1097 4219 est
1126 4177 1246 4219 esse
1276 4176 1545 4215 summum
1576 4160 1799 4214 bonum.
1827 4158 1884 4212 Si
1912 4170 2042 4211 vero
2074 4170 2171 4209 no-

582 4259 702 4314 lens
726 4259 796 4290 m
824 4257 1066 4327 peritura
1084 4264 1191 4317 est,
1215 4268 1321 4307 non
1345 4260 1431 4307 est
1459 4266 1669 4307 summe
1696 4260 1906 4320 potens,
1932 4263 2029 4304 nec
2053 4263 2170 4303 om-

583 4352 863 4419 nipotens;
887 4348 981 4402 sed
1003 4345 1226 4401 rationis
1246 4343 1545 4399 necessitas
1565 4342 1800 4395 asseruit
1820 4356 1940 4395 eam
1962 4353 2171 4393 summe

2264 3269 2348 3321 ea,
2378 3269 2499 3325 qua:
2533 3268 2696 3323 supra
2751 3252 2961 3321 digesta
3017 3259 3161 3314 sunt,
3232 3249 3556 3304 necessaria:
3606 3248 3861 3303 veritatis

2268 3344 2567 3399 munimine
2598 3343 2808 3397 ﬁrmata
2860 3350 3008 3407 sunt,
3044 3356 3150 3396 non
3198 3340 3300 3394 fuit
3349 3340 3417 3371 ³⁰⁷
3466 3337 3673 3408 aliquid
3730 3350 3862 3394 ante

2265 3447 2532 3487 summam
2556 3429 2871 3495 essentiam,
2911 3443 3013 3483 nec
3048 3428 3152 3482 erit
3182 3426 3386 3496 aliquld
3428 3437 3550 3497 post
3582 3426 3655 3457 ³⁰⁷
3684 3442 3815 3482 eam
3848 3445 3859 3480 :

2265 3539 2436 3591 quare
2473 3522 2605 3577 nihil
2649 3522 2745 3576 fuit
2781 3532 2907 3575 ante
2939 3534 3084 3585 eam,
3137 3528 3192 3573 et
3222 3518 3356 3573 nihil
3394 3518 3498 3574 erit
3540 3527 3663 3587 rost
3708 3534 3858 3574 eam.

2266 3615 2400 3670 Nam
2430 3623 2523 3669 aut
2549 3614 2751 3683 aliquid
2794 3612 2883 3675 ³⁸⁸,
2911 3621 3005 3666 aut
3030 3610 3163 3666 nihil
3209 3626 3429 3666 necesse
3490 3620 3573 3666 est
3619 3625 3867 3680 praeces-

2266 3708 2424 3772 sisse,
2448 3705 2531 3761 vel
2558 3707 2977 3761 subsecuturum
3009 3721 3151 3762 esse.
3176 3705 3278 3772 Qui
3309 3714 3490 3761 autem
3542 3705 3675 3761 dicit
3733 3707 3864 3777 quia

2268 3797 2399 3854 nihil
2431 3796 2531 3851 l‘uit
2561 3806 2686 3852 ante
2714 3797 2910 3867 ipsam,
2963 3806 3019 3854 et
3054 3798 3189 3853 nihil
3232 3800 3337 3853 erit
3388 3806 3512 3869 post
3567 3797 3771 3867 ipsam,
3807 3798 3859 3852 id

2268 3892 2621 3963 pronuntiare
2652 3891 2883 3947 videtur.
2927 3890 3064 3959 Quia
3096 3890 3349 3947 l'uitante
3385 3892 3581 3961 ipsam,
3640 3890 3868 3961 quando

2271 3982 2404 4037 nihil
2445 3991 2592 4047 erat;
2642 3990 2697 4038 et
2738 3983 2844 4037 erit
2890 3970 3014 4054 post
3057 3983 3250 4053 ipsam,
3283 3982 3500 4053 quando
3544 3980 3682 4036 nihil
3726 3982 3862 4036 erit.

2269 4075 2497 4142 Quando
2525 4090 2657 4144 ergo
2691 4072 2824 4130 nihil
2870 4085 3011 4143 erat,
3042 4076 3129 4129 illa
3169 4091 3275 4130 non
3322 4084 3474 4140 erat;
3526 4082 3581 4130 et
3639 4072 3867 4143 quando

2271 4166 2401 4221 nihil
2431 4167 2557 4233 erit,
2591 4166 2679 4220 illa
2710 4182 2817 4220 non
2849 4167 2975 4221 erit.
2999 4165 3281 4234 Quomodo
3309 4181 3438 4236 ergo
3471 4182 3577 4220 non
3632 4164 3871 4235 incmpit

2270 4274 2335 4314 ex
2366 4258 2551 4321 nihilo,
2579 4268 2672 4313 aut
2693 4260 2962 4330 quomodo
2989 4276 3093 4315 non
3121 4261 3368 4316 deveniet
3387 4260 3457 4291 “"
3482 4260 3548 4313 ad
3578 4258 3811 4313 nihilum
3845 4276 3863 4312 :

2273 4350 2316 4403 si
2344 4349 2432 4404 illa
2496 4351 2731 4405 nondunt
2783 4361 2923 4419 erat,
2967 4367 3091 4406 cum
3135 4350 3248 4421 jam
3284 4359 3405 4406 erat
3448 4350 3580 4405 nihil
3616 4349 3725 4413 ³¹⁶;
3764 4348 3861 4421 [αι.

583 4450 862 4510 potentem
881 4452 1008 4493 esse
1031 4445 1085 4490 et
1107 4435 1559 4503 omnipotentem.
1585 4430 1702 4487 Non
1726 4445 1854 4500 ergo
1879 4429 2065 4485 nolens
2087 4428 2161 4483 de

2281 4439 2446 4511 omit.]
2471 4449 2523 4495 et
2547 4441 2737 4496 eadem
2756 4440 2870 4512 jam
2920 4456 3025 4497 non
3049 4443 3175 4508 erit,
3208 4458 3331 4498 cum
3359 4441 3535 4497 adhuc
3563 4441 3667 4496 erit
3693 4440 3870 4495 nihil!

586 4532 751 4587 liciet.
782 4531 962 4598 Quare
1017 4529 1061 4583 si
1091 4541 1189 4582 nec
1218 4525 1423 4589 volens,
1454 4539 1632 4594 neque
1656 4522 1842 4578 nolens
1864 4521 1958 4595 [aL
1994 4522 2166 4596 omit]

581 4637 796 4678 summa
839 4629 1034 4674 natura
1072 4619 1232 4673 finem
1278 4616 1539 4679 habebit,
1572 4614 1716 4670 nullo
1754 4614 1822 4646 ²⁹⁹
1858 4615 2017 4670 modo
2065 4614 2164 4683 ιι

585 4712 750 4769 linem
800 4710 1041 4766 habebit.
1098 4707 1344 4778 Amplius
1397 4724 1409 4760 :
1466 4706 1522 4761 Si
1580 4706 1667 4761 illa
1717 4721 1926 4761 summa
1978 4714 2169 4760 natura

586 4808 751 4862 linem
777 4804 942 4861 habet
970 4803 1062 4869 ⁸⁸⁸,
1090 4800 1173 4856 vel
1202 4799 1547 4872 principium,
1598 4814 1704 4855 non
1736 4806 1819 4853 est
1848 4812 1974 4853 vera
2015 4808 2175 4853 aeter-

2278 4531 2414 4597 QuiJ
2446 4534 2659 4603 ergom
2686 4533 2871 4587 molita
2888 4544 2973 4588 est
3004 4543 3153 4588 tanta
3190 4534 3359 4589 moles
3386 4541 3866 4603 argumentorum,

2277 4622 2322 4675 si
2372 4631 2480 4676 tam
2518 4623 2676 4679 facile
2710 4622 3000 4678 demolitur
3036 4623 3266 4678 nihilum
3318 4621 3595 4678 molimina
3640 4604 3871 4675 eorum?

2281 4712 2336 4767 Si
2366 4729 2599 4785 namque
2637 4714 2705 4745 '“
2730 4714 3077 4769 constituitur
3124 4724 3184 4768 ut
3226 4729 3497 4769 summum
3546 4727 3669 4767 esse
3696 4712 3871 4767 nihilo

2280 4814 2332 4859 et
2356 4806 2679 4876 prmcedenti
2710 4806 2988 4871 succedat,
3020 4812 3075 4861 et
3103 4804 3453 4875 subsequenti
3505 4802 3735 4858 decedat
3764 4803 3867 4834 ⁸⁸⁸·

1884 4931 2114 4988 VAlllAE
2154 4933 2558 4993 LECTlUNES.

662 5058 734 5088 ³³⁸
772 5054 908 5110 Sine
939 5052 1080 5107 line?
1127 5049 1185 5106 Si
1216 5066 1341 5104 mss.
1388 5049 1502 5104 sine
1541 5048 1646 5103 line
1718 5048 1853 5103 est?
1928 5047 1981 5101 Si

592 5266 655 5321 S.
722 5265 881 5318 Mirh.
937 5265 1095 5319 linem
1148 5264 1328 5319 habet.
1384 5260 1464 5314 vel

2096 5048 2166 5078 ’9‘
2209 5050 2298 5104 Vel
2337 5066 2434 5120 pro
2462 5049 2654 5105 nihilo.
2718 5048 2823 5120 Sed
2855 5066 2978 5102 mss.
3031 5048 3113 5101 vel
3139 5063 3234 5117 per
3268 5047 3422 5120 nihil.
3452 5045 3557 5101 Sed

589 5142 657 5181 ex
693 5143 749 5180 se
785 5142 882 5195 per
904 5141 963 5179 se
1004 5139 1128 5177 mss.
1168 5131 1252 5175 est
1276 5136 1432 5195 esse
1459 5130 1527 5195 Aet
1560 5136 1656 5195 per
1677 5134 1739 5174 se
1835 5119 1997 5195 ’°‘_'__Si
2045 5134 2171 5195 vero
2208 5119 2548 5195 nolensums.
2583 5120 2658 5195 _$_.

595 5188 805 5259 summa
849 5207 1038 5249 natura
1084 5198 1243 5247 linem
1276 5191 1518 5254 habebit,
1547 5190 1696 5243 nullo
1724 5205 1845 5243 ηιδδ.
1878 5188 2009 5243 Cist.
2045 5192 2263 5256 nolens;
2328 5192 2473 5246 nullo

3667 5046 3736 5076 I97

2719 5048 2823 5103 Sed
2855 5066 2978 5102 mss.
3031 5048 3113 5101 vel
3139 5063 3234 5117 per
3268 5047 3422 5102 tiihil.
3452 5045 3557 5101 Sed
3667 5046 3736 5076 ’θ’
3782 5045 3880 5101 Est

2719 5119 2880 5173 Mida.
2940 5120 2994 5172 Si
3049 5119 3214 5189 igitur
3264 5118 3450 5173 nolens
3520 5115 3628 5189 ΔΨ
3671 5113 3877 5189 Nolens

2580 5192 2649 5223 ³⁰⁰
2698 5189 2884 5244 Finem
2919 5185 3159 5253 habebit,
3215 5189 3300 5242 vel
3352 5204 3477 5241 utss.
3520 5185 3707 5257 Vict.”
3739 5187 3873 5257 Sag.

1572 5260 1637 5291 ³⁰¹
1677 5259 1828 5326 Quod
1866 5271 1948 5315 est
1974 5278 2133 5332 supra
2194 5267 2469 5320 inventum
2547 5279 2670 5316 mss.
2701 5261 2842 5329 quod
2867 5274 2985 5313 esse
3016 5276 3177 5329 supra
3202 5260 3477 5332 inventum
3510 5266 3592 5332 est
3668 5256 3877 5332 “ille-

596 5351 715 5390 rum
750 5344 869 5388 erat
899 5344 1025 5389 tunc
1061 5335 1184 5404 quia
1211 5330 1452 5404 ms.(.'ist.
1488 5345 1673 5404 verum
1704 5341 1822 5384 erat
1856 5334 1981 5402 quia
2012 5326 2137 5390 tunc
2212 5335 2280 5367 ³⁸³
2305 5332 2503 5387 Verum
2531 5334 2633 5389 erit
2666 5350 2677 5385 :
2711 5326 2836 5404 quia
2860 5347 2981 5384 mss.
3012 5326 3198 5404 verum
3223 5330 3329 5404 erit
3352 5338 3477 5404 tunc
3502 5327 3631 5404 quia
3807 5329 3879 5404 ᾼι

596 5406 727 5490 quia
791 5421 922 5490 nisi.
976 5406 1154 5490 atqui‘
1231 5406 1454 5490 ’ξηαπ

600 5472 760 5530 Carb.
796 5474 936 5528 ratio
966 5472 1192 5528 veritate
1266 5474 1336 5506 ³⁸⁷
1377 5472 1533 5526 Aliud
1580 5481 1706 5525 ante
1748 5511 1763 5525 .

1231 5404 1300 5435 ³⁰⁶
1343 5401 1475 5473 Cap.
1504 5401 1570 5456 18
1598 5403 1651 5455 in
1693 5418 1817 5456 mss.
1854 5414 1926 5457 est
1956 5417 2111 5473 caput
2149 5408 2238 5462 l9.

1808 5512 1820 5524 .
1866 5512 1880 5527 .
1917 5475 2059 5546 aliud
2088 5488 2206 5546 post
2237 5492 2362 5529 mss.
2403 5475 2606 5543 aliquid
2656 5481 2780 5528 ante
2824 5511 2853 5546 ._
2880 5510 2893 5525 .
2936 5511 2950 5546 ς

600 5562 730 5599 mss.
765 5560 889 5597 nam
914 5554 1005 5597 aut
1028 5545 1226 5613 aliquid
1303 5544 1372 5576 ³⁸³
1414 5542 1530 5597 Non
1579 5543 1828 5597 deveniet
1880 5545 1944 5597 a.l
1992 5541 2119 5600 mss.
2161 5547 2296 5600 Tim.
2350 5562 2457 5600 non
2498 5541 2755 5600 deveniet
2791 5543 2858 5595 ad
2935 5542 3005 5573 ⁸¹⁶
3035 5542 3166 5596 Erat
3208 5541 3386 5613 nihil;

2315 5404 2385 5435 ⁸⁰⁶
2426 5404 2582 5459 Ratio
2605 5405 2656 5457 in
2689 5395 2914 5458 veritate
2937 5418 3060 5455 mss.
3101 5398 3231 5453 Vict.
3259 5399 3406 5454 Gem.
3432 5395 3561 5466 Sag}.
3592 5395 3655 5453 S.
3700 5396 3874 5452 Mirh.

2997 5471 3197 5539 aliquid
3245 5479 3363 5540 post
3431 5469 3514 5540 _"°A
3550 5466 3687 5522 Nam
3722 5468 3877 5523 aliud

3418 5538 3555 5605 Quid
3580 5548 3711 5608 ergo
3729 5555 3875 5608 tum.

602 5616 728 5684 Elii!
782 5614 961 5669 Venet.
995 5606 1223 5682 exceptis
1258 5632 1380 5669 mss.
1417 5613 1551 5666 'l'lm.
1586 5624 1701 5667 erat
1732 5613 1884 5678 nihil,
1917 5617 2184 5670 eteadem
2224 5616 2337 5684 jam
2377 5632 2483 5670 non
2511 5616 2635 5679 erit,
2667 5630 2805 5684 eum
2837 5613 3146 5684 adhucAerit
3165 5611 3324 5684 nihil.
3356 5608 3494 5677 Quid
3526 5606 3696 5684 igitur
3719 5606 3874 5684 Edit.

602 5683 793 5739 «dum
822 5694 943 5739 enat
968 5684 1095 5737 nihil
1120 5676 1143 5735 ἐ
1174 5694 1227 5737 et
1249 5686 1436 5739 eadem
1456 5686 1565 5751 jam
1596 5701 1699 5738 non
1727 5684 1833 5738 erit
1860 5676 1880 5737 ἐ
1904 5695 2083 5742 tamen
2127 5676 2303 5742 adhuc
2332 5686 2434 5741 erit
2463 5676 2785 5750 nihil.'Quid
2815 5698 2943 5753 ergo
3019 5682 3085 5714 ³¹¹
3120 5682 3175 5738 Si
3209 5676 3441 5750 namque
3470 5676 3596 5734 nisi.
3625 5676 3767 5732 Tini.
3797 5680 3879 5732 sic

605 5771 845 5825 namque
918 5756 987 5787 ³⁸³
1024 5753 1244 5809 Dicebat
1286 5770 1409 5807 mss.
1439 5754 1663 5808 decedat
