4030 6290
193 366 268 425 ιπ
833 419 837 422 ,
1090 372 1093 375 ’
1514 370 1517 373 ’
1547 358 2024 418 ιιοχοιοϐιυιι.

3307 362 3420 418 173

248 476 420 530 Verum
445 484 563 527 cum
606 477 820 526 constet
849 469 1095 526 eamdem
1143 485 1409 525 summam
1457 480 1708 525 naturam
1742 472 1785 527 Α
1813 469 1972 524 bilem
2007 469 2170 523 vitam
2206 470 2362 525 simul
2395 470 2635 541 perfecte
2679 478 2844 533 totam
2878 470 3148 526 obtinere.
3184 470 3419 528 Videt-nn

190 584 277 624 non
306 565 459 634 magis
485 577 605 617 esse
638 561 693 616 in
729 563 986 617 omnibus
1015 561 1170 625 locis,
1200 576 1363 630 quam
1391 560 1443 615 in
1470 564 1723 618 omnibus

1824 559 1969 612 enim
2000 558 2070 589 ³9⁸
2108 556 2224 626 ejus
2249 560 2526 614 mtcrnitas
2558 560 2662 632 ια,
2687 576 2807 616 esse
2851 562 3267 617 interminabilis
3299 563 3406 621 vita

187 673 285 729 quae
320 656 461 719 sunt‘,
493 669 599 708 non
633 654 779 708 \elttl
827 669 949 723 qua:
994 653 1362 717 contineatur,
1395 668 1515 723 qua:
1561 670 1731 723 pene-
1824 651 1982 705 simul
2025 652 2265 720 perfecte
2295 662 2402 706 tota
2427 654 2688 715 existens.
2724 654 2860 708 Cum
2897 654 3041 708 enim
3091 670 3254 723 supra
3293 655 3405 723 jam

185 747 348 803 Iranrlo
371 753 557 801 cuneta
582 744 865 800 contineat
906 762 919 798 :
952 759 1051 798 cur
1084 759 1194 798 non
1221 744 1433 799 dicatur
1456 756 1575 799 esse
1602 744 1722 799 ubi-

182 854 287 907 que,
311 838 402 891 hoc
425 849 586 890 sensu
612 873 628 897 ,
658 841 712 887 ιιι
740 833 920 902 potius
948 832 1282 903 intelligatur
1303 846 1426 887 esse
1455 832 1509 886 in
1541 833 1725 888 omni-

179 928 262 982 bus
293 940 402 996 qua:
426 932 585 990 sunt,
619 937 781 994 quam
818 930 1025 977 tantum
1057 921 1110 976 in
1142 921 1395 977 omnibus
1422 921 1575 987 locis,
1598 937 1722 978 cum

180 1019 299 1072 hituc
337 1013 659 1070 intellectum
688 1021 744 1069 et
769 1012 846 1068 rei
862 1001 1076 1083 ;veritas
1110 1010 1398 1075 exhibeat,
1426 1018 1483 1065 et
1508 1010 1622 1081 ipsa
1648 1011 1727 1065 loc

175 1107 286 1164 calis
298 1106 440 1160 verbi
462 1104 770 1175 proprietas
791 1116 1135 1173 nequaquam
1158 1100 1462 1172 prohibeat.
1478 1100 1727 1158 Solemus

176 1212 375 1267 namque
402 1194 590 1253 localia
620 1195 783 1250 verba
808 1208 950 1264 smpe
988 1190 1542 1261 irreprehensibiliter
1567 1191 1725 1245 attri-

177 1286 322 1342 buere
345 1285 522 1349 rebus,
560 1300 682 1355 qua:
725 1299 825 1339 nec
868 1282 987 1339 loca
1035 1291 1193 1347 sunt,
1235 1296 1336 1337 nec
1379 1280 1727 1337 circumscri-

171 1377 327 1449 ptione
362 1377 516 1434 locali
556 1377 924 1445 continentur,
975 1375 1124 1431 velut
1169 1376 1213 1430 si
1249 1374 1426 1430 dicam
1470 1374 1547 1430 ibi
1603 1391 1726 1431 esse

169 1468 472 1525 uitellectum
503 1469 560 1525 in
587 1469 798 1535 anima,
830 1468 921 1525 ubi
948 1474 1033 1524 est
1062 1458 1576 1523 rationalitasﬁNam
1601 1482 1723 1528 cum

176 1560 264 1626 ibi,
293 1568 342 1615 et
388 1560 516 1627 ubi,
566 1559 826 1615 adverbia
857 1558 1050 1615 localia
1093 1557 1204 1613 sint
1240 1556 1341 1623 ⁸⁹¹;
1389 1573 1496 1612 non
1545 1567 1725 1613 tamen

165 1651 299 1709 locali
328 1652 836 1723 circumscriptione
880 1661 975 1706 aut
1005 1651 1183 1706 anima
1212 1652 1456 1707 continet
1487 1650 1721 1721 aliquid,

164 1753 243 1801 aut
288 1745 588 1800 intellectus
618 1753 715 1801 aut
767 1742 1110 1799 rationalitas
1162 1743 1491 1799 continetur.
1541 1742 1723 1810 Quare

165 1849 351 1889 summa
380 1843 579 1890 natura
616 1833 916 1893 secundum
953 1835 1031 1889 rei
1074 1833 1392 1899 veritatem,
1420 1835 1600 1902 aptius
1641 1832 1724 1887 di-
1757 1823 1797 1881 Β

160 1928 284 1982 citur
305 1928 509 1999 ubique
533 1927 601 1960 ³⁹¹
625 1942 744 1983 esse
765 1925 1060 1983 secundum
1088 1924 1227 1981 hanc
1251 1923 1720 1997 signiﬁcationem,

162 2028 208 2074 ut
230 2020 562 2093 intelligatur
585 2035 705 2078 esse
750 2020 802 2075 in
849 2018 1103 2074 omnibus
1128 2032 1248 2089 quae
1283 2026 1443 2085 sunt,
1468 2031 1627 2087 quam
1652 2086 1655 2089 _
1676 2014 1722 2071 si

160 2110 470 2184 intelligatur
486 2121 694 2168 tantum
722 2111 775 2166 in
797 2110 1050 2166 omnibus
1076 2109 1149 2167 ’9!
1174 2107 1332 2166 locis.
1353 2107 1420 2164 Et
1443 2107 1723 2178 quoniam,

159 2202 273 2258 sicut
297 2218 471 2273 supra
499 2201 756 2271 exposita:
782 2199 1024 2254 rationes
1041 2199 1239 2258 docent
1256 2239 1270 2263 ,
1294 2196 1454 2255 aliter
1476 2212 1598 2253 esse
1620 2211 1724 2251 non

161 2301 351 2359 potest;
388 2307 624 2347 necesse
653 2299 738 2346 est
782 2304 903 2345 eam
949 2287 1029 2344 sic
1064 2303 1188 2344 esse
1231 2287 1284 2342 in
1323 2288 1577 2342 omnibus
1608 2302 1729 2356 quae

160 2390 290 2440 sunt.
326 2364 535 2437 ut‘una
557 2380 855 2450 eademque
879 2376 1121 2450 perfecte
1151 2386 1262 2434 tota
1290 2376 1451 2435 simul
1477 2376 1548 2410 ³⁵⁸
1578 2378 1649 2432 sit
1674 2378 1726 2431 in

153 2469 371 2541 singulis.

529 2560 758 2620 CAPUT
780 2560 952 2617 xxrv
987 2558 1087 2633 [αι.
1148 2557 1342 2631 χχιι.

153 2651 211 2685 ³⁹⁸
231 2652 511 2722 Quomoao
539 2653 731 2707 melius
771 2651 993 2735 inlelligi
1020 2652 1212 2735 possit,
1251 2669 1271 2702 ι
1305 2666 1415 2705 esse
1452 2666 1672 2721 semper,
1695 2669 1712 2703 ι

487 2740 683 2795 quant,
725 2742 744 2775 ι
789 2731 845 2776 in
887 2731 1031 2777 omni
1081 2731 1368 2792 temperan

209 2813 555 2871 Coasrec'rus
601 2830 828 2871 CAPITIS.
851 2843 921 2855 -—
969 2812 1193 2868 Summa
1218 2822 1408 2867 natura
1442 2812 1730 2868 non-habet

150 2886 460 2957 principium
503 2895 602 2942 aut
629 2882 813 2951 linem,
836 2899 938 2939 nec
963 2899 1227 2957 praesens,
1267 2882 1599 2957 praeteritum
1623 2891 1737 2957 aut,

154 2954 371 3028 futurum
388 2996 411 3024 ,
429 2972 559 3028 quae
591 2965 715 3011 sunt
739 2955 1062 3028 temporales
1087 2954 1404 3008 differentiae
1422 2970 1453 3028 ;_
1471 2955 1726 3028 quoniam

149 3027 408 3097 aeternitas
437 3024 586 3097 ejus,
614 3042 733 3097 qua;
765 3026 897 3097 nihil
942 3024 1088 3079 aliud
1116 3034 1201 3097 e_st
1228 3039 1391 3095 quam
1442 3024 1554 3091 ipsa
1578 3062 1594 3088 ,
1626 3024 1727 3077 im—

152 3096 412 3153 mutabilis
442 3093 502 3152 et
544 3093 666 3153 sine
694 3093 940 3165 partibus
985 3103 1085 3149 est.
1117 3093 1259 3165 Cum
1294 3107 1424 3164 ergo
1449 3108 1548 3147 vox
1579 3108 1728 3147 scm-

1826 742 1961 798 satis
1999 742 2204 813 liqueat
2229 744 2372 811 quod
2410 742 2603 797 eadem
2640 745 2942 800 substantia
2988 760 3093 799 non
3143 745 3214 799 sit
3260 742 3408 800 aliud

1823 848 1987 902 quam
2029 833 2138 887 vita
2184 848 2315 896 sua,
2361 840 2417 887 ct
2458 833 2733 888 :etcrnitas
2788 850 2926 900 sua;
2972 850 3074 891 nec
3115 836 3188 890 sit
3225 835 3415 905 aliq‘uo

1825 924 1987 980 modo
2036 923 2396 979 terininahilis
2427 922 2529 987 ’9’,
2575 938 2674 977 uec
2724 924 2827 979 nisi
2870 924 3033 979 simul
3074 935 3129 980 et
3169 925 3410 995 perfecto

1826 1024 1936 1070 tota
1958 1057 1973 1080 ,
2002 1015 2133 1084 quid
2160 1013 2304 1069 aliud
2324 1025 2409 1070 est
2431 1030 2558 1072 vera
2590 1016 2889 1079 aeternitas,
2910 1031 3030 1084 qua:
3048 1016 3147 1071 soli
3178 1016 3409 1072 illicou-

1827 1107 1995 1172 mit,
2019 1122 2179 1176 quam
2212 1105 2623 1163 interminabilis
2648 1106 2757 1160 vita
2781 1105 2940 1177 simul
2960 1116 3015 1161 et
3035 1105 3271 1176 perfecte
3295 1117 3409 1163 tota

1823 1198 2099 1254 existens?
2122 1196 2256 1252 Nam
2283 1197 2366 1252 vel
2395 1198 2498 1259 hoc
2525 1195 2675 1261 solo,
2708 1210 2893 1250 veram
2918 1197 3279 1253 aeternitatem
3303 1197 3406 1254 soli

1827 1288 2006 1342 ine5sc
2061 1286 2138 1342 illi
2182 1286 2531 1353 substantiae,
2580 1303 2701 1358 qum
2750 1287 2868 1343 sola
2922 1300 3029 1342 non
3085 1284 3262 1351 facta,
3313 1288 3407 1344 sed

1825 1378 2022 1436 factrix
2058 1394 2189 1436 esse
2233 1378 2454 1435 inventa
2502 1388 2616 1445 est,
2667 1366 2858 1449 aperie
2899 1377 3226 1449 percipitur;
3269 1392 3419 1447 quom

1826 1469 1972 1524 niam
2003 1485 2128 1525 vera
2154 1470 2433 1526 aeternitas
2477 1470 2724 1541 principii
2774 1470 3004 1541 ﬁnisque
3049 1479 3192 1525 meta
3222 1480 3415 1524 carere

1828 1562 2153 1634 intelligitur
2199 1580 2213 1617 :
2262 1562 2408 1633 quod
2445 1563 2578 1618 nulli
2635 1578 2815 1619 rerum
2861 1570 3166 1618 ‘creatarum
3213 1575 3425 1616 conve~

1826 1654 1964 1720 nire,
2011 1669 2080 1711 eo
2127 1653 2245 1725 ipso
2284 1654 2429 1723 quod
2467 1654 2536 1711 de
2578 1654 2748 1711 nihilo
2794 1654 2950 1710 facta:
2996 1663 3143 1720 sunt,
3183 1651 3415 1710 convin-

1826 1745 1988 1801 citur.

2324 1835 2552 1893 CAPUT
2591 1836 2735 1892 xxv
2774 1835 2888 1907 (52)

2042 1950 2195 2017 Quod
2229 1950 2386 2006 nullis
2419 1952 2686 2006 mutabilis
2721 1952 2788 2005 sit
2823 1950 3196 2006 accidentibus.

1826 2066 2172 2123 Cosseecrus
2209 2083 2438 2122 CAPITIS.
2461 2097 2532 2107 —
2560 2065 2876 2123 Accidentia
2915 2065 3019 2119 alia
3058 2061 3414 2121 mutationem

1848 2144 1853 2150 '
1907 2138 2147 2193 elliciunt
2172 2142 2188 2190 ‘:
2215 2137 2340 2202 alia,
2373 2147 2431 2192 ut
2468 2136 2780 2203 relationes,
2820 2136 3020 2191 trullam
3059 2133 3417 2189 mutationem

1898 2207 2183 2264 inducunt.
2235 2208 2458 2264 Summa
2507 2215 2689 2263 autem
2736 2217 2960 2273 natura,
3007 2206 3134 2275 quia
3183 2204 3416 2275 simplex

1898 2287 2005 2345 est,
2050 2292 2158 2334 non
2186 2278 2372 2337 subest
2398 2278 2769 2333 accidentibus
2790 2293 2910 2348 qua:
2942 2272 3303 2348 mutationem
3332 2272 3427 2348 fat--

1899 2343 2071 2419 ciunt.
2106 2348 2246 2419 Ergo
2276 2364 2378 2402 nec
2407 2348 2767 2419 susceptibilis
2786 2343 2868 2402 e'st
2899 2346 3058 2401 uilius
3085 2343 3413 2400 accidentis:

1902 2416 2205 2473 accidentia
2259 2418 2403 2473 enim
2456 2416 2751 2488 improprie
2799 2418 3079 2479 dicuntur,
3113 2427 3251 2488 quae
3301 2428 3416 2467 rem

1903 2502 2012 2542 non
2067 2494 2298 2542 mutant.
2351 2486 2708 2553 lgitur‘nullo
2757 2500 2981 2557 prorsus
3002 2486 3163 2540 modo
3206 2498 3427 2557 summa

1902 2557 2140 2613 essentia
2200 2558 2475 2612 mutabilis
2520 2565 2634 2623 est;
2676 2552 2806 2615 cuin
2854 2571 3069 2624 semper
3114 2557 3187 2609 sit
3228 2554 3426 2624 eadem.
3488 2552 3499 2567 '

1903 2627 2357 2683 substantialiter.
2383 2637 2437 2685 et
2465 2622 2877 2685 nullounuuatn
2914 2622 3073 2682 mede
3101 2625 3314 2680 diversa
3346 2622 3420 2677 sit

1901 2697 2328 2753 accidentaliter.

1903 2774 2179 2851 Sedhmc
2239 2790 2473 2846 essentia
2522 2789 2615 2858 Μ,
2667 2804 2828 2861 quam
2881 2787 3055 2860 patuit
3110 2783 3421 2863 omnimode

1828 2880 1931 2937 sibi
1988 2872 2111 2937 esse
2159 2883 2405 2938 eamdem
2459 2866 2912 2947 substantialitcr,
2957 2895 3139 2939 nonne
3184 2887 3270 2936 est
3314 2877 3419 2933 ali-

1829 2972 2048 3042 quando
2071 2972 2195 3027 '"a
2243 2989 2302 3029 se
2344 2974 2559 3031 diversa
2603 2974 2687 3031 vel
2737 2973 3168 3032 accidentaliter.
3217 2970 3431 3031 Verum

1829 3064 2099 3133 quomodo
2141 3073 2225 3119 est
2268 3079 2482 3122 summe
2522 3065 3001 3131 incommutabilis,
3045 3065 3090 3120 si
3139 3080 3236 3135 per
3276 3064 3419 3120 acci-

150 3179 256 3233 per,
280 3168 472 3239 imagis
512 3154 738 3239 ριιοριοξθ
762 3167 1033 3239 signiﬁcet
1059 3154 1455 3225 aeternitate‘in,
1497 3171 1554 3217 et
1592 3172 1730 3239 lern—
1755 3164 1799 3226 ο
1830 3156 2009 3210 dentia
2041 3163 2240 3226 potest,
2266 3154 2382 3212 ιιοιι
2423 3157 2598 3214 dicam
2630 3172 2776 3226 esse,
2809 3159 2904 3214 sed
2934 3158 3020 3215 vel
3064 3157 3290 3226 intelligi
3318 3169 3416 3210 V3-

150 3252 239 3305 pus
259 3237 406 3293 dicat
436 3237 769 3294 varietatem
786 3278 803 3305 ,
833 3237 1005 3306 magis
1025 3249 1265 3304 congrue
1288 3248 1500 3306 summa
1526 3237 1725 3287 natu‘ra

147 3302 330 3379 dicitur
360 3324 592 3379 semper
622 3302 977 3377 csse,quafn
1004 3319 1124 3379 esse
1138 3302 1220 3379 _'_i_u
1267 3302 1441 3379 o_mni_
1468 3313 1726 3379 tempore.

150 3374 203 3431 Et
238 3392 354 3432 cum
380 3371 678 3437 aeternitas
705 3371 775 3435 sit
806 3371 1224 3431 interminabilis
1254 3374 1361 3427 vita
1398 3371 1557 3427 simul
1584 3371 1729 3442 per-

146 3444 272 3501 ferte
300 3456 412 3503 tota
446 3451 724 3514 existens,
758 3448 858 3504 s'oli
897 3446 1022 3501 huic
1052 3453 1263 3499 natura:
1287 3458 1513 3497 summae
1535 3456 1731 3498 conve-

147 3515 246 3584 nit;,
285 3534 407 3588 qua:
447 3520 728 3591 principio
753 3530 808 3573 et
836 3518 942 3572 fine
977 3526 1031 3570 et
1066 3514 1215 3570 omni
1242 3514 1471 3573 termino
1494 3521 1665 3579 caret.

203 3607 459 3667 Eamdem
513 3626 741 3681 quoque
789 3625 1057 3670 summam
1106 3608 1473 3666 substantiam
1516 3611 1749 3663 constat,

145 3697 246 3754 sine
266 3701 546 3775 principio
567 3711 631 3759 et
662 3703 781 3758 sine
804 3702 910 3757 line
930 3717 1076 3768 esse;
1110 3716 1209 3758 nec
1246 3700 1448 3759 habere
1508 3707 1731 3769 praeter-

144 3788 302 3859 itum,
334 3803 433 3850 aut
473 3795 733 3851 futurum
753 3836 770 3861 ,
799 3810 902 3851 nec
939 3794 1266 3866 temporale,
1288 3794 1403 3849 hec
1423 3800 1538 3859 est,
1570 3790 1733 3847 labile

143 3895 386 3952 timens,
419 3902 538 3958 quo
570 3901 674 3942 nos
700 3888 924 3953 utimur,
948 3887 1209 3956 quoniam
1251 3892 1385 3940 aetas
1417 3885 1534 3939 sive
1575 3889 1734 3937 teter-

143 3970 270 4030 nitas
291 3973 414 4046 ejus
443 3993 583 4049 qua!
602 3977 741 4031 nihil
767 3977 913 4031 aliud
941 3987 1026 4032 est
1050 3991 1213 4047 quam
1238 3976 1387 4046 ipsa,
1418 3971 1734 4028 immutabi-
1784 3974 1787 3975 ⁷

142 4058 200 4117 lis
220 4073 274 4120 et
292 4067 415 4124 sine
440 4068 703 4139 partibus
724 4076 829 4123 est.
859 4067 1049 4122 Nonne
1068 4080 1199 4137 ergo
1222 4077 1436 4134 semper
1472 4061 1616 4132 quod
1640 4059 1721 4114 vi-

136 4152 284 4213 detur
307 4159 619 4233 designare
646 4170 821 4216 totum
847 4168 1088 4230 tempus,
1119 4156 1290 4214 multo
1313 4155 1498 4212 verius
1533 4153 1603 4225 (si
1647 4153 1714 4207 de

139 4242 218 4301 ilh
237 4248 463 4322 dicitur)
496 4249 832 4322 intelligitur
860 4249 1174 4321 signiﬁcare
1194 4247 1555 4303 aeternitatem
1573 4284 1590 4310 ,
1612 4256 1733 4312 quae

135 4332 229 4390 sibi
258 4335 363 4408 ipsi
402 4355 702 4412 nunquam
747 4349 834 4396 est
860 4338 1144 4396 dissimilis
1166 4378 1183 4405 ,
1215 4352 1381 4408 quam
1428 4346 1729 4405 temporum

134 4426 484 4498 varietatem,
525 4446 658 4502 quae
683 4431 787 4487 sibi
816 4431 917 4502 ipsi
951 4444 1169 4500 semper
1194 4440 1279 4486 est
1320 4429 1374 4485 in
1402 4428 1585 4499 aliquo
1623 4440 1729 4482 non

1830 3248 2085 3304 riabilis?
2146 3250 2213 3305 Et
2263 3259 2497 3306 econtra.
2534 3252 2805 3322 quomodo
2860 3266 2968 3306 non
3015 3261 3101 3306 est
3143 3249 3419 3320 particeps

1830 3339 2163 3406 accidentis;
2209 3356 2332 3396 cum
2366 3350 2422 3397 et
2466 3342 2569 3397 hoc
2594 3341 2664 3374 ‘°°
2697 3342 2902 3411 ipsum,
2929 3341 3095 3410 quod
3134 3342 3307 3409 major
3334 3346 3420 3391 est

1830 3428 2084 3484 omnibus
2127 3429 2250 3484 aliis
2294 3430 2525 3495 naturis,
2575 3439 2633 3485 et
2671 3430 2816 3501 quod
2862 3430 2968 3484 illis
3016 3428 3085 3460 ⁸⁶¹
3139 3424 3419 3483 dissimilis

1829 3528 1910 3575 est
1927 3519 2018 3585 η’,
2050 3519 2125 3575 illi
2156 3519 2403 3575 videatur
2425 3521 2708 3577 accidere?
2733 3520 2837 3576 Sed
2864 3520 2994 3591 quid
3025 3524 3325 3589 repugnant
3347 3515 3431 3548 ³ο³ε

1830 3614 2225 3683 quorumdam,
2277 3628 2401 3685 quae.
2452 3614 2755 3670 accidentia
2814 3614 3088 3680 dicuntur,
3148 3610 3433 3681 susceptio'

1831 3706 2034 3771 bilitas,
2062 3712 2118 3760 et
2145 3706 2411 3761 naturalis
2460 3704 3019 3771 incommutabilitas;
3057 3704 3104 3759 si
3133 3718 3201 3759 ex
3228 3717 3418 3757 eorum

1831 3794 2198 3867 assumptione
2226 3796 2369 3851 nulla
2409 3796 2767 3852 substantiam
2835 3803 3201 3865 consequatur
3226 3792 3301 3825 ⁸³⁸
3327 3806 3420 3845 va-

1833 3887 2138 3946 riabilitas.?
2175 3886 2432 3944 Omnium
2478 3886 2678 3956 quippe
2713 3900 2836 3956 quae
2880 3884 3196 3939 accedentia
3232 3882 3434 3937 dicun-=

1834 3989 1942 4042 tur,
1974 3978 2078 4033 alia
2123 3993 2232 4033 non
2277 3978 2380 4033 nisi
2420 3992 2548 4033 cum
2591 3977 2771 4047 aliqua
2819 3973 3198 4043 participantis
3240 3970 3435 4025 varia-1

1835 4072 1981 4126 tione
2003 4071 2195 4126 adesse
2219 4077 2276 4124 et
2307 4070 2499 4125 abesse
2527 4081 2686 4137 posse
2715 4067 3117 4136 intelliguntur,
3144 4073 3203 4117 ut
3231 4076 3433 4119 omnes-

1832 4162 2064 4227 colores,
2091 4160 2196 4215 alia
2222 4159 2445 4214 omnino
2472 4157 2672 4212 nullam
2702 4156 2787 4213 vel
2821 4154 3116 4211 accidendo
3145 4152 3228 4208 vel
3265 4163 3433 4207 recc--

1834 4254 2009 4310 dendo
2034 4252 2387 4307 mutationem
2429 4250 2574 4307 circa
2599 4249 2650 4305 id
2678 4249 2745 4305 de
2770 4263 2878 4320 quo
2906 4246 3181 4310 dicuntur,
3207 4241 3431 4300 eflieere

1835 4352 2157 4407 noscuntur,
2191 4353 2251 4397 ut
2274 4342 2521 4414 qumdam
2569 4340 2884 4397 relationes.
2932 4337 3160 4394 Constat
3188 4350 3420 4406 namque

1835 4433 1960 4504 quia
1994 4432 2198 4489 homini
2231 4440 2355 4503 post
2382 4447 2584 4487 annum
2630 4438 2954 4502 praesentem
2987 4429 3433 4491 nascituro,'uee

136 4516 337 4578 similis.
384 4522 587 4591 Quare
638 4523 685 4578 si
733 4523 939 4579 dicitur
989 4535 1208 4588 semper
1253 4536 1416 4583 esse.
1469 4517 1726 4588 quoniam
1767 4525 1810 4580 υ
1838 4522 2029 4592 major,
2080 4539 2183 4580 nec
2229 4524 2429 4585 minor,
2472 4537 2573 4578 nec
2616 4520 2841 4592 aequalis
2890 4521 3016 4587 sim,
3066 4533 3166 4573 nec
3205 4516 3435 4572 similis...

137 4607 264 4665 idem
290 4623 378 4669 est
406 4615 493 4670 illi
522 4628 658 4671 esse
680 4622 737 4670 et
764 4614 990 4679 vivere;
1008 4613 1141 4668 nihil
1169 4612 1364 4669 melius
1387 4610 1726 4681 intelligitur,

135 4713 286 4769 quam
325 4716 548 4763 aeterne
594 4721 719 4763 esse
757 4705 842 4762 vel
885 4706 1107 4773 vivere,
1166 4705 1220 4760 id
1258 4713 1372 4771 est,
1416 4703 1732 4758 intermina-

1837 4611 2041 4669 Omnes
2088 4624 2280 4668 autem
2337 4612 2626 4667 relationes
2676 4610 2796 4676 bas,
2854 4609 3042 4681 utique
3086 4622 3209 4664 cum
3261 4617 3423 4661 natus

1840 4704 2023 4771 fuerit,
2054 4706 2171 4761 sine
2200 4705 2350 4761 omni
2401 4705 2509 4760 mei
2555 4704 2882 4770 mutatione,
2922 4704 2988 4758 ad
3042 4701 3193 4757 illuni
3221 4700 3435 4757 habere

1463 4833 1696 4892 VARIE
1729 4832 2131 4892 LECTIONES.

192 4952 258 4988 ²⁹¹
286 4954 365 5012 lbi
400 4965 459 5010 et
494 4955 598 5010 ubi
627 4953 880 5019 adverbia
910 4951 1101 5009 localia
1127 4952 1237 5007 sint
1260 4951 1567 5006 cent'nctur
1589 4965 1714 5002 mu.
1738 4946 1871 5019 Tltu.
1904 4948 1995 5019 ubi
2017 4959 2069 5002 et
2097 4949 2166 5005 ibi
2198 4950 2308 5004 sint
2330 4950 2521 5004 localia
2553 4951 2710 5005 verba
2735 4949 3079 5004 continentur
3126 4948 3196 4981 ³⁸³
3216 4949 3421 5006 Dicitur

132 5023 301 5090 aptius
346 5028 576 5097 ubique
601 5018 935 5097 mssaaptius
978 5024 1179 5097 dicitur
1206 5024 1412 5097 ubique
1475 5020 1546 5052 ³⁸⁸
1590 5021 1764 5084 Quam
1794 5018 2125 5097 intelligatur
2168 5020 2221 5074 in
2245 5022 2527 5097 omnibus,
2561 5030 2617 5075 ct
2653 5037 2786 5097 utsi.
2818 5035 2979 5097 quam
3030 5020 3423 5097 si_intclligitttr

132 5088 331 5151 tantum
359 5097 417 5151 in
450 5088 730 5150 omnibus
745 5088 896 5159 locis,
912 5104 967 5150 et
1011 5093 1263 5148 “‘Simul
1292 5088 1581 5162 perfectam
1592 5105 1735 5162 nm.
1772 5098 1942 5162 totam
1960 5089 2119 5162 sintul
2142 5089 2381 5160 perfecte
2408 5100 2577 5145 totam
2651 5090 2718 5121 ³⁸⁸
2731 5088 2859 5158 Cap.
2886 5088 2959 5162 24
2979 5098 3056 5142 est
3083 5090 3136 5162 in
3161 5088 3437 5159 aliquibus-

127 5178 243 5235 ρῳ.
273 5184 400 5235 cap.
453 5167 562 5221 25.
596 5181 721 5218 nm.
743 5162 1107 5235 (ἷεηιιιίἱειιξνἐ

1144 5158 1425 5230 Quomodo
1481 5159 1673 5232 melius
1717 5159 1946 5232 intelligi
1979 5158 2332 5232 possitposse
2381 5174 2842 5232 semper,_‘quam
2884 5159 2936 5232 in
2989 5158 3137 5232 omni
3180 5158 3437 5232 tempore

128 5230 193 5304 ξῖξ
220 5228 452 5291 Videtur
479 5246 676 5291 autem
717 5251 842 5289 mss.
870 5232 1015 5289 Gem.
1067 5228 1193 5304 Sag.
1237 5234 1448 5304 videtur
1493 5230 1637 5304 enim
1713 5229 1779 5304 ²⁹ῖ
1828 5228 1986 5304 Modo
2012 5231 2388 5304 Atermiuabilis
2418 5228 2550 5304 nisi.
2608 5228 2743 5304 _Tltu.
2791 5228 2953 5304 modo
2989 5228 3418 5304 determiuabilis

126 5300 190 5333 ³³⁸
214 5303 247 5354 ξ’
251 5305 322 5361 ed
352 5307 486 5362 haec
508 5305 778 5365 essentia,
812 5297 1173 5371 etc.,~iu~ntss'.
1214 5304 1362 5359 Gem.
1381 5302 1519 5357 Tim.
1540 5299 1726 5355 Cister.
1754 5299 2051 5371 incipighic
2073 5312 2227 5370 caput
2248 5301 2319 5357 ΞΒ
2342 5302 2438 5357 sub
2462 5302 2559 5356 hoc
2581 5298 2754 5371 titulo.
2782 5297 2936 5371 Quod
2965 5297 3126 5371 nullis
3147 5302 3419 5357 mutabilis

121 5374 533 5432 accidentibus.

653 5375 721 5406 ³³³
772 5373 886 5429 Non
929 5367 1016 5428 est
1055 5373 1344 5441 aliquando
1369 5410 1385 5426 .
1418 5412 1432 5426 .
1470 5409 1485 5425 .
1518 5387 1646 5441 mss.
1667 5367 2089 5441 exceptisTlma.
2120 5367 2299 5427 nonne
2325 5369 2769 5441 estaliquando“.
2793 5368 2903 5441 .A.?
2930 5408 2931 5413 η
2974 5367 3044 5441 δξξο
3074 5369 3206 5425 Cum
3238 5372 3420 5428 ethoc

272 5445 416 5516 Sag.
481 5446 689 5500 Cister.
753 5459 875 5498 cum
922 5445 1042 5516 hoc
1141 5435 1215 5516 “i
1241 5445 1307 5516 Et
1335 5442 1477 5516 quod
1515 5440 1757 5516 illisuuu:
1880 5438 2041 5495 Mich.
2072 5450 2126 5497 et
2168 5443 2312 5511 quod
2334 5443 2505 5516 ipsum
2522 5435 2687 5494 editio
2713 5435 3055 5516 Gatltico_._.i_3_t
3083 5442 3224 5516 quod
3255 5443 3420 5516 simul

122 5509 186 5545 “’
205 5509 506 5573 Dissimile
532 5523 628 5570 est
652 5531 778 5568 nm.
795 5523 843 5568 et
867 5515 950 5569 ed.
983 5514 1144 5573 Galli.
1171 5509 1452 5571 dissimilis
1465 5521 1552 5566 est
1622 5509 1691 5542 m
1716 5510 2135 5583 Quidrepugnat
2159 5509 2284 5567 nisa.
2301 5509 2429 5583 quid
2459 5517 2761 5581 repugnant
2832 5510 2902 5545 ιθδ
2923 5510 3077 5566 Nulla
3104 5509 3420 5570 substantiae

117 5588 488 5656 consequitur
544 5600 678 5639 mss.
711 5584 855 5639 nulla
906 5585 1264 5643 substantiam
1295 5590 1661 5655 consequatur
1698 5581 1784 5637 ed.
1829 5578 2241 5639 Galhfnullam
2291 5578 2645 5639 substantiam
2691 5591 3050 5655 consequatur

1680 5690 1913 5749 ΝΟΤἈΞ.

182 5789 300 5862 (352)
348 5788 520 5847 Alias
559 5798 641 5843 cst
675 5804 801 5859 pars
831 5788 1020 5859 capitis
1046 5789 1136 5846 ει.
