4030 6290
198 380 275 439 181
718 432 723 438 .
1548 375 1898 433 ΜοΝοιλοει
1909 377 2029 435 UM.

446 487 666 546 CAPUT
709 486 917 544 XXVIII
957 486 1054 559 [aL
1112 486 1320 559 XXVII]
1356 486 1443 541 δ”.

193 579 329 648 Quod
360 579 490 633 idem
526 581 741 649 spiritus
772 578 1078 647 simpliciter
1106 580 1173 660 sit
1200 594 1219 633 :
1255 589 1303 632 et
1344 578 1415 611 “'
1444 586 1619 631 creata
1656 579 1733 632 uti

635 659 949 719 comparata
978 664 1081 702 non
1121 658 1245 702 sint.
1724 658 1727 661 '

188 742 500 797 Coxsrscrus
554 757 783 796 CAPITIS.
825 770 899 781 —
938 739 1196 794 Summus
1250 740 1473 809 spiritus
1516 748 1737 810 propter

246 811 719 866 inconnnutabilem
758 810 1117 866 aeternitatem
1149 803 1293 863 nullo
1319 811 1478 865 modo
1500 803 1738 879 diei-po-

246 891 361 944 test,
386 882 506 950 quia
536 880 637 935 fuit
661 891 755 935 aut
781 880 909 946 erit,
936 881 1029 934 sed
1057 879 1376 949 simpliciter
1399 889 1501 950 est.
1527 880 1735 935 Caetera

247 966 384 1016 vero,
408 949 535 1017 quia
578 950 857 1005 mutabilia
895 959 1045 1016 sunt,
1077 951 1372 1005 secundum
1410 949 1610 1018 aliquid
1643 959 1739 1005 aut

246 1021 450 1074 fuerunt
496 1020 792 1090 aliquando
830 1031 925 1075 aut
961 1029 1122 1074 erunt
1159 1021 1302 1090 quod
1343 1035 1454 1075 nou
1494 1030 1640 1085 sunt,
1681 1029 1736 1074 et

243 1092 339 1145 hoc
365 1090 503 1159 quod
540 1088 668 1146 sunt
698 1092 783 1144 vix
813 1098 941 1145 est:
978 1090 1201 1158 insuper
1237 1088 1305 1143 de
1343 1105 1447 1144 non
1491 1104 1613 1146 esse
1651 1104 1735 1146 ve-

242 1158 393 1214 niunt
425 1158 490 1214 ad
531 1174 651 1215 esse
687 1176 795 1216 non
834 1174 932 1229 per
963 1174 1059 1226 se,
1084 1159 1179 1215 sed
1218 1173 1316 1228 per
1349 1159 1498 1215 aliud
1532 1170 1625 1215 εει
1661 1160 1734 1215 ita

243 1230 453 1300 redeunt
478 1230 546 1284 ad
575 1244 680 1284 non
714 1226 857 1293 esse,
889 1226 992 1300 nisi
1028 1226 1400 1300 sustineantur
1428 1244 1525 1300 per
1563 1230 1732 1284 aliud.

243 1298 391 1354 Solus
423 1314 555 1367 ergo
579 1313 823 1354 summus
859 1298 1083 1368 spiritus
1113 1298 1441 1368 simpliciter
1461 1312 1737 1369 veresper-

241 1368 369 1423 fecte
403 1378 458 1423 et
494 1369 744 1424 absolute
778 1376 890 1434 est;
938 1377 1138 1424 caetera
1173 1378 1269 1423 aut
1305 1384 1411 1424 non
1456 1368 1737 1430 sunt,’ant

240 1439 317 1491 vix
344 1448 507 1493 sunt:
539 1454 644 1493 non
686 1449 866 1495 tamen
906 1440 1127 1494 omnino
1169 1453 1283 1494 non
1312 1447 1477 1503 sunt;
1504 1453 1628 1494 nam
1670 1439 1736 1493 de

238 1508 393 1563 nihilo
430 1509 635 1564 aliquid
671 1508 813 1564 facta
849 1517 979 1564 sunt
1004 1511 1071 1566 ab
1100 1523 1166 1566 eo
1192 1508 1284 1564 aui
1316 1507 1464 1565 solus
1491 1508 1736 1565 absolute

234 1588 328 1632 ΘΒΜ

238 1668 331 1742 15
356 1671 582 1729 Videtur
601 1687 728 1744 ergo
750 1669 1007 1745 consequi
1030 1689 1097 1730 ex
1119 1673 1548 1745 praecedentibus
1591 1672 1735 1743 quod

174 1760 263 1819 iste
280 1763 520 1835 Spiritus,
544 1764 634 1835 qui
661 1765 740 1820 sic
760 1779 859 1819 suo
880 1766 1112 1833 quodam
1135 1765 1455 1821 mirabiliter
1475 1764 1734 1836 singulari

172 1861 220 1908 et
256 1854 594 1925 singulariter
624 1855 855 1910 mirabili
894 1856 1053 1912 modo
1096 1864 1200 1925 est,
1247 1855 1477 1927 quadam
1525 1856 1736 1913 ratione
1766 1844 1811 1904 Β

172 1943 299 1999 Stilus
338 1945 439 2012 sit;
486 1946 591 2000 alia
619 1961 749 2001 vero
787 1962 1124 2017 quaecunque
1149 1947 1402 2003 videntur
1435 1961 1557 2003 esse
1610 1948 1739 2003 huic

172 2032 366 2101 collata,
396 2049 507 2090 non
541 2036 669 2090 sint.
711 2036 769 2090 Si
811 2035 954 2091 enim
982 2035 1268 2106 diligenter
1293 2035 1625 2103 intendatur,
1650 2036 1740 2093 ille

169 2122 295 2178 solus
336 2123 611 2179 videbitur
649 2123 968 2193 simpliciter
1013 2132 1069 2179 et
1111 2123 1350 2195 perfecte
1397 2133 1453 2180 et
1495 2125 1741 2182 absolute

169 2228 296 2279 esse;
326 2214 435 2268 alia
468 2229 599 2269 vero
632 2214 815 2269 omnia
847 2215 959 2269 fere
986 2229 1094 2270 non
1122 2228 1242 2270 esse
1270 2214 1365 2281 ⁸³⁵,
1394 2224 1450 2271 ει
1477 2215 1566 2270 vix
1596 2226 1739 2283 ease,

169 2303 405 2373 quoniam
439 2319 679 2377 namque
703 2304 844 2360 idem
868 2306 1112 2375 spiritus,
1135 2314 1358 2379 propter
1383 2307 1742 2363 incommuta-

169 2395 306 2451 bilem
339 2398 705 2452 mlernila'em
737 2413 888 2452 suam
907 2438 921 2462 ,
956 2397 1104 2452 nullo
1133 2399 1293 2455 modo
1321 2399 1615 2454 secundum
1644 2399 1743 2453 ali-

168 2503 300 2558 trtem
324 2499 537 2544 motum
560 2490 664 2545 dici
687 2499 866 2560 potest
885 2491 1008 2560 quia
1033 2489 1150 2558 fuit,
1165 2500 1258 2547 aut
1282 2492 1415 2559 erit;
1431 2494 1524 2548 sed
1540 2494 1748 2565 simpli-

168 2580 300 2645 citer,
316 2589 438 2636 est:
466 2597 567 2637 nec
590 2581 922 2636 mutabiliter
942 2591 1025 2637 est
1046 2581 1268 2652 aliquid,
1293 2583 1435 2652 quod
1458 2583 1746 2653 aliquando

167 2677 244 2723 aut
276 2685 381 2725 non
408 2669 534 2736 fuit,
562 2682 654 2726 ant
681 2686 786 2726 non
810 2672 949 2739 erit;
974 2686 1149 2742 neque
1188 2688 1298 2729 non
1343 2674 1436 2728 cst’
1460 2675 1603 2744 quod
1644 2673 1744 2729 ali-

169 2760 362 2827 quando
399 2760 529 2828 fuit,
554 2772 648 2817 aut
673 2763 811 2829 erit;
843 2764 936 2818 sed
963 2763 1226 2834 quidquid
1257 2774 1360 2831 est,
1392 2767 1558 2821 semel
1586 2778 1640 2820 et
1669 2768 1745 2821 si—

170 2851 290 2917 mul,
328 2864 384 2909 et
414 2854 746 2911 intermiuab
770 2855 896 2910 liter
922 2864 1026 2911 est.
1068 2854 1333 2923 Quoniam
1352 2898 1368 2923 ,
1398 2856 1617 2927 inquam
1649 2859 1741 2925 ⁸⁸⁵,

169 2942 452 3011 huiusmodi
495 2957 580 3003 est
607 2962 730 3003 esse
755 2946 900 3017 ejus;
923 2946 1048 3016 jure
1076 2949 1201 3018 ipse
1220 2948 1540 3019 simpliciter
1565 2957 1628 3005 et
1645 2952 1745 3006 ab-

168 3034 319 3092 solute
340 3046 392 3092 et
412 3038 657 3108 perfecte
675 3038 880 3093 dicitur
920 3052 1059 3095 esse.
1102 3039 1368 3107 Quoniam
1404 3055 1532 3096 vero
1559 3042 1741 3096 omnia

165 3125 254 3180 alia
303 3132 615 3187 secundum
660 3130 862 3199 aliquid
918 3131 1252 3187 mutabiliter
1304 3132 1596 3201 aliquando
1649 3141 1741 3188 aut

161 3214 395 3287 fuerunt,
460 3229 570 3276 aut
635 3228 797 3277 erunt
851 3222 995 3291 quod
1056 3236 1161 3277 non
1218 3231 1389 3289 sunt;
1460 3229 1555 3276 aut
1613 3232 1741 3277 sunt

160 3310 284 3376 quod
339 3310 643 3382 aliquando
703 3327 811 3367 non
871 3312 1131 3381 fuerunt,
1197 3306 1281 3369 vel
1333 3328 1445 3368 non
1499 3325 1661 3369 erunt
1721 3332 1736 3369 :

162 3408 208 3455 et
239 3403 502 3471 quoniam
536 3403 642 3460 hoc
680 3404 807 3474 quia
847 3403 1103 3471 fuerunt,
1145 3406 1258 3477 jam
1297 3420 1402 3461 non
1449 3414 1563 3472 est;
1611 3405 1751 3461 illud-

162 3501 349 3560 autem,
396 3494 619 3551 scilicet
665 3495 792 3565 quia
837 3505 1030 3562 erunt,
1077 3496 1315 3552 nondum
1363 3507 1475 3563 est;
1534 3505 1591 3552 et
1636 3496 1740 3552 hoc

162 3584 269 3651 quia
287 3585 355 3618 “'
381 3587 433 3642 in
466 3585 630 3642 labili
658 3587 1091 3657 brevissimoque
1118 3596 1176 3643 et
1198 3588 1285 3644 vix
1310 3589 1576 3643 existente
1604 3602 1741 3657 prte-

161 3677 283 3732 senti
312 3690 457 3749 sunt,
501 3678 589 3733 vix
631 3687 737 3735 est.
779 3677 1046 3745 Quoniam
1081 3692 1211 3751 ergo
1254 3689 1364 3734 tam
1408 3680 1757 3736 mutabiliter.

163 3776 292 3833 sunt,
321 3785 426 3826 non
455 3769 746 3826 immerito
775 3779 1040 3839 negantur
1072 3771 1390 3842 simpliciter
1415 3781 1469 3828 et
1503 3772 1741 3842 perfecte

162 3857 210 3907 et
245 3854 493 3913 absolute
524 3871 673 3924 esse;
720 3865 778 3913 et
820 3866 1141 3913 asseruntur
1178 3860 1295 3913 fere
1334 3871 1440 3913 non
1477 3872 1617 3926 esse,
1648 3860 1739 3915 vix

90 4007 105 4020 ,
163 3956 288 4000 esse.
333 3947 573 4013 Deinde,
619 3962 741 4002 cum
785 3948 987 4013 omnia,
1035 3962 1379 4019 quascunque
1422 3948 1566 4005 aliud
1613 3961 1740 4006 sunt

162 4047 307 4103 quam
336 4039 450 4111 ipse
467 4039 574 4103 ³⁵³⁷,
597 4040 665 4095 de
689 4054 795 4095 non
823 4054 945 4095 esse
973 4039 1222 4095 venerint
1247 4041 1316 4095 ad
1342 4054 1482 4107 esse,
1505 4055 1611 4095 non
1642 4056 1755 4109 per

164 4139 232 4191 se,
257 4131 346 4186 sed
374 4148 472 4203 per
524 4132 700 4198 aliud;
743 4140 802 4189 et
841 4147 965 4188 cum
1002 4132 1069 4187 de
1106 4148 1229 4188 esse
1264 4133 1494 4188 redeant
1522 4134 1590 4188 ad
1630 4147 1737 4188 non

163 4231 287 4287 esse,
330 4233 602 4294 quantum
643 4226 711 4280 ad
755 4239 837 4290 se,
870 4224 971 4280 nisi
1014 4225 1388 4280 sustineantur
1433 4238 1529 4294 per
1573 4223 1735 4286 aliud,

164 4316 414 4377 quomodo
451 4314 567 4370 illis
592 4313 909 4385 simpliciter
933 4314 1206 4379 convenit,
1239 4322 1334 4368 aut
1360 4312 1597 4383 perfecte
1621 4315 1741 4369 sive

164 4399 390 4462 absolute
412 4422 566 4471 esse,
595 4414 652 4462 et
678 4422 784 4462 non
813 4406 985 4478 magis
1014 4404 1127 4461 fere
1152 4406 1238 4460 vix
1267 4421 1373 4461 non
1403 4420 1523 4462 esse
1535 4405 1741 4461 ‘LCum-

165 4506 257 4562 que
278 4512 394 4553 esse
419 4499 597 4555 solius
633 4500 874 4569 ejusdem
918 4497 1209 4553 ineifabilis
1245 4496 1480 4567 Spiritus
1509 4497 1734 4568 intelligi

165 4585 297 4642 nullo
319 4591 485 4646 modo
507 4590 698 4661 possit,
721 4598 901 4645 aut‘ex
930 4604 1034 4644 non
1060 4604 1183 4645 esse
1212 4594 1505 4660 inemptum
1525 4589 1618 4656 “9,
1641 4600 1736 4645 aut

3309 377 3417 432 183

1762 494 1996 556 Aquam
2043 504 2138 560 per
2182 504 2265 557 se,
2296 488 2348 546 id
2375 498 2478 556 est,
2512 505 2608 562 per
2637 490 2738 547 hoc
2765 490 2906 561 quod
2953 487 3066 559 ipse
3092 497 3195 555 est,
3240 493 3419 545 nonne

1836 580 1994 650 hujus
2031 595 2151 635 esse
2197 582 2391 635 merito
2431 581 2603 637 solmn
2655 581 2976 652 intelligitur
3022 579 3259 650 simplex~
3295 594 3419 649 per-

1836 668 2142 740 factumque
2176 681 2230 726 et
2258 672 2331 703 ‘3’
2359 671 2702 728 absolutum?
2743 672 2899 739 Quod
2938 685 3067 726 vero
3097 670 3176 725 sic
3212 669 3425 741 simpli-

1836 760 1974 819 citer
2016 769 2075 816 et
2121 762 2429 818 omnimoda
2477 765 2693 819 ratione
2744 763 2921 819 solum
2964 772 3050 818 est
3092 761 3416 831 perfectum,

1835 850 2061 922 simplex
2099 862 2151 907 et
2180 852 2247 884 m
2277 853 2615 924 absolutum,
2661 853 2714 909 id
2748 854 2973 910 nimium
3018 852 3425 924 quodammodo

1828 938 1952 1009 jure
1977 941 2082 996 dici
2113 951 2292 1012 potest
2314 942 2488 999 solum
2514 958 2676 1000 esse:
2707 953 3009 1001 et.econtra
3036 945 3129 1010 ⁴³¹,
3159 944 3425 1015 quidquid

1837 1050 1933 1106 per
1970 1037 2303 1107 superiorem
2335 1038 2629 1103 rationem,
2663 1053 2765 1094 nec
2793 1039 3134 1110 simpliciter,
3162 1054 3261 1095 nec
3296 1053 3420 1110 per-

1836 1125 1996 1196 fecte,
2028 1144 2130 1184 nec
2157 1128 2403 1185 absolute
2427 1144 2578 1196 esse;
2619 1131 2712 1187 sed
2745 1129 2837 1185 vix
2870 1145 3012 1199 esse,
3042 1139 3137 1186 aut
3162 1131 3277 1187 fere
3312 1147 3419 1187 non

1836 1236 1956 1277 esse
1984 1222 2361 1294 cognoscitur;
2394 1223 2449 1278 id
2479 1225 2663 1294 utique
2691 1223 2875 1294 aliquo
2903 1223 3063 1278 modo
3108 1232 3276 1286 recte,
3309 1238 3417 1281 non

1835 1328 1957 1370 esse
2003 1317 2222 1371 dicitur.
2270 1317 2590 1372 Secundum
2624 1319 2764 1375 hanc
2811 1319 2977 1391 igitur
3020 1319 3285 1376 rationem
3330 1316 3422 1372 ille

1837 1407 1984 1463 solus
2024 1417 2244 1464 creator
2288 1408 2525 1479 Spiritus
2569 1419 2682 1476 est,
2725 1419 2784 1467 et
2826 1411 3007 1467 omnia
3049 1415 3264 1475 creata,
3313 1423 3420 1463 non

1836 1509 1996 1566 sunt;
2043 1515 2143 1556 nec
2185 1508 2364 1557 tamen
2405 1502 2625 1558 omnino
2649 1503 2719 1536 m
2743 1518 2849 1559 non
2881 1512 3040 1568 sunt,
3073 1501 3200 1572 quia
3230 1515 3328 1570 per
3358 1498 3423 1552 il-

1837 1590 1947 1646 lum
1983 1590 2078 1661 qui
2119 1590 2268 1648 solus
2303 1591 2551 1649 absolute
2588 1601 2692 1662 est,
2730 1593 2799 1649 de
2835 1593 3004 1650 nihilo
3039 1590 3241 1663 aliquid
3275 1589 3429 1646 facta

1836 1691 1980 1740 sunt.
2110 1712 2111 1715 η
2908 1728 2913 1733 .
2976 1690 2979 1693 ’

2142 1798 2371 1856 CAPUT
2407 1798 2580 1855 XXIX
2618 1799 2714 1872 [αι.
2764 1798 2998 1871 XXVIII]
3033 1798 3125 1854 ⁸³⁸.

1841 1912 1993 1981 Quoa
2036 1931 2150 1986 ejus
2189 1916 2384 1969 locutio
2416 1915 2643 1983 idtpsum
2679 1915 2921 1986 sitquod
2964 1916 3107 1986 ipse.»
3134 1921 3182 1968 et
3220 1911 3422 1986 ipsi_sit

1909 1980 2390 2068 consubstantialis,
2422 1980 2538 2040 cum
2583 2002 2687 2040 non
2723 1980 2824 2039 sint
2863 1985 2987 2051 duo,
3016 1984 3108 2039 sed
3138 1980 3274 2038 unus
3302 1980 3425 2038 Sni-

1909 2065 1975 2110 rit
1982 2073 2064 2111 us.

1840 2147 2183 2206 Conspectus
2211 2163 2441 2204 carms.
2470 2178 2543 2189 —
2577 2147 2833 2201 Summus
2862 2145 3098 2216 Spiritus
3128 2144 3261 2201 nihil
3292 2132 3423 2208 fecit

1911 2219 2015 2276 nisi
2042 2235 2139 2290 per
2164 2220 2398 2291 seipsuut
2420 2217 2929 2291 ;_quidquid_autent
2960 2215 3109 2283 fecit,
3138 2230 3235 2291 per
3264 2229 3431 2275 suam

1914 2285 2411 2346 .ocuiionem’fecit.
2435 2285 2576 2359 Ergo
2597 2285 2715 2359 ejus
2735 2286 2932 2359 locutio
2954 2301 3046 2341 seu
3068 2285 3292 2359 verbum
3315 2299 3423 2359 non

1913 2369 1997 2439 est
2022 2359 2165 2439 aliud
2192 2374 2357 2430 quam
2391 2354 2771 2439 ipse'snn'tmns
2801 2354 3052 2439 Spiritus.
3082 2355 3287 2439 Deinde
3317 2354 3421 2439 ista

1917 2430 2119 2485 locutio
2145 2427 2241 2498 per
2259 2427 2421 2498 quatn
2444 2428 2646 2483 factum
2667 2435 2750 2483 est
2769 2427 3025 2497 quidquid
3048 2434 3294 2482 creatum
3315 2433 3420 2498 est,

1918 2516 2025 2553 non
2073 2493 2159 2555 est
2196 2493 2478 2563 creatura,
2521 2498 2613 2551 sed
2652 2507 2736 2552 est
2777 2493 2933 2552 omni
2966 2506 3216 2551 creatura
3253 2493 3422 2564 prior.

1918 2569 2059 2640 Ergo
2087 2569 2199 2637 ipsa
2228 2576 2314 2640 est
2342 2582 2533 2640 creatis
2563 2566 2817 2640 Spiritus.
2847 2566 3054 2640 Rursus
3088 2584 3101 2620 :
3136 2566 3240 2621 Ista
3271 2565 3424 2619 lucu-

1919 2636 2098 2694 tio'est
2110 2636 2310 2693 summi
2334 2636 2571 2706 Spiritus
2593 2636 2977 2706 intelligentia;
3006 2649 3216 2706 summa
3242 2642 3425 2706 autem

1921 2720 2134 2773 natura,
2163 2724 2287 2767 cum
2311 2705 2388 2764 sit
2405 2706 2656 2776 simplex,
2674 2705 2900 2777 rest’ipsa
2921 2721 3017 2777 sua
3046 2705 3421 2777 intelligentia.

1920 2780 2072 2850 Ergo,
2088 2793 2296 2833 summa
2328 2773 2531 2850 natura
2551 2786 2634 2850 est
2670 2776 2782 2850 ipsa
2805 2773 2918 2850 'sua
2958 2775 3200 2850 locutio;
3224 2782 3281 2831 et
3309 2773 3426 2829 hzee

1916 2845 2021 2904 cst'
2042 2848 2117 2904 illi
2164 2847 2661 2915 consubsrantialis,
2694 2847 2820 2918 quia
2857 2847 2973 2919 ipse
2999 2845 3308 2903 individuus
3341 2850 3427 2900 cst

1919 2919 2185 2991 Spiritus.

1914 3032 2032 3087 lam
2059 3046 2188 3087 vero
2213 3031 2282 3064 ⁸³⁸
2308 3030 2393 3088 his
2421 3046 2543 3102 quae
2567 3030 2633 3088 de
2656 3029 3072 3102 proprietatibus
3100 3026 3257 3097 hujus
3277 3042 3426 3084 sum-

1846 3138 1948 3179 ma:
1989 3132 2195 3178 natum
2235 3122 2301 3178 ad
2341 3136 2580 3191 praesens
2621 3122 2757 3177 mihi
2799 3121 2991 3177 ducent
3036 3120 3296 3176 rationem
3339 3135 3425 3176 se-

1840 3215 2024 3285 quenti
2064 3221 2419 3270 occurrerunt
2443 3212 2513 3245 ⁸³⁸
2544 3213 2867 3284 perspectis,
2905 3221 3267 3282 opportunum
3304 3212 3425 3267 cxi-

1842 3307 2007 3363 stimo
2032 3315 2093 3361 ut
2117 3306 2184 3360 de
2209 3304 2326 3374 ejus
2350 3303 2642 3368 locutione,
2668 3319 2767 3374 per
2790 3318 2953 3374 quam
2983 3305 3124 3357 facta
3156 3311 3281 3357 sunt
3302 3316 3424 3357 om-

1842 3396 1952 3460 nia,
1980 3395 2024 3451 si
2052 3395 2179 3464 qnid
2207 3394 2435 3465 possim,
2458 3394 2819 3449 considerem.
2850 3393 3060 3449 Etenim
3089 3407 3212 3449 tum
3239 3391 3420 3448 omnia

1842 3503 1962 3557 qua:
1988 3485 2054 3541 de
2086 3485 2172 3540 illa
2202 3500 2366 3556 supra
2388 3485 2563 3555 potuit
2590 3485 3039 3549 animadvertere,
3073 3485 3302 3540 rationis
3335 3499 3425 3539 ro-

1840 3578 1943 3632 bur
1967 3573 2257 3632 inﬂexibile
2281 3582 2531 3643 teneant,
2546 3574 2674 3631 illud
2702 3590 2790 3632 me
2812 3575 3047 3631 maxime
3073 3574 3219 3647 cogit
3244 3576 3311 3632 de
3332 3573 3423 3631 illa

1842 3668 2152 3739 diligentius
2179 3667 2468 3735 discutere,
2493 3668 2618 3738 quia
2646 3668 2698 3723 id
2726 3668 2925 3739 ipsum,
2952 3669 3099 3740 quod
3128 3669 3243 3740 ipse
3268 3683 3421 3724 sum-

1843 3775 1964 3815 mus
1998 3758 2367 3831 spiritusest,
2397 3759 2665 3829 probatur
2703 3758 2935 3817 esse.Si
2983 3760 3126 3816 enim
3160 3760 3252 3817 ille
3288 3759 3424 3816 nihil

1839 3849 1989 3937 fecit,
2017 3852 2121 3909 nisi
2146 3866 2244 3922 per
2265 3851 2525 3922 seipsum,
2552 3860 2608 3908 et
2633 3851 2894 3924 quidquid
2918 3853 2988 3909 ab
3015 3868 3082 3910 eo
3108 3853 3313 3911 factum
3340 3861 3423 3910 est

1840 3957 1936 4012 per
1965 3942 2111 3999 illam
2147 3950 2233 3999 est
2268 3942 2506 4008 factum,
2543 3944 2813 4013 quomodo
2843 3943 2933 3999 illa
2959 3952 3042 3999 est
3077 3944 3223 3999 aliud
3257 3960 3431 4021 quam

1840 4034 1982 4104 quod
2020 4041 2117 4090 est,
2146 4033 2288 4089 idem
2314 4033 2382 4069 W
2412 4032 2530 4104 ipse
2547 4034 2579 4087 i-
2608 4033 2856 4103 Amplius
2893 4048 2909 4087 :
2951 4042 3201 4089 asserunt
3236 4035 3424 4104 utique

1841 4125 2295 4196 inexplicabiliter
2320 4139 2383 4181 ea
2412 4139 2531 4195 quae
2554 4123 2666 4193 jam
2695 4124 2914 4180 inventa
2946 4134 3093 4194 sunt,
3126 4126 3251 4196 quia
3287 4126 3423 4182 nihil

1839 4220 2060 4276 omnino
2088 4220 2266 4291 potuit
2301 4234 2538 4290 unquam
2568 4227 2662 4293 aut
2691 4226 2871 4291 potest
2899 4219 3195 4277 subsistere
3228 4229 3422 4292 preter

1840 4318 2120 4365 creantem
2165 4308 2414 4381 spiritum
2459 4317 2516 4365 et
2559 4308 2678 4380 ejus
2724 4319 3052 4365 creaturam.
3101 4309 3254 4366 Hauc
3289 4325 3420 4366 vero

1840 4403 2061 4473 spiritus
2091 4401 2330 4473 ejusdem
2354 4402 2681 4459 locutionem
2709 4400 3041 4473 impossibile
3068 4411 3155 4459 est
3168 4402 3251 4454 ,⁸³⁸
3279 4403 3422 4461 inter

1840 4504 2021 4550 creata
2059 4493 2327 4551 contineri
2367 4511 2381 4547 :
2422 4494 2676 4564 quoniam
2718 4492 2981 4566 quidquid
3014 4504 3257 4553 creatum
3296 4484 3424 4552 subs

1842 4586 1987 4641 sistit
2014 4586 2103 4653 ⁸⁵³⁸,
2134 4601 2230 4656 per
2254 4585 2402 4640 illam
2432 4584 2637 4642 factum
2672 4595 2783 4654 est;
2818 4587 2907 4642 illa
2936 4602 3066 4643 vero
3095 4601 3192 4658 per
3219 4602 3278 4644 se
3302 4588 3422 4643 neri

163 4675 380 4747 aliquem
411 4682 527 4752 pati
552 4681 623 4714 ⁵²⁹
653 4695 832 4751 posse,
876 4695 939 4735 ex
984 4696 1048 4735 eo
1077 4680 1220 4751 quod
1256 4690 1340 4736 est
1375 4681 1427 4736 in
1456 4695 1563 4735 non
1590 4695 1732 4749 esse,
1844 4694 1949 4734 non
1979 4680 2170 4749 potuit.
2209 4678 2356 4734 Nihil
2395 4680 2593 4750 quippe
2635 4693 2734 4750 per
2775 4679 3012 4751 seipsum
3059 4679 3177 4736 ﬁeri
3221 4688 3439 4751 potest,

168 4763 451 4841 defectum;
495 4779 557 4829 et
595 4771 853 4843 quidquid
889 4772 1004 4844 ipse
1045 4781 1157 4841 est,
1205 4787 1310 4827 non
1353 4773 1563 4842 sit.perr
1591 4772 1737 4827 aliud
1843 4773 1969 4839 quia
2007 4770 2267 4841 quidquid
2306 4769 2410 4838 lit,
2435 4770 2705 4842 posterius
2728 4780 2813 4831 est
2844 4785 2912 4829 eo
2941 4784 3042 4845 per
3066 4770 3210 4847 quod
3246 4770 3432 4838 ίὶιςεει.Δ

1478 4899 1711 4958 VARle
1751 4899 2151 4963 LECTIONES.

225 5066 290 5098 δ”
316 5066 547 5143 Cum}?
577 5080 658 5143 est
675 5068 1214 5143 in_mss._capm_28_u
1236 5070 1307 5143 Ψ
1328 5069 1440 5143 fit.
1470 5067 1673 5143 Creata
1690 5109 1703 5122 .
1736 5108 1750 5123 .
1780 5068 1927 5125 .'non
1949 5069 2058 5143 sint
2076 5085 2183 5143 _ms.
2211 5067 2446 5143 Thu.g90
2461 5082 2743 5130 creatura.
2765 5110 2778 5127 .
2799 5070 3146 5143 .'non~sitf“
3162 5068 3425 5143 γενεῆφι

163 5146 272 5212 tisse
292 5136 419 5212 mss.
464 5137 599 5212 Vict.
627 5139 689 5194 3.,
710 5136 838 5212 Sag.
871 5136 1008 5212 Tuti.
1046 5139 1105 5195 S.
1138 5139 1503 5212 Miclt.Ci_ster.
1530 5137 1647 5212 fere
1672 5154 1784 5212 non
1804 5154 1926 5212 esse
1966 5140 2039 5212 ⁴Ϊ²⁸
2064 5139 2327 5207 Quoniam
2352 5141 2402 5194 in
2435 5156 2695 5212 quantum
2719 5161 2844 5198 mss.
2882 5141 3009 5212 Vict.
3037 5136 3423 5212 Sag.S.MicI}.

165 5201 697 5284 Quoniatn,_iuqttat_n
729 5280 739 5284 _
770 5201 840 5240 ⁸⁵⁸
879 5208 992 5266 Hoc
1034 5212 1177 5284 quod
1203 5228 1329 5265 mss.
1372 5210 1477 5265 hoc
1513 5210 1638 5284 quia
1688 5208 1785 5284 _“'
1820 5210 2045 5275 Deinde,
2074 5201 2211 5284 cum
2246 5201 2790 5284 omniajuazcunqne
2814 5208 2957 5284 aliud
2984 5201 3290 5284 sunt'quam
3316 5212 3430 5284 ipse

164 5290 252 5327 ius.
278 5277 416 5333 Tim.
446 5277 922 5352 ‘50.Vdeindeicum
962 5277 1141 5335 omnia
1166 5295 1505 5350 quaecunque
1536 5277 1702 5335 aliud
1745 5290 1877 5335 sunt
1913 5296 2075 5351 quam
2116 5281 2256 5352 ipsa.
2288 5297 2386 5336 ms.
2415 5277 2550 5337 Tliu.
2583 5284 2672 5338 90.
2702 5277 2934 5352 denique
2956 5297 3077 5337 cum
3102 5277 3283 5337 omnia
3320 5277 3439 5337 alia

162 5355 280 5423 sunt
313 5364 485 5418 quam
512 5351 667 5423 ipse:
708 5349 794 5423 ff"
818 5351 941 5423 Aut‘
956 5367 1073 5423 non
1088 5349 1214 5423 esse
1244 5352 1522 5423 inceptum
1561 5360 1806 5423 mssaaut
1825 5366 1891 5406 ex
1918 5349 2024 5423 non
2055 5349 2178 5406 esse
2211 5351 2520 5423 inceptum__
2558 5353 2628 5385 "9
2648 5353 2758 5423 Aut
2786 5349 3020 5423 aliquam
3048 5353 3156 5423 pati
3186 5369 3311 5407 mss.
3333 5364 3429 5408 aut

160 5413 383 5493 aliquem
415 5413 550 5493 pali:
604 5420 672 5493 ⁴³ξ³
706 5420 1247 5493 Μει-ίιοῌίιιιειιίεἰιιιι·
1277 5413 1597 5493 simpliciter
1632 5420 1830 5493 solum
1859 5420 2156 5493 pet-fectum
2188 5431 2272 5493 _et_
2301 5413 2428 5477 mss.
2482 5421 2614 5478 Vict.
2636 5420 2787 5493 βαρ.
2816 5413 3003 5493 Cister.
3037 5413 3230 5479 merito
3249 5423 3425 5478 solum
3525 5451 3532 5459 -

162 5482 478 5564 intelligitur
508 5490 760 5564 simplex,
791 5482 1200 5564 perfectumque
1274 5492 1343 5523 ⁸³⁸
1378 5482 1564 5547 Solum
1589 5502 1674 5546 est
1709 5482 2006 5564 perfectum
2039 5489 2367 5564 simpliciter
2387 5501 2443 5548 et
2468 5510 2593 5548 mss.
2632 5482 2769 5548 Vict'.
2796 5492 2927 5564 Sag.
2962 5493 3109 5548 Gem.
3141 5493 3430 5564 solumest

160 5556 451 5633 perfectum
484 5556 707 5630 simplex
741 5556 806 5633 et‘
870 5562 936 5592 ⁸³²
965 5556 1230 5633 Aicoutra
1262 5579 1388 5617 mss.
1421 5577 1453 5618 e
1484 5572 1687 5633 contra
1709 5556 1722 5562 ’
1754 5560 1821 5594 δ³³
1839 5559 1961 5633 fise
1991 5556 2173 5633 tamen
2203 5562 2384 5633 omnia
2415 5578 2539 5617 mss.
2572 5577 2669 5618 nec
2702 5556 3122 5619 tamen'tmutino
3193 5562 3264 5597 ⁸³⁸
3292 5563 3423 5633 Cap.

157 5624 220 5678 28
244 5630 403 5704 estin
436 5646 563 5685 mss.
590 5624 707 5700 cap.
736 5632 824 5687 29.
904 5632 973 5664 ⁸³⁸
997 5632 1115 5688 Jatu
1146 5650 1291 5688 nunc
1324 5638 1455 5704 inss.
1494 5631 1629 5686 l’ict.
1665 5632 1799 5703 Sag.
1836 5630 1969 5686 Tim.
1999 5631 2189 5686 Cistcr.
2220 5629 2341 5704 Jam
2383 5648 2512 5688 vero
2584 5632 2655 5666 ³³⁸
2686 5634 2942 5704 Sequenti
2967 5642 3257 5690 occurrunt
3296 5624 3423 5688 niis.

160 5708 265 5779 ξτες.
298 5697 459 5779 Tun.-
495 5697 738 5779 sequenti
768 5713 1142 5779 occurrerunt
1197 5705 1281 5779 f"_
1300 5703 1472 5771 Quam
1513 5713 1598 5779 est
1628 5697 1765 5758 idem
1814 5720 1937 5756 mss.
1990 5718 2154 5779 quam
2187 5702 2329 5774 quod
2381 5712 2462 5760 est
2506 5703 2646 5763 idem
2726 5697 2792 5738 ηδ
2823 5703 3154 5778 Itupossibile
3189 5720 3256 5760 ex
3296 5721 3449 5769 iussu,

161 5769 494 5836 impossibile
515 5769 590 5828 cs‘
675 5773 740 5804 “9
771 5775 1023 5829 Creatum
1065 5769 1461 5832 subsistit'mss.
1512 5773 1644 5830 Tim.
1678 5784 1917 5831 creatum
1945 5769 2126 5829 existit
