4030 6290
513 341 614 413 ι8¹ζ

1041 338 1101 394 S.
1144 337 1442 393 ANSELMI
1480 287 1832 392 (SANTUAR.
1877 334 2179 402 ARCIIIEP
2245 333 2395 390 OPP.
2431 333 2610 389 PARS
2642 333 2679 388 I.
2719 365 2784 374 —
2847 332 3266 390 DOGMA'I'ICA.

3673 335 3769 392 I83

571 470 706 516 ,mus
735 452 970 524 Spiritus
995 450 1142 524 dicit,
1172 458 1252 504 est
1282 450 1508 518 idipsmn
1541 450 1681 524 quod
1711 448 2086 524 summusspi~
2119 452 2162 508 Α
2195 447 2480 517 imaginem
2505 446 2595 510 ‘9',
2652 449 2719 503 ad
2767 449 2882 519 ejus
2935 451 3338 506 similitudinem
3374 448 3463 514 ³⁸³,
3517 434 3772 517 tanquam

584 528 743 586 ritus,
777 519 833 577 ut
861 536 1020 590 supra
1049 522 1470 590 demonstratum
1503 529 1605 573 est.
1639 519 1872 573 Verbum
1904 520 2087 590 etiam,

583 613 693 668 quo
719 596 848 650 dicit
876 589 939 646 ea
970 607 1086 660 qua:
1116 589 1254 668 facta
1284 600 1427 651 sunt,
1457 598 1542 668 est
1571 590 1684 656 ipse
1714 604 1956 668 summus
1988 589 2095 657 spi-

587 659 742 732 ritus,
776 675 834 718 ut
863 659 1024 732 supra
1062 659 1267 732 pariter
1300 669 1383 732 est
1417 660 1724 728 probatum.
1761 660 1899 726 Ergo
1929 674 2091 732 unum

586 748 671 792 est
699 728 799 790 sibi
828 728 1287 788 consubstantiale
1315 728 1550 783 Verbum
1584 745 1690 798 quo
1712 744 1956 798 summus
1985 729 2096 797 spi-

585 809 724 882 ritus
747 820 806 860 se
833 802 983 866 dicit,
1014 809 1068 854 et
1096 816 1203 882 quo
1233 815 1294 853 ea
1323 799 1456 854 dicit
1489 797 1614 882 (μιίὲ
1643 799 1792 880 facit.
1827 797 2095 880 Praeterea

529 889 533 892 ‘
590 876 845 934 Verbum,
869 888 976 941 quo
997 887 1057 926 se
1079 869 1210 925 dicit
1233 885 1441 923 summa
1465 870 1747 941 sapientia,
1773 869 2100 941 convenien-

587 947 796 1001 tissime
829 937 935 998 dici
973 950 1152 1011 potest
1185 941 1419 1011 Verbum
1460 937 1598 1007 ejus,
1637 940 1760 1008 quia
1799 937 2096 1011 perfectam

588 1015 704 1082 ejus
726 1023 871 1071 tenet
895 1009 1305 1067 similitudinem
1330 1025 1345 1064 :
1373 1009 1606 1065 Verbum
1636 1011 1779 1064 enim
1812 1017 1894 1064 est
1921 1009 2098 1082 imago

589 1081 671 1140 rei
707 1100 770 1140 ex
803 1082 1134 1152 cogitatione
1163 1082 1424 1148 formata;
1471 1091 1526 1135 et
1569 1081 1690 1135 ideo
1733 1090 1882 1152 tanto
1916 1081 2100 1152 verius

591 1165 678 1210 est
709 1149 957 1218 verbum,
988 1161 1189 1222 quanto
1217 1151 1397 1205 verius
1425 1166 1536 1204 rem
1570 1165 1721 1204 mens
1747 1149 2102 1222 cogitatalte-

533 1253 538 1257 -
590 1241 735 1290 rum,
783 1239 935 1278 mens
961 1220 1258 1284 rationalis,
1288 1237 1409 1276 cum
1436 1237 1493 1276 se
1518 1222 1800 1291 cogitando
1828 1220 2100 1288 intelligit,

592 1297 882 1363 imaginem
921 1309 1072 1348 suam
1116 1308 1210 1346 seu
1242 1293 1461 1346 verbum
1501 1292 1598 1363 sui
1626 1291 1871 1363 producit
1896 1291 2038 1360 quod
2068 1305 2099 1342 a

594 1380 654 1419 se
679 1361 782 1419 non
808 1365 908 1418 nisi
934 1364 1143 1417 ratione
1166 1371 1343 1431 potest
1364 1361 1622 1431 separari.
1652 1361 1793 1430 Ergo
1817 1371 1870 1415 et
1891 1375 2102 1414 summa

591 1434 889 1504 Sapientia,
925 1450 1045 1489 cum
1088 1447 1149 1486 se
1186 1431 1412 1504 dicendo
1451 1431 1727 1504 intelligit,
1767 1431 1937 1504 gignit
1963 1446 2103 1504 _con-

599 1501 1010 1560 su‘bstantialetn
1059 1504 1160 1556 sibi
1210 1502 1613 1556 similitudinem
1672 1517 1870 1566 suam,
1927 1501 1978 1555 id
2023 1510 2104 1554 est

541 1617 543 1619 ι
601 1576 837 1630 Verbum
868 1590 1042 1629 smnn.
1077 1572 1312 1626 Verbum
1344 1573 1484 1626 istud
1512 1571 1614 1625 dici
1641 1580 1816 1640 potest
1843 1579 1897 1625 et
1929 1570 2105 1638 imago

595 1654 652 1700 ct
690 1646 856 1714 figura
897 1653 953 1700 et
991 1643 1272 1698 character
1313 1643 1431 1712 ejus
1468 1660 1481 1695 :
1516 1640 1749 1714 Verbum
1781 1651 1961 1714 autem
1999 1656 2106 1710 quo

596 1713 900 1769 creaturam
941 1714 1100 1778 dicit,
1144 1714 1399 1775 verbum,
1441 1720 1536 1765 aut
1573 1713 1768 1781 imago,
1808 1719 1900 1764 aut
1938 1713 2104 1781 figura

597 1793 862 1839 creatura:
889 1784 993 1838 dici
1025 1798 1129 1837 non
1163 1791 1366 1851 potest;
1402 1783 1525 1851 quia
1549 1791 1632 1835 est
1656 1781 1966 1850 principalis
1990 1781 2106 1850 ejus
2141 1791 2184 1848 Β
2213 1781 2226 1851 ξ

599 1855 854 1909 essentia.
910 1854 1054 1922 Ergo
1093 1868 1334 1906 smmnus
1382 1853 1604 1920 spiritus
1650 1859 1955 1922 creaturam
1987 1867 2110 1922 non

601 1925 733 1978 dicit
762 1923 936 1978 Verbo
965 1921 1250 1986 creaturae,
1283 1921 1377 1984 sed
1409 1937 1530 1976 suo.
1567 1922 1710 1991 Ergo
1739 1921 1998 1991 quidquid
2031 1921 2114 1974 di-

601 1997 707 2059 cit,
737 1994 915 2049 Vcrbo
947 2009 1043 2048 suo
1073 1992 1221 2046 dicit.
1259 1991 1397 2057 Ergo
1427 1993 1586 2062 unico
1615 1989 1911 2062 eademque
1939 1989 2114 2046 Verbo

601 2066 730 2119 dicit
759 2065 994 2132 seipsum
1024 2072 1077 2117 et
1104 2071 1297 2116 cuncta
1327 2077 1447 2130 qua:
1474 2061 1622 2117 fecit.

607 2175 713 2230 Sed
751 2189 875 2229 ecce
903 2173 1318 2243 qumrcnthihi
1358 2173 1422 2228 de
1448 2174 1626 2230 Verbo
1653 2189 1760 2245 quo
1785 2174 2012 2230 Creator
2037 2173 2117 2228 di-

531 2269 607 2324 cit
636 2267 818 2322 omnia
849 2281 968 2336 quae
999 2265 1144 2331 facit,
1178 2265 1372 2320 obtulit
1397 2280 1455 2321 se
1485 2265 1721 2322 Verbum
1744 2281 1851 2336 quo
1881 2266 2117 2336 seipsum

536 2361 668 2416 dicit
707 2361 797 2430 qui
842 2359 1021 2414 omnia
1061 2357 1211 2413 facit.
1249 2359 1330 2412 Au
1376 2373 1505 2428 ergo
1536 2357 1642 2414 alio
1672 2360 1838 2415 verbo
1867 2359 1998 2414 dicit
2034 2373 2120 2413 se-

475 2462 482 2466 '
540 2455 739 2524 ipsum,
762 2454 939 2509 etalio
965 2470 1026 2508 ea
1051 2470 1171 2524 quae
1194 2454 1324 2510 facit
1345 2454 1448 2522 ‘8‘;
1477 2463 1570 2509 aut
1594 2454 1773 2524 potius
1793 2457 1980 2511 eodem
2005 2455 2120 2525 ipso

541 2547 718 2602 Verbo
738 2562 846 2617 quo
877 2546 1005 2601 dicit
1038 2547 1300 2616 seipsum,
1339 2547 1469 2602 dicit
1505 2563 1842 2618 quaecunque
1869 2547 1998 2604 facit
2021 2546 2122 2601 ⁸⁸⁸2

541 2634 674 2690 Nam
700 2637 801 2690 hoc
821 2651 1035 2706 quoque
1056 2635 1312 2702 Verbum,
1336 2652 1444 2706 quo
1467 2637 1703 2707 seipsum
1726 2638 1875 2704 dicit,
1900 2653 2123 2693 necesse

541 2737 624 2782 est
663 2727 891 2798 idipsuut
924 2743 1046 2784 esse
1083 2727 1227 2798 quod
1269 2729 1383 2798 ipse
1409 2738 1492 2786 est
1511 2728 1602 2796 ⁸⁸⁸,
1636 2729 1778 2785 sicut
1813 2736 2027 2785 constat
2059 2729 2124 2783 de

543 2816 722 2874 Verbo
763 2819 854 2874 illo
883 2835 990 2890 quo
1020 2820 1153 2874 dicit
1189 2835 1251 2874 ea
1289 2835 1411 2889 qum
1451 2821 1592 2876 facta
1632 2829 1758 2876 sunt
1797 2836 1827 2875 a
1870 2835 1948 2876 se.
1989 2819 2122 2875 Cum

544 2909 709 2975 enim,
738 2910 950 2965 etiamsi
981 2911 1115 2965 nihil
1142 2927 1378 2982 unquam
1407 2913 1554 2967 aliud
1582 2921 1726 2968 esset
1749 2914 1849 2968 nisi
1881 2928 2125 2968 summus

547 2997 637 3052 ille
681 2999 936 3070 spiritus,
984 3001 1124 3056 ratio
1172 3011 1352 3058 tamen
1398 3011 1556 3073 cogat
1597 3002 1669 3034 “’7
1714 3003 1948 3058 Verbum
1998 3003 2127 3058 illud

544 3106 652 3160 quo
699 3107 756 3146 se
797 3092 930 3147 dicit
971 3109 1038 3149 ex
1085 3095 1409 3150 necessitate
1455 3109 1612 3161 esse,
1662 3095 1790 3164 quid
1835 3096 2018 3150 verius
2057 3095 2128 3128 ‘83

548 3200 713 3253 quant
773 3186 875 3242 hoc
939 3187 1177 3243 Verbum
1244 3188 1360 3258 ejus
1417 3203 1523 3242 non
1583 3203 1704 3244 esse
1764 3189 1911 3244 aliud
1967 3204 2128 3259 quam

547 3277 691 3346 quod
737 3277 851 3348 ipse
885 3280 997 3334 est?
1039 3280 1180 3351 Ergo
1218 3281 1265 3336 si
1306 3290 1360 3336 et
1399 3280 1667 3349 seipsum,
1706 3292 1760 3336 et
1794 3297 1857 3334 ea
1890 3295 2010 3350 quae
2050 3280 2132 3333 fa-

548 3369 741 3436 cit‘”,
780 3372 1226 3428 consubstantiali
1252 3373 1352 3428 sibi
1388 3373 1562 3428 Verbo
1586 3372 1746 3434 dicit,
1785 3371 2131 3426 manifestum

552 3471 640 3518 est
685 3463 812 3533 quia
859 3464 1018 3520 Verbi
1061 3481 1170 3536 quo
1219 3478 1278 3520 se
1314 3464 1476 3530 dicit,
1523 3472 1579 3519 et
1624 3462 1789 3519 Verbi
1834 3478 1942 3532 quo
1979 3476 2136 3517 erea-

555 3562 734 3607 turam
779 3554 938 3618 dicit,
987 3571 1093 3609 nna
1144 3555 1444 3610 substantia
1498 3564 1601 3610 est.
1659 3554 1939 3620 Quomodo
1983 3567 2132 3621 ergo,

557 3645 602 3700 si
637 3659 742 3698 una
773 3646 1073 3702 substantia
1095 3648 1164 3678 ⁸⁹⁰
1187 3656 1292 3712 est,
1325 3648 1430 3702 duo
1457 3648 1617 3702 verba
1653 3647 1833 3726 \sunt?
1892 3645 1996 3700 Sed
2033 3645 2135 3714 17

557 3734 783 3790 forsitan
830 3752 935 3792 non
978 3737 1124 3809 cogit
1150 3738 1405 3793 identitas
1437 3738 1752 3794 substantiae
1786 3737 1944 3792 Verbi
1965 3737 2139 3791 unita-

559 3834 667 3880 tem
705 3827 1099 3884 admitterem.
1129 3827 1263 3882 Nam
1300 3830 1439 3884 idem
1468 3829 1583 3898 ipse
1611 3829 1701 3899 qui
1736 3828 1820 3883 his
1861 3827 2040 3884 verbis
2062 3827 2140 3882 lo-

559 3918 766 3990 quitur,
800 3920 1041 3974 eamdem
1079 3936 1202 3976 cum
1233 3921 1339 3976 illis
1391 3922 1458 3952 ’⁵⁸⁸
1485 3921 1649 3976 habet
1677 3918 2058 3985 substantiam,
2086 3926 2142 3972 et

563 4018 742 4064 tamen
787 4001 1030 4066 Verbum
1057 4027 1164 4067 non
1211 4021 1316 4068 est.
1377 4012 1483 4070 Sed
1526 4011 1711 4081 utique
1763 4010 2007 4075 verbum,
2034 4023 2141 4078 quo

557 4113 617 4154 se
672 4094 803 4154 dicit
847 4115 1057 4155 summa
1114 4102 1397 4170 sapientia,
1466 4099 1974 4156 convcnientissime
2035 4098 2143 4153 dici

558 4187 734 4259 potest
759 4189 993 4245 Verbum
1023 4189 1138 4259 ejus
1158 4193 1448 4246 secundum
1473 4192 1806 4260 superiorem
1854 4188 2142 4253 rationem,

561 4271 688 4348 quia
715 4279 830 4348 ejus
862 4281 1156 4350 perlectam
1190 4291 1336 4336 tenet
1356 4282 1788 4336 simiutudinem.
1831 4280 1965 4335 Nam
1998 4279 2142 4334 nulla

564 4370 774 4425 ratione
794 4374 976 4439 negari
1008 4381 1210 4443 potest,
1253 4387 1375 4425 cum
1407 4387 1559 4427 mens
1599 4371 1879 4426 rationalis
1910 4371 2142 4440 seipsam

2194 556 2257 594 ex
2284 537 2398 607 ejus
2445 539 2797 609 impressione
2846 540 3154 595 formatam.
3192 543 3581 611 Quamcumque
3628 541 3773 595 enim

2198 650 2310 688 rem
2362 649 2538 698 mens,
2569 649 2664 688 seu
2698 648 2794 701 per
2819 636 3062 703 corporis
3103 635 3537 704 imaginationem
3563 648 3656 688 seu
3680 649 3779 702 per

2197 725 2457 780 rationem
2487 724 2633 793 cupit
2675 725 2939 778 veraciter
2967 725 3227 794 cogitare,
3271 725 3387 794 ejus
3413 724 3598 792 utique
3627 723 3780 777 simi-

2196 815 2510 879 litudinem,
2534 821 2792 884 quantum
2845 814 3030 880 valet,
3069 815 3122 868 in
3153 816 3266 885 ipsa
3305 829 3400 869 sua
3451 813 3782 882 cogitatione

2199 905 2268 937 "9"
2294 913 2522 962 conatur
2563 904 2888 975 exprimere.
2942 903 3095 971 Quod
3140 913 3344 974 quanto
3386 905 3568 958 verius
3627 901 3780 965 facit,

2207 1006 2358 1054 tanto
2384 1011 2498 1052 rem
2530 995 2702 1064 ipsam
2730 995 2913 1050 verius
2935 995 3162 1064 cogitat;
3188 995 3365 1048 ethoc
3387 993 3630 1063 quidem,
3658 1007 3784 1046 cum

2209 1089 2410 1159 cogitat
2467 1086 2667 1156 aliquid
2706 1086 2850 1140 aliud
2893 1085 3033 1154 quod
3083 1085 3195 1154 ipsa
3253 1101 3360 1140 non
3423 1095 3524 1149 est,
3577 1093 3632 1138 et
3674 1098 3788 1137 ma-

2201 1180 2344 1232 xime
2375 1193 2494 1232 cum
2545 1177 2757 1246 aliquod
2803 1176 3003 1245 cogitat
3047 1174 3120 1207 ⁸⁸⁸
3156 1190 3374 1244 corpus.
3428 1175 3628 1229 clarius
3656 1190 3787 1244 per-

2203 1269 2446 1340 spicitur.
2467 1267 2601 1322 Cum
2622 1269 2764 1322 enim
2787 1268 2902 1338 cogi
2915 1276 2964 1325 to
2989 1276 3175 1322 notum
3209 1267 3339 1320 mihi
3370 1267 3643 1320 hominem
3691 1275 3792 1319 at)—

2204 1369 2437 1422 sentem,
2471 1358 2734 1413 formatur
2776 1359 2922 1413 acies
2970 1357 3312 1428 cogitationis
3348 1372 3479 1410 mea:
3515 1356 3568 1410 in
3623 1357 3790 1408 talem

2207 1453 2495 1523 imaginem
2546 1452 2661 1523 ejus
2697 1451 2909 1520 qualem
2960 1449 3104 1504 illam
3133 1465 3230 1518 per
3278 1450 3452 1504 visum
3505 1447 3792 1503 oculorum

2208 1545 2261 1599 in
2303 1543 2616 1599 memoriam
2639 1543 2880 1607 attraxi;
2915 1556 3036 1609 quae
3077 1541 3257 1610 imago
3317 1539 3371 1594 in
3437 1536 3793 1610 cogitatione,

2208 1636 2435 1690 verbum
2468 1644 2552 1690 est
2602 1634 2842 1705 ejusdem
2891 1631 3151 1696 hominis,
3200 1646 3358 1700 quem
3401 1630 3691 1700 cogitando
3727 1631 3793 1664 ⁸⁸⁷

2210 1729 2354 1784 dico.
2393 1727 2568 1782 Habet
2589 1727 2752 1796 igitur
2775 1740 2928 1779 mens
2955 1723 3254 1789 rationalis,
3278 1738 3398 1777 cum
3415 1738 3472 1777 se
3499 1721 3796 1793 cogitando

2212 1819 2483 1888 intelligit,
2514 1833 2694 1874 secum
2718 1817 3007 1888 imaginem
3053 1830 3204 1870 suam
3227 1829 3292 1868 ex
3314 1827 3373 1867 se
3400 1823 3600 1878 natam,
3634 1814 3688 1866 id
3714 1822 3800 1867 est

2214 1912 2594 1984 cogitationem
2618 1910 2700 1965 sui
2732 1908 2799 1962 ad
2833 1923 2988 1963 suam
3021 1905 3450 1970 similitudinem,
3493 1904 3650 1974 quasi
3700 1919 3797 1957 sua

2215 2005 2568 2074 impressione
2591 2003 2900 2066 formatam,
2931 1999 3180 2069 quamvis
3215 1997 3329 2066 ipsa
3374 2012 3432 2052 se
3467 2013 3495 2050 a
3529 2011 3629 2050 sua
3659 1996 3797 2047 ima-

2217 2097 2360 2169 gine,
2410 2112 2516 2152 non
2557 2094 2660 2150 nisi
2713 2093 2921 2148 ratione
2979 2091 3114 2158 sola,
3162 2105 3415 2162 separare
3455 2087 3647 2158 possit,
3679 2101 3804 2155 qua:

2219 2189 2395 2258 imago
2443 2186 2560 2255 ejus
2592 2186 2818 2241 verbum
2872 2183 2988 2252 ejus
3032 2192 3135 2238 cst.
3177 2182 3288 2254 (55)
3319 2182 3389 2213 ⁸⁸³⁸
3441 2180 3552 2234 Iioc
3606 2178 3794 2246 itaque

2219 2281 2400 2344 modo,
2427 2278 2550 2347 quis
2589 2286 2747 2345 neget
2776 2289 3042 2350 summam
3093 2272 3434 2342 sapientiam,
3473 2285 3595 2324 cutn
3638 2282 3698 2322 se
3721 2266 3806 2319 di-

2220 2371 2391 2428 cendo
2436 2369 2686 2438 intelligit
2723 2369 2814 2435 “9,
2865 2367 3088 2438 gignere
3129 2361 3646 2420 consubstantialem
3699 2359 3805 2412 sibi

2221 2462 2627 2518 similitudinem
2663 2475 2839 2526 suam,
2887 2460 2940 2514 id
2983 2468 3068 2514 est
3121 2457 3358 2512 Verbum
3412 2454 3614 2510 suum?
3644 2451 3804 2518 Quod

2221 2558 2480 2622 Verbum,
2509 2555 2636 2610 licet
2661 2555 2725 2611 de
2751 2570 2808 2610 re
2833 2564 2942 2608 tam
2994 2552 3345 2622 singulariter
3387 2549 3646 2604 eminenti
3682 2561 3808 2615 pro.

2223 2648 2342 2718 prie
2368 2647 2571 2716 aliquid
2608 2645 2742 2701 satis
2766 2645 3150 2701 convenienter
3176 2642 3284 2698 dici
3309 2657 3414 2696 non
3453 2640 3654 2711 possit,
3699 2653 3807 2692 non

2227 2746 2406 2792 tamen
2431 2735 2902 2799 inconvenienter,
2933 2734 3074 2788 sicut
3113 2731 3428 2798 similitudo,
3477 2730 3552 2784 ita
3587 2738 3646 2782 et
3675 2727 3812 2780 ima-

2226 2845 2314 2900 go,
2336 2839 2391 2884 et
2421 2829 2591 2898 figura
2626 2827 2695 2858 ⁵⁰⁰
2717 2835 2772 2880 et
2790 2827 3099 2889 character,
3129 2824 3245 2891 ejus
3285 2823 3387 2878 dici
3420 2829 3620 2892 potest.
3682 2817 3813 2870 Ver—

2228 2921 2352 2975 bum
2375 2929 2552 2974 autem
2584 2933 2690 2988 quo
2720 2928 3024 2972 creaturam
3050 2915 3210 2979 dicit,
3247 2928 3586 2983 nequaquam
3621 2909 3813 2965 simili-

2232 3023 2313 3067 ter
2342 3022 2426 3068 est
2447 3012 2668 3066 verbum
2693 3017 2976 3072 creatum,
3003 3008 3128 3077 quia
3159 3022 3266 3061 non
3289 3014 3372 3060 est
3405 3003 3520 3072 ejus
3558 3001 3815 3056 similitu-

2156 3133 2202 3195 ρ
2232 3110 2318 3172 do,
2348 3109 2440 3164 sed
2465 3105 2778 3178 principalis
2815 3103 3070 3160 essentia.
3121 3099 3482 3170 Consequitur
3538 3096 3704 3165 igitur
3764 3103 3818 3146 ut

2236 3201 2405 3270 ipsam
2445 3209 2752 3254 creaturam
2779 3212 2887 3252 non
2919 3196 3062 3250 dicat
3092 3194 3259 3248 verbo
3305 3199 3594 3246 creaturaa.
3647 3185 3817 3255 Cujus

2235 3306 2363 3362 ergo
2385 3292 2550 3346 verbo
2577 3304 2696 3344 eam
2720 3288 2868 3350 dicit,
2894 3288 2940 3341 si
2968 3303 3073 3342 non
3125 3284 3260 3340 dicit
3300 3299 3420 3338 eam
3445 3281 3613 3336 verbo
3661 3277 3816 3346 ejus?

2235 3381 2368 3437 Nam
2393 3382 2535 3453 quod
2559 3381 2725 3447 dicit,
2752 3379 2921 3434 verbo
2951 3377 3112 3443 dicit;
3140 3384 3195 3432 et
3231 3376 3456 3430 verbum
3481 3368 3718 3438 alicujus
3742 3377 3822 3423 est

2235 3471 2482 3539 verbum,
2515 3472 2671 3526 idest
2722 3469 3044 3525 similitudo.
3098 3467 3204 3524 Sed
3235 3467 3280 3520 si
3315 3464 3449 3520 nihil
3481 3462 3627 3516 aliud
3684 3460 3820 3516 dicit

2237 3580 2398 3634 quam
2427 3579 2485 3618 se
2543 3573 2635 3617 aut
2665 3572 2971 3619 creaturam
3003 3559 3135 3614 nihil
3161 3559 3342 3613 dicere
3370 3565 3569 3626 potest,
3595 3554 3705 3608 nisx
3732 3560 3821 3606 aut

2239 3672 2356 3726 suo,
2385 3664 2478 3710 aut
2500 3657 2617 3726 ejus
2636 3655 2822 3710 verbo.
2849 3653 2906 3709 Si
2937 3668 3066 3722 ergo
3089 3651 3218 3706 nihil
3248 3649 3380 3705 dicit
3444 3647 3613 3701 verbo
3669 3661 3820 3700 crea-

2242 3755 2396 3810 turea,
2419 3746 2676 3815 quidquid
2728 3745 2880 3808 dicit,
2927 3742 3104 3796 Verbo
3146 3756 3243 3795 suo
3293 3738 3443 3794 dicit.
3488 3735 3608 3791 Uno
3659 3736 3822 3805 igitur

2241 3835 2537 3903 eodemque
2577 3835 2752 3889 Verbo
2769 3833 2897 3888 dicit
2927 3833 3182 3901 seipsum,
3207 3838 3260 3882 et
3289 3841 3626 3898 quacunque
3675 3823 3818 3879 fecit.

2527 3925 2754 3981 CAPUT
2784 3925 3000 3980 XXXIV
3048 3923 3144 3995 [aL
3175 3920 3410 4004 XXXIII]
3441 3920 3534 3972 ⁸⁸⁸.

2245 4018 2516 4087 Quomodo
2553 4035 2647 4072 suo
2680 4018 2750 4049 ⁵⁰²
2791 4015 2951 4070 Verbo
2988 4016 3149 4069 uideri
3171 4013 3242 4045 ⁵⁰³
3275 4013 3435 4082 possit
3466 4011 3641 4063 dicere
3677 4023 3826 4061 crea-

2933 4096 3130 4140 turam.

2246 4179 2591 4235 Cousracrus
2611 4192 2837 4234 CAPITIS.
2867 4207 2936 4216 —
2958 4176 3072 4246 Ipse
3099 4183 3181 4230 est
3202 4187 3414 4246 summa
3443 4169 3694 4246 ratiuLin
3726 4181 3824 4235 qua

2270 4293 2274 4296 η
2321 4260 2446 4304 sunt
2473 4251 2652 4305 omnia
2699 4264 2818 4318 qua:
2847 4239 2994 4300 facta
3038 4256 3184 4318 sunt.
3217 4245 3383 4318 Ergo_
3415 4257 3535 4296 cum
3577 4239 3827 4318 dicitse-

2320 4320 2515 4390 ipsum,
2533 4321 2662 4375 dicit
2683 4313 2862 4372 omnia
2889 4332 3007 4390 qua:
3030 4313 3328 4390 factasunt.
3345 4313 3623 4390 (_Ireaturae
3645 4316 3826 4390 autem

2319 4383 2371 4445 in
2401 4391 2594 4460 seipsis
2615 4397 2737 4444 sunt
2758 4383 2992 4460 essentia
3021 4385 3322 4460 mutabilis;
3345 4385 3403 4460 _i_n
3429 4383 3543 4460 ipso
3566 4387 3697 4432 sunt
3721 4383 3829 4446 ipsa

565 4461 856 4530 cogitando
885 4463 1134 4533 intelligit
1156 4463 1444 4532 imaginem
1468 4463 1635 4532 ipsms
1661 4462 1807 4517 nasci
1838 4461 1892 4515 in
1927 4475 2022 4516 sua
2047 4475 2142 4516 co-
2176 4486 2224 4547 ο
2319 4452 2497 4531 prima
2522 4460 2778 4524 essentia,
2817 4469 2870 4511 ct
2897 4459 3067 4526 prima
3111 4455 3376 4511 existendi
3402 4452 3622 4506 veritas.

565 4551 827 4621 gitatioue
869 4555 1024 4610 :imo
1074 4555 1242 4624 ipsam
1297 4553 1678 4624 cogitationem
1721 4553 1803 4608 sui
1833 4565 1952 4608 esse
1989 4565 2141 4607 suam

2323 4552 2430 4608 Sed
2462 4551 2730 4623 quomodo
2759 4559 2864 4606 tam
2896 4549 3205 4605 diﬂ‘erentes
3239 4561 3349 4613 res,
3377 4544 3585 4604 scilicet
3638 4553 3830 4596 creans

475 5050 480 5054 .
574 4988 632 5055 et
657 5015 719 5053 ea
746 4988 866 5067 qua:
898 4995 1028 5048 facit
1062 4995 1132 5026 ⁸⁹⁰
1152 4994 1207 5049 Si
1241 4988 1690 5067 ut'ta_s'ubstant_i_a
1717 5009 1815 5047 nts.
1853 4988 1988 5067 ΤΙξξξ.
2021 4992 2064 5046 si
2099 5007 2216 5067 una
2236 5006 2446 5044 summa
2470 4991 2792 5067 substantia.
2853 4988 2922 5019 ⁸⁹¹

1845 4711 2076 4768 varum
2117 4677 2501 4770 Lscrtoses

647 4856 716 4891 ⁸⁸³⁵
733 4855 809 4910 Ea
835 4869 955 4925 qua:
984 4853 1136 4925 fecit_
1150 4868 1344 4908 mss.ca
1375 4867 1494 4925 quae
1522 4851 1650 4908 facit
1723 4853 1793 4886 ⁸⁸⁸
1833 4851 2188 4925 Qumcunque
2212 4849 2339 4925 fecit
2375 4865 2506 4925 mss.
2536 4863 2874 4925 quaecunque
2899 4845 3030 4925 facit
3097 4841 3359 4925 ‘f’fAQ‘uod
3389 4840 3685 4925 ipsuqeﬁ
3709 4850 3831 4925 (fﬁ-

579 4907 869 5000 (11ιούἶῇεέ
883 4907 1301 5000 est_‘°'f_'l_‘a_men
1321 4907 1814 5000 cogitimssatamen
1834 4907 1994 5000 cogat
2154 4921 2306 4987 Quod
2334 4923 2516 4975 verius
2544 4907 2670 5000 t'nss.
2703 4907 2832 5000 quid
2855 4919 3066 5000 lvneri'us.
3117 4915 3188 4948 ⁸⁸³
3213 4907 3279 4967 Et
3307 4927 3368 5000 ea
3399 4907 3518 5000 qua:
3549 4907 3681 4960 fecit
3711 4920 3832 5000 11.118:-

2965 4986 3240 5042 Unitatem
3271 4973 3557 5036 admittere
3582 4992 3682 5029 nts.
3725 4973 3832 5027 Via.

654 5048 912 5123 unitatem
940 5048 1189 5119 amittere
1249 5065 1317 5096 ‘9’
1337 5064 1592 5118 Eamdem
1617 5062 1724 5117 illis
1751 5080 1876 5116 mss.
1905 5061 2040 5114 Thu.
2059 5062 2306 5116 eamdem
2329 5076 2450 5116 cum
2470 5060 2574 5113 illis
2613 5061 2683 5091 ⁸⁹³
2699 5059 2792 5114 Sui
2819 5073 2939 5113 esse
2961 5057 3402 5127 imagitiem_ntss.
3431 5048 3512 5103 sui
3537 5057 3835 5127 essesuam

574 5140 867 5206 imaginem
908 5137 978 5168 ’⁵³³
995 5137 1076 5190 Ad
1106 5137 1188 5191 sui
1219 5133 1630 5206 similitudinem
1657 5149 1783 5206 mss.
1817 5131 2460 5206 ad_cjus_similit_n_dincm
2500 5130 2698 5206 “"St‘la
2740 5123 3358 5206 cogitationeinssﬂ‘hn.
3394 5135 3490 5174 sua
3527 5123 3836 5206 cognitione

579 5182 1085 5277 Wii'iiiiﬁmanqifiﬁ
1106 5182 2504 5277 _cogiiatmnif’fQuem
2539 5182 2837 5277 cogitando:
2867 5196 3136 5277 nis._7'lttt.
3186 5193 3274 5250 90.
3317 5182 3838 5277 quanthcggnitt‘tﬂdg

576 5279 648 5310 ⁵9⁸
685 5255 1802 5347 εοήέῆῇααῃῄ·
1844 5255 2376 5347 Caqupruxcecfens~
2434 5255 2801 5347 "fulli‘éendq
2807 5267 3078 5347 intelligat
3130 5282 3256 5318 mss.
3319 5255 3547 5347 dicendo
3587 5255 3838 5347 intelligit

577 5349 649 5381 "°°
1381 5325 1517 5415 insit;
1542 5325 1678 5415 Titii.
1709 5343 1799 5397 90.
1839 5325 2009 5415 emitr.
2038 5325 2118 5415 ita
2157 5351 2211 5395 et
2241 5341 2423 5415 imago
2601 5340 2738 5415 ραι).Δ
2770 5341 2839 5394 53
2881 5349 2966 5415 cst.
2989 5325 3051 5389 in
3095 5352 3217 5389 mss.
3255 5339 3411 5400 caput
3745 5325 3837 5415 ηεξ

577 5389 1736 5481 ιειυῐᾶ“;ὃιὶὄὶἦὲιῖἆὲιὶἓῖἓὲῖιᾲίῖἷὶιοὶῖἔτ’σῖ
1752 5389 2118 5467 auidi-iiut;
2139 5389 2427 5473 εἷρὲἰῆἶῇ
2501 5411 2572 5443 δυ’
2605 5389 2967 5478 ἱᾶἰῗιῖἶιιίόι]
2997 5421 3094 5462 suo
3128 5421 3251 5460 mss.
3283 5389 3552 5472 quomodo
3597 5409 3699 5450 suo
3771 5389 3844 5423 ⁵⁸³

581 5488 776 5544 Videre
801 5504 924 5541 mss.
957 5496 1004 5541 ει
1030 5487 1114 5540 ed.
1147 5484 1266 5540 Cat.
1301 5485 1469 5539 videri

2105 5593 2328 5652 ΝΟΤίΕ.

656 5715 768 5786 (5'5)
809 5714 953 5772 Alias
995 5714 1081 5771 hic
1109 5713 1294 5784 incipit
1325 5727 1442 5783 cap.
1473 5711 1561 5765 32.
