4030 6290
513 338 610 415 tot

1023 341 1081 397 S.
1122 342 1427 400 ANSELMl
1466 343 1824 429 CANTUAll.
1861 346 2187 407 ARCHIEP.
2225 352 2379 409 OPP.
2415 354 2593 412 PARS
2629 355 2671 413 Ι.
2710 386 2781 398 -
2822 356 3247 415 DOGMATICA.

3579 362 3782 434 ,ωε

508 444 963 537 plu'raliter,_quia
1009 471 1135 525 non.
1158 467 1281 527 sunt
1312 457 1491 529 plures
1540 461 1832 517 creatrices
1875 479 2098 518 summac
2128 473 2173 528 Α
2208 466 2447 523 tudinem
2495 471 2718 529 alterius
2752 472 2820 528 ad
2849 467 3268 544 alterum,'quia
3304 466 3408 534 nec
3442 477 3547 533 duo
3584 481 3775 542 verba.

508 546 779 601 essentia}.
811 545 961 601 Sicut
985 547 1147 617 igitur
1172 547 1260 604 ille
1288 558 1504 607 creator
1525 561 1609 608 est
1637 569 1818 610 rerum
1846 564 1903 611 et
1938 557 2092 626 prin-

508 637 745 703 ripium;
775 639 854 692 sic
880 648 933 692 et
964 638 1195 694 Verbum
1216 642 1350 712 .ejus
1376 660 1389 695 :
1419 659 1517 699 uec
1549 654 1727 701 tamen
1782 655 1911 702 sunt
1960 648 2089 713 duo,

508 727 606 783 sed
635 743 772 782 unus
803 736 1038 796 creator,
1064 740 1119 784 et
1138 748 1302 788 unum
1329 734 1677 805 principium.

742 841 970 899 CAPUT
1000 844 1261 902 xxxvut
1294 847 1391 922 [αι.
1444 850 1711 925 XXXVII]
1744 852 1835 907 επ.
1872 836 1875 841 ’

511 928 665 995 Quod
693 932 801 987 dici
829 951 932 989 non
959 939 1121 1006 possit
1143 940 1270 1018 quid
1296 940 1401 1064 Δΐ)
1439 943 1540 996 sint
1563 981 1579 1010 ,
1617 945 1852 1015 quamvis
1890 961 2092 1001 necesse

788 1045 795 1054 ι
1111 1018 1177 1062 stt
1211 1026 1321 1064 esse
1381 1028 1493 1064 uos.
1794 1051 1799 1055 -

1060 1066 1063 1067 ν
1111 1018 1177 1062 stt
1211 1026 1321 1065 esse
1341 1018 1493 1067 duos.

510 1111 854 1199 (laxaremus
889 1133 1121 1176 ωριτες.
1148 1152 1230 1199 _-
1264 1121 1535 1199 Quidquid
1571 1141 1816 1199 summus
1855 1127 2090 1199 Spiritus

579 1192 636 1239 et
687 1187 943 1263 Verbum
982 1200 1110 1263 sunt
1148 1192 1200 1246 in
1236 1187 1472 1249 essentia
1526 1204 1581 1250 et
1624 1198 1690 1251 ad
1745 1187 2088 1263 creaturam,

580 1270 776 1343 nempe
803 1259 950 1343 quod
970 1261 1042 1343 sit
1078 1262 1315 1343 veritas,
1341 1273 1397 1319 et
1435 1266 1577 1343 quod
1617 1267 1685 1322 sit
1716 1276 1948 1335 creator,
1988 1259 2091 1325 hoc

580 1334 874 1405 unicuique
903 1339 957 1384 et
987 1334 1202 1405 utrique
1241 1334 1318 1405 sic
1350 1336 1629 1400 convenit;
1670 1348 1728 1391 ut
1771 1334 1948 1394 tamen
1980 1355 2086 1395 non

524 1438 527 1441 λ
581 1396 692 1477 sint
721 1396 856 1464 duo,
898 1409 992 1477 aut
1030 1396 1473 1477 du{c__veritates,
1518 1396 1626 1477 aut
1644 1405 1750 1461 duo
1780 1419 2085 1477 creatores;

581 1467 678 1518 sed
723 1482 888 1523 unum
935 1470 1062 1524 sint.
1111 1471 1205 1545 Ille
1248 1467 1635 1542 tamen,'cujus
1685 1486 1767 1532 est
1823 1467 2086 1545 Verbum;

583 1549 691 1619 non
720 1547 898 1619 putest
922 1555 1040 1619 esse
1062 1543 1287 1619 verbum
1315 1560 1509 1619 suum_:
1546 1561 1644 1619 nec
1666 1548 1884 1619 verbum
1912 1543 2090 1619 potest

582 1618 705 1688 esse
733 1605 845 1675 ille,
877 1610 1030 1681 cujus
1049 1620 1139 1688 _cst
1166 1615 1408 1688 verbum.
1447 1615 1589 1685 Ergo
1620 1617 1669 1670 in
1695 1633 1760 1673 eo
1800 1605 2087 1688 solo'quud

586 1674 676 1755 ille
710 1691 817 1755 non
849 1674 1023 1755 estex
1049 1682 1170 1755 ista,
1199 1684 1303 1739 hoc
1330 1674 1630 1740 autechst
1654 1703 1717 1741 ex
1751 1688 1857 1748 illo.
1892 1674 2087 1745 ad'mit;

584 1747 1039 1827 titur_pluralit:ts.
1088 1747 1314 1827 Constat
1339 1770 1467 1827 ergo
1495 1757 1637 1824 quod
1673 1757 1784 1813 sint
1824 1759 1965 1827 duo;
1992 1760 2087 1816 sed

2199 574 2299 612 nec
2327 559 2444 614 diue
2470 559 2753 632 imagines.
2782 563 3018 620 Verbum
3048 580 3280 634 namque
3310 566 3413 622 hoc
3442 567 3618 639 ipsum
3638 570 3780 639 quod

2199 650 2435 707 Verbum
2470 665 2585 721 est,
2628 664 2724 711 aut
2764 657 2959 729 imago,
2987 659 3054 713 ad
3084 657 3313 713 alterum
3352 668 3469 726 est;
3509 661 3639 730 quia
3672 677 3779 717 non

2198 743 2301 800 nisi
2337 745 2567 817 alicujus
2599 749 2837 805 Verbum
2864 760 2946 806 est
2982 758 3077 805 aut
3112 748 3327 821 imago;
3359 760 3414 807 et
3444 753 3524 808 sic
3557 755 3781 825 propria

2197 844 2324 891 sunt
2346 837 2464 894 hare
2489 838 2749 907 alterius,
2782 851 2843 897 ut
2866 856 3207 913 nequaquam
3243 826 3403 898 alteri
3433 852 3779 915 coaptentur.

2196 928 2332 984 Nam
2364 929 2481 997 ille,
2510 931 2664 1003 cujus
2683 934 2751 967 ⁸⁸⁷
2773 941 2856 988 est
2871 933 3107 990 Verbum
3130 941 3225 988 aut
3246 934 3423 1007 imago
3448 950 3549 992 nec
3575 937 3782 1008 imago,

2197 1037 2298 1086 nec
2324 1024 2561 1082 Verbum
2595 1033 2698 1081 est.
2726 1024 2851 1097 (56)
2867 1025 3091 1083 Constat
3115 1027 3282 1100 igitur
3301 1031 3427 1099 quia
3450 1029 3522 1062 ⁵³⁸
3546 1029 3783 1099 exprimi

2199 1129 2303 1170 non
2318 1124 2498 1186 potest
2516 1115 2646 1186 quid
2670 1117 2776 1173 duo
2804 1117 2933 1184 sint,
2948 1131 3195 1174 summus
3216 1119 3454 1191 Spiritus
3471 1127 3529 1175 et
3543 1119 3783 1176 Verbum

2196 1203 2345 1274 ejus,
2391 1207 2643 1277 quamvis
2683 1207 3006 1279 quibusdam
3052 1209 3391 1279 singulorum
3428 1210 3785 1283 proprietati-

2197 1298 2298 1354 bus
2317 1309 2585 1369 cogantur
2611 1308 2735 1357 eSse
2775 1300 2903 1357 duo.
2936 1300 3148 1357 Etenim
3184 1301 3463 1372 proprium
3503 1302 3669 1357 unius
3705 1311 3788 1358 est

2195 1403 2319 1446 csse
2347 1406 2411 1446 ex
2440 1391 2632 1461 altero,
2663 1400 2720 1449 et
2743 1394 3023 1465 proprium
3053 1401 3136 1450 est
3164 1393 3387 1452 alterius
3404 1393 3639 1452 alterum
3666 1406 3789 1451 esse

2194 1497 2259 1539 ex
2285 1483 2375 1539 illo
2404 1485 2498 1543 m.
2676 1520 2679 1525 -
2822 1498 2826 1504 ‘
3318 1507 3325 1513 '
3822 1488 3825 1493 ⁴

2650 1576 2882 1634 CAPUT
2918 1577 3144 1635 xxxnx
3179 1576 3316 1655 (57).

2199 1664 2354 1730 Quod
2389 1668 2526 1724 idem
2566 1666 2790 1724 Verbum
2828 1671 2897 1724 sit
2928 1687 2961 1725 a
2998 1687 3205 1726 summa
3236 1670 3462 1742 Spiritu,
3497 1671 3788 1729 nascendo.

2196 1757 2543 1817 Cossrnc'rus
2576 1775 2806 1815 emrts.
2837 1790 2910 1801 —
2936 1761 3171 1817 Verbum
3203 1761 3398 1815 summi
3439 1759 3681 1829 Spiritus
3706 1760 3789 1817 sic

546 1889 553 1895 '
581 1817 809 1911 Sxprimi
834 1835 942 1911 non
970 1825 1303 1911 potest'quid
1327 1817 1434 1879 duo
1464 1817 1575 1881 sint
1602 1844 1614 1880 :
1648 1842 1753 1887 non
1776 1817 2094 1911 “enimsunt
2128 1823 2170 1891 Β
2266 1848 2331 1887 ex
2364 1846 2430 1911 eo
2451 1839 2564 1897 est,
2587 1831 2743 1911 quasi
2771 1831 2920 1911 idem
2943 1831 3115 1911 ipsum
3142 1832 3211 1886 de
3239 1831 3429 1911 eodem
3452 1817 3591 1911 Ῐρδοτ
3618 1830 3686 1911 E}
3711 1831 3786 1911 ίεδ

580 1883 686 1939 duo
715 1883 1101 1966 spiritusfnec
1128 1883 1235 1949 dub
1284 1905 1588 1963 creatores,
1620 1911 1720 1953 nec
1745 1883 1863 1956 duo
1895 1883 2096 1966 verba,

581 1970 682 2011 nec
707 1960 826 2014 dum
859 1961 1142 2046 imagipes.
1452 1974 1453 1977 ‘

584 2045 840 2105 Studiose
882 2045 1063 2122 itaque
1089 2056 1471 2112 attendendum
1503 2068 1584 2115 est
1611 2060 1887 2130 quiddam,
1931 2065 2096 2134 quod,

510 2139 671 2195 valde
709 2140 987 2217 insolitum
1027 2146 1149 2203 aliis
1195 2149 1387 2216 rebus,
1436 2145 1494 2204 in'
1535 2165 1750 2208 summo
1802 2153 2006 2225 Spiritu
2045 2164 2099 2211 et

511 2228 691 2286 Verbo
741 2228 859 2301 ejus
906 2229 1120 2291 videtur
1173 2239 1416 2294 evenire.
1464 2239 1599 2294 Nam
1655 2251 1863 2297 eertum
1904 2253 1991 2298 est
2019 2244 2100 2298 sic

510 2321 803 2394 unicuique
825 2326 895 2358 ⁵⁸⁸
917 2327 1255 2399 singulatim,
1280 2340 1335 2386 et
1362 2320 1609 2402 utrisque
1637 2333 1705 2367 ⁸²⁹
1732 2333 1893 2389 simul
1921 2332 2100 2392 inesse

511 2410 779 2486 quidquid
800 2426 927 2474 sunt
953 2419 1008 2474 in
1049 2416 1307 2488 csSentia,
1329 2431 1384 2479 et
1410 2423 1671 2494 quidquid
1694 2434 1817 2481 sunt
1846 2427 1913 2481 ad
1944 2442 2101 2482 crea-

513 2513 721 2573 turam,
754 2517 814 2564 ut
858 2519 909 2567 et
939 2512 1251 2584 singulatim
1293 2514 1593 2585 perfectum
1620 2518 1689 2550 m
1720 2518 1789 2573 sit
1815 2518 2096 2585 ambobus,

508 2605 565 2651 et
588 2605 767 2654 tamen
783 2597 1148 2671 pluralitatem
1181 2605 1567 2662 nonadmittat
1591 2609 1645 2664 in
1675 2608 1907 2665 duobus.
1941 2609 2099 2666 Licet

512 2688 657 2744 enim
688 2691 1011 2763 singulatim
1028 2704 1084 2751 et
1113 2695 1202 2752 ille
1230 2695 1470 2767 perfecte
1494 2698 1564 2756 sit
1587 2708 1800 2755 ‘summa
1821 2701 2024 2757 veritas
2045 2709 2101 2758 et

509 2777 764 2859 Greater,
795 2792 852 2838 et
875 2785 1100 2842 verbum
1133 2788 1251 2857 ejus
1280 2788 1592 2859 sitsumma
1614 2793 1827 2847 veritas
1859 2802 1911 2846 et
1944 2806 2100 2847 crea-

513 2870 633 2939 tor";
659 2888 765 2929 non
798 2883 976 2932 tamen
1006 2878 1169 2934 ambo
1200 2878 1359 2935 simul
1387 2891 1515 2936 sunt
1552 2883 1669 2937 duae
1695 2884 1971 2950 veritates,
2007 2894 2100 2940 aut

513 2959 620 3016 duo
650 2972 948 3021 creatures.
999 2967 1105 3023 Sed
1137 2983 1260 3023 cum
1310 2967 1424 3024 haec
1472 2969 1549 3026 ita
1579 2971 1710 3038 sint,
1753 2973 1892 3029 miro
1921 2980 2099 3030 tamen

515 3055 678 3110 modo
702 3057 1103 3125 apertiSsimum
1135 3073 1218 3119 est
1244 3067 1370 3134 quia
1401 3080 1502 3122 nec
1530 3065 1639 3130 ille,
1667 3065 1823 3135 cujus
1851 3070 1936 3121 est
1964 3064 2099 3123 Ver-

2308 1901 2568 1956 crfectam
2600 1900 2737 1967 ejus,
2765 1902 2921 1971 quasi
2952 1901 3130 1971 proles
3152 1901 3413 1971 parentis,
3445 1910 3596 1971 tenet
3622 1900 3786 1955 simi-

2295 1972 2576 2027 itudinem.
2607 1971 2747 2042 Ergo
2772 1970 2876 2026 non
2905 1970 3327 2042 cenvenie‘ntiusi
3345 1970 3573 2041 cogitari
3607 1978 3789 2040 potest

2206 2056 2210 2060 ‘
2270 2058 2334 2096 ex
2360 2042 2452 2096 illo
2474 2057 2614 2104 esse.
2644 2040 2804 2112 quam
2834 2041 3129 2097 nascendo.
3158 2040 3222 2095 Et
3239 2040 3456 2112 quidem
3484 2054 3790 2112 congruenc

2272 2112 2380 2169 tius
2423 2113 2487 2168 de
2532 2111 2622 2166 illo
2662 2110 2811 2168 nasci
2848 2112 3078 2177 dicitur;
3116 2110 3279 2181 quam
3320 2110 3790 2181 multagdicantur

2210 2246 2215 2251 ,
2271 2183 2420 2239 nasci
2453 2183 2519 2237 de
2544 2182 2727 2251 aliquo
2747 2197 2776 2236 a
2807 2197 2915 2252 quo
2941 2179 3149 2237 habent
3174 2190 3233 2236 ut
3257 2182 3387 2247 sint,
3418 2179 3657 2252 sedeam
3678 2194 3792 2252 quo

2274 2253 2475 2308 nullam
2519 2249 2720 2307 habent
2761 2249 3173 2308 similitudinem
3210 2269 3225 2306 :
3268 2261 3334 2306 ut
3368 2249 3551 2322 capilli
3585 2252 3682 2320 qui
3723 2249 3793 2305 de

2271 2325 2447 2394 capite
2476 2324 2626 2378 nasci
2655 2323 2928 2378 dicuntur.

2271 2415 2423 2484 Quod
2466 2415 2640 2486 ipsum
2672 2415 2819 2470 nullo
2843 2414 2914 2447 “°
2943 2414 3131 2487 utique
3168 2414 3339 2471 verbo
3363 2413 3581 2477 videtur
3619 2410 3789 2468 fami-

2201 2506 2389 2562 liarius
2408 2500 2569 2575 posse
2588 2504 2845 2577 proferri,
2863 2512 3025 2576 quam
3055 2496 3100 2562 si
3123 2504 3336 2587 dicatur
3359 2504 3639 2576 proprium
3662 2496 3789 2559 esse

2203 2600 2362 2655 unius
2407 2599 2554 2655 nasci
2586 2614 2654 2654 ex
2685 2598 2891 2665 altero;
2932 2606 2989 2653 et
3028 2596 3307 2667 proprium
3345 2594 3794 2662 alterius,.uasci

2200 2692 2431 2747 alterum
2478 2707 2546 2747 ex
2592 2690 2732 2761 ipso.
2765 2690 2987 2746 Certum
3038 2702 3272 2758 namque
3314 2686 3426 2757 jam
3475 2695 3695 2743 constat
3723 2685 3792 2718 ‘“

2200 2781 2327 2850 quia
2349 2778 2585 2835 Verbum
2609 2779 2805 2835 summi
2834 2777 3071 2849 Spiritus
3091 2792 3199 2832 non
3218 2776 3299 2832 sic
3313 2785 3399 2834 est
3414 2792 3481 2833 ex
3498 2791 3584 2843 eo,
3600 2789 3794 2849 quem-

2200 2871 2491 2927 admodum
2522 2885 2587 2926 ea
2615 2887 2736 2942 quae
2777 2872 2857 2940 ,ab
2911 2870 3001 2925 illo
3040 2867 3183 2923 facta
3209 2880 3362 2936 sunt;
3406 2869 3497 2925 sed
3531 2869 3794 2939 quemad-

2200 2969 2420 3024 modum
2440 2966 2671 3025 Creator
2684 2967 2751 3024 de
2770 2966 3033 3025 Creatore
3057 2967 3150 3035 δ’δ’,
3177 2980 3446 3024 summum
3470 2966 3537 3020 de
3555 2977 3792 3020 summa.

2200 3061 2268 3117 Et
2300 3070 2362 3118 ut
2398 3062 2560 3133 plena
2600 3060 2871 3116 brevitate
2911 3060 3223 3117 omnimoda
3258 3057 3568 3123 absolvatur
3598 3055 3795 3111 simili-

512 3144 663 3208 bum,
707 3154 885 3215 potest
915 3164 1035 3206 esse
1084 3154 1320 3213 Verbum
1362 3173 1549 3223 suum;
1591 3170 1693 3214 nec
1723 3157 1956 3214 Verbum
2003 3174 2101 3229 po-
2127 3184 2173 3246 ρ
2205 3152 2671 3225 ludof‘”,pcnitus
2691 3152 2832 3207 idem
2864 3153 3039 3222 ipsum
3064 3159 3149 3208 est
3174 3149 3241 3206 de
3272 3149 3622 3246 eodetuipso,
3642 3156 3698 3246 et
3721 3146 3795 3201 ita

516 3239 623 3289 test
649 3249 770 3290 esse
804 3236 904 3295 iste
956 3241 1110 3313 cujus
1155 3257 1241 3303 est
1266 3247 1333 3279 ⁸³¹
1359 3246 1618 3315 Verbum,
1663 3257 1725 3303 ut
1775 3247 1827 3303 in
1865 3263 1929 3303 eo
1954 3250 2100 3319 quod

513 3326 782 3397 signiﬁcat
809 3329 893 3384 vel
921 3334 1048 3404 quid
1084 3335 1199 3392 sint
1228 3337 1691 3404 substantialiter,
1711 3338 1797 3394 vel
1832 3340 1961 3410 quid
1989 3341 2101 3397 sint

517 3420 585 3474 ad
616 3420 927 3480 creaturam
959 3426 1177 3499 semper
1207 3430 1535 3487 individuam
1562 3440 1781 3487 teneant
1809 3433 2097 3490 unitatem.

513 3510 572 3565 In
603 3528 668 3569 eo
701 3530 855 3581 vero,
881 3530 1022 3587 quon
1052 3520 1141 3575 ille
1171 3538 1277 3576 non
1306 3532 1387 3577 cst
1412 3538 1478 3579 ex
1502 3524 1637 3580 isto:
1664 3523 1767 3579 hoc
1807 3535 1987 3580 autem
2018 3536 2103 3582 est

514 3600 586 3632 ⁸³²
611 3617 677 3657 ex
705 3604 826 3671 illo;
861 3606 1182 3683 ineffabilem
1214 3613 1505 3668 admittant
1529 3613 1896 3684 pluralitatem
1925 3634 1937 3669 ε
1970 3616 2104 3671 incf-

512 3688 733 3749 fabilcm
773 3707 950 3765 certe;
991 3703 1241 3770 quamvis
1317 3706 1459 3761 enim
1499 3708 1794 3765 necessitas
1841 3716 2002 3779 cogat
2045 3717 2103 3763 ut

513 3782 622 3837 sint
659 3784 784 3848 duo,
834 3789 981 3846 nullo
1040 3802 1219 3847 tamen
1261 3794 1421 3851 modo
1460 3791 1687 3868 exprimi
1736 3808 1913 3871 potest
1969 3800 2099 3871 quid

516 3874 627 3935 duo.
646 3877 756 3933 sint
783 3879 874 3934 ⁸³³.
900 3880 1035 3961 Nam
1072 3886 1173 3940 etsi
1198 3885 1428 3955 forte,”
1456 3889 1562 3945 duo
1591 3907 1749 3962 pares
1782 3892 2101 3962 autaliquid

516 3964 660 4023 aliud
707 3969 962 4028 similiter
997 3975 1299 4051 adinviccm
1340 3981 1547 4051 possint
1580 3983 1719 4060 dici,
1754 3983 1807 4039 in
1839 3985 1926 4060 his
1972 3984 2104 4055 ipsis

520 4066 701 4114 tamen
735 4062 978 4125 relativis
1019 4068 1064 4121 si
1108 4079 1383 4137 quaeratur
1447 4055 1598 4143 quid-
1624 4074 1695 4129 sit
1733 4055 1863 4130 illud
1899 4076 1967 4131 de
1993 4090 2102 4147 quo

514 4148 792 4223 dicuntur,
832 4171 936 4231 nun
965 4169 1142 4227 potest
1168 4161 1273 4217 dici
1305 4163 1374 4195 ³³⁵
1404 4164 1710 4234 pluraliter,
1751 4156 2104 4238 quemadino4

520 4239 647 4294 dum
690 4242 944 4301 dicuntur
987 4248 1107 4303 dua:
1140 4264 1300 4318 pares
1341 4253 1529 4320 lineae,
1578 4264 1672 4310 aut
1711 4257 1818 4312 duo
1858 4258 2105 4316 homines

519 4328 748 4388 similes.
772 4334 983 4406 Quippe
1016 4354 1117 4394 nec
1146 4350 1275 4396 sunt
1302 4343 1409 4398 duo
1430 4343 1501 4377 ⁸³⁸
1532 4360 1689 4414 pares
1716 4346 1941 4416 spiritus
1961 4387 1976 4413 ,
2004 4363 2107 4404 nec

520 4423 628 4478 duo
653 4440 812 4495 pares
836 4443 1137 4500 creatores,
1170 4448 1270 4491 nec
1295 4436 1402 4491 duo
1421 4437 1644 4507 aliquid,
1671 4442 1814 4509 quod
1838 4440 2108 4511 signiﬁcet

2205 3254 2262 3319 ut
2282 3245 2593 3301 nullatenus
2607 3240 2677 3298 sit
2697 3243 2801 3299 nisi
2823 3257 2890 3297 ex
2915 3257 3001 3297 eo.
3016 3240 3152 3297 Cum
3169 3240 3332 3311 igitur
3352 3246 3535 3309 pateat
3554 3237 3794 3293 Verbum

2204 3336 2400 3401 summi
2450 3335 2685 3408 Spiritus
2721 3334 2802 3390 sic
2827 3348 2950 3390 esse
2979 3347 3048 3387 ex
3087 3331 3205 3409 ipso
3229 3328 3367 3396 solo,
3404 3337 3460 3389 ut
3491 3328 3794 3400 perfectam

2205 3427 2320 3496 ejus
2349 3415 2507 3498 quasi
2534 3426 2714 3498 proles
2740 3423 2985 3496 parentis
3008 3429 3191 3477 teneat
3209 3420 3624 3479 similitudinem
3650 3434 3666 3474 :
3695 3434 3799 3475 nec

2204 3520 2248 3575 si
2271 3534 2390 3574 esse
2413 3534 2479 3575 ex
2504 3520 2628 3589 ipso
2655 3528 2714 3572 ut
2739 3518 2808 3549 ⁸⁵⁵
2838 3518 2932 3570 tiat
2961 3515 3030 3570 ab
3060 3527 3148 3578 eo,
3178 3513 3424 3584 profecto
3453 3513 3601 3568 nullo
3632 3509 3796 3568 modo

2168 3672 2174 3677 ,
2204 3610 2615 3682 conveniendus
2646 3609 2873 3681 cogitari
2900 3613 3080 3678 potest
3113 3619 3182 3658 ex
3222 3605 3315 3662 illo
3341 3620 3464 3663 esse
3484 3620 3652 3676 quam
3698 3621 3797 3661 ua-

2206 3693 2432 3773 scendoi
2474 3699 2682 3771 Nempe
2721 3701 2768 3757 si
2819 3701 3248 3760 innumerabiles
3289 3715 3379 3757 res
3423 3698 3798 3755 indubitanter

2205 3782 2459 3855 dicuntur
2484 3792 2631 3848 nasci
2653 3807 2719 3849 ex
2751 3791 2836 3847 bis
2855 3807 2921 3846 ex
2950 3793 3148 3863 quibus
3188 3792 3390 3849 habent
3417 3798 3478 3845 ut
3501 3788 3644 3855 sint;
3670 3802 3797 3844 cum

2206 3885 2411 3955 nullam
2458 3900 2682 3952 eorum,
2722 3885 2789 3940 de
2827 3885 3028 3955 quibus
3065 3885 3214 3942 nasci
3255 3885 3529 3946 dicuntur,
3573 3887 3801 3935 teneant

2207 3977 2619 4036 similitudinem
2665 3976 2808 4032 sicut
2845 3976 3025 4047 proles
3062 3975 3335 4047 parentis-
3367 3972 3612 4029 Dicimus
3648 3969 3799 4025 enim

2206 4071 2434 4143 capillos
2466 4071 2614 4127 nasci
2643 4071 2710 4128 de
2735 4074 2915 4145 capite
2939 4080 2996 4128 et
3022 4086 3180 4143 poma
3209 4085 3275 4126 ex
3299 4070 3514 4132 arbore,
3540 4066 3672 4123 licet
3698 4080 3801 4121 nec

2207 4163 2281 4219 illi
2310 4161 2523 4233 capitis,
2552 4177 2653 4229 nec
2679 4162 2782 4218 ista
2810 4163 3025 4219 arboris
3044 4161 3242 4218 similia
3263 4160 3393 4216 sint.
3425 4157 3508 4224 Si,
3549 4158 3798 4227 inquam.

2207 4255 2377 4311 multa
2405 4252 2713 4322 huiusmodi
2733 4271 2838 4310 non
2868 4255 3105 4310 absurde
3137 4254 3394 4309 dicuntur
3426 4250 3612 4314 nasci,
3646 4256 3801 4303 tanto

2208 4345 2596 4418 congruentius
2627 4347 2734 4403 dici
2768 4355 2953 4420 potest
2973 4345 3209 4405 Verbum
3237 4344 3433 4400 summi
3466 4341 3708 4412 Spiritus
3730 4354 3799 4393 ex

2212 4441 2304 4497 illo
2330 4444 2565 4499 existere
2593 4442 2684 4508 ⁸⁸⁵⁸,
2719 4441 3025 4505 nascendo;
3057 4444 3261 4508 quanto
3289 4434 3606 4506 perfectius,
3639 4430 3801 4502 quasi

518 4528 708 4570 eorum
731 4529 823 4574 aut
847 4526 1141 4601 essentiam
1166 4536 1259 4583 aut
1278 4527 1650 4603 habitudinem
1681 4531 1748 4586 ad
1770 4539 2105 4599 creaturam;
2141 4550 2187 4611 ι)
2213 4535 2395 4606 proles
2421 4536 2688 4606 parentis,
2720 4533 2888 4589 trahit
2921 4530 3051 4603 ejus
3075 4529 3145 4563 ⁵⁸⁸
3171 4525 3585 4586 similitudinem
3610 4538 3678 4579 ει
3710 4522 3802 4577 m0

519 4609 616 4665 sed
642 4626 743 4667 nec
772 4598 1147 4688 duoialiquid,
1176 4622 1318 4691 quod
1345 4598 1593 4693 designet
1635 4625 1912 4696 propriam
1945 4598 2104 4682 habi?

2215 4624 2519 4680 existendo.

1830 4761 1921 4817 VA
1931 4759 2068 4816 BHE
2108 4760 2512 4818 LECTIONES.

592 4862 661 4946 ⁵ξ¹⁷
682 4865 812 4938 Cap.
947 4881 1042 4946 _e_st
1072 4872 1127 4946 in
1155 4889 1280 4946 mss.
1309 4883 1463 4946 caput
1485 4873 1554 4929 58
1625 4874 1697 4906 ⁸⁸⁸
1726 4873 1841 4946 Est.
1871 4873 2167 4946 unicuique
2195 4891 2324 4928 mss.
2348 4882 2454 4946 est,
2488 4872 2558 4927 sit
2585 4869 2886 4946 unicuique
2922 4869 3021 4946 _”9
3042 4868 3111 4922 Et
3138 4866 3385 4946 utrisque
3415 4880 3541 4919 mss.
3569 4861 3803 4946 Tltu."ex

520 4932 769 5013 utrisque
842 4938 926 5013 ⁸δῖ
944 4938 1269 5013 Singulatim
1298 4932 1597 5013 perfectum
1628 4962 1757 5000 mss.
1789 4932 1926 4999 ΊἸιιι.
1967 4932 2284 5009 singulatim
2326 4932 2746 5012 perfectumque
2792 4932 2891 5013 ’Ὗ
2922 4939 3056 4996 Esse
3084 4939 3240 5013 cujus
3276 4932 3361 5013 est
3403 4949 3686 5013 mssLesse
3714 4932 3805 5013 ille

519 5005 788 5089 ςιιὶιιέεει
962 5005 1259 5089 εῑζίιιιιριη
1285 5005 1372 5068 est
1405 5031 1536 5089 _m_ss.
1570 5016 1683 5089 hoc
1693 5025 1882 5089 autem
1904 5024 1991 5071 est
2059 5005 2135 5046 ’⁸³³
2158 5014 2307 5089 Quid
2328 5005 2600 5089 duo-siut
2643 5005 2772 5089 mss.
2811 5009 2958 5089 χΙηι.
2993 5005 3283 5089 ‹ιιιο‹1’(1ιιρ
3312 5010 3447 5089 sint"

524 5076 663 5131 forte
689 5097 814 5156 mss.
856 5079 1294 5156 VietLSagtnam
1318 5084 1419 5156 etsi
1446 5083 1588 5140 forte
1663 5085 1733 5118 ⁸³⁸
1766 5084 1881 5141 Non
1915 5096 2095 5156 potest
2141 5076 2412 5156 drivtjimss.
2457 5082 2599 5137 Vict.
2638 5080 2768 5156 Sag.
2804 5076 3139 5134 Cisterfnon
3170 5076 3371 5156 poterit
3397 5076 3500 5156 dici

2164 5014 2307 5080 Quid
2328 5002 2445 5069 'duo
2487 5013 2600 5066 sint
2643 5002 2772 5066 mss.
2824 5009 2958 5064 Thu.
2993 5002 3283 5080 quod'duo
3312 5010 3447 5080 sint“
3489 5005 3562 5080 _”‘
3582 5002 3732 5080 piam
3753 5003 3801 5057 si

3580 5074 3655 5105 ⁸³⁵
3686 5073 3805 5128 Νοιι

522 5158 649 5229 sunt
677 5151 781 5205 duo
801 5168 928 5206 mss.
959 5141 1278 5229 Ihttg'_lfict.
1309 5153 1435 5229 Sag.
1457 5171 1570 5229 nec
1600 5166 1731 5229 sunt
1758 5157 1889 5229 duo”
1917 5141 2009 5229 ’ξδ’
2052 5156 2183 5224 Cap.
2325 5153 2392 5207 In
2425 5170 2555 5229 mss.
2580 5141 2921 5206 contiauatur
2944 5159 3098 5220 caput
3122 5141 3634 5229 pra'cedens._Qttpd
3660 5143 3802 5229 idem

525 5217 749 5273 verbum
779 5238 913 5296 mss.
952 5222 1013 5278 S.
1049 5222 1212 5296 dﬁcit.
1240 5212 1556 5295 quoduidcm
1580 5228 1749 5296 verbo
1824 5227 1895 5263 ⁵³⁸
1925 5212 2176 5296 Constat!
2206 5225 2370 5296 igitur
2400 5223 2557 5296 quod
2606 5212 3394 5296 mss._constat‘1autemAquia
3427 5212 3523 5296 '5”
3550 5212 3801 5296 Alterum

525 5302 650 5342 esse
679 5303 746 5343 ex
779 5290 868 5346 illo
899 5282 1023 5347 mss.
1057 5293 1193 5349 Tim.
1223 5282 1372 5351 omit.
1403 5311 1524 5351 esse
1592 5296 1662 5329 5"

526 5360 684 5444 quod.
708 5376 836 5415 mss.
859 5361 984 5444 jam
1004 5375 1222 5444 constat
1250 5368 1375 5444 quia

1703 5295 1856 5363 Quod
1889 5298 2063 5366 ipsum
2090 5285 2358 5350 nullovetc.
2390 5285 2447 5348 ξιξ
2469 5309 2595 5347 mss.
2628 5292 2713 5345 hic
2744 5291 2926 5366 incipit
2982 5290 3153 5359 Caput
3182 5285 3283 5366 5_9'
3328 5287 3397 5366 ’ἀί
3421 5285 3539 5366 1am
3564 5293 3804 5366 constat.

1557 5353 2122 5437 Quemwadmodumide
2147 5374 2396 5437 creatore
2418 5381 2544 5437 mss.
2573 5353 2970 5437 exceptis,
3001 5353 3454 5437 quemadmodum
3481 5354 3712 5437 (greater
3738 5353 3805 5410 de

525 5424 787 5507 grcatgrc
827 5424 929 5507 ΔΨ
958 5424 1285 5507 Absolvatur
1322 5424 1622 5493 similitudo
1648 5454 1772 5491 mss.
1818 5437 1956 5491 Tlm.
1991 5424 2082 5491 90.
2104 5435 2435 5507 absolvatur
2457 5424 2738 5507 plenitudo
2784 5424 2885 5463 ’⁸⁸³
2907 5430 2983 5507 Εεε
3000 5424 3214 5507 ipso
3244 5439 3308 5507 ut
3332 5444 3456 5482 mss.
3500 5424 3634 5507 Vict.
3655 5426 3802 5507 Sag.

530 5490 667 5577 Thy.
694 5499 793 5577 50.Δ
816 5499 1006 5557 Cister.
1034 5520 1098 5559 ex
1128 5505 1242 5577 ipso
1267 5490 1465 5564 utri“
1489 5490 1569 5563 Es
1596 5490 1685 5564 illo
1707 5490 1951 5565 existere
1964 5490 2062 5562 ms.
2100 5490 2232 5560 Vict.
2260 5505 2346 5559 15.
2374 5490 2553 5560 ex'illo
2574 5502 2874 5559 subsistere
2947 5500 3018 5533 m
3047 5490 3236 5556 Trahit
3263 5499 3381 5570 ejus
3406 5514 3504 5553 ms.
3547 5494 3686 5551 Vict.
3714 5493 3803 5550 15.

530 5564 707 5627 trahat
746 5571 863 5638 cius

2041 5690 2269 5751 ΝΟΤΛΞ.

601 5784 712 5859 (Siti)
760 5784 900 5843 Alias
931 5786 1016 5842 hic
1047 5787 1230 5859 incipit
1258 5802 1377 5860 cap.
1407 5787 1494 5845 58.

2286 5782 2396 5854 (57)
2440 5781 2580 5839 Alias
2605 5789 2685 5839 est
2714 5794 2840 5851 pars
2864 5792 2983 5851 cap.
3011 5775 3101 5836 :58,
3434 5788 3515 5852 ui.
