4030 6290
549 279 653 334 195

548 485 672 547 bus,
729 484 922 551 quibus
976 481 1110 535 mira
1176 481 1420 550 qtttndam
1473 488 1580 532 tant
1633 477 1916 532 ineffabilis
1968 493 2129 547 quam

549 573 872 630 inevitabilis
890 573 940 625 in
959 586 1165 626 summa
1181 569 1387 622 unitate
1402 567 1658 636 probatur
1677 581 1798 622 esse
1824 565 2127 637 pluralitas,

547 665 704 720 valde
737 665 865 720 mihi
897 664 1109 717 videtur
1141 661 1456 716 delectabile
1481 668 1776 716 retractare
1802 659 1998 728 saepius
2023 667 2130 713 tam

549 755 954 826 impenetrabile
981 763 1272 808 secretum.
1317 752 1455 808 Ecce
1498 752 1643 808 enim
1685 767 1806 806 cum
1830 752 2131 822 sicimpos-

510 843 701 898 ‘sibile
741 842 905 897 sitm
933 841 1181 895 eumdem
1213 855 1334 896 esse
1383 840 1476 910 qui
1528 840 1721 911 gignit,
1775 847 1828 894 et
1869 854 1989 894 cum
2037 838 2130 908 qui

544 935 814 1003 gignitur;
843 943 1006 1002 atque
1031 934 1282 988 eumdem
1311 947 1433 987 esse
1479 941 1758 1002 parentem
1801 939 1855 986 et
1876 930 2080 1001 prolem
2112 945 2127 982 :

544 1033 603 1078 ιιι
628 1039 849 1079 necesse
879 1025 952 1079 sit
973 1024 1133 1078 alium
1157 1038 1277 1080 esse
1299 1024 1622 1094 genitorem,
1658 1022 1822 1076 alium
1853 1023 2125 1092 genitum;

541 1125 598 1168 et
621 1115 785 1168 alium
809 1131 931 1170 esse
959 1115 1196 1178 Patrem,
1241 1114 1404 1167 alium
1453 1113 1646 1168 Filium
1677 1131 1689 1167 :
1720 1113 1798 1169 sic
1827 1123 2004 1168 tamen
2033 1127 2129 1169 ne-

542 1221 695 1261 cesse
729 1207 800 1237 ⁸⁸⁵
849 1215 932 1261 est
960 1206 1099 1260 idem
1128 1221 1249 1261 esse
1279 1205 1425 1260 illum
1451 1206 1542 1275 qui
1564 1205 1754 1276 gignit,
1787 1215 1841 1260 et
1869 1206 2015 1259 illum
2040 1207 2131 1275 qui

541 1295 798 1365 gignitur,
834 1309 1058 1349 necnon
1090 1302 1369 1364 parentem
1417 1303 1473 1348 et
1501 1295 1728 1365 prolem,
1774 1303 1831 1349 ut
1879 1295 2129 1364 impossi-

541 1386 649 1442 bile
679 1387 752 1441 sit
779 1386 924 1440 aliud
946 1401 1067 1442 esse
1091 1387 1390 1458 genitorem
1425 1387 1526 1454 ⁸⁸⁷,
1557 1401 1720 1456 quam
1760 1387 1902 1457 quod
1929 1395 2012 1442 est
2041 1403 2132 1457 ge-

543 1483 720 1545 nitus;
778 1481 924 1536 aliud
978 1496 1099 1537 esse
1165 1480 1426 1544 Patrem,
1482 1495 1642 1550 quam
1701 1481 1844 1550 quod
1892 1489 1975 1536 est
2036 1479 2129 1534 Fi-

543 1574 669 1629 lius.
709 1573 819 1644 (61)
851 1573 920 1605 ⁸⁸⁸
948 1565 1016 1627 Ει
1041 1589 1162 1627 cum
1195 1573 1266 1627 ita
1290 1573 1360 1627 sit
1385 1572 1523 1627 alius
1547 1573 1654 1640 ille,
1686 1581 1740 1628 et
1768 1573 1907 1628 alius
1935 1574 2046 1637 ille,
2071 1583 2134 1630 ut

541 1667 762 1720 omnino
807 1674 988 1736 pateat
1019 1665 1163 1735 quod
1192 1665 1296 1720 duo
1329 1665 1438 1720 sint
1471 1665 1574 1731 m;
1614 1665 1695 1720 sic
1742 1674 1924 1720 tamen
1956 1681 2122 1720 unum

1075 273 1132 329 s.
1171 255 1470 330 axsstau
1511 271 1865 330 caurum.
1910 271 2132 327 manu

2275 273 2422 328 OPP.
2464 274 2644 329 PARS
2675 275 2710 329 1.
2756 308 2822 315 --
2862 277 3262 334 ῸΟΟΜΑΤΚᾺ

621 389 854 444 Inventis
888 397 962 443 tot
1009 398 1062 442 et
1109 387 1271 442 tantis
1311 388 1380 419 '6‘
1410 387 1742 456 singulorum
1783 385 2128 456 proprietati-
2159 387 2204 440 Α

3708 287 3818 345 196.

2305 387 2406 441 dici
2475 397 2652 470 potest
2725 399 2783 445 ut
2846 408 3053 470 summa
3134 397 3806 470 unitas__simplicitasque

2303 463 2708 515 commendetur
2735 465 3036 517 counnunis
3064 474 3286 519 natnrm.
3311 467 3423 521 Non
3457 463 3634 524 tamen
3674 463 3805 527 dici.-

2305 535 2392 582 tur
2429 528 2588 610 Pater
2616 533 2850 586 essentia
2888 533 3038 597 Filii,
3073 545 3126 610 et
3155 535 3577 610 Filiusgesscntia
3604 540 3805 607 Patris;

2304 600 2456 666 quasi
2484 600 2747 683 alter_non
2789 617 2886 671 per
2906 619 2985 683 se,
3034 604 3126 659 sed
3154 620 3250 674 per
3292 608 3520 662 alterum
3565 600 3802 666 existat;

2303 683 2513 724 summa
2553 675 2696 746 enim
2737 675 2969 746 essentia
3004 691 3219 744 semper
3265 687 3347 732 est
3393 693 3490 746 per
3537 695 3619 743 se,
3673 684 3808 737 sicut

2303 753 2513 794 summa
2535 743 2796 809 sapientia
2819 758 3041 816 semper
3075 743 3216 814 sapit
3244 761 3340 816 per
3367 743 3444 803 se.
3480 749 3629 804 Unde
3653 751 3810 806 Pater

2303 823 2400 877 per
2425 825 2483 865 se
2503 820 2604 876 est,
2637 820 2690 866 et
2715 813 2919 888 pariter
2945 814 3114 868 Filius
3135 813 3330 888 perse
3357 826 3469 883 est;
3501 821 3623 888 quia
3651 820 3810 877 Pater

2303 889 2388 934 est
2418 897 2636 954 summa
2663 883 2921 954 essentia,
2948 894 3002 939 et
3033 884 3235 954 pariter
3277 886 3446 944 Filius
3483 883 3569 944 est
3598 906 3808 946 summa

2303 952 2556 1022 essentia.
2597 951 2764 1006 Filius
2790 953 3007 1022 quidem
3034 951 3129 1014 est
3170 959 3403 1012 essentia
3441 967 3564 1013 nata
3597 961 3666 1015 de
3713 961 3810 1016 Pa-

2305 1021 2406 1101 tris
2431 1022 2690 1101 essentia,
2738 1021 3101 1101 et'sapicntia
3132 1025 3218 1101 de
3241 1029 3536 1101 sapientia;
3576 1031 3668 1085 sed
3703 1047 3810 1085 non

2304 1091 2506 1146 idcirco
2530 1093 2708 1146 minus
2736 1091 2972 1162 perfecta
3012 1103 3120 1170 est,
3147 1091 3495 1170 nibilominus
3521 1091 3664 1155 enim
3696 1101 3809 1170 ipsa

2302 1176 2400 1285 per
2428 1176 2486 1216 se
2533 1172 2634 1226 est,
2685 1171 2740 1216 et
2776 1177 2872 1231 per
2900 1179 2959 1218 se
3008 1166 3165 1233 sapit.
3209 1165 3317 1222 Nec
3358 1179 3617 1238 repugnat
3666 1165 3810 1238 quod

2349 1233 2470 1285 ilius
2498 1241 2549 1285 et
2576 1248 2670 1285 per
2698 1247 2760 1285 se
2788 1234 3067 1285 subsistat.
3097 1245 3152 1285 et
3179 1239 3247 1285 de
3270 1236 3429 1285 Patre
3454 1239 3650 1285 habent
3668 1257 3810 1285 esse-

2334 1233 2470 1309 :ilius
2498 1241 2556 1309 et
2576 1248 2670 1300 per
2698 1247 2760 1309 se
2788 1234 3068 1309 subsistat,
3097 1245 3152 1290 et
3179 1233 3431 1309 dePatré
3452 1233 3650 1294 habeat
3668 1233 3810 1296 esse.

2302 1301 2438 1380 Nam
2467 1319 2499 1380 a_
2521 1302 2684 1357 Patre
2724 1303 2978 1380 babet_ut
3011 1321 3108 1375 per
3137 1307 3360 1380 se_sitet
3386 1324 3564 1380 perise
3594 1313 3809 1380 sapiat;

2301 1373 2538 1442 alioquin
2565 1387 2671 1426 non
2699 1383 2844 1427 esset
2870 1373 3154 1430 idem—esse
3178 1377 3360 1432 Patris
3381 1373 3436 1433 et
3471 1379 3612 1434 Filii.
3651 1373 3816 1436 Deci;

2301 1457 2406 1513 que
2436 1444 2653 1520 utrique
2679 1458 2788 1498 non
2809 1444 2956 1520 a_liud
2982 1461 3064 1520 est
3093 1447 3292 1520 habere
3313 1450 3624 1520 essentiam,
3649 1466 3810 1520 quam

2301 1513 2591 1568 essentiam
2644 1528 2801 1585 esse._
2824 1516 2964 1585 Ergo
3008 1516 3149 1570 sicut
3192 1518 3355 1573 habet
3399 1519 3541 1574 alter
3589 1513 3815 1577 alterius

2299 1585 2626 1660 essentiam;
2655 1583 2730 1638 ita
2755 1583 3002 1660 alter'est
3030 1587 3253 1660 alterius
3277 1590 3539 1660 essentia,
3571 1592 3676 1648 hoc
3706 1603 3811 1660 est,

2302 1653 2443 1708 idem
2465 1669 2586 1709 esse
2613 1664 2696 1708 est
2721 1655 2899 1718 alteri,
2923 1659 3063 1726 quod
3093 1666 3177 1712 est
3207 1658 3384 1714 alteri.

543 1768 598 1814 el
650 1759 790 1812 idem
824 1759 995 1828 ipsum
1023 1759 1094 1790 57°
1139 1767 1244 1823 est,
1380 1758 1524 1826 quod
1562 1765 1648 1813 est
1694 1755 1783 1812 ille
1823 1768 1878 1812 ει
1927 1757 2036 1824 ille,
2070 1767 2128 1812 υι
2159 1740 2203 1794 Β
2303 1744 2456 1800 Unde
2486 1744 2717 1800 etiamsi
2747 1745 2820 1776 ³⁷⁸
2847 1745 2983 1800 alter
3020 1747 3244 1804 alterius
3288 1750 3502 1804 dicatur
3548 1753 3810 1817 essentia,

541 1850 755 1920 penitus
790 1849 956 1905 lateat
980 1849 1072 1918 qui
1103 1849 1208 1904 duo
1237 1857 1366 1904 stat.
1393 1846 1527 1902 Nam
1565 1847 1644 1902 sic
1672 1857 1755 1902 est
1781 1847 1918 1902 alius
1945 1845 2125 1912 Pater,

545 1942 685 1997 alius
712 1942 897 2007 Filius,
920 1949 1138 2006 ut,cum
1164 1940 1352 1995 ambos
1375 1939 1626 2006 dixerim,
1649 1939 1859 1995 videam
1884 1943 1970 1994 me
1995 1939 2128 1994 duos

542 2037 774 2101 dixisse;
806 2035 970 2090 ctsic
1008 2043 1092 2088 est
1137 2034 1372 2104 idipsum
1422 2033 1565 2102 quod
1600 2043 1703 2096 est,
1755 2041 1810 2086 et
1857 2030 2020 2086 Pater
2073 2039 2127 2086 et

543 2127 736 2191 Filius,
771 2135 833 2181 ut
866 2141 970 2180 non
1000 2124 1295 2194 intelligam
1321 2123 1448 2194 quid
1479 2123 1615 2177 duos
1645 2122 1897 2177 dixerim.
1925 2121 2135 2200 Quam-q

541 2217 625 2270 vis
675 2223 909 2286 namque
966 2215 1209 2286 singulas
1262 2214 1424 2269 Pater
1470 2215 1542 2268 sit
1603 2213 1842 2282 perfecte
1885 2228 2130 2269 summus

544 2294 801 2379 Spiritus,
828 2316 883 2360 et
904 2306 1148 2376 singulos
1174 2304 1343 2359 Filius
1373 2304 1444 2359 sit
1468 2302 1708 2374 perfecte
1742 2316 1986 2357 summus
2009 2300 2132 2372 Spi-

545 2402 714 2466 ritus;
747 2400 827 2455 sic
860 2408 1037 2453 tamen
1070 2413 1235 2452 unum
1263 2396 1516 2466 idemque
1541 2395 1611 2426 ⁸⁷³
1655 2403 1739 2450 est
1785 2392 2024 2464 Spiritus
2056 2394 2128 2427 ⁸η

543 2489 706 2547 Pater
729 2501 784 2546 et
810 2490 1047 2560 Spiritus
1076 2488 1268 2552 Filius,
1312 2496 1370 2542 ut
1398 2486 1558 2541 Pater
1585 2495 1638 2542 et
1664 2485 1834 2540 Filius
1875 2501 1981 2540 non
2021 2485 2132 2541 sint

544 2583 651 2638 duo
681 2581 935 2651 Spiritus,
990 2579 1085 2636 sed
1133 2593 1273 2634 unus
1329 2577 1606 2648 Spiritus:
1639 2585 1696 2630 ut
1730 2577 1869 2632 sicut
1918 2575 2130 2645 singula

545 2675 761 2745 prepria
789 2673 1128 2744 singulorum
1158 2687 1263 2725 non
1291 2670 1555 2740 rccipiunt
1581 2668 1972 2738 pluralitatem,
2003 2669 2130 2737 quia

546 2782 652 2821 non
680 2776 806 2821 sunt
839 2766 1101 2829 duorum;
1134 2763 1208 2816 ita
1237 2763 1289 2817 id
1317 2761 1458 2831 quod
1494 2775 1782 2815 commune
1821 2769 1904 2814 est
1938 2761 2129 2815 ambo-

546 2872 690 2920 rmn,
722 2856 1053 2910 individuam
1112 2861 1293 2908 teneat
1340 2850 1625 2915 unitatem,
1669 2849 1919 2919 quamvis
1962 2858 2130 2904 totum

545 2949 619 3003 sit
644 2947 999 3020 singulorum.
1047 2944 1182 2998 Nam
1210 2943 1349 2999 sicut
1382 2957 1489 2997 non
1522 2952 1651 2997 sunt
1677 2943 1783 2996 duo
1808 2951 2009 3011 patres,
2041 2951 2135 2998 aut

546 3041 652 3096 duo
685 3040 810 3104 lilii;
857 3037 951 3094 sed
986 3051 1123 3092 unus
1156 3033 1336 3102 Pater,
1383 3042 1439 3088 et
1467 3047 1606 3087 unus
1655 3031 1840 3095 Filius,
1875 3033 2129 3102 quoniam

545 3131 750 3202 singula
787 3140 916 3188 sunt
940 3127 1274 3200 singulorum
1319 3125 1570 3197 propria;
1601 3125 1673 3179 ita
1698 3141 1806 3180 non
1847 3136 1974 3180 sunt
2001 3124 2126 3190 duo,

545 3224 642 3278 sed
682 3237 820 3277 unus
874 3219 1135 3290 Spiritus;
1190 3217 1437 3288 quamvis
1486 3225 1542 3270 et
1591 3215 1786 3285 singuli
1841 3215 2042 3282 Patris,
2075 3225 2132 3272 et

545 3315 739 3387 singuli
771 3315 914 3381 Filii,
944 3314 1014 3369 sit
1043 3312 1342 3384 perfectura
1392 3324 1514 3365 csse
1555 3307 1838 3380 Spiritum.
1884 3306 1973 3363 Sic
2003 3317 2131 3363 sunt

545 3409 774 3480 oppositi
818 3406 1193 3468 relationibus,
1244 3413 1304 3458 ut
1358 3403 1496 3458 alter
1537 3417 1812 3471 nunquam
1872 3400 2132 3471 suscipiat

547 3500 825 3571 proprium
877 3497 1126 3562 alterius;
1175 3495 1256 3549 sic
1305 3503 1432 3548 sunt
1480 3493 1781 3549 concordes
1829 3500 2025 3545 natura
2073 3501 2133 3546 ut

548 3590 686 3644 alter
710 3589 781 3620 ⁵⁷³
812 3602 1025 3658 semper
1071 3593 1253 3641 teneat
1295 3585 1585 3641 essentiam
1625 3583 1872 3638 alterius.
1927 3582 2038 3654 (62)
2062 3583 2133 3615 ⁵⁷⁸

549 3683 643 3737 Sic
661 3680 804 3736 enim
834 3679 1031 3736 diversi
1060 3685 1204 3743 sunt,
1247 3692 1344 3747 per
1371 3677 1473 3732 hoc
1503 3677 1646 3747 quod
1671 3676 1813 3730 alter
1837 3683 1920 3729 est
1946 3674 2129 3742 Pater,

549 3781 606 3825 et
643 3771 779 3824 alter
826 3769 994 3824 Filius
1023 3769 1116 3835 ⁸⁷⁸,
1163 3777 1223 3822 ιιι
1255 3782 1533 3837 nunquam
1579 3767 1793 3821 dicatur
1846 3775 1937 3820 aut
1974 3765 2135 3820 Pater

549 3860 742 3926 Filius,
789 3868 882 3914 aut
909 3857 1076 3914 Filius
1101 3857 1294 3924 Pater;
1344 3867 1396 3912 et
1428 3859 1507 3912 sic
1553 3857 1693 3911 idem
1720 3865 1846 3910 sunt
1887 3871 1982 3925 per
2007 3857 2136 3911 sub-

547 3950 827 4016 Stantiam,
857 3958 916 4004 ut
939 3964 1154 4019 semper
1175 3948 1247 4003 sit
1284 3947 1336 4001 in
1369 3947 1533 4002 Patre
1559 3946 1798 4001 essentia
1826 3945 1970 4011 Filii,
1996 3954 2051 4001 et
2079 3945 2133 4000 in

550 4043 688 4099 Filio
738 4043 974 4099 essentia
1018 4042 1216 4097 Patris.
1267 4041 1362 4096 Est
1404 4041 1549 4096 enim
1597 4053 1704 4093 non
1742 4039 1986 4107 diversa,
2039 4041 2133 4096 sed

547 4136 770 4201 eadem;
804 4151 909 4190 non
942 4133 1143 4204 plures,
1170 4133 1262 4188 sed
1289 4148 1395 4188 una
1423 4133 1708 4203 utriusque
1735 4132 1998 4188 essentia.

1044 4245 1270 4299 CAPUT
1309 4244 1467 4299 xuv
1501 4245 1633 4315 (es).

811 4334 1084 4400 Quomodo
1117 4335 1250 4388 alter
1280 4333 1498 4387 alterius
1520 4335 1588 4387 sit
1609 4334 1852 4388 essentia.

2158 3093 2205 3156 C

2233 1849 2340 1889 non
2362 1845 2579 1892 erratur
2601 1853 2630 1893 a
2658 1839 2921 1904 veritate;
2952 1843 3048 1896 sed
3098 1856 3308 1895 summa
3346 1841 3524 1896 unitas
3549 1843 3810 1913 simplici-

2232 1935 2424 1998 tasque
2449 1932 2861 1986 commendatur
2895 1934 3196 1988 communis
3243 1942 3465 1987 naturae.
3509 1932 3622 1988 Non
3667 1935 3811 1990 enim

2231 2021 2685 2088 quemadmodum
2727 2023 3045 2094 intelligitur
3094 2025 3358 2096 sapientia
3410 2011 3679 2092 ltmninis,
3721 2043 3816 2097 per

2230 2125 2393 2180 quam
2425 2111 2588 2168 homo
2618 2115 2835 2184 sapiens
2863 2123 2967 2181 est,
2991 2117 3083 2186 qui
3112 2132 3210 2186 per
3236 2132 3295 2171 se
3321 2133 3426 2172 non
3477 2127 3658 2186 potest
3696 2132 3816 2174 esse

2231 2202 2299 2233 ⁸⁷⁷
2329 2204 2576 2273 sapiens;
2614 2206 2686 2260 ita
2726 2206 2954 2279 intelligi
2987 2217 3188 2278 potest,
3219 2208 3267 2263 si
3289 2209 3501 2265 dicatur
3526 2210 3692 2267 Pater
3724 2228 3815 2268 es-

2230 2301 2405 2356 sentia
2433 2302 2578 2368 Filii,
2634 2313 2690 2359 et
2720 2303 2892 2359 Filius
2917 2308 3152 2362 essentia
3180 2306 3379 2376 Patris,
3433 2317 3494 2363 ut
3542 2323 3609 2365 eo
3655 2312 3814 2367 modo

2230 2393 2300 2429 ⁸⁷⁸
2332 2393 2404 2449 sit
2430 2394 2598 2451 Filius
2623 2395 2864 2452 existens
2909 2413 3007 2467 per
3044 2407 3283 2468 patrem,
3329 2408 3386 2454 et
3412 2399 3576 2454 Pater
3598 2415 3697 2470 per
3729 2401 3813 2456 Fi-

2231 2483 2382 2550 lium,
2414 2486 2567 2555 quasi
2615 2501 2723 2542 non
2773 2487 2941 2556 possit
2980 2487 3118 2543 alter
3140 2489 3381 2544 existens
3408 2503 3530 2545 esse
3578 2489 3683 2544 nisi
3723 2506 3818 2560 per

2232 2573 2501 2640 alterum;
2529 2561 2676 2652 isie'ut
2721 2576 2885 2632 homo
2926 2591 3031 2632 non
3065 2587 3242 2646 potest
3273 2592 3393 2633 esse
3440 2579 3682 2648 sapiens,
3711 2579 3816 2633 nisi

2231 2682 2329 2737 per
2373 2669 2716 2738 sapientiam.
2771 2667 2920 2724 Sicut
2953 2685 3187 2740 namque
3220 2685 3429 2726 summa
3459 2670 3725 2741 sapientia
3747 2671 3816 2702 "’

2233 2772 2446 2828 semper
2478 2760 2620 2830 sapit
2643 2776 2740 2831 per
2764 2775 2856 2826 sc;
2891 2745 2961 2815 ita
2990 2775 3199 2815 summa
3231 2759 3465 2816 essentia
3497 2775 3715 2831 seraper
3734 2769 3818 2815 est

2233 2865 2333 2920 per
2379 2866 2460 2906 se.
2514 2852 2609 2906 Est
2659 2861 2839 2906 autem
2893 2851 3135 2921 perfecte
3177 2851 3248 2883 ⁸⁸⁸
3297 2866 3507 2906 summa
3575 2860 3815 2906 essenta

2233 2943 2416 3012 Pater,
2465 2953 2520 3001 et
2550 2944 2788 3015 perfecte
2835 2961 3046 3000 summa
3099 2945 3330 3000 essentia
3354 2943 3579 3010 Filius;'
3608 2945 3818 3015 pariter

2235 3052 2364 3108 ergo
2390 3036 2664 3107 perfectus
2693 3037 2856 3093 Pater
2899 3052 2992 3108 per
3019 3052 3078 3092 se
3103 3045 3204 3102 est,
3225 3045 3281 3091 et
3309 3037 3513 3107 pariter
3542 3035 3815 3107 perfectus

2234 3130 2304 3162 ⁸⁸¹
2326 3128 2496 3184 Filius
2517 3145 2614 3202 per
2641 3144 2700 3186 se
2721 3138 2825 3196 est,
2858 3131 3000 3185 sicut
3024 3139 3254 3200 uterque
3281 3129 3425 3199 sapit
3452 3143 3550 3200 per
3579 3144 3664 3184 se.
3693 3128 3810 3184 Non

2233 3223 2378 3279 enim
2404 3223 2608 3279 idcirco
2632 3222 2813 3278 minus
2832 3221 3073 3292 perfecta
3111 3231 3193 3278 est
3221 3221 3459 3277 essentia
3488 3221 3574 3276 vel
3597 3221 3814 3292 sapien-

2234 3316 2307 3370 tia
2329 3314 2519 3381 Filius,
2551 3315 2678 3386 quia
2701 3323 2784 3370 est
2809 3315 3043 3370 essentia
3084 3323 3208 3369 nata
3239 3313 3306 3369 de
3344 3313 3522 3368 Patris
3551 3315 3816 3380 essentia,

2231 3419 2285 3464 et
2313 3409 2575 3480 sapientia
2609 3408 2676 3463 de
2704 3407 2997 3478 sapientia;
3046 3407 3138 3463 sed
3191 3416 3320 3463 tunc
3358 3407 3535 3462 minus
3575 3408 3819 3477 perfetta

2232 3503 2470 3556 essentia
2495 3501 2575 3557 vel
2608 3501 2874 3572 sapientia
2903 3508 3071 3567 esset,
3108 3501 3151 3557 si
3183 3515 3288 3556 non
3329 3510 3475 3557 esset
3506 3516 3604 3572 per
3637 3517 3698 3557 se
3724 3487 3817 3556 aut

2235 3607 2340 3647 non
2374 3602 2590 3664 saperet
2631 3608 2728 3664 per
2755 3607 2836 3648 se.
2867 3592 3219 3663 Nequaquam
3268 3593 3412 3648 enim
3445 3601 3710 3664 repugnat
3759 3604 3819 3648 ut

2235 3684 2406 3739 Filius
2455 3694 2510 3740 et
2539 3701 2636 3756 per
2677 3699 2734 3740 se
2762 3685 2832 3716 ⁵⁸³
2881 3683 3162 3748 subsistat,
3217 3693 3274 3739 et
3326 3686 3392 3739 de
3435 3683 3598 3739 Patre
3621 3685 3821 3740 habeat

2235 3791 2373 3832 esse.
2408 3777 2562 3832 Sicut
2588 3778 2732 3832 enim
2774 3777 2937 3832 Pater
2981 3775 3143 3832 habet
3182 3777 3499 3844 essentiam,
3526 3787 3581 3833 et
3604 3779 3823 3848 sapien-

2239 3868 2388 3934 tiam,
2432 3877 2488 3924 et
2532 3869 2698 3925 vitam
2729 3871 2782 3924 in
2814 3870 3138 3941 semetipso;
3189 3878 3248 3924 ut
3283 3886 3390 3926 non
3439 3886 3534 3940 per
3561 3871 3821 3939 alienam,

2236 3963 2329 4018 sed
2360 3978 2456 4033 per
2485 3979 2638 4018 suam
2689 3964 2978 4019 essentiam
3017 3964 3107 4031 sit,
3157 3978 3256 4033 per
3303 3980 3456 4019 suam
3494 3964 3820 4034 sapientiam

2237 4055 2434 4126 sapiat,
2474 4071 2571 4125 per
2614 4071 2768 4111 suam
2811 4055 2977 4110 vitam
3039 4057 3214 4121 vivat;
3269 4056 3342 4111 ita
3391 4057 3686 4127 gignendo,
3730 4057 3823 4113 dat

2236 4149 2377 4205 Filio
2413 4149 2707 4204 essentiam
2764 4149 2987 4214 habere,
3034 4157 3089 4202 et
3127 4148 3446 4218 sapientiam
3477 4157 3527 4202 et
3564 4147 3734 4202 vitam
3768 4149 3823 4203 in

2237 4243 2558 4312 semetipso;
2600 4252 2789 4295 utnon
2821 4255 2918 4309 per
2943 4247 3280 4306 extraneam,
3324 4241 3418 4296 sed
3444 4256 3597 4295 suam
3631 4255 3824 4297 essen-

2242 4335 2396 4398 tiam,
2431 4333 2754 4403 sapientiam
2781 4340 2835 4386 et
2855 4332 3019 4386 vitam
3041 4332 3325 4397 subsistat,
3355 4331 3534 4400 sapiat
3558 4338 3615 4386 et
3638 4331 3822 4396 vivat;

548 4426 888 4481 Cossrscws
911 4441 1143 4480 carms.
1171 4455 1243 4465 —
1267 4423 1419 4479 Alter
1448 4423 1673 4479 alterius
1716 4423 1952 4478 essentia
1981 4433 2132 4480 recte
2162 4443 2211 4503 υ
2239 4425 2476 4495 alioquin
2511 4439 2616 4480 non
2655 4423 2758 4480 erit
2790 4423 2932 4480 idem
2973 4438 3094 4480 esse
3119 4423 3301 4480 Patris
3330 4432 3387 4479 et
3412 4421 3554 4490 Filii,
3591 4438 3694 4478 nec
3716 4424 3831 4480 erit

1831 4533 2066 4592 VARIJE
2105 4537 2506 4595 LECTIONES.

625 4628 962 4702 “ﬁ‘llty‘ClliIS
989 4636 1066 4682 tot
1089 4637 1144 4683 ct
1187 4629 1498 4702 tanti_s,_etc.
1531 4628 1586 4682 in
1615 4644 1738 4702 mss.
1765 4628 1872 4682 hic.
1899 4629 2078 4702 incipit
2106 4643 2260 4702 caput
2305 4632 2525 4702 45.7w!)
2564 4632 2662 4702 hoc
2691 4629 2842 4684 titulo
2869 4647 2888 4686 :
2920 4630 3273 4702 Retractatio,
3294 4640 3435 4702 ﬂete.
3469 4641 3525 4702 ut
3579 4632 3645 4702 in,
3664 4631 3830 4702 titulo

555 4699 742 4766 capitis
771 4699 862 4752 42.
890 4701 943 4752 in
984 4715 1209 4753 excusis.

554 4780 732 4824 tamen
796 4785 1018 4824 necesse
1068 4786 1193 4824 mss.
1241 4768 1393 4828 ,Thu.
1445 4769 1489 4823 si
1546 4778 1722 4822 tamen
1784 4783 2022 4824 necesse

551 4857 674 4911 esse
737 4841 1107 4911 genitorem...
1173 4840 1318 4894 aliud
1364 4855 1484 4911 esse

553 4909 860 4980 Tlm.q'uod
919 4913 1026 4964 duo
1083 4912 1191 4965 sint

549 4981 799 5050 idemque
852 4998 976 5036 mss.
1026 4997 1188 5035 unum
1243 4981 1490 5049 idemque

1318 4699 1387 4730 ³⁵⁸⁵
1423 4700 1558 4753 Cum
1595 4699 1664 4752 sit
1693 4699 2033 4768 impossibile
2078 4699 2330 4756 sic'mss.
2401 4701 2538 4756 Vict.
2596 4700 2728 4770 Sag.
2769 4715 2891 4754 cum
2955 4701 3037 4754 sic
3085 4701 3418 4770 impossibile
3459 4701 3531 4756 sit

3629 4701 3702 4732 ““
3731 4702 3831 4756 Sic

2133 4772 2202 4803 ⁸⁸⁷
2259 4773 2438 4827 Alium
2501 4787 2623 4826 esse
2675 4771 3044 4840 genitorem...
3102 4773 3267 4824 alium
3313 4785 3436 4826 esse
3485 4786 3611 4825 mss.
3669 4771 3826 4827 aliud

1618 4839 1689 4869 ⁵⁸⁸
1732 4837 2381 4914 1n_iitss._continuatur|
2409 4852 2563 4914 caput
2614 4837 2936 4914 priccedens.

1293 4911 1362 4942 ³⁵⁷⁸
1423 4909 1599 4964 Unum
1633 4918 1738 4981 et;
1781 4910 1922 4963 idem
1983 4911 2154 4980 ipsum
2206 4930 2331 4966 mss.
2370 4909 2552 4980 ξϐειιι.
2597 4909 2787 4966 Cister.
2847 4927 3010 4964 unum
3075 4919 3131 4966 et
3186 4911 3238 4965 id
3290 4911 3464 4981 ipsum

1596 4980 1665 5010 ‘7’
1710 4979 1966 5033 Summus
2026 4983 2247 5049 spiritus
2310 4979 2406 5037 ms.
2455 4984 2516 5037 S.

3066 4841 3135 4872 "9
3179 4840 3316 4906 Quid
3365 4842 3472 4894 duo
3529 4842 3639 4895 sint
3694 4859 3828 4896 mss.

3075 4919 3131 4966 et
3186 4911 3238 4965 id
3290 4911 3464 4966 insunt
3567 4911 3637 4942 ⁸⁷⁸
3673 4911 3828 4966 Unus

3726 4927 3834 4966 IIIIS

2575 4981 2739 5035 Miclt.
2797 4983 2943 5034 omit.
3011 4995 3255 5036 summus
3309 4979 3435 5012 V'"
3495 4979 3649 5036 Sicut
3700 4990 3833 5036 sunt

550 5049 849 5107 concordes
877 5063 1090 5114 natura,
1121 5062 1175 5105 et
1202 5053 1339 5105 alter
1365 5068 1490 5104 mss.
1525 5051 1602 5104 sic
1629 5061 1753 5104 sunt
1793 5059 1986 5104 natura
2018 5054 2315 5107 concordes
2345 5063 2402 5106 ut
2433 5053 2570 5106 alter
2617 5068 2716 5105 ms.
2742 5049 2929 5104 Cister.
2963 5052 3110 5105 omit.
3146 5059 3273 5105 sunt
3349 5052 3420 5084 ⁸⁷⁸
3451 5049 3513 5104 In
3537 5068 3665 5105 mss.
3699 5067 3831 5105 cou-

551 5124 789 5175 timuttur
815 5122 982 5192 Caput
1009 5126 1324 5192 pratcedens.

1403 5121 1473 5153 ⁵⁷⁵
1506 5121 1573 5174 Et
1602 5121 1761 5174 aliter
1791 5120 1932 5190 filius
1959 5138 2086 5173 mss.
2132 5120 2261 5175 Vict.
2298 5122 2426 5190 Sag.
2462 5124 2610 5177 omit.
2637 5130 2691 5174 et
2765 5121 2835 5151 ⁵⁷⁸
2881 5121 3033 5176 Unde
3074 5122 3238 5174 etiam
3264 5122 3306 5190 si
3337 5133 3436 5175 etc.
3465 5122 3519 5174 in
3549 5123 3698 5174 miss.
3737 5121 3829 5172 hic

550 5193 730 5258 incipit
768 5189 934 5261 Caput
961 5189 1047 5246 4-5.
1081 5210 1196 5246 cum
1228 5209 1285 5246 eo
1319 5193 1468 5245 titulo
1498 5207 1516 5245 :
1543 5191 1824 5263 Quomodo
1849 5189 2004 5254 alter,
2028 5203 2125 5263 etc.
2156 5201 2210 5244 ut
2246 5189 2495 5263 inytitulo
2519 5191 2717 5263 Capitis
2748 5191 2818 5245 45
2849 5192 2904 5244 in
2934 5193 3160 5263 excusis.

3238 5189 3306 5222 ⁵⁷⁷
3337 5191 3452 5246 Non
3487 5200 3672 5260 potest
3702 5205 3832 5245 esse

552 5276 649 5330 per
678 5277 736 5314 se
763 5258 889 5314 mss.
924 5280 1017 5332 per
1044 5279 1101 5318 se
1134 5279 1237 5316 non
1265 5273 1591 5330 potestpesse
1662 5260 1841 5332 imgiUt
1863 5274 1927 5312 eo
1961 5261 2120 5314 modo
2147 5279 2270 5332 mss.
2298 5261 2339 5314 Τ
2341 5264 2431 5316 Ιιιι.
2459 5258 2733 5332 utieodem
2764 5264 2920 5315 modo
2994 5258 3066 5293 δ”
3091 5261 3337 5328 Namque
3368 5258 3579 5332 summa
3607 5261 3833 5330 sapien-

555 5334 623 5384 tia
654 5347 750 5384 ms.
787 5330 991 5384 ΤΙιιιὰη.
1021 5335 1108 5387 50.
1145 5333 1312 5385 amitt.
1348 5347 1557 5386 summa
1630 5331 1700 5362 δ’δ’
1748 5330 1841 5384 Est
1871 5338 2050 5400 autem
2081 5330 2319 5399 perfecte
2352 5349 2448 5385 ms.
2501 5330 2636 5386 Vict.
2673 5331 2726 5384 5.
2756 5333 2901 5384 omit.
2933 5334 3174 5400 perfecte
3248 5333 3316 5363 ⁸⁸³
3350 5333 3413 5385 Ει
3446 5331 3653 5400 pariter
3698 5345 3831 5398 per-

552 5402 725 5454 fectus
752 5401 1048 5474 nzss.l’ict.
1084 5403 1213 5470 Sag.
1242 5401 1377 5455 Tlm.
1416 5403 1562 5456 omit.
1598 5402 1804 5472 pariter
1875 5400 1945 5430 ³⁸¹
1986 5399 2269 5472 Repugnat
2299 5413 2358 5456 ut
2392 5403 2531 5457 lilius
2561 5417 2659 5472 per
2687 5417 2746 5456 se
2771 5418 2896 5455 mss.
2937 5399 3080 5456 Vict.
3107 5403 3236 5474 Sag.
3275 5400 3315 5454 'I‘
3319 5403 3408 5456 Im.
3445 5399 3634 5455 Cister.
3661 5414 3832 5472 repu—

2026 5540 2254 5598 ΝΟΤᾸΞ.

551 5481 725 5541 guant
748 5481 807 5525 ut
835 5473 976 5526 lilius
998 5483 1050 5526 et
1078 5489 1173 5542 per
1195 5488 1255 5527 se

624 5612 736 5681 (6|)
774 5612 921 5668 Alias
943 5613 1032 5667 bic
1067 5612 1254 5682 incipit
1279 5621 1398 5682 cap.
1433 5614 1525 5668 4‘2.

624 5685 735 5756 (ϐξ)
776 5685 924 5739 Alias
948 5685 1034 5740 hic
1059 5684 1241 5754 incipit
1268 5701 1385 5755 cap.
1416 5685 1507 5738 45.

2311 5614 2424 5687 (65)
2463 5613 2609 5671 Alias
2633 5621 2713 5671 est
2737 5629 2862 5686 pars
2890 5627 3008 5685 cap.
3045 5612 3133 5668 45.
