4030 6290
239 312 323 375 tat
778 293 816 305 "
844 272 897 302 ²
950 268 960 273 ’
1585 310 2066 370 MONOLOGIUM.

3371 336 3466 393 198

234 451 317 507 par
347 429 477 487 Patri
528 427 693 483 Filius
725 446 738 483 :
770 428 912 499 quod
952 442 1110 499 quam
1162 428 1357 482 falsum
1401 426 1471 458 ⁵³⁸
1518 428 1588 481 sit
1619 428 1775 498 liqni-
1804 434 1846 488 Α
1876 429 2043 484 Filius
2070 430 2245 486 Patris
2289 435 2579 490 essentiam
2612 450 2772 505 quam
2822 437 2983 492 Pater
3034 439 3178 507 Filii,
3225 444 3294 498 ita
3324 461 3463 502 con—

233 525 424 579 dissime
456 521 701 590 superius
732 523 1001 590 pervisum
1032 530 1136 575 est.
1169 522 1347 587 Quare
1368 536 1474 574 non
1507 531 1775 592 repugnat

233 615 401 669 Filium
425 621 479 665 et
502 612 799 672 subsistere
828 627 923 681 per
947 627 1025 676 se,
1063 621 1119 666 et
1159 626 1281 667 esse
1312 612 1377 665 de
1408 610 1600 675 Patre;
1650 612 1778 680 quia

231 704 521 771 ltocipsum,
562 702 749 767 idest,
799 717 897 772 per
934 718 993 758 se
1037 719 1209 773 ipsum
1256 717 1412 772 posse
1459 703 1775 770 subsistere,

229 810 422 851 neresse
448 804 528 849 est
559 794 707 849 illum
740 797 806 850 dc
836 796 995 850 Patre
1027 796 1228 850 habere
1253 796 1344 849 ‘8‘.
1380 795 1514 849 Nam
1562 796 1605 850 si
1655 797 1777 864 quis

228 886 417 953 sapiens
438 901 587 938 suam
619 901 705 941 me
741 887 812 918 ⁸⁸⁸
839 886 1185 956 sapientiam,
1217 886 1370 956 cujus
1398 886 1549 955 prius
1583 902 1778 955 expers

225 989 397 1039 essent,
424 974 667 1041 doceret,
703 977 893 1046 utique
927 978 1027 1033 hoc
1078 979 1193 1048 ipsa
1236 979 1309 1009 ⁸⁸⁸
1338 979 1607 1048 sapientia
1656 979 1775 1048 ejus

224 1067 378 1121 facere
423 1083 523 1121 non
556 1068 850 1140 incongrue
876 1071 1169 1137 diceretur,
1214 1072 1309 1127 sed
1348 1074 1599 1142 quamvis
1648 1088 1768 1129 mea

221 1160 462 1225 sapientia
487 1160 557 1213 ab
588 1160 730 1215 illius
751 1162 1018 1231 sapientia
1042 1163 1266 1219 haberet
1305 1180 1427 1219 esse
1454 1175 1510 1219 et
1543 1181 1771 1236 sapere;

222 1259 375 1302 tamen
401 1266 518 1302 cum
546 1251 661 1319 jam
689 1262 853 1316 esset,
881 1254 1096 1308 nonnisi
1121 1270 1214 1309 sua
1244 1256 1481 1309 essentia
1515 1266 1661 1311 esset
1683 1258 1773 1322 ³⁸⁷,

216 1357 301 1396 nec
353 1352 567 1413 saperet
618 1346 719 1399 nisi
778 1346 954 1416 seipsa
1018 1347 1109 1400 ⁵³⁸.
1174 1346 1338 1402 ΜιιΙιο
1382 1348 1545 1418 igitur
1601 1350 1776 1420 magis

215 1434 377 1485 :eterni
406 1433 581 1488 Patris
612 1445 911 1491 coaeternus
933 1437 1123 1500 Filius,
1154 1437 1243 1507 qui
1271 1437 1350 1493 sic
1378 1438 1589 1493 babeta
1616 1438 1777 1495 Patre

212 1538 333 1586 esse,
369 1535 419 1577 ut
450 1541 556 1579 non
591 1527 699 1581 sint
722 1527 840 1582 dua:
867 1529 1137 1595 essentiaa,
1172 1544 1267 1598 per
1308 1545 1365 1585 se
1392 1531 1658 1595 subsistit,
1684 1546 1775 1585 sa-

212 1617 277 1683 pit
299 1625 348 1669 et
369 1616 519 1670 vivit.
549 1616 663 1671 Non
696 1618 862 1687 igitur
883 1620 960 1673 sic
986 1620 1204 1690 intelligi
1234 1632 1409 1691 potest
1431 1623 1573 1691 quod
1610 1621 1773 1677 Pater

208 1704 335 1769 Filii,
382 1715 473 1759 aut
518 1707 687 1763 Filius
712 1707 890 1763 Patris
918 1708 992 1763 sit
1016 1710 1281 1775 essentia;
1319 1712 1472 1780 quasi
1496 1710 1633 1766 alter
1663 1728 1769 1766 non

207 1798 361 1865 possit
388 1799 684 1855 subsistere
736 1816 833 1869 per
875 1815 933 1856 se
984 1801 1075 1856 sed
1123 1817 1219 1871 per
1264 1802 1531 1868 alterum;
1578 1804 1671 1857 sed
1702 1803 1769 1857 ad
1800 1782 1846 1844 Β

204 1888 598 1958 signiﬁcandum
621 1891 690 1923 ⁸⁸⁹
712 1908 871 1961 quam
895 1893 1093 1947 habent
1115 1894 1547 1949 communionem
1563 1909 1773 1949 summe

204 1980 467 2050 simplicis,
523 1999 843 2055 summeque
895 1985 1056 2039 unius
1100 1985 1373 2047 essentiaz.
1427 1987 1506 2040 sic
1535 2002 1771 2057 congrue

203 2070 261 2101 ’ὀ
290 2072 389 2126 diei
424 2083 478 2128 et
515 2075 735 2146 intelligi
774 2084 947 2146 potest
1002 2077 1128 2145 quia
1175 2076 1255 2131 sic
1284 2086 1369 2130 est
1405 2078 1472 2108 ⁸⁹¹
1510 2077 1665 2145 alter_
1692 2078 1774 2131 id-

199 2161 357 2229 ipsum
400 2168 545 2235 quod
584 2167 741 2232 alter,
774 2176 833 2221 ιιι
875 2168 1011 2222 alter
1050 2168 1248 2222 habeat
1307 2170 1599 2224 essentiam
1638 2170 1772 2225 alte-

200 2253 314 2308 rius.
348 2254 465 2310 llac
500 2258 683 2327 itaque
712 2259 941 2324 ratione,
976 2261 1234 2329 quoniam
1281 2262 1466 2329 utique
1496 2278 1599 2316 non
1627 2262 1769 2317 aliud

197 2353 263 2394 est
303 2342 516 2397 habere
562 2346 876 2410 essentiam,
910 2361 1072 2415 quam
1125 2348 1414 2401 essentiam
1465 2349 1573 2418 20
1599 2365 1719 2404 esse
1752 2365 1767 2403 :

196 2432 318 2487 sicut
369 2434 539 2489 habet
581 2435 720 2492 alter
765 2436 991 2493 alterius
1036 2438 1359 2503 essentiam,
1397 2438 1469 2493 ita
1523 2451 1606 2494 est
1632 2440 1771 2495 alter

194 2523 404 2580 allerins
462 2529 722 2596 essentia,
756 2529 810 2584 id
839 2538 943 2595 est,
976 2529 1117 2584 idem
1148 2545 1269 2585 esse
1297 2538 1379 2586 est
1410 2531 1585 2597 alteri,
1627 2532 1770 2601 quod

192 2614 351 2669 alteri.

513 2752 742 2808 CAPUT
781 2752 917 2808 XLV
945 2753 1043 2826 [αι.
1102 2752 1290 2825 XLIV]
1321 2754 1414 2808 ‘9'.

190 2861 329 2936 Quod
351 2865 529 2933 aptius
572 2866 677 2920 dici
705 2868 866 2936 possit
908 2867 1078 2921 Filius
1113 2867 1333 2921 essentia
1374 2865 1575 2933 Patris,
1606 2885 1765 2936 quant

249 2932 406 3007 Pater
448 2938 675 2990 essentia
705 2932 873 2991 Filii:
912 2948 958 2991 et
1004 2938 1140 3007 quod
1182 2938 1423 2991 similiter
1464 2939 1530 2991 sit
1564 2932 1764 2994 Filius

250 3003 423 3079 Patris
451 3008 638 3070 virtus,
668 3016 715 3060 et
746 3003 1026 3077 sapientia,
1057 3018 1102 3062 et
1134 3008 1353 3062 similia.

1880 522 2187 577 venientius
2215 524 2318 579 diei
2359 535 2535 596 potest
2587 527 2754 583 Filius
2802 528 2978 585 Patris
3026 534 3259 588 essentia
3300 552 3461 605 quatn

1882 613 2043 669 Pater
2090 615 2236 670 Filii.
2289 616 2423 672 Nam
2474 620 2590 675 haec
2641 636 2747 674 una
2786 621 2829 675 si
2878 621 2971 676 liat
3021 625 3275 694 prolatio,
3331 631 3463 685 satis

1880 717 2035 762 acuta
2062 708 2329 766 brevitate
2362 714 2706 767 commendat
2738 714 2928 769 Filium
2958 731 3064 771 non
3099 717 3272 773 solum
3313 735 3465 775 eam-

1880 799 2002 854 dem
2039 800 2331 855 essentiam
2385 802 2587 857 habere
2635 820 2756 858 cum
2789 804 2970 870 Patre,
3002 808 3093 862 sed
3126 809 3263 865 hanc
3290 810 3462 881 ipsam

1879 890 2081 946 habere
2110 892 2176 945 de
2208 890 2409 948 Patre:
2444 903 2502 948 ut
2537 895 2639 948 hoc
2669 895 2741 948 sit
2770 896 2861 960 ⁸⁸³,
2894 896 3063 954 Filius
3093 908 3176 953 est
3222 901 3462 956 essentia

1877 981 2075 1049 Patris,
2109 984 2250 1053 quod
2280 994 2383 1049 est,
2416 984 2585 1039 Filius
2612 995 2694 1040 est
2724 1002 2829 1041 non
2854 987 3108 1045 diﬂ‘erens
3130 993 3365 1047 essentia
3395 994 3462 1049 de

1878 1071 2055 1129 Patris
2074 1075 2333 1140 essentia,
2372 1076 2481 1130 imo
2513 1076 2578 1131 de
2609 1076 2767 1131 Patre
2798 1080 3031 1134 essentia
3070 1082 3161 1136 ⁵⁹⁶.
3196 1083 3461 1138 Similiter

1878 1178 2005 1234 ergo
2052 1173 2135 1217 est
2186 1164 2352 1219 Filius
2399 1164 2577 1220 Patris
2612 1166 2804 1232 virtus,
2850 1178 2904 1222 et
2944 1171 3230 1240 sapientia,
3264 1188 3357 1231 seu
3393 1175 3461 1205 ⁸⁸⁷

1875 1258 2080 1309 veritas
2110 1264 2159 1310 et
2184 1254 2426 1324 jnstitia;
2457 1258 2511 1312 ei.
2538 1259 2801 1329 quidquid
2833 1262 3028 1317 summi
3069 1262 3303 1333 Spiritus
3330 1281 3459 1321 con-

1877 1348 2024 1401 venit
2053 1349 2310 1403 essentia:

2194 1466 2197 1469 λ
2229 1438 2455 1494 CAPUT
2498 1440 2653 1495 XLVI
2678 1442 2772 1514 [αι.
2823 1443 2984 1516 XLV]
3017 1445 3108 1500 εει.

1878 1529 2152 1595 Quomodo
2184 1534 2425 1602 quadam
2456 1549 2519 1586 ex
2546 1536 2626 1587 Itis
2652 1552 2769 1604 qua:
2812 1538 2887 1588 sic
2919 1538 3282 1605 proferuntur,
3306 1539 3463 1594 aliter

2302 1620 2509 1674 quoque
2541 1608 2739 1674 possint
2784 1606 3025 1677 intelligi.

1875 1693 2219 1781 Coxsremus
2258 1711 2484 1777 carnis.
2518 1726 2587 1776 -ς
2620 1696 2792 1778 Filius
2819 1698 2923 1779 dici
2969 1698 3146 1781 etiam.
3179 1709 3353 1781 potest
3381 1702 3465 1781 in-

1951 1764 2240 1837 telligentia
2270 1777 2323 1820 et
2350 1766 2643 1834 sapientia,
2667 1768 2889 1821 scientia
2917 1778 2970 1823 et
2993 1764 3227 1835 cognitio
3250 1770 3455 1837 Patris;

1945 1837 2069 1903 quia
2094 1836 2357 1906 intelligit,
2383 1839 2483 1906 scit
2503 1846 2558 1889 et
2582 1838 2728 1893 novit
2750 1837 2920 1906 ipsam
2938 1837 3116 1894 Patris
3138 1843 3457 1898 essentiam.

1947 1906 2162 1961 Veritas
2209 1905 2376 1980 etiam
2412 1905 2595 1980 Patris
2628 1921 2692 1980 eo
2744 1905 2902 1980 sensu
2952 1910 3054 1963 dici
3102 1919 3283 1978 potes.
3331 1913 3461 1980 quia

1946 1992 2064 2050 ιιοιιΔ
2098 1985 2183 2031 est
2234 1976 2545 2050 imperfecta
2584 1977 2842 2050 imitatio,
2872 1980 2965 2031 sed
3001 1976 3205 2050 integra
3254 1976 3459 2036 veritas

1943 2055 2000 2100 et
2051 2046 2164 2114 ipsa
2214 2047 2446 2102 essentia
2477 2055 2721 2116 paternae
2764 2046 3208 2115 substantitefet
3241 2068 3348 2106 non
3374 2060 3461 2108 est

1944 2117 2090 2171 aliud
2122 2133 2284 2187 quam
2316 2118 2457 2187 quod
2492 2127 2575 2172 est
2602 2117 2783 2172 Pater.

1947 2209 2212 2264 Videntur
2250 2219 2430 2265 tamen
2459 2210 2529 2241 ⁸⁸³
2559 2211 2830 2280 quaadam,
2861 2226 2925 2265 ex
2952 2211 3035 2265 his
3062 2227 3182 2281 quas
3210 2212 3289 2269 sic
3320 2228 3452 2284 pro-

1874 2301 2001 2357 ferri
2031 2310 2086 2355 et
2115 2300 2337 2372 intelligi
2397 2312 2643 2372 possunt,
2679 2302 2843 2357 aliam
2872 2318 3088 2373 quoque
3134 2320 3237 2360 non
3266 2307 3458 2361 incon-

1873 2408 2062 2463 gruam
2096 2394 2195 2448 sub
2226 2394 2329 2449 hac
2380 2394 2495 2465 ipsa
2547 2396 2991 2465 pronuntiatione
3041 2396 3455 2467 intelligentiam

1872 2486 2171 2554 suscipere.
2204 2485 2399 2555 Liquet
2428 2487 2573 2542 enim
2604 2487 2798 2542 Filium
2818 2503 2938 2543 esse
2966 2505 3154 2543 verum
3189 2491 3445 2556 Verbum,

1873 2578 1925 2633 id
1964 2587 2049 2633 est
2105 2577 2403 2649 perfectam
2446 2580 2879 2651 intelligentiam,
2909 2583 3025 2638 sive
3054 2585 3349 2654 perlectam
3375 2597 3457 2642 to-

1875 2668 1980 2724 tius
2000 2678 2241 2739 paternze
2270 2670 2585 2727 substantiae
2627 2674 3014 2743 cognitionem,
3060 2686 3115 2730 et
3143 2677 3452 2744 scientiam,

1872 2770 1925 2815 et
1960 2762 2301 2832 sapientiam,
2352 2764 2407 2818 id
2452 2774 2557 2830 est,
2608 2781 2727 2835 qttte
2779 2766 2950 2835 ipsam
2982 2766 3164 2823 Patris
3207 2769 3455 2841 intelligit

1870 2852 2191 2919 essentiam,
2246 2859 2301 2907 et
2330 2854 2630 2923 cognoscit,
2671 2863 2725 2910 et
2770 2856 2892 2921 scit,
2927 2864 2982 2910 et
3010 2857 3171 2928 sapit.
3202 2858 3258 2913 Si
3293 2860 3457 2930 igitur

1868 2941 1974 2996 hoc
2010 2955 2170 2996 sensu
2200 2943 2415 2997 dicatur
2443 2943 2614 3000 Filius
2647 2944 2825 3001 Patris
2868 2946 3247 3018 intelligentia,
3279 2961 3335 3005 et
3364 2966 3457 3005 sa-

1868 3033 2094 3101 pientia,
2138 3042 2193 3087 et
2221 3034 2471 3100 scientia,
2503 3044 2559 3089 et
2600 3037 2864 3107 cognitio,
2890 3037 3005 3092 sive
3054 3038 3281 3105 notitia;
3316 3055 3455 3110 quo-

185 3115 522 3200 Cossescrus
540 3137 767 3200 canta-ts.
796 3152 865 3200 —_-
890 3121 1056 3193 Magis
1083 3130 1260 3200 tamen
1289 3123 1539 3200 congruit
1563 3123 1757 3200 Filium
1786 3126 1828 3184 C
1864 3122 2009 3175 niam
2041 3122 2316 3194 intelligit,
2349 3125 2509 3195 sapit,
2542 3126 2646 3181 scit
2674 3135 2729 3181 et
2767 3128 2916 3182 novit
2944 3128 3185 3194 Patrem,
3238 3146 3452 3200 nequa-

246 3191 347 3261 dici
372 3192 667 3247 essentiam
694 3192 888 3255 Patris,
917 3191 1078 3261 quam
1100 3192 1313 3248 Patrem
1342 3191 1446 3249 dici
1469 3195 1757 3249 essentiam

243 3258 360 3315 Filii
386 3277 400 3315 :
431 3279 561 3316 eum
592 3264 736 3316 enim
768 3258 949 3317 Filius
966 3263 1159 3316 habeat
1188 3264 1479 3317 essentiam
1514 3280 1542 3317 a
1574 3263 1757 3328 Patre,

244 3331 343 3385 dici
393 3341 577 3402 potest
606 3334 807 3403 habere
850 3334 1140 3403 essentiam
1192 3332 1388 3398 Patris,
1438 3342 1492 3403 et
1538 3334 1762 3403 proinde

245 3414 361 3455 esse
396 3404 644 3457 essentia
672 3402 868 3457 Patris.
904 3403 995 3457 Sic
1030 3402 1197 3457 Filitts
1221 3403 1421 3458 dicitur
1448 3402 1625 3457 Patris
1653 3404 1761 3456 vir-

244 3474 667 3594 tttIs).‘lsapientia.
688 3473 908 3535 veritas,
923 3472 1299 3542 justitia,etc.,
1320 3474 1445 3544 quia
1461 3474 1575 3529 hate
1598 3473 1762 3528 habet

244 3554 271 3591 a
335 3564 364 3594 ει
394 3559 477 3594 re.

242 3554 271 3591 a
294 3554 477 3598 l'att‘c.

240 3628 389 3695 Quod
416 3632 549 3687 licet
574 3633 871 3688 secundum
914 3641 1252 3703 perspectam
1284 3632 1548 3688 rationem
1573 3648 1758 3689 verum

180 3719 262 3780 sit,
291 3722 445 3776 valde
496 3732 673 3779 tamen
708 3724 880 3794 magis
905 3725 1154 3793 congruit
1195 3724 1389 3778 Filium
1422 3724 1525 3779 dici
1569 3740 1757 3780 essen-

181 3808 298 3862 tiam
324 3809 533 3899 Patris,
554 3828 714 3882 quam
756 3813 973 3868 Patrem
1003 3813 1295 3868 essentiam
1326 3812 1471 3880 Filii,
1501 3815 1756 3883 quoniam

177 3914 402 3973 namque
452 3903 623 3959 Pater
666 3919 695 3959 a
745 3906 892 3960 nullo
924 3906 1103 3961 habet
1131 3905 1421 3960 essentiam
1454 3906 1559 3959 nisi
1610 3922 1640 3960 a
1673 3922 1759 3963 se-

176 3987 304 4059 ipso,
350 4010 459 4049 non
520 3995 654 4049 satis
700 4006 825 4065 apte
859 3995 1058 4049 dicitur
1088 3995 1290 4049 habere
1338 3995 1629 4049 essentiam
1659 3995 1758 4049 ali-

175 4082 318 4151 cujus
357 4087 466 4142 nisi
520 4102 703 4153 suam;
735 4088 860 4157 quia
907 4101 1037 4141 vero
1064 4085 1235 4141 Filius
1280 4086 1570 4140 essentiam
1601 4102 1755 4141 suam

175 4172 325 4230 habet
352 4193 381 4232 a
410 4179 601 4243 Patre,
630 4188 684 4233 et
711 4179 955 4233 eamdem
987 4192 1149 4248 quam
1168 4177 1333 4231 habet
1358 4177 1427 4208 5”
1456 4176 1638 4242 Pater,
1661 4192 1757 4246 ap-

1860 3230 2024 3286 quam
2069 3230 2099 3269 a
2132 3218 2363 3273 veritate
2408 3219 2727 3274 disceditur.
2762 3219 2979 3275 Veritas
3008 3236 3225 3290 quoque
3275 3221 3451 3277 Patris

1860 3308 2141 3377 aptissime
2170 3309 2276 3363 dici
2330 3318 2509 3379 potest
2557 3308 2747 3377 Filius,
2782 3326 2889 3366 non
2940 3312 3114 3367 solum
3159 3326 3224 3366 eo
3260 3328 3447 3379 sensu,

1860 3401 1987 3469 quia
2018 3409 2103 3455 est
2127 3402 2315 3455 eadem
2350 3400 2473 3455 Filii
2504 3402 2704 3457 veritas
2731 3416 2850 3471 quae
2875 3410 2960 3456 est
2990 3411 3045 3456 et
3076 3402 3285 3467 Patris,
3309 3402 3451 3458 sicut

1856 3490 1968 3561 jam
2026 3500 2371 3563 perspectum
2430 3502 2540 3559 est;
2608 3494 2699 3548 sed
2752 3494 2918 3549 etiam
2970 3493 3076 3549 hoc
3121 3508 3284 3548 sensu
3388 3503 3450 3550 ιιι

1860 3582 1915 3637 in
1943 3595 2009 3637 eo
2044 3581 2378 3652 intelligatur
2416 3598 2523 3638 non
2567 3583 2885 3653 imperfecta
2913 3584 3158 3655 quaedam
3190 3583 3444 3650 imitatio,

1859 3673 1954 3728 sed
1986 3672 2195 3743 integra
2224 3674 2426 3729 veritas
2453 3682 2695 3743 paternae
2715 3675 3049 3741 substantiae,
3081 3674 3211 3745 qu’a
3234 3690 3338 3729 non
3361 3682 3447 3729 est

1858 3763 2003 3820 aliud
2030 3780 2194 3834 quam
2235 3766 2378 3837 quod
2408 3774 2492 3821 est
2518 3766 2698 3835 Pater.

2332 3874 2563 3932 CAPUT
2603 3875 2785 3930 XLVII
2814 3876 2949 3948 (64).

1859 3989 2014 4055 Quod
2062 3988 2234 4045 Filius
2280 3990 2344 4043 sit
2375 3990 2731 4071 intelligentia.
2762 3990 3117 4059 intelligentiae
3146 3998 3193 4042 et
3240 3987 3440 4042 Veritas

2525 4071 2777 4113 veritatis.

1860 4152 2209 4206 Consescrus
2231 4165 2458 4206 CAPITIS.
2487 4180 2559 4190 —
2598 4151 2652 4204 Id
2683 4158 2852 4220 patet,
2877 4148 3003 4217 quia
3036 4147 3207 4202 Filius
3237 4156 3323 4202 est
3360 4149 3442 4202 itt-

1930 4222 2249 4292 telligentia,
2300 4231 2357 4276 et
2402 4220 2652 4284 scientia,
2705 4230 2760 4292 et
2809 4220 3199 4292 sapientia._uet
3244 4220 3443 4292 veritas

173 4263 373 4323 tissime
401 4269 514 4324 dici
544 4279 723 4339 potest
761 4271 963 4325 habere
1005 4269 1299 4324 essentiam
1342 4267 1543 4323 Patris.
1575 4268 1755 4334 Quare
2706 4263 3438 4361 E5,g"g’gf'{,‘.‘[§l“gi...{5;};

172 4360 419 4425 quoniam
473 4369 667 4415 neuter
705 4360 778 4393 ⁸³⁸
819 4360 977 4415 aliter
1024 4359 1187 4415 habet
1223 4359 1537 4423 essentiam,
1588 4376 1752 4430 quam
1928 4359 2181 4428 scientia,
2208 4372 2262 4415 et
2290 4359 2655 4431 sapientia,‘et
2681 4359 2904 4415 veritas.

170 4451 450 4508 existendo
499 4452 772 4519 essentia;
804 4452 949 4508 sicut
973 4452 1152 4523 aptius
1196 4451 1519 4506 intelligitur
1551 4452 1750 4507 habere
1782 4467 1831 4526 ι)
1927 4450 1998 4506 At
2045 4451 2090 4507 si
2122 4453 2237 4521 ipsa
2283 4450 2585 4507 substantia
2617 4451 2687 4482 ⁶⁰⁰
2717 4448 2896 4506 Patris
2927 4457 3009 4504 est
3059 4448 3437 4520 intelligentia,

1475 4564 1709 4619 VARLE
1739 4564 2123 4621 LECTIONES

233 4682 304 4712 ⁵⁸³
359 4682 629 4760 Quodque
692 4698 888 4760 .atsum
936 4699 1073 4760 _ntss.
1132 4683 1274 4752 quod
1331 4697 1494 4751 quam
1551 4680 1744 4735 falsum
1779 4750 1810 4760 η
1876 4681 2089 4760 _‘_‘f_De
2146 4690 2301 4760 patre
2358 4680 2563 4760 habere
2595 4680 3061 4760 _!!28§:-Tlm._el
3120 4692 3276 4760 pa.re
3340 4678 3438 4732 ha-

166 4748 288 4806 bere
390 4748 473 4784 ³⁸⁸
515 4748 678 4807 Suam
727 4770 812 4806 me
867 4754 1063 4807 habere
1090 4748 1207 4823 sap.
1242 4748 1367 4806 mss.
1408 4762 1617 4819 excepto
1642 4750 1833 4823 uisas.
1868 4749 2035 4804 Miclt.
2073 4748 2218 4805 omit.
2285 4752 2486 4806 habere
2593 4752 2662 4783 ⁵⁸⁸
2715 4752 2910 4820 Utique
2947 4750 3250 4823 _has_c_gipsa
3309 4765 3436 4802 mss.

166 4823 347 4896 utique
378 4824 491 4878 hoc
532 4825 647 4891 ipsa
720 4825 789 4859 ⁸⁸⁷
822 4823 1025 4896 Tamen
1053 4818 1175 4877 cuni
1193 4822 1309 4896 jam
1333 4839 1440 4876 non
1465 4818 1631 4885 esset,
1659 4821 1767 4896 nisi
1793 4834 1891 4874 sua
1918 4823 2194 4896 sapientia
2217 4831 2361 4876 esset
2400 4838 2525 4876 mss.
2554 4832 2764 4896 excepto
2806 4818 2906 4896 ms.
2936 4818 2994 4875 S.
3040 4818 3206 4872 Mich.
3252 4825 3433 4896 εειιιιειι

167 4886 281 4944 ευιῇ
308 4892 427 4959 jam
461 4886 632 4959 esset,
659 4910 764 4948 non
795 4894 897 4948 nisi
926 4908 1021 4947 sua
1055 4886 1293 4947 essentia
1325 4900 1469 4947 esset
1498 4908 1621 4945 mss.
1658 4888 1796 4943 Tim.
1827 4886 2007 4944 tamen
2032 4907 2154 4945 eum
2178 4892 2287 4961 jam
2319 4900 2486 4955 esset,
2515 4908 2612 4946 sua
2639 4886 2903 4961 sapientia
2927 4900 3073 4945 esset
3093 4904 3217 4942 mss.
3245 4886 3435 4942 Cister.

166 4969 340 5016 tamen
374 4979 505 5018 cum
530 4965 640 5029 jam
675 4973 845 5027 esset,
872 4978 977 5037 non
1005 4963 1107 5017 nisi
1140 4964 1193 5037 in
1237 4978 1333 5017 sua
1378 4962 1615 5037 essentia
1648 4968 1819 5037 esset.
1847 5032 1857 5037 _
1896 4961 1969 4991 ⁸⁸⁸
1998 4961 2110 5037 Nec
2139 4971 2357 5037 separet
2388 4963 2487 5015 nisi
2524 4960 2716 5037 seipsa’
2735 4978 2833 5015 ms.
2866 4960 3055 5014 Cister.
3078 4972 3213 5037 nec
3223 4970 3437 5037 separet

165 5032 261 5085 nisi
290 5032 345 5084 in
371 5050 435 5088 se
464 5026 579 5102 ipsa
653 5034 722 5064 ⁸³³
749 5026 837 5088 Ad
853 5033 1257 5113 designandum
1273 5049 1401 5113 mss.
1434 5031 1949 5113 ad_signilieattdatn
2024 5032 2097 5063 ⁸⁹⁰
2143 5026 2475 5113 Sileongnrue‘
2499 5026 2627 5086 mss'.
2654 5033 2734 5113 sic
2764 5045 3004 5113 congrue
3076 5026 3439 5113 '°f_Q_|{0d_$ic

163 5111 241 5155 est
273 5118 404 5156 mss.
438 5095 577 5157 Vict.
618 5102 744 5173 Sag.
791 5104 916 5177 quia
950 5095 1028 5157 sic
1056 5111 1138 5157 est
1213 5103 1283 5133 ⁵⁹¹
1330 5103 1461 5177 (λιιι).
1496 5095 1607 5177 λιι-ις
1621 5111 1695 5153 est
1733 5101 1946 5177 in_mss.
1977 5112 2130 5169 caput
2172 5095 2411 5177 452]?
2438 5104 2511 5177 Et
2531 5103 2755 5177 eandem
2788 5095 2950 5177 habet
2974 5113 3097 5177 mss.
3124 5095 3432 5177 et__eattdettt

161 5186 317 5238 quam
349 5174 520 5228 habet
597 5173 667 5204 “9“
693 5165 963 5240 Quoniam
997 5184 1188 5229 neuter
1207 5189 1333 5226 mss.
1368 5165 1908 5249 ’l'liu._30._q_no_niam
1937 5165 2190 5249 neutrum
2266 5172 2335 5249 f"
2366 5171 2436 5227 Ut
2463 5173 2548 5227 hic.
2572 5173 2645 5249 sit
2665 5188 2789 5249 mss.
2816 5179 2873 5249 ut
2902 5171 3002 5221 hoc
3030 5168 3155 5249 sit"
3174 5166 3243 5197 ⁵⁹⁶
3264 5165 3435 5249 Immo

162 5235 222 5318 tle
244 5244 425 5310 patris
449 5245 681 5297 essentia
711 5235 837 5297 mss.
865 5244 1031 5318 immo
1052 5248 1119 5297 de
1148 5251 1302 5318 patre
1322 5243 1602 5318 essetttia__
1634 5235 1701 5273 “7
1732 5241 1915 5318 Patris
1943 5242 2786 5318 essentia,_virtu_s‘et_sapientia
2819 5242 2933 5291 site
2963 5254 3087 5290 mss.
3112 5235 3258 5318 fient.
3298 5235 3433 5318 Vict.

162 5307 283 5380 Sag.
308 5312 496 5367 Patris
524 5315 695 5368 virtus
720 5323 775 5368 et
803 5313 1068 5388 sapientia
1102 5307 1195 5368 seu
1271 5314 1341 5388 ⁸ξ⁹⁸
1372 5312 1505 5378 Cap.
1651 5321 1748 5388 _est_
1772 5310 1829 5388 in
1860 5328 1986 5388 mss.
2019 5322 2172 5388 riguit
2368 5314 2437 5388 ‘9?
2464 5307 2690 5388 Videtur
2713 5319 2894 5388 tamen
2925 5325 3048 5388 mss.
3068 5307 3326 5388 _videtttttt'
3350 5317 3430 5388 ta-

160 5378 304 5435 men.
388 5384 461 5414 ⁶⁰⁰
493 5383 564 5438 At
593 5385 637 5438 si
669 5385 783 5450 ipsa
815 5378 1121 5437 substantia
1152 5396 1250 5437 etc.
1290 5384 1346 5436 in
1383 5399 1507 5435 mss.
1535 5382 1618 5434 hic
1644 5382 1834 5450 incipit
1858 5380 1990 5450 Cap.
2028 5378 2097 5435 47
2126 5384 2220 5436 sub
2257 5385 2353 5436 hoc
2384 5382 2537 5435 titulo
2566 5398 2587 5437 :
2620 5381 2772 5446 Quod
2800 5380 2939 5433 lilins
2963 5380 3033 5433 sit
3068 5378 3428 5450 intelligentia

158 5460 252 5528 etc.
288 5461 345 5504 ut
381 5454 441 5505 in
470 5454 624 5577 tilu‘lo
654 5447 853 5525 Capitis
876 5454 946 5508 46
976 5454 1030 5507 in
1060 5455 1286 5509 ea'cusis.
1322 5469 1449 5508 mss.
1485 5452 1617 5506 Tim.
1645 5447 1802 5518 Quod
1836 5447 1978 5508 ﬁlius
2005 5454 2077 5509 sit
2105 5453 2459 5524 intelligentia
2492 5451 2880 5521 intelligentiae,
2909 5460 2965 5506 et
2989 5451 3187 5506 veritas
3218 5447 3425 5503 verita—

159 5528 225 5575 tts
271 5536 287 5575 :
334 5531 395 5576 et
438 5526 559 5577 simi
586 5525 707 5577 iter.

159 5525 225 5575 tis
271 5536 287 5575 :
334 5531 395 5576 et
438 5525 707 5579 similiter.

1264 5664 1378 5704 an“
1414 5658 1451 5701 pL-
1483 5686 1488 5691 .
1654 5630 1884 5691 ΝΟΤᾸΞ.

1324 5702 1383 5712 ρο

223 5726 281 5795 (6
294 5725 344 5796 t)
386 5726 535 5783 Alias
555 5737 637 5784 est
658 5743 781 5800 pars
809 5706 1018 5798 cap?“
