4030 6290
205 351 292 409 901
1460 410 1467 417 _
1553 346 1774 405 MONOI

1885 346 2030 405 lUM.
3316 342 3425 401 901

201 468 338 523 Patet
383 465 541 537 igitur
594 479 833 519 amorem
864 464 1059 520 summi
1104 463 1338 536 Spiritus
1365 479 1433 520 ex
1462 480 1527 519 eo
1555 480 1751 534 proce-
1785 471 1829 528 Α
1859 464 2112 533 Spiritus.
2142 463 2383 535 Denique
2410 464 2455 519 si
2496 440 2637 519 nulla
2664 477 2902 534 unquam
2941 472 3216 528 creatura,
3254 465 3309 521 id
3343 477 3433 525 est

203 558 335 623 dere,
362 557 479 626 quia
508 555 593 611 sui
649 571 857 611 meumr
884 565 986 620 est,
1013 564 1067 612 et
1103 571 1163 612 se
1214 554 1481 626 intelligit.
1528 554 1681 622 Quod
1707 555 1755 610 si
1856 553 1901 607 si
1941 552 2075 606 nillil
2104 567 2342 623 unquam
2373 555 2518 609 aliud
2544 564 2691 610 esset
2709 571 2872 626 quam
2896 570 3141 610 summus
3171 555 3428 626 Spiritus,

202 652 249 707 in
274 650 516 705 memoria
537 647 733 701 summi
761 646 996 718 Spiritus
1023 647 1341 720 intelligitur
1363 646 1546 711 Pater,
1578 646 1630 701 in
1666 647 1752 701 in-

201 738 463 811 telligentia
492 737 664 793 Filius
702 739 1049 794 manifestum
1079 747 1163 795 est
1199 739 1327 809 quia
1356 753 1386 793 a
1412 736 1579 803 Patre
1606 736 1750 805 pari-

197 842 272 888 ter
299 841 349 887 et
374 846 404 885 a
431 830 567 885 Filio
595 830 690 895 m,
718 831 917 885 summi
943 831 1177 901 Spiritus
1208 845 1359 885 amor
1382 828 1643 901 procedit.

557 920 784 977 CAPUT
823 920 888 976 ιι
927 920 1025 993 [αι.
1051 920 1236 993 XLIX]
1280 920 1370 975 σι’.

272 1013 413 1081 Quod
435 1022 651 1084 uterque
673 1013 791 1082 pari
819 1028 996 1067 amore
1023 1012 1211 1081 diligat
1232 1029 1307 1076 se,
1331 1021 1379 1067 et
1410 1012 1655 1067 alterunt.

197 1106 513 1162 Coasrscrus
540 1103 1137 1160 caetris—Summus
1190 1103 1423 1173 Spiritus
1480 1119 1540 1159 se
1584 1110 1752 1173 amat.

259 1176 391 1245 Ergo
420 1175 583 1229 Pater
631 1191 690 1230 se
744 1184 909 1238 amat,
940 1184 995 1227 et
1026 1173 1192 1230 Filius
1232 1182 1503 1245 sciamat;
1536 1183 1591 1227 et
1619 1172 1757 1245 alter

254 1240 472 1301 altérum
518 1254 665 1299 amat
695 1262 709 1296 :
739 1260 982 1298 summus
1029 1245 1175 1298 enim
1218 1253 1267 1297 et
1300 1243 1606 1296 individuus
1634 1240 1756 1311 Spi-

256 1317 382 1370 ritus
409 1325 493 1369 est
527 1314 689 1369 Pater
714 1323 770 1369 et
796 1313 986 1378 Filius,
1013 1328 1068 1367 et
1096 1312 1256 1367 ambo
1285 1313 1445 1367 simul
1471 1322 1593 1365 sunt
1617 1325 1755 1365 unus

253 1386 487 1453 spiritus.
544 1383 779 1454 Uterque
817 1386 982 1437 etiam
1027 1398 1085 1436 se
1120 1394 1176 1454 et
1204 1383 1431 1454 alterum
1485 1380 1753 1454 intelligit,

245 1451 371 1524 quia
401 1455 485 1507 sui
504 1464 560 1508 et
581 1451 805 1507 alterius
825 1454 1088 1507 meminit.
1118 1451 1184 1506 Et
1210 1453 1466 1519 quoniam
1516 1452 1567 1505 in
1607 1462 1756 1504 utro—

251 1540 349 1593 que
378 1525 522 1592 quod
546 1531 694 1578 amat
724 1524 954 1593 idipsum
983 1532 1069 1593 est
1088 1524 1231 1593 quod
1262 1532 1494 1586 amatur,
1528 1529 1757 1592 uterque

242 1591 363 1662 pari
400 1591 586 1647 amore
612 1609 671 1648 se
699 1602 754 1647 et
784 1592 1012 1647 alterum
1044 1591 1238 1662 diligit.

253 1684 353 1739 Sed
385 1684 430 1740 si
467 1700 529 1739 se
558 1692 706 1738 amat
729 1697 975 1739 sunnnus
1005 1682 1265 1753 Spiritus,
1288 1681 1484 1751 procul
1511 1679 1672 1736 dubio
1700 1696 1758 1737 se

1855 642 2018 698 Pater
2041 651 2099 698 et
2123 643 2297 699 Filius
2322 645 2669 701 nihilominus
2693 647 2899 716 seipsos
2921 656 2977 701 et
3006 647 3237 702 invicem
3273 648 3437 705 Pater

1856 744 1912 791 et
1943 733 2108 790 Filius
2129 735 2430 803 diligerent.
2459 736 3010 807 Consequituritaqtle
3032 740 3177 794 hunc
3193 753 3437 797 amorem

1857 839 1964 878 non
1992 838 2111 879 esse
2132 823 2276 878 aliud
2305 839 2466 894 quam
2493 826 2637 893 quod
2663 835 2746 880 est
2776 826 2937 882 Pater
2968 837 3023 883 et
3053 827 3241 895 Filius,
3292 830 3439 899 quod

1854 925 1941 971 est
1969 930 2180 970 summa
2209 914 2471 970 essentia.
2516 919 2586 968 At
2633 917 2892 985 quoniam
2924 932 3150 973 summa:
3183 920 3439 975 essentia:

1855 1008 2039 1079 plures
2075 1022 2200 1063 esse
2226 1022 2331 1061 non
2361 1015 2610 1075 possunt,
2662 1008 2790 1077 quid
2847 1010 3017 1079 magis
3065 1011 3436 1065 necessarium

1856 1113 2018 1168 quam
2055 1100 2269 1154 Patrem
2293 1105 2348 1153 (ι
2373 1096 2590 1155 Filium.
2625 1099 2981 1167 et-utrius'pte
3006 1114 3245 1155 amorem
3274 1115 3438 1155 unam

1857 1206 1979 1246 esse
2005 1205 2271 1246 summam
2319 1189 2653 1245 essentiam?
2709 1189 2803 1244 Est
2855 1189 3017 1259 igitur
3067 1191 3209 1246 idem
3283 1206 3439 1248 amor

1859 1297 2069 1337 summa
2099 1281 2387 1350 sapientia,
2416 1295 2626 1335 summa
2653 1280 2875 1345 veritas,
2912 1294 3180 1334 summum
3212 1281 3435 1348 bonum,

1857 1377 1914 1422 et
1961 1368 2220 1439 quidquid
2271 1370 2339 1424 de
2370 1369 2565 1423 summi
2616 1369 2853 1439 Spiritus
2880 1368 3183 1424 substantia
3207 1370 3311 1424 dici
3343 1386 3438 1439 po-

1862 1467 1986 1514 test.

2253 1548 2480 1605 CAPUT
2522 1548 2628 1604 LIV
2662 1546 2759 1619 [αι.
2795 1548 2901 1619 Lll]
2957 1547 3047 1580 m-

1861 1640 2016 1707 Quoa
2047 1653 2189 1696 totus
2220 1644 2473 1719 procedat
2492 1659 2523 1694 α
2552 1641 2732 1722 Patre,
2756 1650 2893 1693 totus
2925 1656 2957 1692 (ι
2986 1637 3164 1704 Filio;
3188 1648 3237 1694 et
3266 1647 3445 1697 tamen

2302 1729 2403 1765 non
2430 1723 2496 1765 δτι
2544 1727 2642 1764 mst
2679 1727 2815 1765 unus
2850 1725 3018 1763 umor.

190 1787 321 1832 amat
347 1777 525 1845 Pater,
553 1786 700 1833 amat
749 1792 808 1833 se
838 1777 1029 1843 Filius,
1061 1786 1116 1833 et
1145 1777 1284 1831 alter
1319 1784 1586 1844 alterum;
1627 1780 1752 1847 quia

1878 1801 2202 1871 Boxsrt-zc'rus
2242 1819 2470 1871 CAPITIS.
2495 1830 2567 1842 --
2594 1802 2760 1855 Amor
2782 1801 2885 1856 iste
2908 1815 3011 1855 non
3037 1815 3101 1855 eo
3121 1800 3365 1871 procedit
3388 1800 3445 1855 in

192 1868 415 1939 singulus
459 1870 621 1924 Pater
649 1878 732 1924 est
777 1882 1021 1924 summus
1051 1869 1121 1900 ⁶²⁶
1154 1869 1407 1938 Spiritus,
1438 1880 1490 1924 et
1521 1869 1763 1941 singulos

190 1954 365 2024 Filius,
399 1973 643 2013 summus
673 1956 946 2027 Spiritus;
990 1965 1043 2013 et
1078 1957 1237 2014 ambo
1267 1957 1451 2022 simul,
1481 1974 1621 2011 unus
1649 1958 1760 2027 spi-

191 2048 331 2104 ritus.
357 2049 423 2104 Et
454 2051 579 2119 quia
609 2058 834 2119 uterque
864 2051 1068 2121 pariter
1097 2050 1181 2105 sui
1209 2060 1266 2103 et
1313 2048 1538 2103 alterius
1566 2048 1761 2102 memi-

190 2141 274 2199 nit,
305 2149 359 2195 et
386 2154 448 2193 se
478 2150 533 2194 et
579 2138 805 2192 alterum
850 2138 1137 2208 intelligit:
1166 2147 1221 2193 et
1247 2138 1501 2207 quoniam
1541 2138 1764 2194 otnnino

190 2229 405 2297 iJipsum
432 2238 517 2283 est
542 2230 684 2297 quod
712 2236 881 2294 amat,
924 2228 1009 2283 vel
1052 2236 1266 2282 amatur
1299 2228 1352 2282 in
1394 2227 1558 2281 Patre
1583 2228 1676 2291 ⁶²¹,
1708 2237 1765 2282 et

189 2320 314 2388 quod
344 2320 401 2375 in
436 2319 574 2374 Filio
605 2332 828 2373 necesse
858 2326 945 2373 est
970 2325 1031 2371 ut
1059 2318 1175 2386 pari
1205 2332 1391 2373 amore
1433 2325 1665 2387 uterque
1684 2319 1765 2373 di-

191 2410 301 2481 ligat
328 2426 393 2466 se
416 2419 476 2465 ct
505 2410 760 2463 alterum.

602 2520 830 2576 CAPUT
869 2521 956 2576 Lll
988 2520 1087 2593 [ιιι.
1147 2520 1212 2594 L]
1249 2522 1319 2554 ⁸⁸⁸

192 2607 328 2673 Quod
350 2619 534 2664 tantus
560 2610 627 2663 sit
647 2611 746 2664 iste
773 2626 945 2735 αηιὲπ·ζ
985 2620 1220 2693 quantus
1267 2620 1343 2666 est
1370 2612 1479 2681 ipse
1526 2627 1765 2667 summus

214 2730 215 2733 η
891 2690 1100 2751 pimus.

191 2769 524 2827 Coxsrecrus
553 2785 780 2825 carnis.
814 2800 883 2811 —
910 2771 964 2824 Id
1012 2779 1222 2825 constat
1268 2772 1392 2841 quia
1451 2781 1632 2827 tantus
1683 2782 1768 2830 est

251 2855 403 2912 amor
434 2842 562 2912 iste,
605 2851 866 2910 quantum
899 2841 988 2896 ille
1023 2856 1082 2896 se
1111 2841 1397 2912 intelligit;
1425 2851 1635 2898 tantum
1666 2860 1763 2899 au-

254 2920 355 2963 tem
387 2910 664 2979 intelligit,
692 2921 933 2979 quantus
963 2920 1069 2965 est.

252 2996 502 3064 Quantus
536 3014 666 3070 ergo
692 3010 777 3055 est
826 3015 982 3055 amor
1030 3001 1130 3056 iste
1181 3002 1378 3057 summi
1412 3002 1480 3034 ‘"
1508 3003 1763 3074 Spiritus,

192 3088 262 3142 sic
285 3091 596 3144 communis
624 3090 767 3144 Patri
804 3099 859 3145 et
883 3091 1051 3146 Filio!
1100 3093 1206 3147 Sed
1231 3094 1274 3148 si
1308 3110 1367 3149 se
1405 3104 1612 3163 tantum
1640 3096 1766 3152 dili—

193 3179 279 3247 git,
316 3190 584 3249 quantum
615 3182 695 3236 sui
745 3184 994 3237 meminit
1038 3194 1093 3238 et
1135 3199 1192 3240 se
1220 3185 1469 3258 intelligit
1501 3207 1514 3241 :
1556 3197 1763 3242 tantum
1793 3179 1838 3202 ’³

194 3282 357 3326 autem
387 3274 473 3328 sui
508 3288 714 3328 memor
738 3283 823 3329 est
850 3283 904 3329 et
931 3275 1180 3347 intelligit
1207 3292 1289 3341 se,
1315 3287 1516 3348 quanta
1540 3290 1625 3334 est
1652 3278 1768 3348 ejus

194 3364 437 3430 essentia,
461 3363 614 3434 quod
640 3364 798 3419 aliter
822 3380 943 3420 esse
988 3382 1094 3421 non
1126 3377 1304 3437 potest
1333 3388 1346 3422 :
1377 3368 1621 3440 profecto
1651 3378 1789 3451 tan-f

196 3460 274 3508 tus
298 3465 381 3509 est
407 3471 571 3510 amor
592 3455 732 3525 ejus,
755 3466 990 3526 quantus
1017 3457 1132 3529 ipse
1170 3468 1272 3516 est.

599 3566 829 3624 CAPUT
867 3568 977 3623 Llll
1006 3569 1103 3643 [αι.
1140 3569 1226 3644 LI]
1261 3571 1353 3625 ιιι.

197 3661 338 3728 Quod
362 3652 506 3721 idem
540 3683 696 3742 amor_
715 3668 781 3723 sit
812 3668 1038 3742 idipsum
1064 3673 1205 3742 quod
1229 3681 1305 3726 est
1329 3689 1571 3742 summus
1601 3671 1773 3742 Spiri-

259 3743 365 3798 tus;
394 3748 443 3789 et
469 3747 651 3792 tamen
679 3738 787 3807 ipse
813 3740 878 3792 sit
907 3756 1023 3792 cum

259 3815 407 3860 ntus.

198 3906 538 3997 Cogsrscrps
564 3928 794 3997 ctrtrts.
822 3945 894 3957 -
922 3914 1077 3997 Niliil
1089 3929 1265 3997 potest
1293 3936 1414 3997 esse
1440 3938 1538 3991 par
1562 3938 1773 3977 summo

263 3981 483 4062 Spiritui
529 3984 931 4062 nisi_summns
987 3981 1237 4056 Spiritus.
1288 3981 1582 4062 Cong-ergo
1620 4006 1774 4062 amor

242 4054 363 4107 iste
393 4062 586 4127 tantus
624 4054 716 4117 sit,
753 4066 991 4125 quantus
1014 4054 1100 4111 est
1126 4073 1370 4112 summus
1400 4054 1670 4127 Spiritus.
1705 4060 1772 4113 li-

261 4130 387 4197 quet
414 4124 549 4197 quia
574 4124 678 4178 iste
706 4124 858 4179 amor
885 4136 970 4197 est
996 4142 1239 4182 summus
1284 4124 1541 4197 Spiritus.
1570 4129 1773 4184 Deinde

260 4191 359 4279 etsi
558 4208 793 4279 unquam
820 4195 1081 4279 existeret
1104 4211 1282 4278 .quam
1306 4191 1557 4279 summus
1596 4198 1771 4279 Spiri-

262 4266 348 4339 tus
365 4301 380 4325 ,
406 4261 580 4316 Pater
599 4261 664 4339 et;
676 4262 845 4318 Filius
872 4261 1223 4339 nihilominus
1242 4267 1448 4337 seipsos
1472 4277 1526 4339 et
1544 4261 1771 4322 invicem

262 4326 574 4406 diligerent;
624 4332 767 4403 Ergo
798 4349 965 4406 amor
999 4336 1100 4391 iste
1152 4351 1255 4391 non
1307 4326 1391 4391 est
1438 4337 1581 4392 aliud
1609 4353 1769 4406 quam

258 4402 400 4474 quod
424 4411 513 4456 est
539 4400 777 4457 Pater'et
798 4401 991 4469 Filius,
1013 4406 1155 4474 quod
1175 4415 1259 4461 est
1278 4422 1486 4462 summa
1512 4400 1769 4462 essentia.

266 4467 507 4544 genique
536 4486 775 4544 summa:
816 4467 1067 4528 essentia!
1102 4475 1285 4544 plures
1329 4493 1450 4531 esse
1475 4485 1768 4542 nequeunt.
1804 4484 1848 4540 ι)

264 4535 401 4609 Ergo
418 4535 728 4611 'utriusque
754 4557 907 4597 amor
947 4560 1050 4597 una
1081 4535 1164 4599 est
1211 4563 1330 4600 cum
1358 4548 1518 4601 Patre
1543 4535 1597 4601 et
1640 4546 1773 4601 Filio

260 4621 472 4685 summa
506 4612 767 4666 essentia.
816 4613 957 4682 Ergo
1002 4628 1155 4670 amor
1181 4615 1295 4685 ipse
1324 4622 1407 4671 est
1453 4631 1660 4671 summa
1689 4632 1774 4672 sa-
1814 4625 1818 4629 '

259 4676 491 4755 pientia,
517 4696 727 4755 summa
736 4676 976 4755 feritas,
999 4676 1266 4755 summum
1289 4687 1507 4748 bonum,
1535 4699 1591 4740 et
1612 4687 1775 4755 quid-

261 4748 385 4815 quid
408 4751 478 4804 de
504 4751 702 4805 summi
731 4750 965 4821 Spiritus
1000 4754 1299 4810 substantia
1339 4756 1449 4811 dici
1473 4748 1670 4825 potesi.

261 4856 463 4916 Verum
498 4863 628 4931 quid
657 4872 832 4932 potest
852 4878 975 4920 esse
1003 4881 1103 4935 par
1132 4881 1346 4922 summo
1373 4866 1624 4939 Spiritui.
1667 4868 1772 4925 nisi

200 4958 435 5005 summus
467 4952 743 5023 Spiritus?
768 4952 874 5009 iste
901 4955 1087 5024 itaque
1115 4955 1185 4987 ⁶²⁸
1218 4970 1373 5013 amor
1410 4967 1498 5013 est
1524 4971 1772 5014 summus
1800 5004 1803 5009 .

1105 3751 1215 3796 atre
1236 3753 1282 3797 et
1319 3741 1457 3796 Filio
1483 3760 1617 3798 unus
1660 3746 1799 3819 spi-_

1935 1864 2224 1942 quo’Pater
2252 1869 2490 1942 etFilius
2517 1872 2698 1938 plures
2726 1879 2886 1942 sunt,
2916 1872 3008 1942 sed
3042 1864 3194 1942 exeo
3237 1868 3290 1925 in
3338 1886 3446 1940 quo

1935 1939 2257 1996 s'uutunmn.
2287 1941 2400 1995 Non
2423 1942 2564 1995 enim
2589 1941 2829 2009 procedit
2849 1956 2911 1994 ex
2929 1939 3300 2003 relationibus,
3319 1939 3443 2007 qum

1939 2012 2121 2082 plures
2147 2021 2450 2082 sunt,.cmn
2499 2012 2605 2082 alia
2639 2009 2709 2063 sit
2768 2009 2956 2063 relatio
3011 2009 3204 2082 Patris,
3257 2018 3316 2082 et
3341 2009 3447 2063 alia

1941 2077 2129 2135 relatio
2152 2078 2270 2135 Filii
2297 2099 2311 2145 ;
2343 2082 2437 2135 sed
2468 2097 2537 2135 ex
2572 2081 2687 2147 ipsa
2715 2095 2811 2133 sua
2842 2079 3095 2141 essentia,
3124 2094 3244 2147 quae
3268 2077 3449 2147 plura-

1941 2096 2129 2135 retatto
2152 2096 2270 2135 ritu
2297 2099 2311 2145 ;
2343 2096 2437 2135 seu
2468 2097 2537 2135 ex
2572 2097 2586 2132 ι
2628 2096 2687 2133 sa
2715 2096 2811 2133 sua
2842 2096 3095 2141 essentia,
3124 2096 3244 2147 quae
3268 2096 3449 2147 plura-

1936 2149 2143 2207 litatem
2175 2166 2281 2204 nun
2301 2150 2558 2216 admittit,
2582 2096 2742 2203 Pater
2765 2158 2820 2203 et
2858 2148 3025 2202 Filius
3048 2151 3303 2202 emittunt
3331 2156 3449 2202 tan-

1945 2229 2056 2273 tum
2087 2220 2322 2285 bonum;
2359 2222 2437 2276 sic
2465 2230 2667 2282 tatuen,
2705 2229 2761 2272 ut
2809 2229 2953 2272 tutus
2981 2235 3009 2270 a
3044 2218 3201 2272 Patre
3226 2226 3283 2271 et
3303 2227 3450 2271 totus

1937 2305 1968 2343 a
1996 2289 2131 2343 Filio
2169 2301 2221 2344 et
2253 2301 2397 2346 toms
2426 2290 2493 2344 ab
2522 2297 2751 2358 utroque
2780 2303 2919 2342 unus
2974 2289 3227 2357 idemque
3256 2301 3450 2358 proce-

1940 2361 2060 2429 dat;
2096 2362 2222 2429 quia
2253 2375 2284 2413 a
2314 2360 2494 2429 Patre,
2526 2360 2617 2429 qui
2671 2357 2920 2429 singulos
2965 2364 3020 2410 et
3049 2372 3295 2429 summus
3325 2357 3450 2426 Spi-

1939 2426 2131 2499 ritusf
2155 2445 2265 2499 non
2302 2426 2557 2499 procedit
2594 2427 2696 2499 nisi
2744 2426 2996 2483 summus
3046 2426 3308 2499 Spiritus,
3338 2437 3392 2481 et
3418 2441 3453 2482 ει

1941 2496 2079 2552 Filio
2106 2499 2198 2567 qui
2228 2494 2469 2568 singulas
2519 2497 2723 2567 pariter
2767 2500 2858 2568 est
2892 2494 3149 2568 summus
3190 2494 3450 2568 Spiritus,

1946 2582 2054 2637 non
2086 2565 2339 2637 piocedit'
2360 2565 2460 2620 nisi
2494 2565 2737 2620 summus
2760 2565 3025 2634 Spiritus;
3056 2573 3110 2637 et
3129 2579 3190 2637 με),
3210 2565 3368 2619 Patre
3392 2576 3450 2619 et

1949 2634 2108 2700 Filio,
2135 2638 2226 2706 qui
2278 2652 2385 2691 non
2412 2637 2519 2691 duo
2567 2637 2659 2706 sed
2708 2650 2845 2688 unus
2893 2644 3018 2690 sunt
3050 2634 3308 2706 Spiritus,
3341 2650 3451 2689 non

1940 2703 2235 2765 Jrocedere
2262 2715 2444 2777 potest
2477 2704 2581 2761 nisi
2609 2719 2747 2760 unus
2784 2718 3030 2759 summus
3058 2703 3306 2774 spiritus.

1948 2818 2272 2881 Intuendum
2301 2826 2388 2874 est
2417 2818 2704 2889 diligenter
2732 2825 2914 2873 utrum
2942 2816 3054 2871 sint
3078 2816 3187 2871 duo
3212 2831 3452 2882 amores,

1869 2927 2011 2967 unus
2038 2927 2068 2966 a
2099 2911 2260 2967 Patre
2286 2912 2608 2982 procedens,
2631 2909 2771 2965 alter
2788 2924 2818 2963 a
2839 2908 2979 2963 Filio
3006 2924 3025 2964 :
3055 2923 3124 2962 an
3152 2923 3311 2973 unus,
3342 2923 3454 2964 non

1872 3013 2016 3059 totus
2041 3004 2111 3058 ab
2139 3018 2249 3057 uno
2276 3003 2598 3072 procedens,
2626 3000 2731 3057 sed
2748 3000 2945 3071 partim
2983 3015 3014 3053 a
3043 3000 3228 3060 Patre,
3254 3000 3453 3070 partim

1869 3113 1900 3152 a
1928 3096 2064 3152 Filio
2089 3113 2105 3152 :
2135 3111 2203 3150 an
2228 3108 2330 3151 nec
2358 3094 2560 3166 plures,
2591 3108 2692 3148 nec
2733 3106 2871 3148 unus
2916 3091 3110 3161 partim
3153 3091 3455 3160 procedens

1868 3208 1900 3245 a
1931 3189 2180 3263 singulis,
2208 3188 2304 3244 sed
2332 3203 2471 3243 unus
2494 3195 2638 3242 totus
2662 3201 2691 3240 a
2718 3183 2960 3255 singulis,
2989 3192 3042 3237 et
3073 3183 3213 3237 idetn
3258 3192 3401 3237 totus
3424 3198 3454 3236 a

1870 3284 2078 3339 duobus
2102 3280 2297 3339 simul.
2315 3280 2424 3334 Sed
2449 3277 2754 3349 huiusmodi
2785 3274 3138 3330 dubitationis
3186 3273 3457 3329 certitudo

1870 3371 2001 3426 hinc
2027 3369 2401 3424 indubitanter
2422 3364 2792 3436 cognoscitur,
2810 3364 2938 3432 quia
2959 3376 3066 3417 non
3095 3376 3163 3416 ex
3186 3375 3252 3415 eo
3271 3376 3458 3431 proce-

1871 3462 1968 3526 dit,
2000 3461 2054 3515 in
2096 3473 2205 3529 quo
2233 3458 2417 3528 plures
2443 3466 2571 3511 sunt
2603 3454 2765 3510 Pater
2786 3463 2842 3510 et
2871 3453 3059 3518 Filius,
3094 3454 3189 3508 sed
3217 3468 3280 3508 ex
3308 3454 3456 3509 eoin

1871 3563 1979 3618 quo
2007 3563 2173 3602 unum
2212 3553 2356 3602 sunt.
2384 3544 2520 3600 Nam
2563 3560 2670 3601 non
2698 3559 2764 3599 ex
2795 3543 3149 3599 relationibus
3175 3544 3311 3609 suis,
3336 3558 3457 3613 qua

1871 3639 2056 3711 plures
2081 3646 2208 3695 sunt
2233 3678 2249 3704 ,
2273 3636 2379 3693 alia
2410 3647 2495 3693 est
2517 3637 2662 3691 enim
2692 3635 2885 3690 relatio
2915 3635 3111 3703 Patris,
3165 3635 3269 3691 alia
3297 3634 3477 3702 Filii;

1872 3731 1966 3787 sed
1980 3745 2047 3786 ex
2064 3731 2175 3802 ipsa
2189 3745 2286 3785 sua
2301 3731 2531 3785 essentia
2543 3769 2557 3793 ,
2571 3743 2689 3799 qua:
2699 3727 3061 3798 pluralitatetn
3078 3743 3183 3784 non
3197 3725 3454 3793 admittit,

1872 3822 2127 3878 emittunt
2146 3821 2308 3875 Pater
2323 3830 2376 3875 et
2396 3819 2566 3874 Filius
2589 3828 2796 3873 tantum
2818 3819 3023 3889 pariter
3044 3819 3267 3874 bonum.
3299 3817 3455 3872 Sicut

1873 3927 2003 3982 ergo
2026 3911 2272 3982 singulus
2290 3910 2453 3965 Pater
2492 3920 2576 3965 est
2595 3925 2844 3964 summus
2869 3909 3106 3977 Spiritus
3121 3917 3178 3961 et
3199 3907 3447 3973 singulas

1872 4002 2040 4056 Filius
2067 4008 2152 4056 est
2198 4014 2444 4053 summus
2497 3999 2735 4067 Spiritus
2764 4006 2818 4051 et
2845 3997 3006 4052 simul
3029 3996 3191 4051 Pater
3213 4006 3265 4051 et
3288 3995 3458 4050 Filius

1873 4107 1981 4147 non
2004 4091 2131 4156 duo,
2168 4090 2264 4147 sed
2294 4104 2434 4144 unus
2463 4087 2535 4120 ⁶¹⁷
2600 4087 2855 4158 spiritus;
2892 4087 2966 4141 ita
2999 4102 3031 4141 a
3058 4086 3271 4158 singulo
3297 4087 3459 4143 Patre

1872 4190 2062 4237 manat
2081 4190 2223 4236 totus
2248 4194 2402 4235 amor
2433 4178 2630 4235 summi
2677 4177 2913 4248 Spiritus
2940 4187 2997 4233 et
3022 4193 3053 4243 a
3076 4178 3291 4251 singulo
3317 4178 3456 4235 Filio

1874 4281 2046 4338 totus;
2080 4281 2136 4327 et
2174 4270 2391 4327 simula
2419 4270 2582 4325 Patre
2610 4278 2666 4325 et
2713 4269 2849 4327 Filio
2873 4284 2980 4326 non
3030 4270 3141 4327 duo
3186 4271 3305 4337 toti,
3359 4270 3459 4327 sed

1872 4379 2012 4420 unus
2043 4365 2291 4434 idemque
2322 4371 2486 4418 totus.

2252 4475 2489 4535 CAPUT
2524 4475 2612 4532 LV
2642 4477 2739 4550 [αι.
2784 4476 2917 4550 Lm]
2971 4477 3062 4532 ηε.

2166 4588 2322 4656 Quod
2353 4605 2456 4643 non
2485 4590 2551 4644 sit
2580 4605 2760 4643 eorum
2803 4587 2979 4644 Filius
3000 4605 3147 4644 amor

1882 4680 2224 4737 Consrsc'rus
2255 4695 2483 4735 ωριτες.
2517 4710 2588 4721 —
2612 4681 2780 4733 Amor
2816 4688 2997 4736 tamen
3028 4681 3131 4736 iste
3158 4695 3260 4735 nec
3284 4681 3460 4735 Patris

1958 4767 2056 4807 nec
2084 4749 2267 4824 Verbi,
2313 4766 2344 4805 a
2371 4751 2566 4824 quibus
2597 4750 2863 4824 procedit,
2900 4760 2985 4806 est
3013 4750 3201 4824 Filius,
3233 4752 3360 4824 quia
3387 4764 3457 4803 ex

1956 4836 2064 4943 quo
2090 4823 2156 4876 ab
2185 4822 2290 4903 illis
2328 4818 2737 4900 procedit,'non
2768 4819 2934 4902 refert
2969 4818 3154 4874 eorum
3200 4818 3457 4873 similitu-

2001 4907 2139 4943 metu
2165 4905 2183 4943 :
2214 4893 2341 4943 licet
2377 4905 2598 4943 omnino
2643 4889 2783 4943 Idem
2826 4900 2897 4943 sn
2926 4890 3069 4943 quod
3101 4898 3183 4943 est
3210 4888 3372 4942 Pater
3398 4896 3457 4941 et

1999 4891 2139 4945 inetn
2165 4905 2183 4943 :
2214 4888 2345 4945 licei
2377 4888 2598 4944 omnino
2643 4889 2783 4943 idem
2826 4890 2897 4943 sit
2926 4890 3069 4959 quod
3101 4898 3183 4959 est
3210 4888 3372 4942 Pater
3398 4896 3457 4941 et

1961 4959 2149 5016 Filius.
2173 4961 2374 5016 Deinde
2396 4960 2440 5015 si
2465 4959 2840 5029 proleseorum
2861 4957 2975 5024 est,
3003 4957 3245 5013 autalter
3268 4970 3456 5012 eorum
3496 4958 3505 4971 '

1482 5068 1720 5125 VARle
1760 5070 2172 5129 LECTIONES.

258 5191 325 5224 ⁶¹¹
353 5192 422 5247 Et
468 5208 504 5248 a
560 5193 696 5268 Filio
737 5211 862 5268 ntss.
923 5197 1059 5252 Vict.
1107 5196 1233 5268 Sag.
1290 5209 1344 5253 ei
1392 5199 1528 5254 Ρίιὶο

1638 5201 1707 5272 "f
1753 5199 1884 5272 Cap.
1931 5203 2002 5258 49
2047 5212 2121 5257 est
2165 5219 2219 5257 ιη
2270 5219 2393 5257 mss.
2449 5201 2509 5256 5|
2561 5202 2655 5256 sub
2700 5202 2798 5256 hoc
2849 5199 3000 5255 titulo
3041 5215 3063 5256 :
3106 5199 3258 5269 Quod
3309 5211 3458 5259 uter-

200 5274 324 5329 que,
365 5273 473 5317 ιω.
499 5264 637 5341 sttit!
658 5266 811 5319 titulo
833 5268 1018 5336 capitis
1046 5268 1117 5341 fit
1148 5264 1203 5321 in
1222 5270 1380 5341 editis
1396 5286 1492 5324 ms.
1522 5269 1657 5325 Tim.
1681 5271 1752 5326 90
1781 5264 1949 5341 omitt.
1980 5285 2028 5326 et
2060 5272 2303 5327 alterum.
2381 5272 2450 5304 m
2481 5272 2642 5326 Pater
2668 5286 2911 5326 summus
2939 5279 3022 5325 est
3049 5264 3174 5325 mss.
3197 5281 3351 5341 pater
3370 5285 3459 5331 est

200 5343 439 5418 summus
495 5331 597 5418 _‘"r
618 5331 1020 5418 [aput-relines.
1052 5335 1339 5418 ῑξξριυξσρ.
1369 5355 1398 5393 a
1420 5349 1587 5418 patre
1664 5340 1897 5418 “'ﬂpilap.
1925 5343 2117 5418 ὕρᾲοιςιΔ
2138 5342 2194 5395 in
2219 5358 2349 5418 mss.
2375 5352 2528 5418 caput
2554 5341 2625 5395 52
2668 5342 2763 5395 sub
2787 5341 2891 5418 [ioc
2921 5341 3075 5394 titulo
3105 5355 3125 5394 :
3153 5331 3306 5408 Quod
3338 5353 3460 5399 tau-

203 5407 283 5479 ερε
312 5404 409 5479 sit,
454 5412 564 5457 etc.
594 5404 741 5479 utin
767 5404 917 5479 titu_!o
953 5404 1153 5479 Cupitis
1182 5406 1253 5461 50
1284 5404 1339 5460 in
1367 5404 1519 5479 editis
1546 5425 1671 5463 mss.
1719 5404 1926 5465 Ήηιὶιη.
1958 5410 2049 5467 90.
2080 5412 2235 5479 Quod
2265 5404 2449 5467 tantus
2485 5412 2558 5465 sit
2590 5426 2747 5463 amor
2787 5412 2910 5475 iste,
2936 5404 3457 5479 quantus'summus

198 5465 453 5537 Spiritus.
479 5487 583 5524 ms.
613 5470 820 5527 Tliuan.
853 5472 943 5527 50.

974 5473 1341 5551 Quqd_tantus
1366 5477 1438 5532 sit
1465 5493 1617 5551 amor
1646 5479 1768 5543 iste,
1800 5490 2035 5551 quantus
2060 5473 2147 5551 est
2171 5482 2283 5551 ipse
2313 5481 2546 5551 Spiritus
2570 5494 2835 5535 summus.
2898 5473 2987 5551 “‘7
3004 5481 3098 5536 Est
3126 5495 3281 5536 amor
3308 5496 3459 5538 sum-

199 5537 421 5621 ﬂmiutss.
441 5537 607 5621 Αῑζὶει.
633 5539 775 5621 βας.
817 5540 952 5596 Tim.
980 5537 1233 5621 S_.__Miclt_.
1255 5554 1341 5601 est
1350 5562 1512 5621 arnor
1548 5548 1650 5603 iste
1679 5537 1874 5621 διιέηῇιῇ
1950 5551 2021 5583 ⁶¹⁸
2045 5537 2269 5621 ϐαρ.’51
2295 5541 2369 5604 esi
2395 5550 2450 5603 in
2470 5567 2595 5604 mss.
2625 5561 2795 5621 caput
2809 5550 2898 5607 53.
2973 5550 3044 5586 ⁸³⁸
3070 5551 3184 5607 Nisi
3212 5537 3459 5607 summus

199 5605 469 5691 Spiritus?
498 5607 606 5691 Iste
631 5605 814 5691 Legite
841 5628 966 5666 mss.
1011 5611 1145 5691 Vict.
1189 5615 1318 5691 ng.
1348 5615 1460 5671 Nisi
1495 5619 1696 5691 summi
1730 5618 1969 5691 Spiritus
1999 5605 2187 5677 amo'r?
2216 5621 2320 5691 iste
2349 5633 2582 5691 namque
2652 5605 2725 5652 “3
2753 5605 2883 5691 Cdp.
2922 5621 2993 5691 52
3012 5605 3090 5676 est
3117 5605 3177 5676 iu
3205 5605 3456 5675 mserit;

197 5674 280 5738 put
330 5674 403 5731 54

518 5677 822 5761 ‘l'nFilius,
860 5696 965 5761 non
1000 5684 1125 5761 duo,
1146 5677 1430 5761 Asedtunus
1459 5703 1582 5761 mss.
1624 5677 1887 5761 Ἰνηιίξὶρ1
1908 5688 2100 5760 Filius,
2129 5705 2236 5746 non
2259 5689 2403 5756 dico,
2433 5677 2563 5757 du'o,
2585 5677 2851 5749 sedunus
2923 5690 2995 5723 ⁸³⁸
3024 5692 3159 5761 Cap.
3193 5691 3256 5744 53
3290 5702 3364 5744 cst
3399 5702 3455 5742 ιη

199 5759 315 5801 mss.
346 5757 520 5815 caput
550 5746 617 5801 55
640 5742 758 5802 cum
788 5742 884 5803 hoc
909 5753 1060 5807 titulo
1091 5742 1123 5807 ε’
1139 5755 1293 5823 Quod
1320 5771 1428 5811 non
1469 5757 1540 5813 sit
1565 5772 1757 5815 eorum
1789 5742 1985 5815 Filius.

437 5844 700 5903 Parnm.
759 5842 1028 5906 CLVIII.

3032 5853 3063 5911 ἵ
