  <div class='ocr_page' id='page_1' title='image "/cluster/home/n/w/nwhite01/storage/ocr_20150623/158/hvd.32044024236689/111.png"; bbox 0 0 4030 6290; ppageno 0'>
   <div class='ocr_carea' id='block_1_1' title="bbox 486 369 666 425">
    <p class='ocr_par' dir='ltr' id='par_1_1' title="bbox 486 369 666 425">
     <span class='ocr_line' id='line_1_1' title="bbox 486 369 666 425; baseline 0.011 -2"><span class='ocrx_word' id='word_1_1' title='bbox 486 377 491 383; x_wconf 92' lang='grc'><strong>’</strong></span> <span class='ocrx_word' id='word_1_2' title='bbox 535 369 666 425; x_wconf 61' lang='grc' dir='ltr'><strong>ἐῖθδ</strong></span> 
     </span>
    </p>
   </div>
   <div class='ocr_carea' id='block_1_2' title="bbox 1194 347 2120 426">
    <p class='ocr_par' dir='ltr' id='par_1_2' title="bbox 1194 361 2119 426">
     <span class='ocr_line' id='line_1_2' title="bbox 1194 361 2119 426; baseline -0.009 -2"><span class='ocrx_word' id='word_1_3' title='bbox 1194 368 1503 426; x_wconf 68' lang='grc' dir='ltr'><strong>ΑΝεΕωιι</strong></span> <span class='ocrx_word' id='word_1_4' title='bbox 1542 366 1888 424; x_wconf 66' lang='lat' dir='ltr'><strong>CANl‘UAR.</strong></span> <span class='ocrx_word' id='word_1_5' title='bbox 1932 361 2119 419; x_wconf 79' lang='lat' dir='ltr'><strong>ARCll</strong></span> 
     </span>
    </p>
   </div>
   <div class='ocr_carea' id='block_1_3' title="bbox 2226 347 3309 426">
    <p class='ocr_par' dir='ltr' id='par_1_3' title="bbox 2226 347 3309 426">
     <span class='ocr_line' id='line_1_3' title="bbox 2226 347 3309 426; baseline 0.009 -10"><span class='ocrx_word' id='word_1_6' title='bbox 2226 367 2252 416; x_wconf 67' lang='grc' dir='ltr'>ι.</span> <span class='ocrx_word' id='word_1_7' title='bbox 2295 359 2448 416; x_wconf 68' lang='lat' dir='ltr'><strong>ore.</strong></span> <span class='ocrx_word' id='word_1_8' title='bbox 2481 359 2663 419; x_wconf 71' lang='lat' dir='ltr'><strong>pass</strong></span> <span class='ocrx_word' id='word_1_9' title='bbox 2690 361 2735 416; x_wconf 83' lang='lat'><strong>1.</strong></span> <span class='ocrx_word' id='word_1_10' title='bbox 2771 391 2842 405; x_wconf 86' lang='lat'><strong><em>—</em></strong></span> <span class='ocrx_word' id='word_1_11' title='bbox 2882 347 3309 426; x_wconf 68' lang='lat' dir='ltr'><strong>uocantes;</strong></span> 
     </span>
    </p>
   </div>
   <div class='ocr_carea' id='block_1_4' title="bbox 3689 363 3794 424">
    <p class='ocr_par' dir='ltr' id='par_1_4' title="bbox 3689 363 3794 424">
     <span class='ocr_line' id='line_1_4' title="bbox 3689 363 3794 424; baseline 0 0"><span class='ocrx_word' id='word_1_12' title='bbox 3689 363 3794 424; x_wconf 74' lang='grc' dir='ltr'><strong>2οι</strong></span> 
     </span>
    </p>
   </div>
   <div class='ocr_carea' id='block_1_5' title="bbox 629 472 3808 555">
    <p class='ocr_par' dir='ltr' id='par_1_5' title="bbox 629 472 3808 555">
     <span class='ocr_line' id='line_1_5' title="bbox 629 472 3808 555; baseline -0 -13"><span class='ocrx_word' id='word_1_13' title='bbox 629 485 733 542; x_wconf 81' lang='lat' dir='ltr'><strong>erit</strong></span> <span class='ocrx_word' id='word_1_14' title='bbox 755 491 906 555; x_wconf 83' lang='lat' dir='ltr'><strong>pater</strong></span> <span class='ocrx_word' id='word_1_15' title='bbox 929 483 1072 552; x_wconf 88' lang='lat' dir='ltr'><strong>ejus,</strong></span> <span class='ocrx_word' id='word_1_16' title='bbox 1101 483 1238 540; x_wconf 79' lang='lat' dir='ltr'><strong>alter</strong></span> <span class='ocrx_word' id='word_1_17' title='bbox 1267 483 1630 555; x_wconf 12' lang='lat' dir='ltr'><strong>mategrqnod</strong></span> <span class='ocrx_word' id='word_1_18' title='bbox 1666 472 1961 555; x_wconf 78' lang='lat' dir='ltr'><strong>repugnat;</strong></span> <span class='ocrx_word' id='word_1_19' title='bbox 1993 493 2116 534; x_wconf 90' lang='lat' dir='ltr'><strong>cum</strong></span> <span class='ocrx_word' id='word_1_20' title='bbox 2146 479 2198 541; x_wconf 78' lang='grc' dir='ltr'>Α</span> <span class='ocrx_word' id='word_1_21' title='bbox 2221 482 2429 546; x_wconf 87' lang='lat' dir='ltr'><strong>potest;</strong></span> <span class='ocrx_word' id='word_1_22' title='bbox 2463 475 2589 546; x_wconf 97' lang='lat' dir='ltr'><strong>quia</strong></span> <span class='ocrx_word' id='word_1_23' title='bbox 2619 475 2855 532; x_wconf 81' lang='lat' dir='ltr'><strong>Verbum</strong></span> <span class='ocrx_word' id='word_1_24' title='bbox 2905 479 3244 534; x_wconf 82' lang='lat' dir='ltr'><strong>verissimam</strong></span> <span class='ocrx_word' id='word_1_25' title='bbox 3296 496 3416 536; x_wconf 89' lang='lat' dir='ltr'><strong>esse</strong></span> <span class='ocrx_word' id='word_1_26' title='bbox 3463 497 3698 552; x_wconf 66' lang='lat' dir='ltr'><strong>prolem,</strong></span> <span class='ocrx_word' id='word_1_27' title='bbox 3748 495 3808 541; x_wconf 80' lang='lat' dir='ltr'><strong>et</strong></span> 
     </span>
    </p>
   </div>
   <div class='ocr_carea' id='block_1_6' title="bbox 628 553 2122 623">
    <p class='ocr_par' dir='ltr' id='par_1_6' title="bbox 628 553 2122 623">
     <span class='ocr_line' id='line_1_6' title="bbox 628 553 2122 623; baseline -0.006 -13"><span class='ocrx_word' id='word_1_28' title='bbox 628 573 738 611; x_wconf 89' lang='lat' dir='ltr'><strong>non</strong></span> <span class='ocrx_word' id='word_1_29' title='bbox 756 553 918 609; x_wconf 79' lang='lat' dir='ltr'><strong>aliter.</strong></span> <span class='ocrx_word' id='word_1_30' title='bbox 935 555 1146 610; x_wconf 82' lang='lat' dir='ltr'><strong>aPatre</strong></span> <span class='ocrx_word' id='word_1_31' title='bbox 1162 569 1322 623; x_wconf 88' lang='lat' dir='ltr'><strong>quam</strong></span> <span class='ocrx_word' id='word_1_32' title='bbox 1343 570 1380 623; x_wconf 14' lang='lat' dir='ltr'><strong>a7</strong></span> <span class='ocrx_word' id='word_1_33' title='bbox 1395 553 1532 607; x_wconf 87' lang='lat' dir='ltr'><strong>Filio</strong></span> <span class='ocrx_word' id='word_1_34' title='bbox 1545 554 1832 623; x_wconf 74' lang='lat' dir='ltr'><strong>procedat:</strong></span> <span class='ocrx_word' id='word_1_35' title='bbox 1856 560 1949 603; x_wconf 87' lang='lat' dir='ltr'><strong>aut</strong></span> <span class='ocrx_word' id='word_1_36' title='bbox 1978 561 2122 603; x_wconf 87' lang='lat' dir='ltr'><strong>uter-</strong></span> 
     </span>
    </p>
   </div>
   <div class='ocr_carea' id='block_1_7' title="bbox 627 621 2124 695">
    <p class='ocr_par' dir='ltr' id='par_1_7' title="bbox 627 621 2124 695">
     <span class='ocr_line' id='line_1_7' title="bbox 627 621 2124 695; baseline -0.007 -14"><span class='ocrx_word' id='word_1_37' title='bbox 627 641 732 695; x_wconf 87' lang='lat' dir='ltr'><strong>que</strong></span> <span class='ocrx_word' id='word_1_38' title='bbox 782 635 938 695; x_wconf 90' lang='lat' dir='ltr'><strong>pater</strong></span> <span class='ocrx_word' id='word_1_39' title='bbox 982 625 1096 678; x_wconf 86' lang='lat' dir='ltr'><strong>sive</strong></span> <span class='ocrx_word' id='word_1_40' title='bbox 1135 621 1305 695; x_wconf 58' lang='grc' dir='ltr'><strong>ιιιξιιιξι⁸</strong></span> <span class='ocrx_word' id='word_1_41' title='bbox 1337 622 1452 690; x_wconf 84' lang='lat' dir='ltr'><strong>ejus</strong></span> <span class='ocrx_word' id='word_1_42' title='bbox 1481 632 1562 695; x_wconf 84' lang='lat' dir='ltr'><strong>est</strong></span> <span class='ocrx_word' id='word_1_43' title='bbox 1595 640 1608 674; x_wconf 88' lang='lat'><strong>:</strong></span> <span class='ocrx_word' id='word_1_44' title='bbox 1639 621 1781 695; x_wconf 84' lang='lat' dir='ltr'><strong>nulla</strong></span> <span class='ocrx_word' id='word_1_45' title='bbox 1816 630 1995 695; x_wconf 74' lang='lat' dir='ltr'><strong>autem</strong></span> <span class='ocrx_word' id='word_1_46' title='bbox 2025 634 2124 671; x_wconf 83' lang='lat' dir='ltr'><strong>na-</strong></span> 
     </span>
    </p>
   </div>
   <div class='ocr_carea' id='block_1_8' title="bbox 627 690 2125 762">
    <p class='ocr_par' dir='ltr' id='par_1_8' title="bbox 627 690 2125 762">
     <span class='ocr_line' id='line_1_8' title="bbox 627 690 2125 762; baseline -0.006 -12"><span class='ocrx_word' id='word_1_47' title='bbox 627 690 745 750; x_wconf 65' lang='lat' dir='ltr'><strong>tura</strong></span> <span class='ocrx_word' id='word_1_48' title='bbox 773 690 1006 747; x_wconf 79' lang='lat' dir='ltr'><strong>admittit</strong></span> <span class='ocrx_word' id='word_1_49' title='bbox 1031 695 1135 747; x_wconf 93' lang='lat' dir='ltr'><strong>duo</strong></span> <span class='ocrx_word' id='word_1_50' title='bbox 1161 693 1339 761; x_wconf 85' lang='lat' dir='ltr'><strong>aliqua</strong></span> <span class='ocrx_word' id='word_1_51' title='bbox 1370 707 1491 762; x_wconf 68' lang='lat' dir='ltr'><strong>quae</strong></span> <span class='ocrx_word' id='word_1_52' title='bbox 1521 692 1726 761; x_wconf 84' lang='lat' dir='ltr'><strong>singula</strong></span> <span class='ocrx_word' id='word_1_53' title='bbox 1748 690 2038 762; x_wconf 80' lang='lat' dir='ltr'><strong>perfectam</strong></span> <span class='ocrx_word' id='word_1_54' title='bbox 2069 697 2125 762; x_wconf 79' lang='lat' dir='ltr'><strong>et</strong></span> 
     </span>
    </p>
   </div>
   <div class='ocr_carea' id='block_1_9' title="bbox 623 758 2123 830">
    <p class='ocr_par' dir='ltr' id='par_1_9' title="bbox 623 758 2123 830">
     <span class='ocr_line' id='line_1_9' title="bbox 623 758 2123 830; baseline -0.005 -11"><span class='ocrx_word' id='word_1_55' title='bbox 623 764 844 819; x_wconf 87' lang='lat' dir='ltr'><strong>omnino</strong></span> <span class='ocrx_word' id='word_1_56' title='bbox 869 763 1110 816; x_wconf 85' lang='lat' dir='ltr'><strong>eamdem</strong></span> <span class='ocrx_word' id='word_1_57' title='bbox 1140 764 1205 815; x_wconf 82' lang='lat' dir='ltr'><strong>ad</strong></span> <span class='ocrx_word' id='word_1_58' title='bbox 1237 758 1438 830; x_wconf 77' lang='lat' dir='ltr'><strong>aliquid</strong></span> <span class='ocrx_word' id='word_1_59' title='bbox 1458 758 1643 824; x_wconf 78' lang='lat' dir='ltr'><strong>ununi,</strong></span> <span class='ocrx_word' id='word_1_60' title='bbox 1665 761 1831 830; x_wconf 79' lang='lat' dir='ltr'><strong>patris</strong></span> <span class='ocrx_word' id='word_1_61' title='bbox 1857 768 1911 812; x_wconf 91' lang='lat' dir='ltr'><strong>et</strong></span> <span class='ocrx_word' id='word_1_62' title='bbox 1937 758 2123 812; x_wconf 88' lang='lat' dir='ltr'><strong>matris</strong></span> 
     </span>
    </p>
   </div>
   <div class='ocr_carea' id='block_1_10' title="bbox 623 832 1276 888">
    <p class='ocr_par' dir='ltr' id='par_1_10' title="bbox 623 832 1276 888">
     <span class='ocr_line' id='line_1_10' title="bbox 623 832 1276 888; baseline -0.008 0"><span class='ocrx_word' id='word_1_63' title='bbox 623 834 858 888; x_wconf 79' lang='lat' dir='ltr'><strong>habeam</strong></span> <span class='ocrx_word' id='word_1_64' title='bbox 888 832 1276 887; x_wconf 89' lang='lat' dir='ltr'><strong>habitudinem.</strong></span> 
     </span>
    </p>
   </div>
   <div class='ocr_carea' id='block_1_11' title="bbox 619 919 2122 991">
    <p class='ocr_par' dir='ltr' id='par_1_11' title="bbox 619 919 2122 991">
     <span class='ocr_line' id='line_1_11' title="bbox 619 919 2122 991; baseline -0.004 -14"><span class='ocrx_word' id='word_1_65' title='bbox 619 923 759 990; x_wconf 85' lang='lat' dir='ltr'><strong>Quid</strong></span> <span class='ocrx_word' id='word_1_66' title='bbox 787 922 948 990; x_wconf 87' lang='lat' dir='ltr'><strong>ergo?</strong></span> <span class='ocrx_word' id='word_1_67' title='bbox 977 937 1099 976; x_wconf 90' lang='lat' dir='ltr'><strong>cum</strong></span> <span class='ocrx_word' id='word_1_68' title='bbox 1147 921 1238 975; x_wconf 90' lang='lat' dir='ltr'><strong>hic</strong></span> <span class='ocrx_word' id='word_1_69' title='bbox 1273 936 1428 976; x_wconf 89' lang='lat' dir='ltr'><strong>amor</strong></span> <span class='ocrx_word' id='word_1_70' title='bbox 1455 920 1662 991; x_wconf 89' lang='lat' dir='ltr'><strong>pariter</strong></span> <span class='ocrx_word' id='word_1_71' title='bbox 1709 919 1905 974; x_wconf 83' lang='lat' dir='ltr'><strong>habeat</strong></span> <span class='ocrx_word' id='word_1_72' title='bbox 1945 931 2066 974; x_wconf 87' lang='lat' dir='ltr'><strong>esse</strong></span> <span class='ocrx_word' id='word_1_73' title='bbox 2091 931 2122 971; x_wconf 92' lang='lat' dir='ltr'><strong>a</strong></span> 
     </span>
    </p>
   </div>
   <div class='ocr_carea' id='block_1_12' title="bbox 547 1009 2125 1078">
    <p class='ocr_par' dir='ltr' id='par_1_12' title="bbox 547 1009 2125 1078">
     <span class='ocr_line' id='line_1_12' title="bbox 547 1009 2125 1078; baseline -0.003 -10"><span class='ocrx_word' id='word_1_74' title='bbox 547 1015 709 1068; x_wconf 80' lang='lat' dir='ltr'><strong>Patre</strong></span> <span class='ocrx_word' id='word_1_75' title='bbox 729 1025 788 1068; x_wconf 90' lang='lat' dir='ltr'><strong>et</strong></span> <span class='ocrx_word' id='word_1_76' title='bbox 803 1013 964 1078; x_wconf 87' lang='lat' dir='ltr'><strong>Filio,</strong></span> <span class='ocrx_word' id='word_1_77' title='bbox 981 1013 1126 1067; x_wconf 88' lang='lat' dir='ltr'><strong>etsic</strong></span> <span class='ocrx_word' id='word_1_78' title='bbox 1150 1011 1343 1065; x_wconf 87' lang='lat' dir='ltr'><strong>similis</strong></span> <span class='ocrx_word' id='word_1_79' title='bbox 1365 1012 1438 1065; x_wconf 87' lang='lat' dir='ltr'><strong>sit</strong></span> <span class='ocrx_word' id='word_1_80' title='bbox 1456 1011 1718 1064; x_wconf 90' lang='lat' dir='ltr'><strong>ambobus</strong></span> <span class='ocrx_word' id='word_1_81' title='bbox 1740 1019 1796 1063; x_wconf 91' lang='grc' dir='ltr'><strong>ιιι</strong></span> <span class='ocrx_word' id='word_1_82' title='bbox 1821 1009 2125 1066; x_wconf 76' lang='lat' dir='ltr'><strong>nullatenus</strong></span> 
     </span>
    </p>
   </div>
   <div class='ocr_carea' id='block_1_13' title="bbox 550 1099 2121 1168">
    <p class='ocr_par' dir='ltr' id='par_1_13' title="bbox 550 1099 2121 1168">
     <span class='ocr_line' id='line_1_13' title="bbox 550 1099 2121 1168; baseline -0.006 -7"><span class='ocrx_word' id='word_1_83' title='bbox 550 1105 826 1161; x_wconf 87' lang='lat' dir='ltr'><strong>dissimilis</strong></span> <span class='ocrx_word' id='word_1_84' title='bbox 875 1104 946 1158; x_wconf 90' lang='lat' dir='ltr'><strong>sit</strong></span> <span class='ocrx_word' id='word_1_85' title='bbox 976 1103 1100 1168; x_wconf 88' lang='lat' dir='ltr'><strong>illis,</strong></span> <span class='ocrx_word' id='word_1_86' title='bbox 1143 1102 1237 1158; x_wconf 81' lang='lat' dir='ltr'><strong>sed</strong></span> <span class='ocrx_word' id='word_1_87' title='bbox 1279 1102 1500 1156; x_wconf 84' lang='lat' dir='ltr'><strong>omnino</strong></span> <span class='ocrx_word' id='word_1_88' title='bbox 1548 1101 1689 1156; x_wconf 88' lang='lat' dir='ltr'><strong>idem</strong></span> <span class='ocrx_word' id='word_1_89' title='bbox 1733 1103 1805 1155; x_wconf 86' lang='lat' dir='ltr'><strong>sit</strong></span> <span class='ocrx_word' id='word_1_90' title='bbox 1831 1100 1973 1168; x_wconf 89' lang='lat' dir='ltr'><strong>quod</strong></span> <span class='ocrx_word' id='word_1_91' title='bbox 2002 1099 2121 1152; x_wconf 87' lang='lat' dir='ltr'><strong>illi:</strong></span> 
     </span>
    </p>
   </div>
   <div class='ocr_carea' id='block_1_14' title="bbox 549 1190 2124 1270">
    <p class='ocr_par' dir='ltr' id='par_1_14' title="bbox 549 1190 2124 1270">
     <span class='ocr_line' id='line_1_14' title="bbox 549 1190 2124 1270; baseline -0.004 -19"><span class='ocrx_word' id='word_1_92' title='bbox 549 1197 787 1270; x_wconf 86' lang='lat' dir='ltr'><strong>nunquid</strong></span> <span class='ocrx_word' id='word_1_93' title='bbox 816 1194 985 1250; x_wconf 90' lang='lat' dir='ltr'><strong>Filius</strong></span> <span class='ocrx_word' id='word_1_94' title='bbox 1024 1208 1234 1261; x_wconf 90' lang='lat' dir='ltr'><strong>eorum,</strong></span> <span class='ocrx_word' id='word_1_95' title='bbox 1265 1203 1358 1248; x_wconf 89' lang='lat' dir='ltr'><strong>aut</strong></span> <span class='ocrx_word' id='word_1_96' title='bbox 1383 1192 1586 1264; x_wconf 81' lang='lat' dir='ltr'><strong>proles,</strong></span> <span class='ocrx_word' id='word_1_97' title='bbox 1625 1191 1978 1247; x_wconf 80' lang='lat' dir='ltr'><strong>:estimandus</strong></span> <span class='ocrx_word' id='word_1_98' title='bbox 2005 1190 2124 1245; x_wconf 85' lang='lat' dir='ltr'><strong>est?</strong></span> 
     </span>
    </p>
   </div>
   <div class='ocr_carea' id='block_1_15' title="bbox 548 1283 2125 1351">
    <p class='ocr_par' dir='ltr' id='par_1_15' title="bbox 548 1283 2125 1351">
     <span class='ocr_line' id='line_1_15' title="bbox 548 1283 2125 1351; baseline -0.004 -9"><span class='ocrx_word' id='word_1_99' title='bbox 548 1288 655 1343; x_wconf 85' lang='lat' dir='ltr'><strong>Sed</strong></span> <span class='ocrx_word' id='word_1_100' title='bbox 684 1288 824 1341; x_wconf 87' lang='lat' dir='ltr'><strong>sicut</strong></span> <span class='ocrx_word' id='word_1_101' title='bbox 857 1286 1112 1350; x_wconf 86' lang='lat' dir='ltr'><strong>Verbum,</strong></span> <span class='ocrx_word' id='word_1_102' title='bbox 1140 1300 1263 1338; x_wconf 84' lang='lat' dir='ltr'><strong>mox</strong></span> <span class='ocrx_word' id='word_1_103' title='bbox 1278 1294 1346 1338; x_wconf 77' lang='grc' dir='ltr'>,ιιι</span> <span class='ocrx_word' id='word_1_104' title='bbox 1385 1284 1760 1339; x_wconf 88' lang='lat' dir='ltr'><strong>consideratur</strong></span> <span class='ocrx_word' id='word_1_105' title='bbox 1789 1283 1881 1348; x_wconf 69' lang='lat'><strong>“9,</strong></span> <span class='ocrx_word' id='word_1_106' title='bbox 1917 1297 1974 1337; x_wconf 86' lang='lat' dir='ltr'><strong>se</strong></span> <span class='ocrx_word' id='word_1_107' title='bbox 1999 1297 2125 1351; x_wconf 90' lang='lat' dir='ltr'><strong>pro-</strong></span> 
     </span>
    </p>
   </div>
   <div class='ocr_carea' id='block_1_16' title="bbox 548 1375 2121 1445">
    <p class='ocr_par' dir='ltr' id='par_1_16' title="bbox 548 1375 2121 1445">
     <span class='ocr_line' id='line_1_16' title="bbox 548 1375 2121 1445; baseline -0.001 -16"><span class='ocrx_word' id='word_1_108' title='bbox 548 1378 651 1433; x_wconf 98' lang='lat' dir='ltr'><strong>lem</strong></span> <span class='ocrx_word' id='word_1_109' title='bbox 711 1392 830 1432; x_wconf 81' lang='lat' dir='ltr'><strong>esse</strong></span> <span class='ocrx_word' id='word_1_110' title='bbox 875 1375 1011 1443; x_wconf 85' lang='lat' dir='ltr'><strong>ejus,</strong></span> <span class='ocrx_word' id='word_1_111' title='bbox 1039 1391 1069 1429; x_wconf 89' lang='lat' dir='ltr'><strong>a</strong></span> <span class='ocrx_word' id='word_1_112' title='bbox 1111 1392 1217 1445; x_wconf 88' lang='lat' dir='ltr'><strong>quo</strong></span> <span class='ocrx_word' id='word_1_113' title='bbox 1276 1385 1395 1441; x_wconf 89' lang='lat' dir='ltr'><strong>est,</strong></span> <span class='ocrx_word' id='word_1_114' title='bbox 1443 1375 1847 1430; x_wconf 87' lang='lat' dir='ltr'><strong>evidentissime</strong></span> <span class='ocrx_word' id='word_1_115' title='bbox 1909 1375 2121 1443; x_wconf 90' lang='lat' dir='ltr'><strong>probat,</strong></span> 
     </span>
    </p>
   </div>
   <div class='ocr_carea' id='block_1_17' title="bbox 547 1458 2125 1538">
    <p class='ocr_par' dir='ltr' id='par_1_17' title="bbox 547 1458 2125 1538">
     <span class='ocr_line' id='line_1_17' title="bbox 547 1458 2125 1538; baseline 0 -17"><span class='ocrx_word' id='word_1_116' title='bbox 547 1478 849 1538; x_wconf 80' lang='lat' dir='ltr'><strong>promptam</strong></span> <span class='ocrx_word' id='word_1_117' title='bbox 879 1467 1214 1538; x_wconf 68' lang='lat' dir='ltr'><strong>prml‘erendo</strong></span> <span class='ocrx_word' id='word_1_118' title='bbox 1249 1467 1337 1533; x_wconf 80' lang='lat'><strong>“’,</strong></span> <span class='ocrx_word' id='word_1_119' title='bbox 1389 1458 1630 1536; x_wconf 84' lang='lat' dir='ltr'><strong>parentis</strong></span> <span class='ocrx_word' id='word_1_120' title='bbox 1681 1467 2001 1538; x_wconf 82' lang='lat' dir='ltr'><strong>imaginem;</strong></span> <span class='ocrx_word' id='word_1_121' title='bbox 2045 1467 2125 1521; x_wconf 92' lang='lat' dir='ltr'><strong>sic</strong></span> 
     </span>
    </p>
   </div>
   <div class='ocr_carea' id='block_1_18' title="bbox 551 1556 2126 1627">
    <p class='ocr_par' dir='ltr' id='par_1_18' title="bbox 551 1556 2126 1627">
     <span class='ocr_line' id='line_1_18' title="bbox 551 1556 2126 1627; baseline -0.001 -15"><span class='ocrx_word' id='word_1_122' title='bbox 551 1575 699 1612; x_wconf 68' lang='lat' dir='ltr'><strong>amor</strong></span> <span class='ocrx_word' id='word_1_123' title='bbox 728 1567 913 1627; x_wconf 90' lang='lat' dir='ltr'><strong>aperte</strong></span> <span class='ocrx_word' id='word_1_124' title='bbox 937 1573 996 1612; x_wconf 86' lang='lat' dir='ltr'><strong>se</strong></span> <span class='ocrx_word' id='word_1_125' title='bbox 1041 1557 1244 1626; x_wconf 86' lang='lat' dir='ltr'><strong>prolem</strong></span> <span class='ocrx_word' id='word_1_126' title='bbox 1294 1566 1483 1627; x_wconf 83' lang='lat' dir='ltr'><strong>negat;</strong></span> <span class='ocrx_word' id='word_1_127' title='bbox 1523 1557 1800 1626; x_wconf 14' lang='lat' dir='ltr'><strong>quiaadum</strong></span> <span class='ocrx_word' id='word_1_128' title='bbox 1826 1572 1857 1610; x_wconf 91' lang='lat' dir='ltr'><strong>a</strong></span> <span class='ocrx_word' id='word_1_129' title='bbox 1885 1556 2044 1610; x_wconf 81' lang='lat' dir='ltr'><strong>Patre</strong></span> <span class='ocrx_word' id='word_1_130' title='bbox 2071 1567 2126 1611; x_wconf 86' lang='lat' dir='ltr'><strong>et</strong></span> 
     </span>
    </p>
   </div>
   <div class='ocr_carea' id='block_1_19' title="bbox 548 1648 2123 1720">
    <p class='ocr_par' dir='ltr' id='par_1_19' title="bbox 548 1648 2123 1720">
     <span class='ocr_line' id='line_1_19' title="bbox 548 1648 2123 1720; baseline -0.003 -16"><span class='ocrx_word' id='word_1_131' title='bbox 548 1650 679 1704; x_wconf 53' lang='lat' dir='ltr'><strong>li‘ilio</strong></span> <span class='ocrx_word' id='word_1_132' title='bbox 693 1648 1324 1720; x_wconf 87' lang='lat' dir='ltr'><strong>procedereintelligitur,</strong></span> <span class='ocrx_word' id='word_1_133' title='bbox 1341 1664 1445 1702; x_wconf 90' lang='lat' dir='ltr'><strong>non</strong></span> <span class='ocrx_word' id='word_1_134' title='bbox 1461 1649 1641 1703; x_wconf 87' lang='lat' dir='ltr'><strong>statim</strong></span> <span class='ocrx_word' id='word_1_135' title='bbox 1659 1658 1769 1702; x_wconf 89' lang='lat' dir='ltr'><strong>tam</strong></span> <span class='ocrx_word' id='word_1_136' title='bbox 1785 1648 2123 1717; x_wconf 87' lang='lat' dir='ltr'><strong>perspicuam</strong></span> 
     </span>
    </p>
   </div>
   <div class='ocr_carea' id='block_1_20' title="bbox 546 1739 2125 1811">
    <p class='ocr_par' dir='ltr' id='par_1_20' title="bbox 546 1739 2125 1811">
     <span class='ocr_line' id='line_1_20' title="bbox 546 1739 2125 1811; baseline -0.003 -14"><span class='ocrx_word' id='word_1_137' title='bbox 546 1743 760 1798; x_wconf 74' lang='lat' dir='ltr'><strong>exhibet</strong></span> <span class='ocrx_word' id='word_1_138' title='bbox 790 1757 847 1796; x_wconf 86' lang='lat' dir='ltr'><strong>se</strong></span> <span class='ocrx_word' id='word_1_139' title='bbox 874 1741 1253 1810; x_wconf 83' lang='lat' dir='ltr'><strong>contemplanti</strong></span> <span class='ocrx_word' id='word_1_140' title='bbox 1282 1741 1420 1811; x_wconf 88' lang='lat' dir='ltr'><strong>ejus,</strong></span> <span class='ocrx_word' id='word_1_141' title='bbox 1451 1755 1517 1795; x_wconf 79' lang='lat' dir='ltr'><strong>ex</strong></span> <span class='ocrx_word' id='word_1_142' title='bbox 1552 1754 1658 1807; x_wconf 93' lang='lat' dir='ltr'><strong>quo</strong></span> <span class='ocrx_word' id='word_1_143' title='bbox 1679 1748 1778 1801; x_wconf 88' lang='lat' dir='ltr'><strong>est,</strong></span> <span class='ocrx_word' id='word_1_144' title='bbox 1819 1739 2125 1794; x_wconf 83' lang='lat' dir='ltr'><strong>similitudi-</strong></span> 
     </span>
    </p>
   </div>
   <div class='ocr_carea' id='block_1_21' title="bbox 546 1820 2202 1902">
    <p class='ocr_par' dir='ltr' id='par_1_21' title="bbox 546 1820 2202 1902">
     <span class='ocr_line' id='line_1_21' title="bbox 546 1820 2202 1902; baseline -0.007 -16"><span class='ocrx_word' id='word_1_145' title='bbox 546 1848 689 1897; x_wconf 89' lang='lat' dir='ltr'><strong>nem,</strong></span> <span class='ocrx_word' id='word_1_146' title='bbox 714 1831 962 1902; x_wconf 83' lang='lat' dir='ltr'><strong>quamvis</strong></span> <span class='ocrx_word' id='word_1_147' title='bbox 987 1829 1514 1900; x_wconf 75' lang='lat' dir='ltr'><strong>ipsumtconsiderata</strong></span> <span class='ocrx_word' id='word_1_148' title='bbox 1541 1827 1678 1882; x_wconf 84' lang='lat' dir='ltr'><strong>ratio</strong></span> <span class='ocrx_word' id='word_1_149' title='bbox 1698 1827 1889 1882; x_wconf 86' lang='lat' dir='ltr'><strong>doceat</strong></span> <span class='ocrx_word' id='word_1_150' title='bbox 1906 1827 2127 1883; x_wconf 87' lang='lat' dir='ltr'><strong>omnino</strong></span> <span class='ocrx_word' id='word_1_151' title='bbox 2158 1820 2202 1875; x_wconf 86' lang='grc' dir='ltr'><strong>Β</strong></span> 
     </span>
    </p>
   </div>
   <div class='ocr_carea' id='block_1_22' title="bbox 546 1918 2118 1992">
    <p class='ocr_par' dir='ltr' id='par_1_22' title="bbox 546 1918 2118 1992">
     <span class='ocr_line' id='line_1_22' title="bbox 546 1918 2118 1992; baseline -0.002 -16"><span class='ocrx_word' id='word_1_152' title='bbox 546 1924 771 1992; x_wconf 83' lang='lat' dir='ltr'><strong>idipsum</strong></span> <span class='ocrx_word' id='word_1_153' title='bbox 805 1937 946 1986; x_wconf 89' lang='lat' dir='ltr'><strong>esse,</strong></span> <span class='ocrx_word' id='word_1_154' title='bbox 972 1922 1114 1990; x_wconf 91' lang='lat' dir='ltr'><strong>quod</strong></span> <span class='ocrx_word' id='word_1_155' title='bbox 1155 1929 1238 1974; x_wconf 89' lang='lat' dir='ltr'><strong>est</strong></span> <span class='ocrx_word' id='word_1_156' title='bbox 1275 1919 1437 1974; x_wconf 76' lang='lat' dir='ltr'><strong>Pater</strong></span> <span class='ocrx_word' id='word_1_157' title='bbox 1481 1927 1536 1974; x_wconf 88' lang='lat' dir='ltr'><strong>et</strong></span> <span class='ocrx_word' id='word_1_158' title='bbox 1565 1918 1754 1973; x_wconf 85' lang='lat' dir='ltr'><strong>Filius.</strong></span> <span class='ocrx_word' id='word_1_159' title='bbox 1803 1919 2046 1989; x_wconf 84' lang='lat' dir='ltr'><strong>Denique</strong></span> <span class='ocrx_word' id='word_1_160' title='bbox 2073 1919 2118 1973; x_wconf 93' lang='lat' dir='ltr'><strong>si</strong></span> 
     </span>
    </p>
   </div>
   <div class='ocr_carea' id='block_1_23' title="bbox 547 2007 2116 2083">
    <p class='ocr_par' dir='ltr' id='par_1_23' title="bbox 547 2007 2116 2083">
     <span class='ocr_line' id='line_1_23' title="bbox 547 2007 2116 2083; baseline -0.003 -15"><span class='ocrx_word' id='word_1_161' title='bbox 547 2016 720 2083; x_wconf 79' lang='lat' dir='ltr'><strong>proles</strong></span> <span class='ocrx_word' id='word_1_162' title='bbox 747 2029 935 2068; x_wconf 91' lang='lat' dir='ltr'><strong>eorum</strong></span> <span class='ocrx_word' id='word_1_163' title='bbox 988 2020 1088 2078; x_wconf 89' lang='lat' dir='ltr'><strong>est,</strong></span> <span class='ocrx_word' id='word_1_164' title='bbox 1122 2020 1217 2065; x_wconf 92' lang='lat' dir='ltr'><strong>aut</strong></span> <span class='ocrx_word' id='word_1_165' title='bbox 1253 2009 1388 2064; x_wconf 87' lang='lat' dir='ltr'><strong>alter</strong></span> <span class='ocrx_word' id='word_1_166' title='bbox 1441 2025 1628 2065; x_wconf 86' lang='lat' dir='ltr'><strong>eorum</strong></span> <span class='ocrx_word' id='word_1_167' title='bbox 1677 2010 1781 2064; x_wconf 84' lang='lat' dir='ltr'><strong>erit</strong></span> <span class='ocrx_word' id='word_1_168' title='bbox 1808 2020 1960 2080; x_wconf 89' lang='lat' dir='ltr'><strong>pater</strong></span> <span class='ocrx_word' id='word_1_169' title='bbox 1982 2007 2116 2076; x_wconf 87' lang='lat' dir='ltr'><strong>ejus,</strong></span> 
     </span>
    </p>
   </div>
   <div class='ocr_carea' id='block_1_24' title="bbox 548 2101 2122 2170">
    <p class='ocr_par' dir='ltr' id='par_1_24' title="bbox 548 2101 2122 2170">
     <span class='ocr_line' id='line_1_24' title="bbox 548 2101 2122 2170; baseline -0.002 -12"><span class='ocrx_word' id='word_1_170' title='bbox 548 2106 682 2158; x_wconf 73' lang='lat' dir='ltr'><strong>alter</strong></span> <span class='ocrx_word' id='word_1_171' title='bbox 709 2113 914 2167; x_wconf 88' lang='lat' dir='ltr'><strong>mater;</strong></span> <span class='ocrx_word' id='word_1_172' title='bbox 950 2111 1042 2156; x_wconf 88' lang='lat' dir='ltr'><strong>aut</strong></span> <span class='ocrx_word' id='word_1_173' title='bbox 1070 2111 1294 2170; x_wconf 86' lang='lat' dir='ltr'><strong>uterque</strong></span> <span class='ocrx_word' id='word_1_174' title='bbox 1316 2109 1494 2170; x_wconf 85' lang='lat' dir='ltr'><strong>pater,</strong></span> <span class='ocrx_word' id='word_1_175' title='bbox 1518 2101 1633 2154; x_wconf 84' lang='lat' dir='ltr'><strong>sive</strong></span> <span class='ocrx_word' id='word_1_176' title='bbox 1663 2109 1836 2155; x_wconf 89' lang='lat' dir='ltr'><strong>mater</strong></span> <span class='ocrx_word' id='word_1_177' title='bbox 1855 2109 1938 2155; x_wconf 90' lang='lat' dir='ltr'><strong>est</strong></span> <span class='ocrx_word' id='word_1_178' title='bbox 1964 2119 1976 2154; x_wconf 94' lang='lat'><strong>:</strong></span> <span class='ocrx_word' id='word_1_179' title='bbox 2003 2117 2122 2170; x_wconf 68' lang='lat' dir='ltr'><strong>qua:</strong></span> 
     </span>
    </p>
   </div>
   <div class='ocr_carea' id='block_1_25' title="bbox 547 2191 2122 2263">
    <p class='ocr_par' dir='ltr' id='par_1_25' title="bbox 547 2191 2122 2263">
     <span class='ocr_line' id='line_1_25' title="bbox 547 2191 2122 2263; baseline -0.002 -15"><span class='ocrx_word' id='word_1_180' title='bbox 547 2195 724 2248; x_wconf 80' lang='lat' dir='ltr'><strong>munia</strong></span> <span class='ocrx_word' id='word_1_181' title='bbox 750 2194 963 2248; x_wconf 80' lang='lat' dir='ltr'><strong>veritati</strong></span> <span class='ocrx_word' id='word_1_182' title='bbox 994 2208 1295 2263; x_wconf 82' lang='lat' dir='ltr'><strong>repugnare</strong></span> <span class='ocrx_word' id='word_1_183' title='bbox 1318 2191 1586 2245; x_wconf 85' lang='lat' dir='ltr'><strong>videntur.</strong></span> <span class='ocrx_word' id='word_1_184' title='bbox 1607 2191 1867 2258; x_wconf 82' lang='lat' dir='ltr'><strong>Quoniam</strong></span> <span class='ocrx_word' id='word_1_185' title='bbox 1892 2207 2122 2260; x_wconf 83' lang='lat' dir='ltr'><strong>namque</strong></span> 
     </span>
    </p>
   </div>
   <div class='ocr_carea' id='block_1_26' title="bbox 545 2283 2116 2352">
    <p class='ocr_par' dir='ltr' id='par_1_26' title="bbox 545 2283 2116 2352">
     <span class='ocr_line' id='line_1_26' title="bbox 545 2283 2116 2352; baseline -0.001 -13"><span class='ocrx_word' id='word_1_186' title='bbox 545 2285 848 2345; x_wconf 76' lang='lat' dir='ltr'><strong>nullatenus</strong></span> <span class='ocrx_word' id='word_1_187' title='bbox 903 2284 1115 2338; x_wconf 89' lang='lat' dir='ltr'><strong>alitera</strong></span> <span class='ocrx_word' id='word_1_188' title='bbox 1166 2283 1328 2338; x_wconf 90' lang='lat' dir='ltr'><strong>Patre</strong></span> <span class='ocrx_word' id='word_1_189' title='bbox 1377 2283 1638 2352; x_wconf 86' lang='lat' dir='ltr'><strong>procedit,</strong></span> <span class='ocrx_word' id='word_1_190' title='bbox 1697 2283 2116 2351; x_wconf 78' lang='lat' dir='ltr'><strong>quamaFilio;</strong></span> 
     </span>
    </p>
   </div>
   <div class='ocr_carea' id='block_1_27' title="bbox 545 2370 2116 2442">
    <p class='ocr_par' dir='ltr' id='par_1_27' title="bbox 545 2370 2116 2442">
     <span class='ocr_line' id='line_1_27' title="bbox 545 2370 2116 2442; baseline -0.003 -13"><span class='ocrx_word' id='word_1_191' title='bbox 545 2376 684 2430; x_wconf 81' lang='lat' dir='ltr'><strong>nulla</strong></span> <span class='ocrx_word' id='word_1_192' title='bbox 719 2375 919 2430; x_wconf 82' lang='lat' dir='ltr'><strong>veritas</strong></span> <span class='ocrx_word' id='word_1_193' title='bbox 969 2373 1173 2442; x_wconf 89' lang='lat' dir='ltr'><strong>patitur</strong></span> <span class='ocrx_word' id='word_1_194' title='bbox 1201 2381 1258 2426; x_wconf 91' lang='lat' dir='ltr'><strong>ut</strong></span> <span class='ocrx_word' id='word_1_195' title='bbox 1303 2371 1554 2426; x_wconf 88' lang='lat' dir='ltr'><strong>dissimili</strong></span> <span class='ocrx_word' id='word_1_196' title='bbox 1586 2370 1845 2427; x_wconf 85' lang='lat' dir='ltr'><strong>vocabulo</strong></span> <span class='ocrx_word' id='word_1_197' title='bbox 1872 2371 1938 2426; x_wconf 88' lang='lat' dir='ltr'><strong>ad</strong></span> <span class='ocrx_word' id='word_1_198' title='bbox 1969 2371 2116 2424; x_wconf 80' lang='grc' dir='ltr'>ίΙΙιιιιι</span> 
     </span>
    </p>
   </div>
   <div class='ocr_carea' id='block_1_28' title="bbox 545 2460 2118 2531">
    <p class='ocr_par' dir='ltr' id='par_1_28' title="bbox 545 2460 2118 2531">
     <span class='ocr_line' id='line_1_28' title="bbox 545 2460 2118 2531; baseline -0.004 -11"><span class='ocrx_word' id='word_1_199' title='bbox 545 2469 701 2522; x_wconf 84' lang='lat' dir='ltr'><strong>Pater</strong></span> <span class='ocrx_word' id='word_1_200' title='bbox 716 2476 768 2521; x_wconf 92' lang='lat' dir='ltr'><strong>et</strong></span> <span class='ocrx_word' id='word_1_201' title='bbox 794 2465 957 2520; x_wconf 86' lang='lat' dir='ltr'><strong>Filius</strong></span> <span class='ocrx_word' id='word_1_202' title='bbox 989 2463 1288 2518; x_wconf 79' lang='lat' dir='ltr'><strong>referantur</strong></span> <span class='ocrx_word' id='word_1_203' title='bbox 1314 2480 1327 2515; x_wconf 90' lang='lat'><strong>:</strong></span> <span class='ocrx_word' id='word_1_204' title='bbox 1356 2477 1461 2516; x_wconf 91' lang='lat' dir='ltr'><strong>non</strong></span> <span class='ocrx_word' id='word_1_205' title='bbox 1491 2469 1574 2515; x_wconf 90' lang='lat' dir='ltr'><strong>est</strong></span> <span class='ocrx_word' id='word_1_206' title='bbox 1601 2461 1764 2530; x_wconf 79' lang='lat' dir='ltr'><strong>igitur</strong></span> <span class='ocrx_word' id='word_1_207' title='bbox 1793 2460 1931 2516; x_wconf 89' lang='lat' dir='ltr'><strong>alter</strong></span> <span class='ocrx_word' id='word_1_208' title='bbox 1957 2471 2118 2531; x_wconf 87' lang='lat' dir='ltr'><strong>pater</strong></span> 
     </span>
    </p>
   </div>
   <div class='ocr_carea' id='block_1_29' title="bbox 543 2550 2111 2626">
    <p class='ocr_par' dir='ltr' id='par_1_29' title="bbox 543 2550 2111 2626">
     <span class='ocr_line' id='line_1_29' title="bbox 543 2550 2111 2626; baseline -0.003 -16"><span class='ocrx_word' id='word_1_209' title='bbox 543 2557 680 2626; x_wconf 74' lang='lat' dir='ltr'><strong>:jus,</strong></span> <span class='ocrx_word' id='word_1_210' title='bbox 730 2555 866 2609; x_wconf 89' lang='lat' dir='ltr'><strong>alter</strong></span> <span class='ocrx_word' id='word_1_211' title='bbox 900 2564 1090 2608; x_wconf 85' lang='lat' dir='ltr'><strong>mater.</strong></span> <span class='ocrx_word' id='word_1_212' title='bbox 1126 2551 1194 2607; x_wconf 89' lang='lat' dir='ltr'><strong>Ut</strong></span> <span class='ocrx_word' id='word_1_213' title='bbox 1222 2563 1403 2605; x_wconf 89' lang='lat' dir='ltr'><strong>autem</strong></span> <span class='ocrx_word' id='word_1_214' title='bbox 1448 2552 1553 2605; x_wconf 90' lang='lat' dir='ltr'><strong>duo</strong></span> <span class='ocrx_word' id='word_1_215' title='bbox 1601 2550 1778 2620; x_wconf 90' lang='lat' dir='ltr'><strong>aliqua</strong></span> <span class='ocrx_word' id='word_1_216' title='bbox 1807 2551 1934 2615; x_wconf 90' lang='lat' dir='ltr'><strong>sint,</strong></span> <span class='ocrx_word' id='word_1_217' title='bbox 1990 2567 2111 2621; x_wconf 70' lang='lat' dir='ltr'><strong>qua:</strong></span> 
     </span>
    </p>
   </div>
   <div class='ocr_carea' id='block_1_30' title="bbox 543 2641 2114 2714">
    <p class='ocr_par' dir='ltr' id='par_1_30' title="bbox 543 2641 2114 2714">
     <span class='ocr_line' id='line_1_30' title="bbox 543 2641 2114 2714; baseline -0.001 -17"><span class='ocrx_word' id='word_1_218' title='bbox 543 2643 747 2714; x_wconf 83' lang='lat' dir='ltr'><strong>singula</strong></span> <span class='ocrx_word' id='word_1_219' title='bbox 781 2641 1104 2712; x_wconf 81' lang='lat' dir='ltr'><strong>perfectam,</strong></span> <span class='ocrx_word' id='word_1_220' title='bbox 1135 2652 1188 2694; x_wconf 94' lang='lat' dir='ltr'><strong>et</strong></span> <span class='ocrx_word' id='word_1_221' title='bbox 1213 2641 1354 2694; x_wconf 89' lang='lat' dir='ltr'><strong>nulla</strong></span> <span class='ocrx_word' id='word_1_222' title='bbox 1385 2641 1821 2696; x_wconf 84' lang='lat' dir='ltr'><strong>consideratione</strong></span> <span class='ocrx_word' id='word_1_223' title='bbox 1859 2641 2114 2696; x_wconf 71' lang='lat' dir='ltr'><strong>dili’eren-</strong></span> 
     </span>
    </p>
   </div>
   <div class='ocr_carea' id='block_1_31' title="bbox 541 2733 2119 2803">
    <p class='ocr_par' dir='ltr' id='par_1_31' title="bbox 541 2733 2119 2803">
     <span class='ocr_line' id='line_1_31' title="bbox 541 2733 2119 2803; baseline -0.003 -15"><span class='ocrx_word' id='word_1_224' title='bbox 541 2745 646 2790; x_wconf 89' lang='lat' dir='ltr'><strong>tem</strong></span> <span class='ocrx_word' id='word_1_225' title='bbox 677 2735 906 2788; x_wconf 84' lang='lat' dir='ltr'><strong>habeant</strong></span> <span class='ocrx_word' id='word_1_226' title='bbox 959 2733 1162 2803; x_wconf 81' lang='lat' dir='ltr'><strong>pariter</strong></span> <span class='ocrx_word' id='word_1_227' title='bbox 1193 2733 1257 2785; x_wconf 90' lang='lat' dir='ltr'><strong>ad</strong></span> <span class='ocrx_word' id='word_1_228' title='bbox 1312 2733 1513 2802; x_wconf 83' lang='lat' dir='ltr'><strong>aliquid</strong></span> <span class='ocrx_word' id='word_1_229' title='bbox 1561 2749 1748 2798; x_wconf 87' lang='lat' dir='ltr'><strong>unum,</strong></span> <span class='ocrx_word' id='word_1_230' title='bbox 1801 2733 1971 2802; x_wconf 88' lang='lat' dir='ltr'><strong>patris</strong></span> <span class='ocrx_word' id='word_1_231' title='bbox 2027 2742 2119 2786; x_wconf 89' lang='lat' dir='ltr'><strong>aut</strong></span> 
     </span>
    </p>
   </div>
   <div class='ocr_carea' id='block_1_32' title="bbox 542 2822 2116 2892">
    <p class='ocr_par' dir='ltr' id='par_1_32' title="bbox 542 2822 2116 2892">
     <span class='ocr_line' id='line_1_32' title="bbox 542 2822 2116 2892; baseline -0.002 -13"><span class='ocrx_word' id='word_1_232' title='bbox 542 2826 733 2882; x_wconf 78' lang='lat' dir='ltr'><strong>matris</strong></span> <span class='ocrx_word' id='word_1_233' title='bbox 769 2825 1162 2890; x_wconf 88' lang='lat' dir='ltr'><strong>habitudinem,</strong></span> <span class='ocrx_word' id='word_1_234' title='bbox 1197 2823 1342 2877; x_wconf 89' lang='lat' dir='ltr'><strong>nulla</strong></span> <span class='ocrx_word' id='word_1_235' title='bbox 1377 2834 1570 2876; x_wconf 88' lang='lat' dir='ltr'><strong>natura</strong></span> <span class='ocrx_word' id='word_1_236' title='bbox 1601 2822 1780 2892; x_wconf 86' lang='lat' dir='ltr'><strong>aliquo</strong></span> <span class='ocrx_word' id='word_1_237' title='bbox 1825 2826 2116 2878; x_wconf 88' lang='lat' dir='ltr'><strong>monstrari</strong></span> 
     </span>
    </p>
   </div>
   <div class='ocr_carea' id='block_1_33' title="bbox 542 2912 2117 2982">
    <p class='ocr_par' dir='ltr' id='par_1_33' title="bbox 542 2912 2117 2982">
     <span class='ocr_line' id='line_1_33' title="bbox 542 2912 2117 2982; baseline -0.004 -9"><span class='ocrx_word' id='word_1_238' title='bbox 542 2916 790 2973; x_wconf 85' lang='lat' dir='ltr'><strong>concedit</strong></span> <span class='ocrx_word' id='word_1_239' title='bbox 837 2912 1103 2982; x_wconf 78' lang='lat' dir='ltr'><strong>exemplo.</strong></span> <span class='ocrx_word' id='word_1_240' title='bbox 1147 2912 1291 2982; x_wconf 83' lang='lat' dir='ltr'><strong>Ergo</strong></span> <span class='ocrx_word' id='word_1_241' title='bbox 1345 2928 1450 2966; x_wconf 93' lang='lat' dir='ltr'><strong>uon</strong></span> <span class='ocrx_word' id='word_1_242' title='bbox 1495 2922 1578 2966; x_wconf 90' lang='lat' dir='ltr'><strong>est</strong></span> <span class='ocrx_word' id='word_1_243' title='bbox 1609 2921 1869 2982; x_wconf 88' lang='lat' dir='ltr'><strong>uterque,</strong></span> <span class='ocrx_word' id='word_1_244' title='bbox 1912 2913 2117 2968; x_wconf 89' lang='lat' dir='ltr'><strong>scilicet</strong></span> 
     </span>
    </p>
   </div>
   <div class='ocr_carea' id='block_1_34' title="bbox 543 3003 2117 3073">
    <p class='ocr_par' dir='ltr' id='par_1_34' title="bbox 543 3003 2117 3073">
     <span class='ocr_line' id='line_1_34' title="bbox 543 3003 2117 3073; baseline -0.004 -12"><span class='ocrx_word' id='word_1_245' title='bbox 543 3007 701 3061; x_wconf 84' lang='lat' dir='ltr'><strong>Pater</strong></span> <span class='ocrx_word' id='word_1_246' title='bbox 726 3013 781 3060; x_wconf 90' lang='lat' dir='ltr'><strong>et</strong></span> <span class='ocrx_word' id='word_1_247' title='bbox 805 3005 996 3069; x_wconf 85' lang='lat' dir='ltr'><strong>Filius,</strong></span> <span class='ocrx_word' id='word_1_248' title='bbox 1023 3013 1177 3073; x_wconf 85' lang='lat' dir='ltr'><strong>pater</strong></span> <span class='ocrx_word' id='word_1_249' title='bbox 1203 3013 1292 3058; x_wconf 90' lang='lat' dir='ltr'><strong>aut</strong></span> <span class='ocrx_word' id='word_1_250' title='bbox 1325 3012 1496 3060; x_wconf 85' lang='lat' dir='ltr'><strong>mater</strong></span> <span class='ocrx_word' id='word_1_251' title='bbox 1519 3003 1720 3058; x_wconf 88' lang='lat' dir='ltr'><strong>amoris</strong></span> <span class='ocrx_word' id='word_1_252' title='bbox 1746 3018 1776 3056; x_wconf 92' lang='lat' dir='ltr'><strong>a</strong></span> <span class='ocrx_word' id='word_1_253' title='bbox 1807 3018 1866 3059; x_wconf 90' lang='lat' dir='ltr'><strong>se</strong></span> <span class='ocrx_word' id='word_1_254' title='bbox 1897 3021 2117 3056; x_wconf 85' lang='lat' dir='ltr'><strong>manau-</strong></span> 
     </span>
    </p>
   </div>
   <div class='ocr_carea' id='block_1_35' title="bbox 542 3093 2117 3165">
    <p class='ocr_par' dir='ltr' id='par_1_35' title="bbox 542 3093 2117 3165">
     <span class='ocr_line' id='line_1_35' title="bbox 542 3093 2117 3165; baseline -0.003 -14"><span class='ocrx_word' id='word_1_255' title='bbox 542 3098 631 3152; x_wconf 89' lang='lat' dir='ltr'><strong>tis.</strong></span> <span class='ocrx_word' id='word_1_256' title='bbox 663 3094 1011 3165; x_wconf 83' lang='lat' dir='ltr'><strong>Nequaquam</strong></span> <span class='ocrx_word' id='word_1_257' title='bbox 1043 3095 1224 3162; x_wconf 86' lang='lat' dir='ltr'><strong>itaque</strong></span> <span class='ocrx_word' id='word_1_258' title='bbox 1247 3094 1454 3148; x_wconf 74' lang='lat' dir='ltr'><strong>videtur</strong></span> <span class='ocrx_word' id='word_1_259' title='bbox 1478 3093 1689 3149; x_wconf 83' lang='lat' dir='ltr'><strong>veritati</strong></span> <span class='ocrx_word' id='word_1_260' title='bbox 1719 3095 2030 3160; x_wconf 84' lang='lat' dir='ltr'><strong>convenire,</strong></span> <span class='ocrx_word' id='word_1_261' title='bbox 2059 3103 2117 3148; x_wconf 91' lang='lat' dir='ltr'><strong>ut</strong></span> 
     </span>
    </p>
   </div>
   <div class='ocr_carea' id='block_1_36' title="bbox 543 3185 1686 3254">
    <p class='ocr_par' dir='ltr' id='par_1_36' title="bbox 543 3185 1686 3254">
     <span class='ocr_line' id='line_1_36' title="bbox 543 3185 1686 3254; baseline -0.003 -11"><span class='ocrx_word' id='word_1_262' title='bbox 543 3187 684 3243; x_wconf 88' lang='lat' dir='ltr'><strong>idem</strong></span> <span class='ocrx_word' id='word_1_263' title='bbox 711 3202 864 3243; x_wconf 91' lang='lat' dir='ltr'><strong>amor</strong></span> <span class='ocrx_word' id='word_1_264' title='bbox 889 3201 1076 3240; x_wconf 90' lang='lat' dir='ltr'><strong>eorum</strong></span> <span class='ocrx_word' id='word_1_265' title='bbox 1107 3185 1250 3239; x_wconf 85' lang='lat' dir='ltr'><strong>ﬁlius</strong></span> <span class='ocrx_word' id='word_1_266' title='bbox 1274 3185 1343 3240; x_wconf 89' lang='lat' dir='ltr'><strong>sit</strong></span> <span class='ocrx_word' id='word_1_267' title='bbox 1365 3194 1457 3241; x_wconf 86' lang='lat' dir='ltr'><strong>aut</strong></span> <span class='ocrx_word' id='word_1_268' title='bbox 1487 3185 1686 3254; x_wconf 89' lang='lat' dir='ltr'><strong>proles.</strong></span> 
     </span>
    </p>
   </div>
   <div class='ocr_carea' id='block_1_37' title="bbox 929 3295 1728 3369">
    <p class='ocr_par' dir='ltr' id='par_1_37' title="bbox 929 3295 1728 3369">
     <span class='ocr_line' id='line_1_37' title="bbox 929 3295 1728 3369; baseline 0 -17"><span class='ocrx_word' id='word_1_269' title='bbox 929 3296 1158 3353; x_wconf 70' lang='lat' dir='ltr'><strong>eam</strong></span> <span class='ocrx_word' id='word_1_270' title='bbox 1195 3295 1304 3351; x_wconf 88' lang='lat' dir='ltr'><strong>LVI</strong></span> <span class='ocrx_word' id='word_1_271' title='bbox 1326 3295 1436 3368; x_wconf 75' lang='grc' dir='ltr'><strong>[αι.</strong></span> <span class='ocrx_word' id='word_1_272' title='bbox 1462 3296 1606 3369; x_wconf 81' lang='lat' dir='ltr'><strong>LIV]</strong></span> <span class='ocrx_word' id='word_1_273' title='bbox 1638 3298 1728 3352; x_wconf 68' lang='grc' dir='ltr'><strong>σω.</strong></span> 
     </span>
    </p>
   </div>
   <div class='ocr_carea' id='block_1_38' title="bbox 543 3386 2119 3457">
    <p class='ocr_par' dir='ltr' id='par_1_38' title="bbox 543 3386 2119 3457">
     <span class='ocr_line' id='line_1_38' title="bbox 543 3386 2119 3457; baseline -0.001 -13"><span class='ocrx_word' id='word_1_274' title='bbox 543 3391 696 3457; x_wconf 81' lang='lat' dir='ltr'><strong>Quod</strong></span> <span class='ocrx_word' id='word_1_275' title='bbox 759 3389 902 3443; x_wconf 85' lang='lat' dir='ltr'><strong>solus</strong></span> <span class='ocrx_word' id='word_1_276' title='bbox 941 3386 1105 3442; x_wconf 87' lang='lat' dir='ltr'><strong>Pater</strong></span> <span class='ocrx_word' id='word_1_277' title='bbox 1150 3389 1216 3441; x_wconf 86' lang='lat' dir='ltr'><strong>sit</strong></span> <span class='ocrx_word' id='word_1_278' title='bbox 1261 3388 1486 3457; x_wconf 76' lang='lat' dir='ltr'><strong>genimr,</strong></span> <span class='ocrx_word' id='word_1_279' title='bbox 1535 3398 1582 3439; x_wconf 88' lang='lat' dir='ltr'><strong>et</strong></span> <span class='ocrx_word' id='word_1_280' title='bbox 1623 3387 1916 3455; x_wconf 74' lang='lat' dir='ltr'><strong>ingenitus;</strong></span> <span class='ocrx_word' id='word_1_281' title='bbox 1978 3389 2119 3443; x_wconf 83' lang='lat' dir='ltr'><strong>solus</strong></span> 
     </span>
    </p>
   </div>
   <div class='ocr_carea' id='block_1_39' title="bbox 617 3459 2116 3542">
    <p class='ocr_par' dir='ltr' id='par_1_39' title="bbox 617 3459 2116 3542">
     <span class='ocr_line' id='line_1_39' title="bbox 617 3459 2116 3542; baseline 0 -30"><span class='ocrx_word' id='word_1_282' title='bbox 617 3459 788 3514; x_wconf 77' lang='lat' dir='ltr'><strong>Filius</strong></span> <span class='ocrx_word' id='word_1_283' title='bbox 817 3461 1049 3530; x_wconf 82' lang='lat' dir='ltr'><strong>genitus,</strong></span> <span class='ocrx_word' id='word_1_284' title='bbox 1073 3459 1216 3512; x_wconf 86' lang='lat' dir='ltr'><strong>solus</strong></span> <span class='ocrx_word' id='word_1_285' title='bbox 1239 3473 1391 3511; x_wconf 88' lang='lat' dir='ltr'><strong>amor</strong></span> <span class='ocrx_word' id='word_1_286' title='bbox 1413 3473 1502 3511; x_wconf 83' lang='lat' dir='ltr'><strong>nec</strong></span> <span class='ocrx_word' id='word_1_287' title='bbox 1523 3459 1750 3542; x_wconf 55' lang='lat' dir='ltr'><strong>genitas,</strong></span> <span class='ocrx_word' id='word_1_288' title='bbox 1792 3475 1883 3512; x_wconf 80' lang='lat' dir='ltr'><strong>nec</strong></span> <span class='ocrx_word' id='word_1_289' title='bbox 1917 3459 2116 3528; x_wconf 56' lang='lat' dir='ltr'><strong>ingeni.</strong></span> 
     </span>
    </p>
   </div>
   <div class='ocr_carea' id='block_1_40' title="bbox 619 3544 726 3582">
    <p class='ocr_par' dir='ltr' id='par_1_40' title="bbox 619 3544 726 3582">
     <span class='ocr_line' id='line_1_40' title="bbox 619 3544 726 3582; baseline 0 0"><span class='ocrx_word' id='word_1_290' title='bbox 619 3544 726 3582; x_wconf 72' lang='grc' dir='ltr'>ιιιδ.</span> 
     </span>
    </p>
   </div>
   <div class='ocr_carea' id='block_1_41' title="bbox 543 3643 2115 3715">
    <p class='ocr_par' dir='ltr' id='par_1_41' title="bbox 543 3643 2115 3715">
     <span class='ocr_line' id='line_1_41' title="bbox 543 3643 2115 3715; baseline -0.001 -16"><span class='ocrx_word' id='word_1_291' title='bbox 543 3643 885 3699; x_wconf 69' lang='lat' dir='ltr'><strong>Coasrecrus</strong></span> <span class='ocrx_word' id='word_1_292' title='bbox 920 3659 1147 3700; x_wconf 76' lang='lat' dir='ltr'><strong>CAPITIS.</strong></span> <span class='ocrx_word' id='word_1_293' title='bbox 1177 3677 1246 3685; x_wconf 90' lang='lat'><strong>—-</strong></span> <span class='ocrx_word' id='word_1_294' title='bbox 1277 3645 1420 3715; x_wconf 88' lang='lat' dir='ltr'><strong>Ergo</strong></span> <span class='ocrx_word' id='word_1_295' title='bbox 1469 3659 1622 3698; x_wconf 90' lang='lat' dir='ltr'><strong>amor</strong></span> <span class='ocrx_word' id='word_1_296' title='bbox 1675 3643 1778 3699; x_wconf 89' lang='lat' dir='ltr'><strong>iste</strong></span> <span class='ocrx_word' id='word_1_297' title='bbox 1809 3659 1912 3698; x_wconf 90' lang='lat' dir='ltr'><strong>non</strong></span> <span class='ocrx_word' id='word_1_298' title='bbox 1942 3652 2115 3714; x_wconf 87' lang='lat' dir='ltr'><strong>potest</strong></span> 
     </span>
    </p>
   </div>
   <div class='ocr_carea' id='block_1_42' title="bbox 614 3715 2116 3784">
    <p class='ocr_par' dir='ltr' id='par_1_42' title="bbox 614 3715 2116 3784">
     <span class='ocr_line' id='line_1_42' title="bbox 614 3715 2116 3784; baseline 0 -16"><span class='ocrx_word' id='word_1_299' title='bbox 614 3717 828 3783; x_wconf 86' lang='lat' dir='ltr'><strong>proprie</strong></span> <span class='ocrx_word' id='word_1_300' title='bbox 857 3715 961 3768; x_wconf 91' lang='lat' dir='ltr'><strong>diei</strong></span> <span class='ocrx_word' id='word_1_301' title='bbox 1012 3715 1246 3783; x_wconf 85' lang='lat' dir='ltr'><strong>genitus.</strong></span> <span class='ocrx_word' id='word_1_302' title='bbox 1278 3717 1418 3770; x_wconf 90' lang='lat' dir='ltr'><strong>sicut</strong></span> <span class='ocrx_word' id='word_1_303' title='bbox 1447 3715 1679 3770; x_wconf 80' lang='lat' dir='ltr'><strong>Verbum</strong></span> <span class='ocrx_word' id='word_1_304' title='bbox 1712 3732 1725 3767; x_wconf 91' lang='lat'>:</span> <span class='ocrx_word' id='word_1_305' title='bbox 1759 3716 1852 3768; x_wconf 88' lang='lat' dir='ltr'><strong>sed</strong></span> <span class='ocrx_word' id='word_1_306' title='bbox 1880 3715 2116 3784; x_wconf 64' lang='lat' dir='ltr'><strong>neeaa</strong></span> 
     </span>
    </p>
   </div>
   <div class='ocr_carea' id='block_1_43' title="bbox 599 3784 2116 3852">
    <p class='ocr_par' dir='ltr' id='par_1_43' title="bbox 599 3784 2116 3852">
     <span class='ocr_line' id='line_1_43' title="bbox 599 3784 2116 3852; baseline -0.001 -15"><span class='ocrx_word' id='word_1_307' title='bbox 599 3785 838 3838; x_wconf 71' lang='lat' dir='ltr'><strong>&#39;onmiuo</strong></span> <span class='ocrx_word' id='word_1_308' title='bbox 871 3784 1144 3852; x_wconf 79' lang='lat' dir='ltr'><strong>ingenitus</strong></span> <span class='ocrx_word' id='word_1_309' title='bbox 1176 3785 1436 3839; x_wconf 86' lang='lat' dir='ltr'><strong>dicendus</strong></span> <span class='ocrx_word' id='word_1_310' title='bbox 1461 3793 1577 3849; x_wconf 82' lang='lat' dir='ltr'><strong>est;</strong></span> <span class='ocrx_word' id='word_1_311' title='bbox 1607 3784 1731 3852; x_wconf 88' lang='lat' dir='ltr'><strong>quia</strong></span> <span class='ocrx_word' id='word_1_312' title='bbox 1763 3799 1868 3837; x_wconf 89' lang='lat' dir='ltr'><strong>non</strong></span> <span class='ocrx_word' id='word_1_313' title='bbox 1896 3799 2116 3837; x_wconf 84' lang='lat' dir='ltr'><strong>omnum</strong></span> 
     </span>
    </p>
   </div>
   <div class='ocr_carea' id='block_1_44' title="bbox 619 3851 2116 3923">
    <p class='ocr_par' dir='ltr' id='par_1_44' title="bbox 619 3851 2116 3923">
     <span class='ocr_line' id='line_1_44' title="bbox 619 3851 2116 3923; baseline -0.002 -15"><span class='ocrx_word' id='word_1_314' title='bbox 619 3870 724 3908; x_wconf 88' lang='lat' dir='ltr'><strong>non</strong></span> <span class='ocrx_word' id='word_1_315' title='bbox 759 3862 844 3908; x_wconf 91' lang='lat' dir='ltr'><strong>est</strong></span> <span class='ocrx_word' id='word_1_316' title='bbox 875 3851 943 3907; x_wconf 90' lang='lat' dir='ltr'><strong>ab</strong></span> <span class='ocrx_word' id='word_1_317' title='bbox 982 3854 1109 3908; x_wconf 92' lang='lat' dir='ltr'><strong>alio.</strong></span> <span class='ocrx_word' id='word_1_318' title='bbox 1154 3853 1268 3908; x_wconf 82' lang='lat' dir='ltr'><strong>Hoc</strong></span> <span class='ocrx_word' id='word_1_319' title='bbox 1298 3855 1478 3923; x_wconf 84' lang='lat' dir='ltr'><strong>itaque</strong></span> <span class='ocrx_word' id='word_1_320' title='bbox 1524 3851 1812 3923; x_wconf 13' lang='lat' dir='ltr'><strong>soli’il’atri</strong></span> <span class='ocrx_word' id='word_1_321' title='bbox 1845 3853 2116 3916; x_wconf 85' lang='lat' dir='ltr'><strong>convenit,</strong></span> 
     </span>
    </p>
   </div>
   <div class='ocr_carea' id='block_1_45' title="bbox 611 3921 2118 3993">
    <p class='ocr_par' dir='ltr' id='par_1_45' title="bbox 611 3921 2118 3993">
     <span class='ocr_line' id='line_1_45' title="bbox 611 3921 2118 3993; baseline 0 -16"><span class='ocrx_word' id='word_1_322' title='bbox 611 3925 752 3992; x_wconf 84' lang='lat' dir='ltr'><strong>quod</strong></span> <span class='ocrx_word' id='word_1_323' title='bbox 783 3925 852 3978; x_wconf 92' lang='lat' dir='ltr'><strong>sit</strong></span> <span class='ocrx_word' id='word_1_324' title='bbox 896 3923 1108 3993; x_wconf 83' lang='lat' dir='ltr'><strong>genitor</strong></span> <span class='ocrx_word' id='word_1_325' title='bbox 1138 3934 1194 3979; x_wconf 90' lang='lat' dir='ltr'><strong>et</strong></span> <span class='ocrx_word' id='word_1_326' title='bbox 1248 3921 1538 3993; x_wconf 80' lang='lat' dir='ltr'><strong>ingenitus;</strong></span> <span class='ocrx_word' id='word_1_327' title='bbox 1579 3922 1678 3978; x_wconf 90' lang='lat' dir='ltr'><strong>soli</strong></span> <span class='ocrx_word' id='word_1_328' title='bbox 1723 3921 1901 3976; x_wconf 90' lang='lat' dir='ltr'><strong>Verbo</strong></span> <span class='ocrx_word' id='word_1_329' title='bbox 1928 3963 1941 3985; x_wconf 90' lang='lat'><strong>,</strong></span> <span class='ocrx_word' id='word_1_330' title='bbox 1973 3924 2118 3991; x_wconf 90' lang='lat' dir='ltr'><strong>quod</strong></span> 
     </span>
    </p>
   </div>
   <div class='ocr_carea' id='block_1_46' title="bbox 612 3993 2117 4063">
    <p class='ocr_par' dir='ltr' id='par_1_46' title="bbox 612 3993 2117 4063">
     <span class='ocr_line' id='line_1_46' title="bbox 612 3993 2117 4063; baseline -0.003 -13"><span class='ocrx_word' id='word_1_331' title='bbox 612 3995 682 4050; x_wconf 82' lang='lat' dir='ltr'><strong>sit</strong></span> <span class='ocrx_word' id='word_1_332' title='bbox 703 3995 979 4063; x_wconf 75' lang='lat' dir='ltr'><strong>genitum;</strong></span> <span class='ocrx_word' id='word_1_333' title='bbox 1011 3994 1108 4047; x_wconf 90' lang='lat' dir='ltr'><strong>soli</strong></span> <span class='ocrx_word' id='word_1_334' title='bbox 1141 3995 1336 4059; x_wconf 89' lang='lat' dir='ltr'><strong>amori,</strong></span> <span class='ocrx_word' id='word_1_335' title='bbox 1369 3994 1510 4063; x_wconf 93' lang='lat' dir='ltr'><strong>quod</strong></span> <span class='ocrx_word' id='word_1_336' title='bbox 1539 4009 1638 4047; x_wconf 91' lang='lat' dir='ltr'><strong>nec</strong></span> <span class='ocrx_word' id='word_1_337' title='bbox 1662 3993 1873 4062; x_wconf 90' lang='lat' dir='ltr'><strong>proprie</strong></span> <span class='ocrx_word' id='word_1_338' title='bbox 1905 3995 2117 4063; x_wconf 86' lang='lat' dir='ltr'><strong>genitus</strong></span> 
     </span>
    </p>
   </div>
   <div class='ocr_carea' id='block_1_47' title="bbox 609 4062 2119 4133">
    <p class='ocr_par' dir='ltr' id='par_1_47' title="bbox 609 4062 2119 4133">
     <span class='ocr_line' id='line_1_47' title="bbox 609 4062 2119 4133; baseline -0.001 -16"><span class='ocrx_word' id='word_1_339' title='bbox 609 4062 956 4118; x_wconf 81' lang='lat' dir='ltr'><strong>neeomnino</strong></span> <span class='ocrx_word' id='word_1_340' title='bbox 984 4063 1269 4132; x_wconf 88' lang='lat' dir='ltr'><strong>ingenitus,</strong></span> <span class='ocrx_word' id='word_1_341' title='bbox 1293 4062 1400 4117; x_wconf 90' lang='lat' dir='ltr'><strong>sed</strong></span> <span class='ocrx_word' id='word_1_342' title='bbox 1410 4063 1713 4133; x_wconf 83' lang='lat' dir='ltr'><strong>procedens</strong></span> <span class='ocrx_word' id='word_1_343' title='bbox 1735 4065 1832 4127; x_wconf 85' lang='lat' dir='ltr'><strong>sit;</strong></span> <span class='ocrx_word' id='word_1_344' title='bbox 1865 4062 1988 4130; x_wconf 90' lang='lat' dir='ltr'><strong>quia</strong></span> <span class='ocrx_word' id='word_1_345' title='bbox 2019 4077 2119 4115; x_wconf 89' lang='lat' dir='ltr'><strong>nec</strong></span> 
     </span>
    </p>
   </div>
   <div class='ocr_carea' id='block_1_48' title="bbox 609 4131 1762 4203">
    <p class='ocr_par' dir='ltr' id='par_1_48' title="bbox 609 4131 1762 4203">
     <span class='ocr_line' id='line_1_48' title="bbox 609 4131 1762 4203; baseline -0.002 -17"><span class='ocrx_word' id='word_1_346' title='bbox 609 4134 792 4203; x_wconf 88' lang='lat' dir='ltr'><strong>proles</strong></span> <span class='ocrx_word' id='word_1_347' title='bbox 819 4143 897 4187; x_wconf 88' lang='lat' dir='ltr'><strong>est</strong></span> <span class='ocrx_word' id='word_1_348' title='bbox 923 4146 1022 4186; x_wconf 84' lang='lat' dir='ltr'><strong>nec</strong></span> <span class='ocrx_word' id='word_1_349' title='bbox 1048 4131 1271 4186; x_wconf 78' lang='lat' dir='ltr'><strong>cumino</strong></span> <span class='ocrx_word' id='word_1_350' title='bbox 1299 4149 1400 4187; x_wconf 92' lang='lat' dir='ltr'><strong>non</strong></span> <span class='ocrx_word' id='word_1_351' title='bbox 1417 4131 1515 4187; x_wconf 52' lang='lat' dir='ltr'><strong>:est</strong></span> <span class='ocrx_word' id='word_1_352' title='bbox 1542 4131 1611 4186; x_wconf 90' lang='lat' dir='ltr'><strong>ab</strong></span> <span class='ocrx_word' id='word_1_353' title='bbox 1636 4131 1762 4186; x_wconf 86' lang='lat' dir='ltr'><strong>alio.</strong></span> 
     </span>
    </p>
   </div>
   <div class='ocr_carea' id='block_1_49' title="bbox 610 4221 2117 4288">
    <p class='ocr_par' dir='ltr' id='par_1_49' title="bbox 610 4221 2117 4288">
     <span class='ocr_line' id='line_1_49' title="bbox 610 4221 2117 4288; baseline -0.001 -11"><span class='ocrx_word' id='word_1_354' title='bbox 610 4223 718 4277; x_wconf 86' lang='lat' dir='ltr'><strong>Sed</strong></span> <span class='ocrx_word' id='word_1_355' title='bbox 746 4223 961 4277; x_wconf 83' lang='lat' dir='ltr'><strong>videtur</strong></span> <span class='ocrx_word' id='word_1_356' title='bbox 989 4230 1167 4276; x_wconf 89' lang='lat' dir='ltr'><strong>tamen</strong></span> <span class='ocrx_word' id='word_1_357' title='bbox 1217 4237 1368 4276; x_wconf 91' lang='lat' dir='ltr'><strong>amor</strong></span> <span class='ocrx_word' id='word_1_358' title='bbox 1395 4223 1559 4288; x_wconf 89' lang='lat' dir='ltr'><strong>idem,</strong></span> <span class='ocrx_word' id='word_1_359' title='bbox 1606 4235 1706 4276; x_wconf 89' lang='lat' dir='ltr'><strong>nec</strong></span> <span class='ocrx_word' id='word_1_360' title='bbox 1747 4221 1991 4287; x_wconf 90' lang='lat' dir='ltr'><strong>omnino,</strong></span> <span class='ocrx_word' id='word_1_361' title='bbox 2033 4237 2117 4275; x_wconf 81' lang='lat' dir='ltr'><strong>se-</strong></span> 
     </span>
    </p>
   </div>
   <div class='ocr_carea' id='block_1_50' title="bbox 541 4311 2118 4382">
    <p class='ocr_par' dir='ltr' id='par_1_50' title="bbox 541 4311 2118 4382">
     <span class='ocr_line' id='line_1_50' title="bbox 541 4311 2118 4382; baseline -0.004 -10"><span class='ocrx_word' id='word_1_362' title='bbox 541 4316 778 4372; x_wconf 90' lang='lat' dir='ltr'><strong>cundum</strong></span> <span class='ocrx_word' id='word_1_363' title='bbox 825 4317 1127 4371; x_wconf 90' lang='lat' dir='ltr'><strong>communis</strong></span> <span class='ocrx_word' id='word_1_364' title='bbox 1167 4313 1454 4368; x_wconf 84' lang='lat' dir='ltr'><strong>loeutionis</strong></span> <span class='ocrx_word' id='word_1_365' title='bbox 1501 4327 1658 4367; x_wconf 87' lang='lat' dir='ltr'><strong>usum</strong></span> <span class='ocrx_word' id='word_1_366' title='bbox 1683 4311 1772 4378; x_wconf 78' lang='grc'><strong>⁸⁸³,</strong></span> <span class='ocrx_word' id='word_1_367' title='bbox 1806 4313 1908 4366; x_wconf 90' lang='lat' dir='ltr'><strong>dici</strong></span> <span class='ocrx_word' id='word_1_368' title='bbox 1961 4326 2118 4382; x_wconf 88' lang='lat' dir='ltr'><strong>posse</strong></span> 
     </span>
    </p>
   </div>
   <div class='ocr_carea' id='block_1_51' title="bbox 542 4404 2112 4486">
    <p class='ocr_par' dir='ltr' id='par_1_51' title="bbox 542 4404 2112 4486">
     <span class='ocr_line' id='line_1_51' title="bbox 542 4404 2112 4486; baseline -0.005 -20"><span class='ocrx_word' id='word_1_369' title='bbox 542 4413 849 4481; x_wconf 85' lang='lat' dir='ltr'><strong>ingenitus;</strong></span> <span class='ocrx_word' id='word_1_370' title='bbox 887 4415 1080 4470; x_wconf 91' lang='lat' dir='ltr'><strong>necita</strong></span> <span class='ocrx_word' id='word_1_371' title='bbox 1107 4416 1348 4486; x_wconf 88' lang='lat' dir='ltr'><strong>proprie,</strong></span> <span class='ocrx_word' id='word_1_372' title='bbox 1388 4409 1527 4464; x_wconf 90' lang='lat' dir='ltr'><strong>sicut</strong></span> <span class='ocrx_word' id='word_1_373' title='bbox 1571 4404 1828 4470; x_wconf 81' lang='lat' dir='ltr'><strong>Verbum,</strong></span> <span class='ocrx_word' id='word_1_374' title='bbox 1873 4407 2112 4476; x_wconf 87' lang='lat' dir='ltr'><strong>genitus.</strong></span> 
     </span>
    </p>
   </div>
   <div class='ocr_carea' id='block_1_52' title="bbox 2225 565 3803 633">
    <p class='ocr_par' dir='ltr' id='par_1_52' title="bbox 2225 565 3803 633">
     <span class='ocr_line' id='line_1_52' title="bbox 2225 565 3803 633; baseline 0.004 -12"><span class='ocrx_word' id='word_1_375' title='bbox 2225 566 2562 621; x_wconf 88' lang='lat' dir='ltr'><strong>verissimum</strong></span> <span class='ocrx_word' id='word_1_376' title='bbox 2591 565 2799 633; x_wconf 87' lang='lat' dir='ltr'><strong>ﬁlium;</strong></span> <span class='ocrx_word' id='word_1_377' title='bbox 2837 583 3075 624; x_wconf 88' lang='lat' dir='ltr'><strong>amorem</strong></span> <span class='ocrx_word' id='word_1_378' title='bbox 3107 585 3234 624; x_wconf 86' lang='lat' dir='ltr'><strong>vero</strong></span> <span class='ocrx_word' id='word_1_379' title='bbox 3282 572 3604 628; x_wconf 76' lang='lat' dir='ltr'><strong>nullatenus</strong></span> <span class='ocrx_word' id='word_1_380' title='bbox 3633 573 3803 628; x_wconf 82' lang='lat' dir='ltr'><strong>ﬁlium</strong></span> 
     </span>
    </p>
   </div>
   <div class='ocr_carea' id='block_1_53' title="bbox 2218 653 3803 731">
    <p class='ocr_par' dir='ltr' id='par_1_53' title="bbox 2218 653 3803 731">
     <span class='ocr_line' id='line_1_53' title="bbox 2218 653 3803 731; baseline 0.008 -27"><span class='ocrx_word' id='word_1_381' title='bbox 2218 662 2319 707; x_wconf 86' lang='lat' dir='ltr'><strong>aut</strong></span> <span class='ocrx_word' id='word_1_382' title='bbox 2363 653 2566 722; x_wconf 87' lang='lat' dir='ltr'><strong>prolem</strong></span> <span class='ocrx_word' id='word_1_383' title='bbox 2618 670 2760 719; x_wconf 90' lang='lat' dir='ltr'><strong>esse,</strong></span> <span class='ocrx_word' id='word_1_384' title='bbox 2823 656 3168 711; x_wconf 87' lang='lat' dir='ltr'><strong>manifestum</strong></span> <span class='ocrx_word' id='word_1_385' title='bbox 3202 667 3305 712; x_wconf 92' lang='lat' dir='ltr'><strong>est.</strong></span> <span class='ocrx_word' id='word_1_386' title='bbox 3362 659 3547 715; x_wconf 84' lang='lat' dir='ltr'><strong>Potest</strong></span> <span class='ocrx_word' id='word_1_387' title='bbox 3595 663 3803 731; x_wconf 85' lang='lat' dir='ltr'><strong>itaque,</strong></span> 
     </span>
    </p>
   </div>
   <div class='ocr_carea' id='block_1_54' title="bbox 2214 743 3808 819">
    <p class='ocr_par' dir='ltr' id='par_1_54' title="bbox 2214 743 3808 819">
     <span class='ocr_line' id='line_1_54' title="bbox 2214 743 3808 819; baseline 0.004 -22"><span class='ocrx_word' id='word_1_388' title='bbox 2214 743 2335 797; x_wconf 53' lang='lat' dir='ltr'><strong>&quot;imo</strong></span> <span class='ocrx_word' id='word_1_389' title='bbox 2368 744 2524 798; x_wconf 89' lang='lat' dir='ltr'><strong>debet</strong></span> <span class='ocrx_word' id='word_1_390' title='bbox 2574 744 2679 798; x_wconf 90' lang='lat' dir='ltr'><strong>dici</strong></span> <span class='ocrx_word' id='word_1_391' title='bbox 2731 744 2878 798; x_wconf 89' lang='lat' dir='ltr'><strong>solus</strong></span> <span class='ocrx_word' id='word_1_392' title='bbox 2920 745 3032 810; x_wconf 90' lang='lat' dir='ltr'><strong>ille,</strong></span> <span class='ocrx_word' id='word_1_393' title='bbox 3073 746 3227 816; x_wconf 83' lang='lat' dir='ltr'><strong>cujus</strong></span> <span class='ocrx_word' id='word_1_394' title='bbox 3260 745 3492 802; x_wconf 82' lang='lat' dir='ltr'><strong>Verbum</strong></span> <span class='ocrx_word' id='word_1_395' title='bbox 3520 758 3620 811; x_wconf 91' lang='lat' dir='ltr'><strong>est,</strong></span> <span class='ocrx_word' id='word_1_396' title='bbox 3655 752 3808 819; x_wconf 89' lang='lat' dir='ltr'><strong>geni-</strong></span> 
     </span>
    </p>
   </div>
   <div class='ocr_carea' id='block_1_55' title="bbox 2227 832 3808 906">
    <p class='ocr_par' dir='ltr' id='par_1_55' title="bbox 2227 832 3808 906">
     <span class='ocr_line' id='line_1_55' title="bbox 2227 832 3808 906; baseline 0.005 -22"><span class='ocrx_word' id='word_1_397' title='bbox 2227 840 2392 885; x_wconf 88' lang='lat' dir='ltr'><strong>tor-et</strong></span> <span class='ocrx_word' id='word_1_398' title='bbox 2423 832 2721 902; x_wconf 83' lang='lat' dir='ltr'><strong>ingenitus;</strong></span> <span class='ocrx_word' id='word_1_399' title='bbox 2747 833 2873 902; x_wconf 88' lang='lat' dir='ltr'><strong>quia</strong></span> <span class='ocrx_word' id='word_1_400' title='bbox 2905 833 3052 888; x_wconf 92' lang='lat' dir='ltr'><strong>solus</strong></span> <span class='ocrx_word' id='word_1_401' title='bbox 3099 842 3183 888; x_wconf 87' lang='lat' dir='ltr'><strong>est</strong></span> <span class='ocrx_word' id='word_1_402' title='bbox 3231 835 3395 889; x_wconf 87' lang='lat' dir='ltr'><strong>Pater</strong></span> <span class='ocrx_word' id='word_1_403' title='bbox 3423 848 3478 891; x_wconf 88' lang='lat' dir='ltr'><strong>et</strong></span> <span class='ocrx_word' id='word_1_404' title='bbox 3501 853 3722 906; x_wconf 87' lang='lat' dir='ltr'><strong>parens,</strong></span> <span class='ocrx_word' id='word_1_405' title='bbox 3752 847 3808 894; x_wconf 87' lang='lat' dir='ltr'><strong>et</strong></span> 
     </span>
    </p>
   </div>
   <div class='ocr_carea' id='block_1_56' title="bbox 2223 921 3806 999">
    <p class='ocr_par' dir='ltr' id='par_1_56' title="bbox 2223 921 3806 999">
     <span class='ocr_line' id='line_1_56' title="bbox 2223 921 3806 999; baseline 0.004 -24"><span class='ocrx_word' id='word_1_406' title='bbox 2223 921 2370 976; x_wconf 90' lang='lat' dir='ltr'><strong>nullo</strong></span> <span class='ocrx_word' id='word_1_407' title='bbox 2398 922 2556 976; x_wconf 89' lang='lat' dir='ltr'><strong>modo</strong></span> <span class='ocrx_word' id='word_1_408' title='bbox 2586 923 2655 977; x_wconf 88' lang='lat' dir='ltr'><strong>ab</strong></span> <span class='ocrx_word' id='word_1_409' title='bbox 2675 923 2782 977; x_wconf 84' lang='lat' dir='ltr'><strong>alio</strong></span> <span class='ocrx_word' id='word_1_410' title='bbox 2810 932 2892 978; x_wconf 91' lang='lat' dir='ltr'><strong>est</strong></span> <span class='ocrx_word' id='word_1_411' title='bbox 2926 941 2939 977; x_wconf 92' lang='lat'><strong>:</strong></span> <span class='ocrx_word' id='word_1_412' title='bbox 2969 924 3142 978; x_wconf 88' lang='lat' dir='ltr'><strong>solum</strong></span> <span class='ocrx_word' id='word_1_413' title='bbox 3175 937 3354 979; x_wconf 89' lang='lat' dir='ltr'><strong>autem</strong></span> <span class='ocrx_word' id='word_1_414' title='bbox 3391 924 3626 982; x_wconf 82' lang='lat' dir='ltr'><strong>Verbum</strong></span> <span class='ocrx_word' id='word_1_415' title='bbox 3655 929 3806 999; x_wconf 88' lang='lat' dir='ltr'><strong>geni-</strong></span> 
     </span>
    </p>
   </div>
   <div class='ocr_carea' id='block_1_57' title="bbox 2235 1010 3808 1082">
    <p class='ocr_par' dir='ltr' id='par_1_57' title="bbox 2235 1010 3808 1082">
     <span class='ocr_line' id='line_1_57' title="bbox 2235 1010 3808 1082; baseline 0.005 -19"><span class='ocrx_word' id='word_1_416' title='bbox 2235 1017 2382 1074; x_wconf 85' lang='lat' dir='ltr'><strong>tum,</strong></span> <span class='ocrx_word' id='word_1_417' title='bbox 2408 1011 2498 1079; x_wconf 90' lang='lat' dir='ltr'><strong>qui</strong></span> <span class='ocrx_word' id='word_1_418' title='bbox 2535 1010 2706 1064; x_wconf 90' lang='lat' dir='ltr'><strong>solum</strong></span> <span class='ocrx_word' id='word_1_419' title='bbox 2735 1011 2874 1066; x_wconf 89' lang='lat' dir='ltr'><strong>ﬁlius</strong></span> <span class='ocrx_word' id='word_1_420' title='bbox 2903 1022 2955 1067; x_wconf 91' lang='lat' dir='ltr'><strong>et</strong></span> <span class='ocrx_word' id='word_1_421' title='bbox 2979 1013 3164 1082; x_wconf 85' lang='lat' dir='ltr'><strong>proles</strong></span> <span class='ocrx_word' id='word_1_422' title='bbox 3189 1023 3290 1068; x_wconf 90' lang='lat' dir='ltr'><strong>est.</strong></span> <span class='ocrx_word' id='word_1_423' title='bbox 3317 1013 3475 1070; x_wconf 89' lang='lat' dir='ltr'><strong>Solus</strong></span> <span class='ocrx_word' id='word_1_424' title='bbox 3502 1031 3629 1072; x_wconf 86' lang='lat' dir='ltr'><strong>vero</strong></span> <span class='ocrx_word' id='word_1_425' title='bbox 3652 1032 3808 1071; x_wconf 84' lang='lat' dir='ltr'><strong>amor</strong></span> 
     </span>
    </p>
   </div>
   <div class='ocr_carea' id='block_1_58' title="bbox 2224 1099 3806 1176">
    <p class='ocr_par' dir='ltr' id='par_1_58' title="bbox 2224 1099 3806 1176">
     <span class='ocr_line' id='line_1_58' title="bbox 2224 1099 3806 1176; baseline 0.006 -22"><span class='ocrx_word' id='word_1_426' title='bbox 2224 1099 2528 1170; x_wconf 86' lang='lat' dir='ltr'><strong>utriusque,</strong></span> <span class='ocrx_word' id='word_1_427' title='bbox 2549 1116 2646 1156; x_wconf 89' lang='lat' dir='ltr'><strong>nec</strong></span> <span class='ocrx_word' id='word_1_428' title='bbox 2661 1103 2897 1172; x_wconf 90' lang='lat' dir='ltr'><strong>genitus,</strong></span> <span class='ocrx_word' id='word_1_429' title='bbox 2922 1119 3022 1158; x_wconf 91' lang='lat' dir='ltr'><strong>nec</strong></span> <span class='ocrx_word' id='word_1_430' title='bbox 3044 1104 3334 1175; x_wconf 81' lang='lat' dir='ltr'><strong>ingenitus,</strong></span> <span class='ocrx_word' id='word_1_431' title='bbox 3363 1107 3485 1176; x_wconf 89' lang='lat' dir='ltr'><strong>quia</strong></span> <span class='ocrx_word' id='word_1_432' title='bbox 3519 1122 3619 1162; x_wconf 89' lang='lat' dir='ltr'><strong>nec</strong></span> <span class='ocrx_word' id='word_1_433' title='bbox 3658 1107 3806 1163; x_wconf 87' lang='lat' dir='ltr'><strong>ﬁlius</strong></span> 
     </span>
    </p>
   </div>
   <div class='ocr_carea' id='block_1_59' title="bbox 2224 1194 3802 1263">
    <p class='ocr_par' dir='ltr' id='par_1_59' title="bbox 2224 1194 3802 1263">
     <span class='ocr_line' id='line_1_59' title="bbox 2224 1194 3802 1263; baseline 0.003 -16"><span class='ocrx_word' id='word_1_434' title='bbox 2224 1201 2324 1257; x_wconf 85' lang='lat' dir='ltr'><strong>est,</strong></span> <span class='ocrx_word' id='word_1_435' title='bbox 2354 1208 2452 1249; x_wconf 90' lang='lat' dir='ltr'><strong>nec</strong></span> <span class='ocrx_word' id='word_1_436' title='bbox 2475 1194 2652 1263; x_wconf 90' lang='lat' dir='ltr'><strong>proles</strong></span> <span class='ocrx_word' id='word_1_437' title='bbox 2680 1204 2763 1249; x_wconf 90' lang='lat' dir='ltr'><strong>est</strong></span> <span class='ocrx_word' id='word_1_438' title='bbox 2789 1194 2878 1259; x_wconf 66' lang='lat' dir='ltr'><strong>m,</strong></span> <span class='ocrx_word' id='word_1_439' title='bbox 2915 1210 3015 1250; x_wconf 89' lang='lat' dir='ltr'><strong>nec</strong></span> <span class='ocrx_word' id='word_1_440' title='bbox 3059 1197 3278 1252; x_wconf 88' lang='lat' dir='ltr'><strong>omnino</strong></span> <span class='ocrx_word' id='word_1_441' title='bbox 3308 1214 3413 1253; x_wconf 86' lang='lat' dir='ltr'><strong>non</strong></span> <span class='ocrx_word' id='word_1_442' title='bbox 3434 1207 3521 1253; x_wconf 91' lang='lat' dir='ltr'><strong>est</strong></span> <span class='ocrx_word' id='word_1_443' title='bbox 3551 1198 3620 1253; x_wconf 89' lang='lat' dir='ltr'><strong>ab</strong></span> <span class='ocrx_word' id='word_1_444' title='bbox 3668 1199 3802 1253; x_wconf 91' lang='lat' dir='ltr'><strong>alio.</strong></span> 
     </span>
    </p>
   </div>
   <div class='ocr_carea' id='block_1_60' title="bbox 2615 1323 3408 1400">
    <p class='ocr_par' dir='ltr' id='par_1_60' title="bbox 2615 1323 3408 1400">
     <span class='ocr_line' id='line_1_60' title="bbox 2615 1323 3408 1400; baseline 0.005 -22"><span class='ocrx_word' id='word_1_445' title='bbox 2615 1323 2850 1381; x_wconf 80' lang='lat' dir='ltr'><strong>CAPUT</strong></span> <span class='ocrx_word' id='word_1_446' title='bbox 2881 1325 3017 1381; x_wconf 86' lang='lat' dir='ltr'><strong>LVII</strong></span> <span class='ocrx_word' id='word_1_447' title='bbox 3047 1325 3145 1400; x_wconf 79' lang='grc' dir='ltr'>[ιιι.</span> <span class='ocrx_word' id='word_1_448' title='bbox 3174 1326 3285 1400; x_wconf 83' lang='lat' dir='ltr'><strong>LV]</strong></span> <span class='ocrx_word' id='word_1_449' title='bbox 3305 1328 3408 1382; x_wconf 61' lang='lat'><strong>&quot;3&quot;.</strong></span> 
     </span>
    </p>
   </div>
   <div class='ocr_carea' id='block_1_61' title="bbox 2228 1420 3807 1493">
    <p class='ocr_par' dir='ltr' id='par_1_61' title="bbox 2228 1420 3807 1493">
     <span class='ocr_line' id='line_1_61' title="bbox 2228 1420 3807 1493; baseline 0.008 -20"><span class='ocrx_word' id='word_1_450' title='bbox 2228 1420 2380 1493; x_wconf 66' lang='lat' dir='ltr'><strong>Queri</strong></span> <span class='ocrx_word' id='word_1_451' title='bbox 2409 1439 2558 1476; x_wconf 81' lang='lat' dir='ltr'><strong>antor</strong></span> <span class='ocrx_word' id='word_1_452' title='bbox 2578 1423 2738 1493; x_wconf 78' lang='lat' dir='ltr'><strong>_i(lem</strong></span> <span class='ocrx_word' id='word_1_453' title='bbox 2784 1425 2861 1478; x_wconf 83' lang='lat' dir='ltr'><strong>sic</strong></span> <span class='ocrx_word' id='word_1_454' title='bbox 2906 1427 2973 1479; x_wconf 87' lang='lat' dir='ltr'><strong>sit</strong></span> <span class='ocrx_word' id='word_1_455' title='bbox 2999 1428 3264 1482; x_wconf 80' lang='lat' dir='ltr'><strong>increatus</strong></span> <span class='ocrx_word' id='word_1_456' title='bbox 3290 1439 3338 1481; x_wconf 86' lang='lat' dir='ltr'><strong>et</strong></span> <span class='ocrx_word' id='word_1_457' title='bbox 3391 1439 3620 1493; x_wconf 68' lang='lat' dir='ltr'><strong>creator,</strong></span> <span class='ocrx_word' id='word_1_458' title='bbox 3668 1431 3807 1485; x_wconf 76' lang='lat' dir='ltr'><strong>sicut</strong></span> 
     </span>
    </p>
   </div>
   <div class='ocr_carea' id='block_1_62' title="bbox 2297 1490 3805 1564">
    <p class='ocr_par' dir='ltr' id='par_1_62' title="bbox 2297 1490 3805 1564">
     <span class='ocr_line' id='line_1_62' title="bbox 2297 1490 3805 1564; baseline 0.007 -21"><span class='ocrx_word' id='word_1_459' title='bbox 2297 1490 2460 1564; x_wconf 79' lang='lat' dir='ltr'><strong>Pater</strong></span> <span class='ocrx_word' id='word_1_460' title='bbox 2487 1503 2532 1544; x_wconf 91' lang='lat' dir='ltr'><strong>et</strong></span> <span class='ocrx_word' id='word_1_461' title='bbox 2565 1491 2740 1546; x_wconf 84' lang='lat' dir='ltr'><strong>Filius</strong></span> <span class='ocrx_word' id='word_1_462' title='bbox 2767 1507 2786 1546; x_wconf 89' lang='lat'><em>:</em></span> <span class='ocrx_word' id='word_1_463' title='bbox 2817 1505 2863 1546; x_wconf 87' lang='lat' dir='ltr'><strong>et</strong></span> <span class='ocrx_word' id='word_1_464' title='bbox 2894 1505 3070 1550; x_wconf 82' lang='lat' dir='ltr'><strong>tamen</strong></span> <span class='ocrx_word' id='word_1_465' title='bbox 3100 1498 3208 1564; x_wconf 81' lang='lat' dir='ltr'><strong>ipse</strong></span> <span class='ocrx_word' id='word_1_466' title='bbox 3241 1515 3358 1550; x_wconf 84' lang='lat' dir='ltr'><strong>cum</strong></span> <span class='ocrx_word' id='word_1_467' title='bbox 3395 1497 3501 1550; x_wconf 76' lang='lat' dir='ltr'><strong>illis</strong></span> <span class='ocrx_word' id='word_1_468' title='bbox 3533 1490 3637 1552; x_wconf 75' lang='lat' dir='ltr'><strong>non</strong></span> <span class='ocrx_word' id='word_1_469' title='bbox 3665 1511 3805 1564; x_wconf 77' lang='lat' dir='ltr'><strong>tres,</strong></span> 
     </span>
    </p>
   </div>
   <div class='ocr_carea' id='block_1_63' title="bbox 2295 1561 3802 1637">
    <p class='ocr_par' dir='ltr' id='par_1_63' title="bbox 2295 1561 3802 1637">
     <span class='ocr_line' id='line_1_63' title="bbox 2295 1561 3802 1637; baseline 0.009 -26"><span class='ocrx_word' id='word_1_470' title='bbox 2295 1561 2385 1612; x_wconf 82' lang='lat' dir='ltr'><strong>sed</strong></span> <span class='ocrx_word' id='word_1_471' title='bbox 2417 1578 2549 1637; x_wconf 69' lang='lat' dir='ltr'><strong>unus</strong></span> <span class='ocrx_word' id='word_1_472' title='bbox 2578 1563 2861 1637; x_wconf 46' lang='lat' dir='ltr'><strong>ilict-satus,</strong></span> <span class='ocrx_word' id='word_1_473' title='bbox 2891 1576 2941 1637; x_wconf 64' lang='lat' dir='ltr'><strong>et</strong></span> <span class='ocrx_word' id='word_1_474' title='bbox 2971 1561 3356 1637; x_wconf 42' lang='lat' dir='ltr'><strong>unus&#39;crentor.</strong></span> <span class='ocrx_word' id='word_1_475' title='bbox 3392 1566 3460 1620; x_wconf 80' lang='lat' dir='ltr'><strong>Et</strong></span> <span class='ocrx_word' id='word_1_476' title='bbox 3489 1572 3631 1637; x_wconf 75' lang='lat' dir='ltr'><strong>quod</strong></span> <span class='ocrx_word' id='word_1_477' title='bbox 3662 1561 3802 1624; x_wconf 60' lang='lat' dir='ltr'><strong>idem</strong></span> 
     </span>
    </p>
   </div>
   <div class='ocr_carea' id='block_1_64' title="bbox 2295 1631 3308 1700">
    <p class='ocr_par' dir='ltr' id='par_1_64' title="bbox 2295 1631 3308 1700">
     <span class='ocr_line' id='line_1_64' title="bbox 2295 1631 3308 1700; baseline 0.006 -18"><span class='ocrx_word' id='word_1_478' title='bbox 2295 1631 2454 1699; x_wconf 86' lang='lat' dir='ltr'><strong>possit</strong></span> <span class='ocrx_word' id='word_1_479' title='bbox 2484 1632 2587 1684; x_wconf 86' lang='lat' dir='ltr'><strong>dici</strong></span> <span class='ocrx_word' id='word_1_480' title='bbox 2611 1632 2842 1700; x_wconf 83' lang='lat' dir='ltr'><strong>Spiritus</strong></span> <span class='ocrx_word' id='word_1_481' title='bbox 2879 1633 3057 1688; x_wconf 85' lang='lat' dir='ltr'><strong>Patris</strong></span> <span class='ocrx_word' id='word_1_482' title='bbox 3078 1645 3124 1690; x_wconf 86' lang='lat' dir='ltr'><strong>et</strong></span> <span class='ocrx_word' id='word_1_483' title='bbox 3155 1632 3308 1689; x_wconf 78' lang='lat' dir='ltr'><strong>Filii.</strong></span> 
     </span>
    </p>
   </div>
   <div class='ocr_carea' id='block_1_65' title="bbox 2225 1742 3806 1826">
    <p class='ocr_par' dir='ltr' id='par_1_65' title="bbox 2225 1742 3806 1826">
     <span class='ocr_line' id='line_1_65' title="bbox 2225 1742 3806 1826; baseline 0.005 -28"><span class='ocrx_word' id='word_1_484' title='bbox 2225 1742 3051 1826; x_wconf 48' lang='lat' dir='ltr'><strong>Coxsrecrusncsptris.:pum</strong></span> <span class='ocrx_word' id='word_1_485' title='bbox 3075 1763 3229 1804; x_wconf 88' lang='lat' dir='ltr'><strong>amor</strong></span> <span class='ocrx_word' id='word_1_486' title='bbox 3251 1749 3352 1804; x_wconf 87' lang='lat' dir='ltr'><strong>iste</strong></span> <span class='ocrx_word' id='word_1_487' title='bbox 3377 1766 3482 1826; x_wconf 83' lang='lat' dir='ltr'><strong>una</strong></span> <span class='ocrx_word' id='word_1_488' title='bbox 3503 1751 3806 1826; x_wconf 64' lang='lat' dir='ltr'><strong>eademque</strong></span> 
     </span>
    </p>
   </div>
   <div class='ocr_carea' id='block_1_66' title="bbox 2299 1814 3802 1888">
    <p class='ocr_par' dir='ltr' id='par_1_66' title="bbox 2299 1814 3802 1888">
     <span class='ocr_line' id='line_1_66' title="bbox 2299 1814 3802 1888; baseline 0.008 -20"><span class='ocrx_word' id='word_1_489' title='bbox 2299 1815 2367 1868; x_wconf 93' lang='lat' dir='ltr'><strong>sit</strong></span> <span class='ocrx_word' id='word_1_490' title='bbox 2400 1814 2714 1888; x_wconf 34' lang='lat' dir='ltr'><strong>ctthPalre</strong></span> <span class='ocrx_word' id='word_1_491' title='bbox 2739 1826 2792 1870; x_wconf 91' lang='lat' dir='ltr'><strong>et</strong></span> <span class='ocrx_word' id='word_1_492' title='bbox 2835 1817 2973 1872; x_wconf 87' lang='lat' dir='ltr'><strong>Filio</strong></span> <span class='ocrx_word' id='word_1_493' title='bbox 3001 1833 3209 1872; x_wconf 89' lang='lat' dir='ltr'><strong>summa</strong></span> <span class='ocrx_word' id='word_1_494' title='bbox 3235 1821 3504 1883; x_wconf 88' lang='lat' dir='ltr'><strong>essentia,</strong></span> <span class='ocrx_word' id='word_1_495' title='bbox 3535 1837 3658 1888; x_wconf 69' lang='lat' dir='ltr'><strong>qua:</strong></span> <span class='ocrx_word' id='word_1_496' title='bbox 3687 1814 3802 1880; x_wconf 76' lang='lat' dir='ltr'><strong>sola</strong></span> 
     </span>
    </p>
   </div>
   <div class='ocr_carea' id='block_1_67' title="bbox 2239 1884 3797 1958">
    <p class='ocr_par' dir='ltr' id='par_1_67' title="bbox 2239 1884 3797 1958">
     <span class='ocr_line' id='line_1_67' title="bbox 2239 1884 3797 1958; baseline 0.006 -20"><span class='ocrx_word' id='word_1_497' title='bbox 2239 1955 2250 1958; x_wconf 94' lang='lat'>_</span> <span class='ocrx_word' id='word_1_498' title='bbox 2297 1898 2327 1938; x_wconf 89' lang='lat' dir='ltr'><strong>a</strong></span> <span class='ocrx_word' id='word_1_499' title='bbox 2358 1885 2503 1958; x_wconf 74' lang='lat' dir='ltr'><strong>nullo</strong></span> <span class='ocrx_word' id='word_1_500' title='bbox 2530 1884 2816 1958; x_wconf 27' lang='lat' dir='ltr'><strong>factaaper</strong></span> <span class='ocrx_word' id='word_1_501' title='bbox 2847 1903 2904 1941; x_wconf 91' lang='lat' dir='ltr'><strong>se</strong></span> <span class='ocrx_word' id='word_1_502' title='bbox 2933 1889 3112 1942; x_wconf 88' lang='lat' dir='ltr'><strong>omnia</strong></span> <span class='ocrx_word' id='word_1_503' title='bbox 3168 1888 3328 1953; x_wconf 83' lang='lat' dir='ltr'><strong>fecit;</strong></span> <span class='ocrx_word' id='word_1_504' title='bbox 3361 1884 3584 1944; x_wconf 79' lang='lat' dir='ltr'><strong>necesse</strong></span> <span class='ocrx_word' id='word_1_505' title='bbox 3606 1902 3689 1946; x_wconf 87' lang='lat' dir='ltr'><strong>est</strong></span> <span class='ocrx_word' id='word_1_506' title='bbox 3720 1895 3797 1949; x_wconf 79' lang='lat' dir='ltr'><strong>si-</strong></span> 
     </span>
    </p>
   </div>
   <div class='ocr_carea' id='block_1_68' title="bbox 2293 1953 3803 2022">
    <p class='ocr_par' dir='ltr' id='par_1_68' title="bbox 2293 1953 3803 2022">
     <span class='ocr_line' id='line_1_68' title="bbox 2293 1953 3803 2022; baseline 0.008 -14"><span class='ocrx_word' id='word_1_507' title='bbox 2293 1953 2555 2008; x_wconf 87' lang='lat' dir='ltr'><strong>cutPater</strong></span> <span class='ocrx_word' id='word_1_508' title='bbox 2576 1965 2629 2008; x_wconf 92' lang='lat' dir='ltr'><strong>et</strong></span> <span class='ocrx_word' id='word_1_509' title='bbox 2643 1953 2832 2022; x_wconf 75' lang='lat' dir='ltr'><strong>Filius,</strong></span> <span class='ocrx_word' id='word_1_510' title='bbox 2866 1959 2937 2011; x_wconf 90' lang='lat' dir='ltr'><strong>ita</strong></span> <span class='ocrx_word' id='word_1_511' title='bbox 2967 1967 3022 2012; x_wconf 90' lang='lat' dir='ltr'><strong>et</strong></span> <span class='ocrx_word' id='word_1_512' title='bbox 3053 1958 3152 2012; x_wconf 88' lang='lat' dir='ltr'><strong>iste</strong></span> <span class='ocrx_word' id='word_1_513' title='bbox 3171 1974 3324 2014; x_wconf 88' lang='lat' dir='ltr'><strong>amor</strong></span> <span class='ocrx_word' id='word_1_514' title='bbox 3353 1960 3422 2013; x_wconf 91' lang='lat' dir='ltr'><strong>sit</strong></span> <span class='ocrx_word' id='word_1_515' title='bbox 3442 1959 3719 2016; x_wconf 85' lang='lat' dir='ltr'><strong>increatus</strong></span> <span class='ocrx_word' id='word_1_516' title='bbox 3747 1972 3803 2019; x_wconf 87' lang='lat' dir='ltr'><strong>et</strong></span> 
     </span>
    </p>
   </div>
   <div class='ocr_carea' id='block_1_69' title="bbox 2297 2027 3805 2096">
    <p class='ocr_par' dir='ltr' id='par_1_69' title="bbox 2297 2027 3805 2096">
     <span class='ocr_line' id='line_1_69' title="bbox 2297 2027 3805 2096; baseline 0.008 -20"><span class='ocrx_word' id='word_1_517' title='bbox 2297 2034 2551 2096; x_wconf 69' lang='lat' dir='ltr'><strong>creator:</strong></span> <span class='ocrx_word' id='word_1_518' title='bbox 2581 2035 2635 2079; x_wconf 87' lang='lat' dir='ltr'><strong>et</strong></span> <span class='ocrx_word' id='word_1_519' title='bbox 2680 2027 2780 2080; x_wconf 90' lang='lat' dir='ltr'><strong>iste</strong></span> <span class='ocrx_word' id='word_1_520' title='bbox 2832 2037 2964 2091; x_wconf 90' lang='lat' dir='ltr'><strong>tres,</strong></span> <span class='ocrx_word' id='word_1_521' title='bbox 3000 2042 3104 2080; x_wconf 88' lang='lat' dir='ltr'><strong>non</strong></span> <span class='ocrx_word' id='word_1_522' title='bbox 3153 2028 3357 2096; x_wconf 83' lang='lat' dir='ltr'><strong>plures,</strong></span> <span class='ocrx_word' id='word_1_523' title='bbox 3391 2030 3485 2083; x_wconf 90' lang='lat' dir='ltr'><strong>sed</strong></span> <span class='ocrx_word' id='word_1_524' title='bbox 3524 2045 3667 2084; x_wconf 90' lang='lat' dir='ltr'><strong>unus</strong></span> <span class='ocrx_word' id='word_1_525' title='bbox 3691 2035 3805 2088; x_wconf 70' lang='lat' dir='ltr'><strong>sint</strong></span> 
     </span>
    </p>
   </div>
   <div class='ocr_carea' id='block_1_70' title="bbox 2295 2093 3803 2168">
    <p class='ocr_par' dir='ltr' id='par_1_70' title="bbox 2295 2093 3803 2168">
     <span class='ocr_line' id='line_1_70' title="bbox 2295 2093 3803 2168; baseline 0.007 -22"><span class='ocrx_word' id='word_1_526' title='bbox 2295 2093 2569 2168; x_wconf 66' lang='lat' dir='ltr'><strong>intremus</strong></span> <span class='ocrx_word' id='word_1_527' title='bbox 2606 2104 2659 2148; x_wconf 88' lang='lat' dir='ltr'><strong>et</strong></span> <span class='ocrx_word' id='word_1_528' title='bbox 2688 2113 2824 2150; x_wconf 91' lang='lat' dir='ltr'><strong>unus</strong></span> <span class='ocrx_word' id='word_1_529' title='bbox 2851 2107 3084 2168; x_wconf 78' lang='lat' dir='ltr'><strong>creator.</strong></span> <span class='ocrx_word' id='word_1_530' title='bbox 3124 2093 3345 2168; x_wconf 77' lang='lat' dir='ltr'><strong>Patrem</strong></span> <span class='ocrx_word' id='word_1_531' title='bbox 3394 2101 3574 2168; x_wconf 82' lang='lat' dir='ltr'><strong>itaque</strong></span> <span class='ocrx_word' id='word_1_532' title='bbox 3620 2101 3803 2156; x_wconf 82' lang='lat' dir='ltr'><strong>nullus</strong></span> 
     </span>
    </p>
   </div>
   <div class='ocr_carea' id='block_1_71' title="bbox 2293 2163 3801 2236">
    <p class='ocr_par' dir='ltr' id='par_1_71' title="bbox 2293 2163 3801 2236">
     <span class='ocr_line' id='line_1_71' title="bbox 2293 2163 3801 2236; baseline 0.007 -21"><span class='ocrx_word' id='word_1_533' title='bbox 2293 2163 2442 2228; x_wconf 78' lang='lat' dir='ltr'><strong>facit,</strong></span> <span class='ocrx_word' id='word_1_534' title='bbox 2475 2165 2604 2236; x_wconf 76' lang='lat' dir='ltr'><strong>sive</strong></span> <span class='ocrx_word' id='word_1_535' title='bbox 2649 2175 2816 2230; x_wconf 86' lang='lat' dir='ltr'><strong>creat,</strong></span> <span class='ocrx_word' id='word_1_536' title='bbox 2867 2176 2958 2218; x_wconf 90' lang='lat' dir='ltr'><strong>aut</strong></span> <span class='ocrx_word' id='word_1_537' title='bbox 2989 2167 3178 2236; x_wconf 77' lang='lat' dir='ltr'><strong>gignit.</strong></span> <span class='ocrx_word' id='word_1_538' title='bbox 3217 2167 3409 2221; x_wconf 85' lang='lat' dir='ltr'><strong>Filium</strong></span> <span class='ocrx_word' id='word_1_539' title='bbox 3444 2163 3605 2222; x_wconf 80' lang='lat' dir='ltr'><strong>Pater</strong></span> <span class='ocrx_word' id='word_1_540' title='bbox 3650 2173 3801 2226; x_wconf 87' lang='lat' dir='ltr'><strong>solus</strong></span> 
     </span>
    </p>
   </div>
   <div class='ocr_carea' id='block_1_72' title="bbox 2293 2233 3802 2302">
    <p class='ocr_par' dir='ltr' id='par_1_72' title="bbox 2293 2233 3802 2302">
     <span class='ocr_line' id='line_1_72' title="bbox 2293 2233 3802 2302; baseline 0.008 -18"><span class='ocrx_word' id='word_1_541' title='bbox 2293 2237 2484 2302; x_wconf 80' lang='lat' dir='ltr'><strong>gignit,</strong></span> <span class='ocrx_word' id='word_1_542' title='bbox 2514 2233 2607 2287; x_wconf 89' lang='lat' dir='ltr'><strong>sed</strong></span> <span class='ocrx_word' id='word_1_543' title='bbox 2634 2250 2736 2289; x_wconf 91' lang='lat' dir='ltr'><strong>non</strong></span> <span class='ocrx_word' id='word_1_544' title='bbox 2769 2235 2916 2290; x_wconf 77' lang='lat' dir='ltr'><strong>facit.</strong></span> <span class='ocrx_word' id='word_1_545' title='bbox 2957 2233 3118 2290; x_wconf 68' lang='lat' dir='ltr'><strong>Pater</strong></span> <span class='ocrx_word' id='word_1_546' title='bbox 3161 2247 3209 2290; x_wconf 89' lang='lat' dir='ltr'><strong>et</strong></span> <span class='ocrx_word' id='word_1_547' title='bbox 3254 2237 3421 2292; x_wconf 90' lang='lat' dir='ltr'><strong>Filius</strong></span> <span class='ocrx_word' id='word_1_548' title='bbox 3452 2254 3558 2293; x_wconf 86' lang='lat' dir='ltr'><strong>non</strong></span> <span class='ocrx_word' id='word_1_549' title='bbox 3592 2238 3802 2296; x_wconf 86' lang='lat' dir='ltr'><strong>faciunt</strong></span> 
     </span>
    </p>
   </div>
   <div class='ocr_carea' id='block_1_73' title="bbox 2293 2304 3800 2377">
    <p class='ocr_par' dir='ltr' id='par_1_73' title="bbox 2293 2304 3800 2377">
     <span class='ocr_line' id='line_1_73' title="bbox 2293 2304 3800 2377; baseline 0.006 -22"><span class='ocrx_word' id='word_1_550' title='bbox 2293 2314 2386 2377; x_wconf 74' lang='lat' dir='ltr'><strong>aut</strong></span> <span class='ocrx_word' id='word_1_551' title='bbox 2414 2304 2657 2377; x_wconf 81' lang='lat' dir='ltr'><strong>gignunt,</strong></span> <span class='ocrx_word' id='word_1_552' title='bbox 2688 2307 2782 2360; x_wconf 87' lang='lat' dir='ltr'><strong>sed</strong></span> <span class='ocrx_word' id='word_1_553' title='bbox 2805 2306 3036 2377; x_wconf 78' lang='lat' dir='ltr'><strong>_spirant</strong></span> <span class='ocrx_word' id='word_1_554' title='bbox 3081 2321 3236 2360; x_wconf 89' lang='lat' dir='ltr'><strong>suum</strong></span> <span class='ocrx_word' id='word_1_555' title='bbox 3269 2322 3527 2366; x_wconf 76' lang='lat' dir='ltr'><strong>amorem.</strong></span> <span class='ocrx_word' id='word_1_556' title='bbox 3561 2312 3688 2377; x_wconf 88' lang='lat' dir='ltr'><strong>quia</strong></span> <span class='ocrx_word' id='word_1_557' title='bbox 3730 2312 3800 2364; x_wconf 81' lang='lat' dir='ltr'><strong>ab</strong></span> 
     </span>
    </p>
   </div>
   <div class='ocr_carea' id='block_1_74' title="bbox 2290 2373 3798 2443">
    <p class='ocr_par' dir='ltr' id='par_1_74' title="bbox 2290 2373 3798 2443">
     <span class='ocr_line' id='line_1_74' title="bbox 2290 2373 3798 2443; baseline 0.006 -17"><span class='ocrx_word' id='word_1_558' title='bbox 2290 2373 2369 2426; x_wconf 90' lang='lat' dir='ltr'><strong>eis</strong></span> <span class='ocrx_word' id='word_1_559' title='bbox 2397 2375 2762 2443; x_wconf 84' lang='lat' dir='ltr'><strong>proceditnon</strong></span> <span class='ocrx_word' id='word_1_560' title='bbox 2785 2373 3106 2429; x_wconf 79' lang='lat' dir='ltr'><strong>discedendo</strong></span> <span class='ocrx_word' id='word_1_561' title='bbox 3129 2391 3157 2428; x_wconf 90' lang='lat' dir='ltr'><strong>a</strong></span> <span class='ocrx_word' id='word_1_562' title='bbox 3189 2392 3395 2430; x_wconf 89' lang='lat' dir='ltr'><strong>summa</strong></span> <span class='ocrx_word' id='word_1_563' title='bbox 3416 2377 3500 2430; x_wconf 91' lang='lat' dir='ltr'><strong>illa</strong></span> <span class='ocrx_word' id='word_1_564' title='bbox 3533 2373 3798 2443; x_wconf 68' lang='lat' dir='ltr'><strong>essentia,</strong></span> 
     </span>
    </p>
   </div>
   <div class='ocr_carea' id='block_1_75' title="bbox 2290 2443 3802 2516">
    <p class='ocr_par' dir='ltr' id='par_1_75' title="bbox 2290 2443 3802 2516">
     <span class='ocr_line' id='line_1_75' title="bbox 2290 2443 3802 2516; baseline 0.004 -20"><span class='ocrx_word' id='word_1_565' title='bbox 2290 2443 2384 2496; x_wconf 90' lang='lat' dir='ltr'><strong>sed</strong></span> <span class='ocrx_word' id='word_1_566' title='bbox 2411 2444 2691 2497; x_wconf 80' lang='lat' dir='ltr'><strong>existendo</strong></span> <span class='ocrx_word' id='word_1_567' title='bbox 2722 2460 2787 2498; x_wconf 85' lang='lat' dir='ltr'><strong>ex</strong></span> <span class='ocrx_word' id='word_1_568' title='bbox 2809 2445 2918 2497; x_wconf 92' lang='lat' dir='ltr'><strong>illa.</strong></span> <span class='ocrx_word' id='word_1_569' title='bbox 2942 2443 3085 2516; x_wconf 25' lang='lat' dir='ltr'><strong>_l‘linc</strong></span> <span class='ocrx_word' id='word_1_570' title='bbox 3102 2461 3337 2516; x_wconf 20' lang='lat' dir='ltr'><strong>“summa:</strong></span> <span class='ocrx_word' id='word_1_571' title='bbox 3359 2450 3601 2502; x_wconf 72' lang='lat' dir='ltr'><strong>essentia:</strong></span> <span class='ocrx_word' id='word_1_572' title='bbox 3626 2450 3802 2516; x_wconf 73' lang='grc' dir='ltr'><strong>ὃν.τὶ-</strong></span> 
     </span>
    </p>
   </div>
   <div class='ocr_carea' id='block_1_76' title="bbox 2294 2514 3801 2583">
    <p class='ocr_par' dir='ltr' id='par_1_76' title="bbox 2294 2514 3801 2583">
     <span class='ocr_line' id='line_1_76' title="bbox 2294 2514 3801 2583; baseline 0.007 -19"><span class='ocrx_word' id='word_1_573' title='bbox 2294 2523 2378 2583; x_wconf 85' lang='lat' dir='ltr'><strong>tus</strong></span> <span class='ocrx_word' id='word_1_574' title='bbox 2416 2523 2557 2566; x_wconf 85' lang='lat' dir='ltr'><strong>recte</strong></span> <span class='ocrx_word' id='word_1_575' title='bbox 2577 2523 2750 2582; x_wconf 90' lang='lat' dir='ltr'><strong>potest</strong></span> <span class='ocrx_word' id='word_1_576' title='bbox 2783 2514 3058 2583; x_wconf 88' lang='lat' dir='ltr'><strong>appellari.</strong></span> <span class='ocrx_word' id='word_1_577' title='bbox 3083 2514 3401 2569; x_wconf 86' lang='lat' dir='ltr'><strong>Counuunio</strong></span> <span class='ocrx_word' id='word_1_578' title='bbox 3435 2519 3598 2572; x_wconf 88' lang='lat' dir='ltr'><strong>etiam</strong></span> <span class='ocrx_word' id='word_1_579' title='bbox 3623 2514 3801 2574; x_wconf 74' lang='lat' dir='ltr'><strong>Patris</strong></span> 
     </span>
    </p>
   </div>
   <div class='ocr_carea' id='block_1_77' title="bbox 2282 2582 3802 2657">
    <p class='ocr_par' dir='ltr' id='par_1_77' title="bbox 2282 2582 3802 2657">
     <span class='ocr_line' id='line_1_77' title="bbox 2282 2582 3802 2657; baseline 0.007 -23"><span class='ocrx_word' id='word_1_580' title='bbox 2282 2593 2344 2657; x_wconf 58' lang='lat' dir='ltr'><strong>et</strong></span> <span class='ocrx_word' id='word_1_581' title='bbox 2361 2582 2479 2657; x_wconf 80' lang='lat' dir='ltr'><strong>Filii</strong></span> <span class='ocrx_word' id='word_1_582' title='bbox 2493 2583 2599 2657; x_wconf 7' lang='lat' dir='ltr'><strong>diei,</strong></span> <span class='ocrx_word' id='word_1_583' title='bbox 2611 2582 2942 2657; x_wconf 24' lang='lat' dir='ltr'><strong>_potest.’tum</strong></span> <span class='ocrx_word' id='word_1_584' title='bbox 2965 2585 3299 2657; x_wconf 79' lang='lat' dir='ltr'><strong>quia-numen</strong></span> <span class='ocrx_word' id='word_1_585' title='bbox 3313 2587 3486 2657; x_wconf 76' lang='lat' dir='ltr'><strong>habet</strong></span> <span class='ocrx_word' id='word_1_586' title='bbox 3507 2603 3802 2644; x_wconf 82' lang='lat' dir='ltr'><strong>connnune</strong></span> 
     </span>
    </p>
   </div>
   <div class='ocr_carea' id='block_1_78' title="bbox 2289 2650 3801 2725">
    <p class='ocr_par' dir='ltr' id='par_1_78' title="bbox 2289 2650 3801 2725">
     <span class='ocr_line' id='line_1_78' title="bbox 2289 2650 3801 2725; baseline 0.006 -21"><span class='ocrx_word' id='word_1_587' title='bbox 2289 2650 2435 2705; x_wconf 83' lang='lat' dir='ltr'><strong>Patri</strong></span> <span class='ocrx_word' id='word_1_588' title='bbox 2463 2662 2517 2706; x_wconf 89' lang='lat' dir='ltr'><strong>et</strong></span> <span class='ocrx_word' id='word_1_589' title='bbox 2541 2651 2678 2725; x_wconf 75' lang='lat' dir='ltr'><strong>Filio</strong></span> <span class='ocrx_word' id='word_1_590' title='bbox 2704 2705 2718 2716; x_wconf 79' lang='grc'><em>,</em></span> <span class='ocrx_word' id='word_1_591' title='bbox 2754 2650 3016 2725; x_wconf 35' lang='grc' dir='ltr'>ιιιιιιᾼιιιιὶῐι</span> <span class='ocrx_word' id='word_1_592' title='bbox 3047 2655 3163 2722; x_wconf 86' lang='lat' dir='ltr'><strong>ipse</strong></span> <span class='ocrx_word' id='word_1_593' title='bbox 3202 2654 3332 2708; x_wconf 91' lang='lat' dir='ltr'><strong>illud</strong></span> <span class='ocrx_word' id='word_1_594' title='bbox 3363 2657 3537 2725; x_wconf 87' lang='lat' dir='ltr'><strong>ipsum</strong></span> <span class='ocrx_word' id='word_1_595' title='bbox 3571 2658 3801 2713; x_wconf 89' lang='lat' dir='ltr'><strong>omnino</strong></span> 
     </span>
    </p>
   </div>
   <div class='ocr_carea' id='block_1_79' title="bbox 2290 2721 3054 2792">
    <p class='ocr_par' dir='ltr' id='par_1_79' title="bbox 2290 2721 3054 2792">
     <span class='ocr_line' id='line_1_79' title="bbox 2290 2721 3054 2792; baseline 0.004 -17"><span class='ocrx_word' id='word_1_596' title='bbox 2290 2732 2390 2786; x_wconf 87' lang='lat' dir='ltr'><strong>est,</strong></span> <span class='ocrx_word' id='word_1_597' title='bbox 2420 2723 2562 2792; x_wconf 90' lang='lat' dir='ltr'><strong>quod</strong></span> <span class='ocrx_word' id='word_1_598' title='bbox 2595 2722 2759 2778; x_wconf 87' lang='lat' dir='ltr'><strong>Pater</strong></span> <span class='ocrx_word' id='word_1_599' title='bbox 2783 2734 2836 2778; x_wconf 89' lang='lat' dir='ltr'><strong>et</strong></span> <span class='ocrx_word' id='word_1_600' title='bbox 2865 2721 3054 2780; x_wconf 83' lang='lat' dir='ltr'><strong>Filius.</strong></span> 
     </span>
    </p>
   </div>
   <div class='ocr_carea' id='block_1_80' title="bbox 2277 2856 3796 2928">
    <p class='ocr_par' dir='ltr' id='par_1_80' title="bbox 2277 2856 3796 2928">
     <span class='ocr_line' id='line_1_80' title="bbox 2277 2856 3796 2928; baseline 0.004 -18"><span class='ocrx_word' id='word_1_601' title='bbox 2277 2856 2554 2924; x_wconf 80' lang='lat' dir='ltr'><strong>&#39;Quoniam</strong></span> <span class='ocrx_word' id='word_1_602' title='bbox 2586 2866 2766 2913; x_wconf 87' lang='lat' dir='ltr'><strong>autem</strong></span> <span class='ocrx_word' id='word_1_603' title='bbox 2814 2857 2954 2913; x_wconf 86' lang='lat' dir='ltr'><strong>idem</strong></span> <span class='ocrx_word' id='word_1_604' title='bbox 3001 2873 3153 2913; x_wconf 92' lang='lat' dir='ltr'><strong>amor</strong></span> <span class='ocrx_word' id='word_1_605' title='bbox 3193 2857 3440 2928; x_wconf 81' lang='lat' dir='ltr'><strong>singuius</strong></span> <span class='ocrx_word' id='word_1_606' title='bbox 3465 2867 3548 2913; x_wconf 90' lang='lat' dir='ltr'><strong>est</strong></span> <span class='ocrx_word' id='word_1_607' title='bbox 3580 2875 3796 2916; x_wconf 86' lang='lat' dir='ltr'><strong>summa</strong></span> 
     </span>
    </p>
   </div>
   <div class='ocr_carea' id='block_1_81' title="bbox 2217 2946 3796 3016">
    <p class='ocr_par' dir='ltr' id='par_1_81' title="bbox 2217 2946 3796 3016">
     <span class='ocr_line' id='line_1_81' title="bbox 2217 2946 3796 3016; baseline -0.001 -12"><span class='ocrx_word' id='word_1_608' title='bbox 2217 2951 2470 3013; x_wconf 84' lang='lat' dir='ltr'><strong>essentia,</strong></span> <span class='ocrx_word' id='word_1_609' title='bbox 2496 2949 2634 3004; x_wconf 91' lang='lat' dir='ltr'><strong>sicut</strong></span> <span class='ocrx_word' id='word_1_610' title='bbox 2657 2949 2820 3004; x_wconf 87' lang='lat' dir='ltr'><strong>Pater</strong></span> <span class='ocrx_word' id='word_1_611' title='bbox 2841 2958 2895 3004; x_wconf 92' lang='lat' dir='ltr'><strong>et</strong></span> <span class='ocrx_word' id='word_1_612' title='bbox 2913 2946 3101 3014; x_wconf 83' lang='lat' dir='ltr'><strong>Filius,</strong></span> <span class='ocrx_word' id='word_1_613' title='bbox 3128 2957 3181 3003; x_wconf 93' lang='lat' dir='ltr'><strong>et</strong></span> <span class='ocrx_word' id='word_1_614' title='bbox 3205 2957 3399 3002; x_wconf 88' lang='lat' dir='ltr'><strong>tamem</strong></span> <span class='ocrx_word' id='word_1_615' title='bbox 3422 2949 3580 3002; x_wconf 89' lang='lat' dir='ltr'><strong>simul</strong></span> <span class='ocrx_word' id='word_1_616' title='bbox 3610 2949 3796 3016; x_wconf 73' lang='lat' dir='ltr'><strong>Pater,</strong></span> 
     </span>
    </p>
   </div>
   <div class='ocr_carea' id='block_1_82' title="bbox 2218 3040 3792 3111">
    <p class='ocr_par' dir='ltr' id='par_1_82' title="bbox 2218 3040 3792 3111">
     <span class='ocr_line' id='line_1_82' title="bbox 2218 3040 3792 3111; baseline 0.003 -17"><span class='ocrx_word' id='word_1_617' title='bbox 2218 3051 2271 3094; x_wconf 92' lang='lat' dir='ltr'><strong>et</strong></span> <span class='ocrx_word' id='word_1_618' title='bbox 2293 3040 2475 3102; x_wconf 82' lang='lat' dir='ltr'><strong>Filius,</strong></span> <span class='ocrx_word' id='word_1_619' title='bbox 2505 3051 2557 3094; x_wconf 91' lang='lat' dir='ltr'><strong>et</strong></span> <span class='ocrx_word' id='word_1_620' title='bbox 2589 3041 2870 3111; x_wconf 89' lang='lat' dir='ltr'><strong>utriusque</strong></span> <span class='ocrx_word' id='word_1_621' title='bbox 2905 3056 3060 3094; x_wconf 90' lang='lat' dir='ltr'><strong>amor</strong></span> <span class='ocrx_word' id='word_1_622' title='bbox 3087 3056 3192 3095; x_wconf 92' lang='lat' dir='ltr'><strong>non</strong></span> <span class='ocrx_word' id='word_1_623' title='bbox 3237 3042 3416 3109; x_wconf 82' lang='lat' dir='ltr'><strong>plures</strong></span> <span class='ocrx_word' id='word_1_624' title='bbox 3437 3042 3526 3110; x_wconf 72' lang='grc'><strong>⁸³³,</strong></span> <span class='ocrx_word' id='word_1_625' title='bbox 3557 3045 3650 3098; x_wconf 91' lang='lat' dir='ltr'><strong>sed</strong></span> <span class='ocrx_word' id='word_1_626' title='bbox 3682 3062 3792 3098; x_wconf 87' lang='lat' dir='ltr'><strong>una</strong></span> 
     </span>
    </p>
   </div>
   <div class='ocr_carea' id='block_1_83' title="bbox 2223 3133 3800 3204">
    <p class='ocr_par' dir='ltr' id='par_1_83' title="bbox 2223 3133 3800 3204">
     <span class='ocr_line' id='line_1_83' title="bbox 2223 3133 3800 3204; baseline 0.001 -17"><span class='ocrx_word' id='word_1_627' title='bbox 2223 3149 2431 3187; x_wconf 85' lang='lat' dir='ltr'><strong>sunuua</strong></span> <span class='ocrx_word' id='word_1_628' title='bbox 2464 3134 2718 3198; x_wconf 89' lang='lat' dir='ltr'><strong>essentia,</strong></span> <span class='ocrx_word' id='word_1_629' title='bbox 2767 3147 2888 3202; x_wconf 62' lang='lat' dir='ltr'><strong>quae</strong></span> <span class='ocrx_word' id='word_1_630' title='bbox 2935 3133 3047 3186; x_wconf 91' lang='lat' dir='ltr'><strong>sola</strong></span> <span class='ocrx_word' id='word_1_631' title='bbox 3085 3148 3114 3184; x_wconf 88' lang='lat' dir='ltr'><strong>a</strong></span> <span class='ocrx_word' id='word_1_632' title='bbox 3143 3133 3289 3186; x_wconf 90' lang='lat' dir='ltr'><strong>nullo</strong></span> <span class='ocrx_word' id='word_1_633' title='bbox 3325 3133 3500 3198; x_wconf 75' lang='lat' dir='ltr'><strong>facta,</strong></span> <span class='ocrx_word' id='word_1_634' title='bbox 3549 3148 3654 3188; x_wconf 90' lang='lat' dir='ltr'><strong>non</strong></span> <span class='ocrx_word' id='word_1_635' title='bbox 3700 3151 3800 3204; x_wconf 84' lang='lat' dir='ltr'><strong>per</strong></span> 
     </span>
    </p>
   </div>
   <div class='ocr_carea' id='block_1_84' title="bbox 2221 3223 3800 3295">
    <p class='ocr_par' dir='ltr' id='par_1_84' title="bbox 2221 3223 3800 3295">
     <span class='ocr_line' id='line_1_84' title="bbox 2221 3223 3800 3295; baseline 0.003 -18"><span class='ocrx_word' id='word_1_636' title='bbox 2221 3224 2549 3295; x_wconf 84' lang='lat' dir='ltr'><strong>aliud&#39;quam</strong></span> <span class='ocrx_word' id='word_1_637' title='bbox 2577 3239 2672 3293; x_wconf 90' lang='lat' dir='ltr'><strong>per</strong></span> <span class='ocrx_word' id='word_1_638' title='bbox 2697 3237 2754 3278; x_wconf 91' lang='lat' dir='ltr'><strong>se</strong></span> <span class='ocrx_word' id='word_1_639' title='bbox 2779 3223 2958 3277; x_wconf 88' lang='lat' dir='ltr'><strong>omnia</strong></span> <span class='ocrx_word' id='word_1_640' title='bbox 2987 3223 3132 3277; x_wconf 82' lang='lat' dir='ltr'><strong>fecit.</strong></span> <span class='ocrx_word' id='word_1_641' title='bbox 3163 3223 3395 3278; x_wconf 82' lang='lat' dir='ltr'><strong>Necesse</strong></span> <span class='ocrx_word' id='word_1_642' title='bbox 3421 3232 3503 3278; x_wconf 89' lang='lat' dir='ltr'><strong>est</strong></span> <span class='ocrx_word' id='word_1_643' title='bbox 3529 3234 3585 3280; x_wconf 91' lang='lat' dir='ltr'><strong>ut</strong></span> <span class='ocrx_word' id='word_1_644' title='bbox 3607 3240 3800 3295; x_wconf 79' lang='lat' dir='ltr'><strong>quem-</strong></span> 
     </span>
    </p>
   </div>
   <div class='ocr_carea' id='block_1_85' title="bbox 2222 3312 3804 3384">
    <p class='ocr_par' dir='ltr' id='par_1_85' title="bbox 2222 3312 3804 3384">
     <span class='ocr_line' id='line_1_85' title="bbox 2222 3312 3804 3384; baseline 0.001 -16"><span class='ocrx_word' id='word_1_645' title='bbox 2222 3316 2507 3370; x_wconf 84' lang='lat' dir='ltr'><strong>admodum</strong></span> <span class='ocrx_word' id='word_1_646' title='bbox 2535 3315 2778 3384; x_wconf 85' lang='lat' dir='ltr'><strong>singulus</strong></span> <span class='ocrx_word' id='word_1_647' title='bbox 2822 3312 3003 3378; x_wconf 86' lang='lat' dir='ltr'><strong>Pater,</strong></span> <span class='ocrx_word' id='word_1_648' title='bbox 3034 3321 3087 3367; x_wconf 90' lang='lat' dir='ltr'><strong>et</strong></span> <span class='ocrx_word' id='word_1_649' title='bbox 3120 3312 3360 3382; x_wconf 85' lang='lat' dir='ltr'><strong>singulas</strong></span> <span class='ocrx_word' id='word_1_650' title='bbox 3391 3312 3557 3368; x_wconf 84' lang='lat' dir='ltr'><strong>Filius</strong></span> <span class='ocrx_word' id='word_1_651' title='bbox 3581 3324 3667 3369; x_wconf 86' lang='lat' dir='ltr'><strong>est</strong></span> <span class='ocrx_word' id='word_1_652' title='bbox 3715 3315 3804 3370; x_wconf 81' lang='lat' dir='ltr'><strong>in-</strong></span> 
     </span>
    </p>
   </div>
   <div class='ocr_carea' id='block_1_86' title="bbox 2224 3401 3800 3472">
    <p class='ocr_par' dir='ltr' id='par_1_86' title="bbox 2224 3401 3800 3472">
     <span class='ocr_line' id='line_1_86' title="bbox 2224 3401 3800 3472; baseline -0.001 -12"><span class='ocrx_word' id='word_1_653' title='bbox 2224 3415 2440 3462; x_wconf 87' lang='lat' dir='ltr'><strong>crcatus</strong></span> <span class='ocrx_word' id='word_1_654' title='bbox 2473 3413 2527 3459; x_wconf 90' lang='lat' dir='ltr'><strong>et</strong></span> <span class='ocrx_word' id='word_1_655' title='bbox 2567 3413 2811 3469; x_wconf 81' lang='lat' dir='ltr'><strong>creator;</strong></span> <span class='ocrx_word' id='word_1_656' title='bbox 2873 3403 2946 3457; x_wconf 92' lang='lat' dir='ltr'><strong>ita</strong></span> <span class='ocrx_word' id='word_1_657' title='bbox 2989 3411 3045 3456; x_wconf 93' lang='lat' dir='ltr'><strong>et</strong></span> <span class='ocrx_word' id='word_1_658' title='bbox 3096 3417 3251 3457; x_wconf 91' lang='lat' dir='ltr'><strong>amor</strong></span> <span class='ocrx_word' id='word_1_659' title='bbox 3301 3401 3544 3472; x_wconf 88' lang='lat' dir='ltr'><strong>singulus</strong></span> <span class='ocrx_word' id='word_1_660' title='bbox 3585 3403 3658 3458; x_wconf 85' lang='lat' dir='ltr'><strong>sit</strong></span> <span class='ocrx_word' id='word_1_661' title='bbox 3711 3405 3800 3458; x_wconf 85' lang='lat' dir='ltr'><strong>in-</strong></span> 
     </span>
    </p>
   </div>
   <div class='ocr_carea' id='block_1_87' title="bbox 2222 3495 3796 3562">
    <p class='ocr_par' dir='ltr' id='par_1_87' title="bbox 2222 3495 3796 3562">
     <span class='ocr_line' id='line_1_87' title="bbox 2222 3495 3796 3562; baseline -0.004 -10"><span class='ocrx_word' id='word_1_662' title='bbox 2222 3505 2436 3552; x_wconf 85' lang='lat' dir='ltr'><strong>creatus</strong></span> <span class='ocrx_word' id='word_1_663' title='bbox 2489 3504 2543 3549; x_wconf 90' lang='lat' dir='ltr'><strong>ct</strong></span> <span class='ocrx_word' id='word_1_664' title='bbox 2589 3503 2836 3561; x_wconf 88' lang='lat' dir='ltr'><strong>creator,</strong></span> <span class='ocrx_word' id='word_1_665' title='bbox 2893 3503 2947 3548; x_wconf 88' lang='lat' dir='ltr'><strong>et</strong></span> <span class='ocrx_word' id='word_1_666' title='bbox 2989 3502 3170 3548; x_wconf 87' lang='lat' dir='ltr'><strong>tamen</strong></span> <span class='ocrx_word' id='word_1_667' title='bbox 3212 3508 3402 3548; x_wconf 91' lang='lat' dir='ltr'><strong>omnes</strong></span> <span class='ocrx_word' id='word_1_668' title='bbox 3451 3503 3562 3548; x_wconf 88' lang='lat' dir='ltr'><strong>tres</strong></span> <span class='ocrx_word' id='word_1_669' title='bbox 3608 3495 3796 3562; x_wconf 86' lang='lat' dir='ltr'><strong>simul,</strong></span> 
     </span>
    </p>
   </div>
   <div class='ocr_carea' id='block_1_88' title="bbox 2165 3580 3795 3656">
    <p class='ocr_par' dir='ltr' id='par_1_88' title="bbox 2165 3580 3795 3656">
     <span class='ocr_line' id='line_1_88' title="bbox 2165 3580 3795 3656; baseline -0.003 -15"><span class='ocrx_word' id='word_1_670' title='bbox 2165 3580 2167 3582; x_wconf 61' lang='grc'><em>’</em></span> <span class='ocrx_word' id='word_1_671' title='bbox 2221 3603 2328 3643; x_wconf 90' lang='lat' dir='ltr'><strong>non</strong></span> <span class='ocrx_word' id='word_1_672' title='bbox 2368 3587 2434 3618; x_wconf 78' lang='grc'><strong>⁸³⁷</strong></span> <span class='ocrx_word' id='word_1_673' title='bbox 2465 3585 2668 3656; x_wconf 88' lang='lat' dir='ltr'><strong>plures,</strong></span> <span class='ocrx_word' id='word_1_674' title='bbox 2695 3586 2789 3640; x_wconf 90' lang='lat' dir='ltr'><strong>sed</strong></span> <span class='ocrx_word' id='word_1_675' title='bbox 2821 3601 2957 3638; x_wconf 91' lang='lat' dir='ltr'><strong>unus</strong></span> <span class='ocrx_word' id='word_1_676' title='bbox 2991 3584 3265 3638; x_wconf 83' lang='lat' dir='ltr'><strong>increatus</strong></span> <span class='ocrx_word' id='word_1_677' title='bbox 3301 3593 3353 3637; x_wconf 90' lang='lat' dir='ltr'><strong>et</strong></span> <span class='ocrx_word' id='word_1_678' title='bbox 3379 3598 3518 3638; x_wconf 91' lang='lat' dir='ltr'><strong>unus</strong></span> <span class='ocrx_word' id='word_1_679' title='bbox 3556 3595 3795 3637; x_wconf 87' lang='lat' dir='ltr'><strong>creator.</strong></span> 
     </span>
    </p>
   </div>
   <div class='ocr_carea' id='block_1_89' title="bbox 2219 3674 3801 3746">
    <p class='ocr_par' dir='ltr' id='par_1_89' title="bbox 2219 3674 3801 3746">
     <span class='ocr_line' id='line_1_89' title="bbox 2219 3674 3801 3746; baseline -0.003 -13"><span class='ocrx_word' id='word_1_680' title='bbox 2219 3678 2438 3734; x_wconf 84' lang='lat' dir='ltr'><strong>Patrem</strong></span> <span class='ocrx_word' id='word_1_681' title='bbox 2484 3678 2666 3746; x_wconf 88' lang='lat' dir='ltr'><strong>itaque</strong></span> <span class='ocrx_word' id='word_1_682' title='bbox 2698 3675 2875 3729; x_wconf 91' lang='lat' dir='ltr'><strong>nullus</strong></span> <span class='ocrx_word' id='word_1_683' title='bbox 2907 3674 3062 3739; x_wconf 80' lang='lat' dir='ltr'><strong>facit,</strong></span> <span class='ocrx_word' id='word_1_684' title='bbox 3095 3675 3208 3730; x_wconf 90' lang='lat' dir='ltr'><strong>sive</strong></span> <span class='ocrx_word' id='word_1_685' title='bbox 3253 3683 3423 3740; x_wconf 90' lang='lat' dir='ltr'><strong>creat,</strong></span> <span class='ocrx_word' id='word_1_686' title='bbox 3450 3683 3544 3729; x_wconf 86' lang='lat' dir='ltr'><strong>aut</strong></span> <span class='ocrx_word' id='word_1_687' title='bbox 3579 3676 3758 3746; x_wconf 89' lang='lat' dir='ltr'><strong>gignit</strong></span> <span class='ocrx_word' id='word_1_688' title='bbox 3785 3693 3801 3740; x_wconf 89' lang='lat'><strong>;</strong></span> 
     </span>
    </p>
   </div>
   <div class='ocr_carea' id='block_1_90' title="bbox 2218 3757 3803 3836">
    <p class='ocr_par' dir='ltr' id='par_1_90' title="bbox 2218 3757 3803 3836">
     <span class='ocr_line' id='line_1_90' title="bbox 2218 3757 3803 3836; baseline -0.003 -13"><span class='ocrx_word' id='word_1_689' title='bbox 2218 3767 2413 3823; x_wconf 88' lang='lat' dir='ltr'><strong>Filium</strong></span> <span class='ocrx_word' id='word_1_690' title='bbox 2441 3781 2570 3822; x_wconf 89' lang='lat' dir='ltr'><strong>vero</strong></span> <span class='ocrx_word' id='word_1_691' title='bbox 2617 3766 2779 3820; x_wconf 88' lang='lat' dir='ltr'><strong>Pater</strong></span> <span class='ocrx_word' id='word_1_692' title='bbox 2823 3766 2970 3820; x_wconf 91' lang='lat' dir='ltr'><strong>solus</strong></span> <span class='ocrx_word' id='word_1_693' title='bbox 2999 3766 3188 3836; x_wconf 82' lang='lat' dir='ltr'><strong>gignit,</strong></span> <span class='ocrx_word' id='word_1_694' title='bbox 3234 3765 3327 3820; x_wconf 89' lang='lat' dir='ltr'><strong>sed</strong></span> <span class='ocrx_word' id='word_1_695' title='bbox 3378 3757 3484 3819; x_wconf 85' lang='lat' dir='ltr'><strong>non</strong></span> <span class='ocrx_word' id='word_1_696' title='bbox 3519 3763 3651 3820; x_wconf 74' lang='lat' dir='ltr'><strong>facit</strong></span> <span class='ocrx_word' id='word_1_697' title='bbox 3682 3765 3755 3796; x_wconf 71' lang='lat' dir='ltr'><strong>m</strong></span> <span class='ocrx_word' id='word_1_698' title='bbox 3788 3779 3803 3818; x_wconf 91' lang='lat'><strong>:</strong></span> 
     </span>
    </p>
   </div>
   <div class='ocr_carea' id='block_1_91' title="bbox 2218 3853 3798 3926">
    <p class='ocr_par' dir='ltr' id='par_1_91' title="bbox 2218 3853 3798 3926">
     <span class='ocr_line' id='line_1_91' title="bbox 2218 3853 3798 3926; baseline -0.002 -13"><span class='ocrx_word' id='word_1_699' title='bbox 2218 3857 2382 3913; x_wconf 86' lang='lat' dir='ltr'><strong>Pater</strong></span> <span class='ocrx_word' id='word_1_700' title='bbox 2420 3865 2599 3910; x_wconf 88' lang='lat' dir='ltr'><strong>autem</strong></span> <span class='ocrx_word' id='word_1_701' title='bbox 2643 3856 2852 3926; x_wconf 79' lang='lat' dir='ltr'><strong>pariter</strong></span> <span class='ocrx_word' id='word_1_702' title='bbox 2897 3865 2949 3909; x_wconf 91' lang='lat' dir='ltr'><strong>et</strong></span> <span class='ocrx_word' id='word_1_703' title='bbox 2974 3853 3143 3909; x_wconf 87' lang='lat' dir='ltr'><strong>Filius</strong></span> <span class='ocrx_word' id='word_1_704' title='bbox 3187 3869 3296 3908; x_wconf 92' lang='lat' dir='ltr'><strong>non</strong></span> <span class='ocrx_word' id='word_1_705' title='bbox 3344 3854 3570 3922; x_wconf 85' lang='lat' dir='ltr'><strong>faciunt,</strong></span> <span class='ocrx_word' id='word_1_706' title='bbox 3615 3870 3798 3925; x_wconf 86' lang='lat' dir='ltr'><strong>neque</strong></span> 
     </span>
    </p>
   </div>
   <div class='ocr_carea' id='block_1_92' title="bbox 2217 3946 3796 4022">
    <p class='ocr_par' dir='ltr' id='par_1_92' title="bbox 2217 3946 3796 4022">
     <span class='ocr_line' id='line_1_92' title="bbox 2217 3946 3796 4022; baseline -0.001 -19"><span class='ocrx_word' id='word_1_707' title='bbox 2217 3950 2470 4022; x_wconf 84' lang='lat' dir='ltr'><strong>gignunt;</strong></span> <span class='ocrx_word' id='word_1_708' title='bbox 2498 3947 2591 4003; x_wconf 84' lang='lat' dir='ltr'><strong>sed</strong></span> <span class='ocrx_word' id='word_1_709' title='bbox 2612 3947 3009 4017; x_wconf 84' lang='lat' dir='ltr'><strong>quodamnodo,</strong></span> <span class='ocrx_word' id='word_1_710' title='bbox 3051 3946 3198 4000; x_wconf 86' lang='lat' dir='ltr'><strong>sisic</strong></span> <span class='ocrx_word' id='word_1_711' title='bbox 3223 3947 3325 4000; x_wconf 88' lang='lat' dir='ltr'><strong>dici</strong></span> <span class='ocrx_word' id='word_1_712' title='bbox 3358 3955 3552 4016; x_wconf 87' lang='lat' dir='ltr'><strong>potest,</strong></span> <span class='ocrx_word' id='word_1_713' title='bbox 3581 3947 3796 4015; x_wconf 79' lang='lat' dir='ltr'><strong>spirant</strong></span> 
     </span>
    </p>
   </div>
   <div class='ocr_carea' id='block_1_93' title="bbox 2217 4035 3795 4106">
    <p class='ocr_par' dir='ltr' id='par_1_93' title="bbox 2217 4035 3795 4106">
     <span class='ocr_line' id='line_1_93' title="bbox 2217 4035 3795 4106; baseline -0.002 -13"><span class='ocrx_word' id='word_1_714' title='bbox 2217 4054 2372 4093; x_wconf 89' lang='lat' dir='ltr'><strong>suum</strong></span> <span class='ocrx_word' id='word_1_715' title='bbox 2403 4053 2645 4092; x_wconf 81' lang='lat' dir='ltr'><strong>amorem</strong></span> <span class='ocrx_word' id='word_1_716' title='bbox 2675 4055 2689 4091; x_wconf 85' lang='lat'><strong>:</strong></span> <span class='ocrx_word' id='word_1_717' title='bbox 2717 4037 2963 4106; x_wconf 88' lang='lat' dir='ltr'><strong>quamvis</strong></span> <span class='ocrx_word' id='word_1_718' title='bbox 2998 4036 3142 4092; x_wconf 85' lang='lat' dir='ltr'><strong>enim</strong></span> <span class='ocrx_word' id='word_1_719' title='bbox 3177 4051 3282 4090; x_wconf 85' lang='lat' dir='ltr'><strong>non</strong></span> <span class='ocrx_word' id='word_1_720' title='bbox 3314 4046 3500 4091; x_wconf 71' lang='lat' dir='ltr'><strong>noetro</strong></span> <span class='ocrx_word' id='word_1_721' title='bbox 3540 4035 3703 4090; x_wconf 84' lang='lat' dir='ltr'><strong>modo</strong></span> <span class='ocrx_word' id='word_1_722' title='bbox 3727 4035 3795 4067; x_wconf 77' lang='lat'><strong>&quot;&#39;</strong></span> 
     </span>
    </p>
   </div>
   <div class='ocr_carea' id='block_1_94' title="bbox 2217 4125 3795 4196">
    <p class='ocr_par' dir='ltr' id='par_1_94' title="bbox 2217 4125 3795 4196">
     <span class='ocr_line' id='line_1_94' title="bbox 2217 4125 3795 4196; baseline -0.001 -15"><span class='ocrx_word' id='word_1_723' title='bbox 2217 4127 2385 4196; x_wconf 84' lang='lat' dir='ltr'><strong>spiret</strong></span> <span class='ocrx_word' id='word_1_724' title='bbox 2409 4141 2617 4182; x_wconf 89' lang='lat' dir='ltr'><strong>summe</strong></span> <span class='ocrx_word' id='word_1_725' title='bbox 2643 4125 3096 4180; x_wconf 87' lang='lat' dir='ltr'><strong>incommutabilis</strong></span> <span class='ocrx_word' id='word_1_726' title='bbox 3123 4125 3380 4189; x_wconf 87' lang='lat' dir='ltr'><strong>essentia,</strong></span> <span class='ocrx_word' id='word_1_727' title='bbox 3407 4133 3586 4180; x_wconf 89' lang='lat' dir='ltr'><strong>tamen</strong></span> <span class='ocrx_word' id='word_1_728' title='bbox 3615 4126 3795 4194; x_wconf 90' lang='lat' dir='ltr'><strong>ipsum</strong></span> 
     </span>
    </p>
   </div>
   <div class='ocr_carea' id='block_1_95' title="bbox 2216 4212 3795 4282">
    <p class='ocr_par' dir='ltr' id='par_1_95' title="bbox 2216 4212 3795 4282">
     <span class='ocr_line' id='line_1_95' title="bbox 2216 4212 3795 4282; baseline -0.003 -12"><span class='ocrx_word' id='word_1_729' title='bbox 2216 4229 2374 4270; x_wconf 85' lang='lat' dir='ltr'><strong>suum</strong></span> <span class='ocrx_word' id='word_1_730' title='bbox 2425 4230 2666 4269; x_wconf 89' lang='lat' dir='ltr'><strong>amorem</strong></span> <span class='ocrx_word' id='word_1_731' title='bbox 2711 4213 2778 4245; x_wconf 66' lang='grc'><strong>⁸⁸⁸</strong></span> <span class='ocrx_word' id='word_1_732' title='bbox 2809 4229 2840 4267; x_wconf 88' lang='lat' dir='ltr'><strong>a</strong></span> <span class='ocrx_word' id='word_1_733' title='bbox 2869 4229 2928 4268; x_wconf 91' lang='lat' dir='ltr'><strong>se</strong></span> <span class='ocrx_word' id='word_1_734' title='bbox 2971 4212 3315 4267; x_wconf 82' lang='lat' dir='ltr'><strong>ineﬁ‘abilitcr</strong></span> <span class='ocrx_word' id='word_1_735' title='bbox 3372 4213 3795 4282; x_wconf 87' lang='lat' dir='ltr'><strong>procedentem,</strong></span> 
     </span>
    </p>
   </div>
   <div class='ocr_carea' id='block_1_96' title="bbox 2217 4301 3796 4370">
    <p class='ocr_par' dir='ltr' id='par_1_96' title="bbox 2217 4301 3796 4370">
     <span class='ocr_line' id='line_1_96' title="bbox 2217 4301 3796 4370; baseline -0.003 -10"><span class='ocrx_word' id='word_1_736' title='bbox 2217 4323 2323 4362; x_wconf 89' lang='lat' dir='ltr'><strong>non</strong></span> <span class='ocrx_word' id='word_1_737' title='bbox 2349 4306 2671 4361; x_wconf 88' lang='lat' dir='ltr'><strong>discedendo</strong></span> <span class='ocrx_word' id='word_1_738' title='bbox 2690 4305 2756 4359; x_wconf 89' lang='lat' dir='ltr'><strong>ab</strong></span> <span class='ocrx_word' id='word_1_739' title='bbox 2779 4304 2888 4370; x_wconf 91' lang='lat' dir='ltr'><strong>illa,</strong></span> <span class='ocrx_word' id='word_1_740' title='bbox 2917 4304 3010 4359; x_wconf 89' lang='lat' dir='ltr'><strong>sed</strong></span> <span class='ocrx_word' id='word_1_741' title='bbox 3031 4303 3312 4358; x_wconf 76' lang='lat' dir='ltr'><strong>existendo</strong></span> <span class='ocrx_word' id='word_1_742' title='bbox 3335 4318 3400 4357; x_wconf 82' lang='lat' dir='ltr'><strong>ex</strong></span> <span class='ocrx_word' id='word_1_743' title='bbox 3429 4301 3537 4364; x_wconf 86' lang='lat' dir='ltr'><strong>illa.</strong></span> <span class='ocrx_word' id='word_1_744' title='bbox 3556 4302 3796 4358; x_wconf 67' lang='lat' dir='ltr'><strong>forsitan</strong></span> 
     </span>
    </p>
   </div>
   <div class='ocr_carea' id='block_1_97' title="bbox 2219 4393 3801 4466">
    <p class='ocr_par' dir='ltr' id='par_1_97' title="bbox 2219 4393 3801 4466">
     <span class='ocr_line' id='line_1_97' title="bbox 2219 4393 3801 4466; baseline -0.004 -13"><span class='ocrx_word' id='word_1_745' title='bbox 2219 4399 2464 4455; x_wconf 85' lang='lat' dir='ltr'><strong>non-alio</strong></span> <span class='ocrx_word' id='word_1_746' title='bbox 2493 4399 2652 4452; x_wconf 91' lang='lat' dir='ltr'><strong>modo</strong></span> <span class='ocrx_word' id='word_1_747' title='bbox 2683 4398 2896 4452; x_wconf 88' lang='lat' dir='ltr'><strong>videtur</strong></span> <span class='ocrx_word' id='word_1_748' title='bbox 2923 4411 3082 4466; x_wconf 89' lang='lat' dir='ltr'><strong>posse</strong></span> <span class='ocrx_word' id='word_1_749' title='bbox 3118 4396 3222 4449; x_wconf 89' lang='lat' dir='ltr'><strong>dici</strong></span> <span class='ocrx_word' id='word_1_750' title='bbox 3253 4393 3429 4463; x_wconf 89' lang='lat' dir='ltr'><strong>aptius</strong></span> <span class='ocrx_word' id='word_1_751' title='bbox 3457 4408 3522 4447; x_wconf 84' lang='lat' dir='ltr'><strong>ex</strong></span> <span class='ocrx_word' id='word_1_752' title='bbox 3549 4405 3609 4446; x_wconf 88' lang='lat' dir='ltr'><strong>se</strong></span> <span class='ocrx_word' id='word_1_753' title='bbox 3637 4394 3801 4447; x_wconf 86' lang='lat' dir='ltr'><strong>emit-</strong></span> 
     </span>
    </p>
   </div>
   <div class='ocr_carea' id='block_1_98' title="bbox 541 4481 3797 4575">
    <p class='ocr_par' dir='ltr' id='par_1_98' title="bbox 541 4481 3797 4575">
     <span class='ocr_line' id='line_1_98' title="bbox 541 4481 3797 4575; baseline -0.001 -19"><span class='ocrx_word' id='word_1_754' title='bbox 541 4502 790 4557; x_wconf 84' lang='lat' dir='ltr'><strong>Solemus</strong></span> <span class='ocrx_word' id='word_1_755' title='bbox 813 4505 955 4558; x_wconf 90' lang='lat' dir='ltr'><strong>enim</strong></span> <span class='ocrx_word' id='word_1_756' title='bbox 983 4481 1123 4575; x_wconf 63' lang='lat' dir='ltr'><strong>saepe</strong></span> <span class='ocrx_word' id='word_1_757' title='bbox 1147 4481 1327 4560; x_wconf 78' lang='lat' dir='ltr'><strong>dicere</strong></span> <span class='ocrx_word' id='word_1_758' title='bbox 1357 4499 1558 4570; x_wconf 90' lang='lat' dir='ltr'><strong>aliquid</strong></span> <span class='ocrx_word' id='word_1_759' title='bbox 1588 4497 1734 4568; x_wconf 87' lang='lat' dir='ltr'><strong>gigni</strong></span> <span class='ocrx_word' id='word_1_760' title='bbox 1763 4517 1840 4556; x_wconf 81' lang='lat' dir='ltr'><strong>ex</strong></span> <span class='ocrx_word' id='word_1_761' title='bbox 1862 4514 1925 4554; x_wconf 89' lang='lat' dir='ltr'><strong>ea</strong></span> <span class='ocrx_word' id='word_1_762' title='bbox 1963 4513 2021 4552; x_wconf 86' lang='lat' dir='ltr'><strong>re</strong></span> <span class='ocrx_word' id='word_1_763' title='bbox 2051 4499 2114 4552; x_wconf 90' lang='lat' dir='ltr'><strong>de</strong></span> <span class='ocrx_word' id='word_1_764' title='bbox 2143 4515 2192 4573; x_wconf 78' lang='grc' dir='ltr'>ι)</span> <span class='ocrx_word' id='word_1_765' title='bbox 2216 4499 2334 4544; x_wconf 66' lang='lat' dir='ltr'><strong>lere</strong></span> <span class='ocrx_word' id='word_1_766' title='bbox 2369 4505 2528 4558; x_wconf 64' lang='lat' dir='ltr'><strong>(illam</strong></span> <span class='ocrx_word' id='word_1_767' title='bbox 2557 4489 2832 4558; x_wconf 70' lang='grc' dir='ltr'><strong>εΡίτεηιάοο</strong></span> <span class='ocrx_word' id='word_1_768' title='bbox 2876 4487 3029 4553; x_wconf 70' lang='grc' dir='ltr'>Ωιιοά</span> <span class='ocrx_word' id='word_1_769' title='bbox 3059 4486 3105 4540; x_wconf 74' lang='grc' dir='ltr'><strong>εί</strong></span> <span class='ocrx_word' id='word_1_770' title='bbox 3137 4485 3241 4539; x_wconf 71' lang='grc' dir='ltr'><strong>δῖοί</strong></span> <span class='ocrx_word' id='word_1_771' title='bbox 3265 4491 3465 4575; x_wconf 60' lang='grc' dir='ltr'><strong>Ρριθείτ</strong></span> <span class='ocrx_word' id='word_1_772' title='bbox 3496 4482 3638 4575; x_wconf 52' lang='lat' dir='ltr'><strong>Sict“</strong></span> <span class='ocrx_word' id='word_1_773' title='bbox 3664 4481 3797 4575; x_wconf 48' lang='lat' dir='ltr'><strong>Vf‘l&quot;</strong></span> 
     </span>
    </p>
   </div>
   <div class='ocr_carea' id='block_1_99' title="bbox 541 4587 2112 4661">
    <p class='ocr_par' dir='ltr' id='par_1_99' title="bbox 541 4587 2112 4661">
     <span class='ocr_line' id='line_1_99' title="bbox 541 4587 2112 4661; baseline -0.001 -17"><span class='ocrx_word' id='word_1_774' title='bbox 541 4607 646 4661; x_wconf 81' lang='lat' dir='ltr'><strong>qua</strong></span> <span class='ocrx_word' id='word_1_775' title='bbox 671 4594 853 4646; x_wconf 77' lang='lat' dir='ltr'><strong>existit</strong></span> <span class='ocrx_word' id='word_1_776' title='bbox 883 4609 895 4645; x_wconf 93' lang='lat'>:</span> <span class='ocrx_word' id='word_1_777' title='bbox 925 4604 984 4648; x_wconf 92' lang='lat' dir='ltr'><strong>nt</strong></span> <span class='ocrx_word' id='word_1_778' title='bbox 1012 4609 1134 4648; x_wconf 90' lang='lat' dir='ltr'><strong>cum</strong></span> <span class='ocrx_word' id='word_1_779' title='bbox 1167 4594 1396 4649; x_wconf 88' lang='lat' dir='ltr'><strong>dicimus</strong></span> <span class='ocrx_word' id='word_1_780' title='bbox 1441 4587 1786 4659; x_wconf 88' lang='lat' dir='ltr'><strong>splendorem</strong></span> <span class='ocrx_word' id='word_1_781' title='bbox 1832 4597 1926 4643; x_wconf 90' lang='lat' dir='ltr'><strong>aut</strong></span> <span class='ocrx_word' id='word_1_782' title='bbox 1964 4587 2112 4645; x_wconf 84' lang='lat' dir='ltr'><strong>calo-</strong></span> 
     </span>
    </p>
   </div>
   <div class='ocr_carea' id='block_1_100' title="bbox 542 4681 2112 4754">
    <p class='ocr_par' dir='ltr' id='par_1_100' title="bbox 542 4681 2112 4754">
     <span class='ocr_line' id='line_1_100' title="bbox 542 4681 2112 4754; baseline -0.003 -17"><span class='ocrx_word' id='word_1_783' title='bbox 542 4698 658 4738; x_wconf 83' lang='lat' dir='ltr'><strong>rem</strong></span> <span class='ocrx_word' id='word_1_784' title='bbox 675 4685 826 4754; x_wconf 80' lang='lat' dir='ltr'><strong>.gigni</strong></span> <span class='ocrx_word' id='word_1_785' title='bbox 852 4685 919 4738; x_wconf 87' lang='lat' dir='ltr'><strong>ab</strong></span> <span class='ocrx_word' id='word_1_786' title='bbox 952 4686 1093 4751; x_wconf 81' lang='lat' dir='ltr'><strong>igne,</strong></span> <span class='ocrx_word' id='word_1_787' title='bbox 1117 4699 1210 4739; x_wconf 92' lang='lat' dir='ltr'><strong>seu</strong></span> <span class='ocrx_word' id='word_1_788' title='bbox 1237 4683 1451 4751; x_wconf 91' lang='lat' dir='ltr'><strong>aliquod</strong></span> <span class='ocrx_word' id='word_1_789' title='bbox 1475 4683 1728 4738; x_wconf 80' lang='lat' dir='ltr'><strong>cll&#39;ectum</strong></span> <span class='ocrx_word' id='word_1_790' title='bbox 1751 4681 1821 4714; x_wconf 84' lang='grc'><strong>⁸⁸³</strong></span> <span class='ocrx_word' id='word_1_791' title='bbox 1853 4696 1918 4735; x_wconf 77' lang='lat' dir='ltr'><strong>cx</strong></span> <span class='ocrx_word' id='word_1_792' title='bbox 1949 4695 2112 4735; x_wconf 90' lang='lat' dir='ltr'><strong>causa</strong></span> 
     </span>
    </p>
   </div>
   <div class='ocr_carea' id='block_1_101' title="bbox 541 4773 2116 4843">
    <p class='ocr_par' dir='ltr' id='par_1_101' title="bbox 541 4773 2116 4843">
     <span class='ocr_line' id='line_1_101' title="bbox 541 4773 2116 4843; baseline -0.001 -16"><span class='ocrx_word' id='word_1_793' title='bbox 541 4787 660 4827; x_wconf 88' lang='lat' dir='ltr'><strong>sua.</strong></span> <span class='ocrx_word' id='word_1_794' title='bbox 690 4773 996 4828; x_wconf 85' lang='lat' dir='ltr'><strong>Secundum</strong></span> <span class='ocrx_word' id='word_1_795' title='bbox 1017 4774 1159 4828; x_wconf 90' lang='lat' dir='ltr'><strong>hanc</strong></span> <span class='ocrx_word' id='word_1_796' title='bbox 1186 4773 1348 4843; x_wconf 86' lang='lat' dir='ltr'><strong>igitur</strong></span> <span class='ocrx_word' id='word_1_797' title='bbox 1369 4773 1658 4836; x_wconf 89' lang='lat' dir='ltr'><strong>rationem,</strong></span> <span class='ocrx_word' id='word_1_798' title='bbox 1685 4786 1839 4826; x_wconf 87' lang='lat' dir='ltr'><strong>amor</strong></span> <span class='ocrx_word' id='word_1_799' title='bbox 1859 4785 1888 4824; x_wconf 90' lang='lat' dir='ltr'><strong>a</strong></span> <span class='ocrx_word' id='word_1_800' title='bbox 1905 4786 2116 4825; x_wconf 90' lang='lat' dir='ltr'><strong>sunnno</strong></span> 
     </span>
    </p>
   </div>
   <div class='ocr_carea' id='block_1_102' title="bbox 543 4861 2116 4935">
    <p class='ocr_par' dir='ltr' id='par_1_102' title="bbox 543 4861 2116 4935">
     <span class='ocr_line' id='line_1_102' title="bbox 543 4861 2116 4935; baseline -0.003 -17"><span class='ocrx_word' id='word_1_801' title='bbox 543 4863 748 4935; x_wconf 88' lang='lat' dir='ltr'><strong>Spiritu</strong></span> <span class='ocrx_word' id='word_1_802' title='bbox 777 4865 966 4920; x_wconf 76' lang='lat' dir='ltr'><strong>exiens</strong></span> <span class='ocrx_word' id='word_1_803' title='bbox 990 4905 1005 4929; x_wconf 90' lang='lat'><strong>,</strong></span> <span class='ocrx_word' id='word_1_804' title='bbox 1032 4879 1136 4918; x_wconf 92' lang='lat' dir='ltr'><strong>non</strong></span> <span class='ocrx_word' id='word_1_805' title='bbox 1167 4863 1386 4917; x_wconf 90' lang='lat' dir='ltr'><strong>omnino</strong></span> <span class='ocrx_word' id='word_1_806' title='bbox 1411 4863 1580 4917; x_wconf 87' lang='lat' dir='ltr'><strong>asseri</strong></span> <span class='ocrx_word' id='word_1_807' title='bbox 1610 4869 1786 4931; x_wconf 86' lang='lat' dir='ltr'><strong>potest</strong></span> <span class='ocrx_word' id='word_1_808' title='bbox 1815 4861 2116 4930; x_wconf 84' lang='lat' dir='ltr'><strong>ingenitus;</strong></span> 
     </span>
    </p>
   </div>
   <div class='ocr_carea' id='block_1_103' title="bbox 541 4946 2114 5026">
    <p class='ocr_par' dir='ltr' id='par_1_103' title="bbox 541 4946 2114 5026">
     <span class='ocr_line' id='line_1_103' title="bbox 541 4946 2114 5026; baseline -0.004 -16"><span class='ocrx_word' id='word_1_809' title='bbox 541 4955 618 5010; x_wconf 89' lang='lat' dir='ltr'><strong>ita</strong></span> <span class='ocrx_word' id='word_1_810' title='bbox 654 4971 782 5012; x_wconf 88' lang='lat' dir='ltr'><strong>vero</strong></span> <span class='ocrx_word' id='word_1_811' title='bbox 836 4956 1075 5026; x_wconf 87' lang='lat' dir='ltr'><strong>proprie,</strong></span> <span class='ocrx_word' id='word_1_812' title='bbox 1125 4955 1266 5009; x_wconf 88' lang='lat' dir='ltr'><strong>sicut</strong></span> <span class='ocrx_word' id='word_1_813' title='bbox 1308 4951 1565 5018; x_wconf 86' lang='lat' dir='ltr'><strong>Verbum,</strong></span> <span class='ocrx_word' id='word_1_814' title='bbox 1615 4952 1720 5007; x_wconf 92' lang='lat' dir='ltr'><strong>dici</strong></span> <span class='ocrx_word' id='word_1_815' title='bbox 1751 4952 1962 5022; x_wconf 90' lang='lat' dir='ltr'><strong>genitus</strong></span> <span class='ocrx_word' id='word_1_816' title='bbox 1989 4946 2114 5004; x_wconf 39' lang='lat' dir='ltr'><strong>‘non</strong></span> 
     </span>
    </p>
   </div>
   <div class='ocr_carea' id='block_1_104' title="bbox 2217 4572 3798 4644">
    <p class='ocr_par' dir='ltr' id='par_1_104' title="bbox 2217 4572 3798 4644">
     <span class='ocr_line' id='line_1_104' title="bbox 2217 4572 3798 4644; baseline -0.006 -9"><span class='ocrx_word' id='word_1_817' title='bbox 2217 4582 2344 4635; x_wconf 90' lang='lat' dir='ltr'><strong>bum</strong></span> <span class='ocrx_word' id='word_1_818' title='bbox 2370 4593 2592 4634; x_wconf 78' lang='lat' dir='ltr'><strong>suamne</strong></span> <span class='ocrx_word' id='word_1_819' title='bbox 2636 4578 2884 4633; x_wconf 68' lang='lat' dir='ltr'><strong>essentia:</strong></span> <span class='ocrx_word' id='word_1_820' title='bbox 2924 4575 3092 4632; x_wconf 84' lang='lat' dir='ltr'><strong>Filius</strong></span> <span class='ocrx_word' id='word_1_821' title='bbox 3135 4585 3220 4630; x_wconf 89' lang='lat' dir='ltr'><strong>est</strong></span> <span class='ocrx_word' id='word_1_822' title='bbox 3269 4573 3420 4644; x_wconf 86' lang='lat' dir='ltr'><strong>ejus;</strong></span> <span class='ocrx_word' id='word_1_823' title='bbox 3453 4572 3525 4626; x_wconf 87' lang='lat' dir='ltr'><strong>ita</strong></span> <span class='ocrx_word' id='word_1_824' title='bbox 3553 4573 3798 4641; x_wconf 79' lang='lat' dir='ltr'><strong>ejusdem</strong></span> 
     </span>
    </p>
   </div>
   <div class='ocr_carea' id='block_1_105' title="bbox 2220 4659 3801 4734">
    <p class='ocr_par' dir='ltr' id='par_1_105' title="bbox 2220 4659 3801 4734">
     <span class='ocr_line' id='line_1_105' title="bbox 2220 4659 3801 4734; baseline -0.008 -8"><span class='ocrx_word' id='word_1_825' title='bbox 2220 4685 2373 4726; x_wconf 86' lang='lat' dir='ltr'><strong>amor</strong></span> <span class='ocrx_word' id='word_1_826' title='bbox 2426 4669 2558 4725; x_wconf 90' lang='lat' dir='ltr'><strong>satis</strong></span> <span class='ocrx_word' id='word_1_827' title='bbox 2585 4667 2971 4724; x_wconf 82' lang='lat' dir='ltr'><strong>convenienter</strong></span> <span class='ocrx_word' id='word_1_828' title='bbox 3025 4663 3284 4734; x_wconf 90' lang='lat' dir='ltr'><strong>appellari</strong></span> <span class='ocrx_word' id='word_1_829' title='bbox 3325 4669 3504 4731; x_wconf 82' lang='lat' dir='ltr'><strong>potest</strong></span> <span class='ocrx_word' id='word_1_830' title='bbox 3558 4659 3801 4729; x_wconf 80' lang='lat' dir='ltr'><strong>Spiritus</strong></span> 
     </span>
    </p>
   </div>
   <div class='ocr_carea' id='block_1_106' title="bbox 2218 4752 3797 4833">
    <p class='ocr_par' dir='ltr' id='par_1_106' title="bbox 2218 4752 3797 4833">
     <span class='ocr_line' id='line_1_106' title="bbox 2218 4752 3797 4833; baseline -0.008 -17"><span class='ocrx_word' id='word_1_831' title='bbox 2218 4763 2378 4833; x_wconf 86' lang='lat' dir='ltr'><strong>ejus:</strong></span> <span class='ocrx_word' id='word_1_832' title='bbox 2410 4769 2614 4815; x_wconf 90' lang='lat' dir='ltr'><strong>ntcum</strong></span> <span class='ocrx_word' id='word_1_833' title='bbox 2662 4756 3029 4814; x_wconf 83' lang='lat' dir='ltr'><strong>essentialiter</strong></span> <span class='ocrx_word' id='word_1_834' title='bbox 3079 4755 3193 4825; x_wconf 87' lang='lat' dir='ltr'><strong>ipse</strong></span> <span class='ocrx_word' id='word_1_835' title='bbox 3233 4753 3307 4808; x_wconf 89' lang='lat' dir='ltr'><strong>sit</strong></span> <span class='ocrx_word' id='word_1_836' title='bbox 3357 4752 3601 4822; x_wconf 88' lang='lat' dir='ltr'><strong>spiritus,</strong></span> <span class='ocrx_word' id='word_1_837' title='bbox 3651 4752 3797 4804; x_wconf 89' lang='lat' dir='ltr'><strong>sicut</strong></span> 
     </span>
    </p>
   </div>
   <div class='ocr_carea' id='block_1_107' title="bbox 2217 4842 3798 4918">
    <p class='ocr_par' dir='ltr' id='par_1_107' title="bbox 2217 4842 3798 4918">
     <span class='ocr_line' id='line_1_107' title="bbox 2217 4842 3798 4918; baseline -0.009 -9"><span class='ocrx_word' id='word_1_838' title='bbox 2217 4854 2380 4909; x_wconf 81' lang='lat' dir='ltr'><strong>Pater</strong></span> <span class='ocrx_word' id='word_1_839' title='bbox 2404 4862 2459 4907; x_wconf 86' lang='lat' dir='ltr'><strong>et</strong></span> <span class='ocrx_word' id='word_1_840' title='bbox 2479 4852 2668 4916; x_wconf 84' lang='lat' dir='ltr'><strong>Filius,</strong></span> <span class='ocrx_word' id='word_1_841' title='bbox 2698 4851 2771 4904; x_wconf 85' lang='lat' dir='ltr'><strong>illi</strong></span> <span class='ocrx_word' id='word_1_842' title='bbox 2823 4865 2927 4903; x_wconf 91' lang='lat' dir='ltr'><strong>non</strong></span> <span class='ocrx_word' id='word_1_843' title='bbox 2963 4855 3220 4918; x_wconf 84' lang='lat' dir='ltr'><strong>putentur</strong></span> <span class='ocrx_word' id='word_1_844' title='bbox 3245 4842 3472 4910; x_wconf 84' lang='lat' dir='ltr'><strong>alicujus</strong></span> <span class='ocrx_word' id='word_1_845' title='bbox 3519 4843 3756 4912; x_wconf 88' lang='lat' dir='ltr'><strong>spiritus</strong></span> <span class='ocrx_word' id='word_1_846' title='bbox 3781 4859 3798 4906; x_wconf 90' lang='lat'><strong>;</strong></span> 
     </span>
    </p>
   </div>
   <div class='ocr_carea' id='block_1_108' title="bbox 2221 4932 3805 5017">
    <p class='ocr_par' dir='ltr' id='par_1_108' title="bbox 2221 4932 3805 5017">
     <span class='ocr_line' id='line_1_108' title="bbox 2221 4932 3805 5017; baseline -0.008 -17"><span class='ocrx_word' id='word_1_847' title='bbox 2221 4947 2346 5017; x_wconf 86' lang='lat' dir='ltr'><strong>quia</strong></span> <span class='ocrx_word' id='word_1_848' title='bbox 2377 4961 2477 5002; x_wconf 89' lang='lat' dir='ltr'><strong>nec</strong></span> <span class='ocrx_word' id='word_1_849' title='bbox 2501 4945 2667 5000; x_wconf 83' lang='lat' dir='ltr'><strong>Pater</strong></span> <span class='ocrx_word' id='word_1_850' title='bbox 2692 4944 2760 4998; x_wconf 91' lang='lat' dir='ltr'><strong>ab</strong></span> <span class='ocrx_word' id='word_1_851' title='bbox 2803 4941 2911 4996; x_wconf 88' lang='lat' dir='ltr'><strong>ullo</strong></span> <span class='ocrx_word' id='word_1_852' title='bbox 2964 4941 3071 4996; x_wconf 90' lang='lat' dir='ltr'><strong>alio</strong></span> <span class='ocrx_word' id='word_1_853' title='bbox 3107 4947 3212 5003; x_wconf 87' lang='lat' dir='ltr'><strong>est,</strong></span> <span class='ocrx_word' id='word_1_854' title='bbox 3252 4951 3354 4994; x_wconf 87' lang='lat' dir='ltr'><strong>nec</strong></span> <span class='ocrx_word' id='word_1_855' title='bbox 3385 4935 3554 4990; x_wconf 86' lang='lat' dir='ltr'><strong>Filius</strong></span> <span class='ocrx_word' id='word_1_856' title='bbox 3579 4951 3608 4989; x_wconf 89' lang='lat' dir='ltr'><strong>a</strong></span> <span class='ocrx_word' id='word_1_857' title='bbox 3636 4932 3805 4988; x_wconf 85' lang='lat' dir='ltr'><strong>Patre</strong></span> 
     </span>
    </p>
   </div>
   <div class='ocr_carea' id='block_1_109' title="bbox 1832 5119 2504 5184">
    <p class='ocr_par' dir='ltr' id='par_1_109' title="bbox 1832 5119 2504 5184">
     <span class='ocr_line' id='line_1_109' title="bbox 1832 5119 2504 5184; baseline -0.012 -2"><span class='ocrx_word' id='word_1_858' title='bbox 1832 5127 2062 5184; x_wconf 67' lang='lat' dir='ltr'><strong>VARUS</strong></span> <span class='ocrx_word' id='word_1_859' title='bbox 2102 5119 2504 5183; x_wconf 77' lang='lat' dir='ltr'><strong>LECTIONES.</strong></span> 
     </span>
    </p>
   </div>
   <div class='ocr_carea' id='block_1_110' title="bbox 607 5266 2045 5341">
    <p class='ocr_par' dir='ltr' id='par_1_110' title="bbox 607 5266 2045 5341">
     <span class='ocr_line' id='line_1_110' title="bbox 607 5266 2045 5341; baseline -0.003 -1"><span class='ocrx_word' id='word_1_860' title='bbox 607 5266 684 5322; x_wconf 50' lang='lat'><strong>3&quot;</strong></span> <span class='ocrx_word' id='word_1_861' title='bbox 715 5285 833 5340; x_wconf 79' lang='lat' dir='ltr'><strong>Mox</strong></span> <span class='ocrx_word' id='word_1_862' title='bbox 863 5295 919 5340; x_wconf 90' lang='lat' dir='ltr'><strong>ut</strong></span> <span class='ocrx_word' id='word_1_863' title='bbox 943 5287 1318 5341; x_wconf 86' lang='lat' dir='ltr'><strong>consideratur</strong></span> <span class='ocrx_word' id='word_1_864' title='bbox 1335 5300 1461 5337; x_wconf 86' lang='lat' dir='ltr'><strong>mss.</strong></span> <span class='ocrx_word' id='word_1_865' title='bbox 1503 5297 1626 5336; x_wconf 72' lang='lat' dir='ltr'><strong>mox</strong></span> <span class='ocrx_word' id='word_1_866' title='bbox 1667 5281 2045 5338; x_wconf 89' lang='lat' dir='ltr'><strong>consideratur</strong></span> 
     </span>
    </p>
   </div>
   <div class='ocr_carea' id='block_1_111' title="bbox 544 5352 1961 5424">
    <p class='ocr_par' dir='ltr' id='par_1_111' title="bbox 544 5352 1961 5424">
     <span class='ocr_line' id='line_1_111' title="bbox 544 5352 1961 5424; baseline -0.004 -12"><span class='ocrx_word' id='word_1_867' title='bbox 544 5357 830 5412; x_wconf 71' lang='lat' dir='ltr'><strong>referendo</strong></span> <span class='ocrx_word' id='word_1_868' title='bbox 938 5357 1001 5386; x_wconf 81' lang='grc'><strong>⁶³¹</strong></span> <span class='ocrx_word' id='word_1_869' title='bbox 1037 5355 1269 5424; x_wconf 41' lang='grc' dir='ltr'>ϐαρηῦιί</span> <span class='ocrx_word' id='word_1_870' title='bbox 1299 5365 1371 5408; x_wconf 82' lang='lat' dir='ltr'><strong>est</strong></span> <span class='ocrx_word' id='word_1_871' title='bbox 1401 5356 1454 5407; x_wconf 86' lang='lat' dir='ltr'><strong>in</strong></span> <span class='ocrx_word' id='word_1_872' title='bbox 1508 5368 1634 5424; x_wconf 72' lang='lat' dir='ltr'><strong>mss.</strong></span> <span class='ocrx_word' id='word_1_873' title='bbox 1687 5361 1843 5424; x_wconf 65' lang='lat' dir='ltr'><strong>aqua</strong></span> <span class='ocrx_word' id='word_1_874' title='bbox 1887 5352 1961 5424; x_wconf 71' lang='lat'><strong>§6</strong></span> 
     </span>
    </p>
   </div>
   <div class='ocr_carea' id='block_1_112' title="bbox 2148 5264 3803 5344">
    <p class='ocr_par' dir='ltr' id='par_1_112' title="bbox 2148 5264 3803 5344">
     <span class='ocr_line' id='line_1_112' title="bbox 2148 5264 3803 5344; baseline -0.006 -14"><span class='ocrx_word' id='word_1_875' title='bbox 2148 5282 2216 5313; x_wconf 77' lang='grc'><strong>⁸⁸⁸</strong></span> <span class='ocrx_word' id='word_1_876' title='bbox 2266 5279 2573 5344; x_wconf 87' lang='lat' dir='ltr'><strong>Promptam</strong></span> <span class='ocrx_word' id='word_1_877' title='bbox 2620 5273 3146 5344; x_wconf 68' lang='lat' dir='ltr'><strong>praal&#39;erendo__ntss._</strong></span> <span class='ocrx_word' id='word_1_878' title='bbox 3175 5265 3445 5344; x_wconf 28' lang='lat' dir='ltr'><strong>Tmen-90.</strong></span> <span class='ocrx_word' id='word_1_879' title='bbox 3485 5264 3803 5344; x_wconf 82' lang='lat' dir='ltr'><strong>P_mmptar_n</strong></span> 
     </span>
    </p>
   </div>
   <div class='ocr_carea' id='block_1_113' title="bbox 2075 5336 3808 5404">
    <p class='ocr_par' dir='ltr' id='par_1_113' title="bbox 2075 5336 3808 5404">
     <span class='ocr_line' id='line_1_113' title="bbox 2075 5336 3808 5404; baseline -0.008 0"><span class='ocrx_word' id='word_1_880' title='bbox 2075 5352 2144 5383; x_wconf 79' lang='grc'><strong>⁸³³</strong></span> <span class='ocrx_word' id='word_1_881' title='bbox 2186 5336 2491 5404; x_wconf 61' lang='lat' dir='ltr'><strong>intentionis</strong></span> <span class='ocrx_word' id='word_1_882' title='bbox 2532 5336 2747 5398; x_wconf 77' lang='lat' dir='ltr'><strong>modum</strong></span> <span class='ocrx_word' id='word_1_883' title='bbox 2778 5359 2902 5396; x_wconf 87' lang='lat' dir='ltr'><strong>mss.</strong></span> <span class='ocrx_word' id='word_1_884' title='bbox 2939 5340 3073 5394; x_wconf 85' lang='lat' dir='ltr'><strong>Tlm.</strong></span> <span class='ocrx_word' id='word_1_885' title='bbox 3104 5336 3253 5392; x_wconf 77' lang='lat' dir='ltr'><strong>Gem.</strong></span> <span class='ocrx_word' id='word_1_886' title='bbox 3281 5337 3468 5392; x_wconf 85' lang='lat' dir='ltr'><strong>Cister.</strong></span> <span class='ocrx_word' id='word_1_887' title='bbox 3512 5337 3808 5391; x_wconf 86' lang='lat' dir='ltr'><strong>locutionis</strong></span> 
     </span>
    </p>
   </div>
   <div class='ocr_carea' id='block_1_114' title="bbox 544 5405 3808 5491">
    <p class='ocr_par' dir='ltr' id='par_1_114' title="bbox 544 5405 3808 5491">
     <span class='ocr_line' id='line_1_114' title="bbox 544 5405 3808 5491; baseline -0.007 -12"><span class='ocrx_word' id='word_1_888' title='bbox 544 5405 843 5480; x_wconf 40' lang='grc' dir='ltr'><strong>ιιέιῖιιιψὧι</strong></span> <span class='ocrx_word' id='word_1_889' title='bbox 864 5405 1375 5491; x_wconf 55' lang='lat' dir='ltr'><strong>Aliqueiiireli&#39;eemm</strong></span> <span class='ocrx_word' id='word_1_890' title='bbox 1403 5405 1527 5479; x_wconf 76' lang='lat' dir='ltr'><strong>mss.</strong></span> <span class='ocrx_word' id='word_1_891' title='bbox 1566 5405 1850 5491; x_wconf 66' lang='lat' dir='ltr'><strong>Vict._Sng.</strong></span> <span class='ocrx_word' id='word_1_892' title='bbox 1884 5405 2056 5476; x_wconf 81' lang='lat' dir='ltr'><strong>Tlma.</strong></span> <span class='ocrx_word' id='word_1_893' title='bbox 2089 5421 2276 5491; x_wconf 76' lang='lat' dir='ltr'><strong>Cister.</strong></span> <span class='ocrx_word' id='word_1_894' title='bbox 2304 5415 2522 5484; x_wconf 83' lang='lat' dir='ltr'><strong>aliquod</strong></span> <span class='ocrx_word' id='word_1_895' title='bbox 2550 5411 2800 5491; x_wconf 56' lang='lat' dir='ltr'><strong>eligetum</strong></span> <span class='ocrx_word' id='word_1_896' title='bbox 2825 5481 2837 5491; x_wconf 38' lang='grc' dir='ltr'>ι</span> <span class='ocrx_word' id='word_1_897' title='bbox 2875 5409 3080 5491; x_wconf 40' lang='lat' dir='ltr'><strong>&quot;fise-0</strong></span> <span class='ocrx_word' id='word_1_898' title='bbox 3103 5408 3244 5491; x_wconf 62' lang='lat' dir='ltr'><strong>ﬁlius</strong></span> <span class='ocrx_word' id='word_1_899' title='bbox 3274 5421 3378 5491; x_wconf 75' lang='lat' dir='ltr'><strong>nec</strong></span> <span class='ocrx_word' id='word_1_900' title='bbox 3416 5405 3687 5491; x_wconf 67' lang='lat' dir='ltr'><strong>ingenitus</strong></span> <span class='ocrx_word' id='word_1_901' title='bbox 3716 5417 3808 5491; x_wconf 67' lang='lat' dir='ltr'><strong>est</strong></span> 
     </span>
    </p>
   </div>
   <div class='ocr_carea' id='block_1_115' title="bbox 542 5493 1551 5562">
    <p class='ocr_par' dir='ltr' id='par_1_115' title="bbox 542 5493 1551 5562">
     <span class='ocr_line' id='line_1_115' title="bbox 542 5493 1551 5562; baseline -0.003 -14"><span class='ocrx_word' id='word_1_902' title='bbox 542 5514 668 5550; x_wconf 83' lang='lat' dir='ltr'><strong>mss.</strong></span> <span class='ocrx_word' id='word_1_903' title='bbox 694 5509 793 5548; x_wconf 91' lang='lat' dir='ltr'><strong>nec</strong></span> <span class='ocrx_word' id='word_1_904' title='bbox 822 5493 962 5546; x_wconf 87' lang='lat' dir='ltr'><strong>ﬁlius</strong></span> <span class='ocrx_word' id='word_1_905' title='bbox 988 5502 1087 5556; x_wconf 89' lang='lat' dir='ltr'><strong>est,</strong></span> <span class='ocrx_word' id='word_1_906' title='bbox 1117 5508 1215 5548; x_wconf 87' lang='lat' dir='ltr'><strong>nec</strong></span> <span class='ocrx_word' id='word_1_907' title='bbox 1245 5493 1421 5562; x_wconf 89' lang='lat' dir='ltr'><strong>proles</strong></span> <span class='ocrx_word' id='word_1_908' title='bbox 1445 5501 1551 5552; x_wconf 87' lang='lat' dir='ltr'><strong>est.</strong></span> 
     </span>
    </p>
   </div>
   <div class='ocr_carea' id='block_1_116' title="bbox 543 5559 2090 5629">
    <p class='ocr_par' dir='ltr' id='par_1_116' title="bbox 543 5559 2090 5629">
     <span class='ocr_line' id='line_1_116' title="bbox 543 5559 2090 5629; baseline -0.005 -9"><span class='ocrx_word' id='word_1_909' title='bbox 543 5568 615 5622; x_wconf 84' lang='lat' dir='ltr'><strong>sit</strong></span> <span class='ocrx_word' id='word_1_910' title='bbox 649 5565 938 5628; x_wconf 86' lang='lat' dir='ltr'><strong>increatus,</strong></span> <span class='ocrx_word' id='word_1_911' title='bbox 971 5572 1070 5615; x_wconf 84' lang='lat' dir='ltr'><strong>etc.</strong></span> <span class='ocrx_word' id='word_1_912' title='bbox 1141 5572 1196 5615; x_wconf 86' lang='lat' dir='ltr'><strong>ut</strong></span> <span class='ocrx_word' id='word_1_913' title='bbox 1223 5559 1278 5616; x_wconf 72' lang='lat' dir='ltr'><strong>iit</strong></span> <span class='ocrx_word' id='word_1_914' title='bbox 1328 5562 1478 5615; x_wconf 84' lang='lat' dir='ltr'><strong>titulo</strong></span> <span class='ocrx_word' id='word_1_915' title='bbox 1533 5559 1814 5629; x_wconf 51' lang='lat' dir='ltr'><strong>capitisqu</strong></span> <span class='ocrx_word' id='word_1_916' title='bbox 1836 5559 1888 5629; x_wconf 78' lang='lat' dir='ltr'><strong>in</strong></span> <span class='ocrx_word' id='word_1_917' title='bbox 1915 5562 2090 5614; x_wconf 77' lang='lat' dir='ltr'><strong>editis.</strong></span> 
     </span>
    </p>
   </div>
   <div class='ocr_carea' id='block_1_117' title="bbox 541 5626 2326 5700">
    <p class='ocr_par' dir='ltr' id='par_1_117' title="bbox 541 5626 2326 5700">
     <span class='ocr_line' id='line_1_117' title="bbox 541 5626 2326 5700; baseline -0.006 -11"><span class='ocrx_word' id='word_1_918' title='bbox 541 5637 610 5666; x_wconf 73' lang='lat'><strong>“7</strong></span> <span class='ocrx_word' id='word_1_919' title='bbox 648 5634 840 5697; x_wconf 91' lang='lat' dir='ltr'><strong>Simul,</strong></span> <span class='ocrx_word' id='word_1_920' title='bbox 865 5626 1050 5686; x_wconf 86' lang='lat' dir='ltr'><strong>etnon</strong></span> <span class='ocrx_word' id='word_1_921' title='bbox 1077 5647 1201 5684; x_wconf 84' lang='lat' dir='ltr'><strong>mss.</strong></span> <span class='ocrx_word' id='word_1_922' title='bbox 1239 5630 1369 5684; x_wconf 85' lang='lat' dir='ltr'><strong>Vict.</strong></span> <span class='ocrx_word' id='word_1_923' title='bbox 1402 5629 1527 5700; x_wconf 82' lang='lat' dir='ltr'><strong>Sag.</strong></span> <span class='ocrx_word' id='word_1_924' title='bbox 1554 5626 1766 5700; x_wconf 69' lang='lat' dir='ltr'><strong>Tl:u._S.</strong></span> <span class='ocrx_word' id='word_1_925' title='bbox 1803 5627 1965 5683; x_wconf 77' lang='lat' dir='ltr'><strong>Mirli.</strong></span> <span class='ocrx_word' id='word_1_926' title='bbox 1999 5627 2182 5693; x_wconf 90' lang='lat' dir='ltr'><strong>simul,</strong></span> <span class='ocrx_word' id='word_1_927' title='bbox 2221 5641 2326 5679; x_wconf 87' lang='lat' dir='ltr'><strong>non</strong></span> 
     </span>
    </p>
   </div>
   <div class='ocr_carea' id='block_1_118' title="bbox 543 5690 2898 5768">
    <p class='ocr_par' dir='ltr' id='par_1_118' title="bbox 543 5690 2898 5768">
     <span class='ocr_line' id='line_1_118' title="bbox 543 5690 2898 5768; baseline -0.008 -7"><span class='ocrx_word' id='word_1_928' title='bbox 543 5706 704 5765; x_wconf 62' lang='lat' dir='ltr'><strong>Pater</strong></span> <span class='ocrx_word' id='word_1_929' title='bbox 730 5690 874 5757; x_wconf 82' lang='lat' dir='ltr'><strong>solus</strong></span> <span class='ocrx_word' id='word_1_930' title='bbox 903 5717 1004 5754; x_wconf 90' lang='lat' dir='ltr'><strong>non</strong></span> <span class='ocrx_word' id='word_1_931' title='bbox 1033 5700 1178 5764; x_wconf 80' lang='lat' dir='ltr'><strong>facit,</strong></span> <span class='ocrx_word' id='word_1_932' title='bbox 1203 5700 1295 5754; x_wconf 86' lang='lat' dir='ltr'><strong>sed</strong></span> <span class='ocrx_word' id='word_1_933' title='bbox 1319 5690 1499 5768; x_wconf 56' lang='lat' dir='ltr'><strong>gignit&#39;</strong></span> <span class='ocrx_word' id='word_1_934' title='bbox 1556 5699 1623 5730; x_wconf 70' lang='lat'><strong>“9</strong></span> <span class='ocrx_word' id='word_1_935' title='bbox 1654 5698 1768 5752; x_wconf 82' lang='lat' dir='ltr'><strong>Non</strong></span> <span class='ocrx_word' id='word_1_936' title='bbox 1799 5709 1986 5754; x_wconf 89' lang='lat' dir='ltr'><strong>nostro</strong></span> <span class='ocrx_word' id='word_1_937' title='bbox 2005 5690 2191 5752; x_wconf 84' lang='lat' dir='ltr'><strong>amore</strong></span> <span class='ocrx_word' id='word_1_938' title='bbox 2219 5712 2344 5749; x_wconf 87' lang='lat' dir='ltr'><strong>mss.</strong></span> <span class='ocrx_word' id='word_1_939' title='bbox 2376 5708 2480 5748; x_wconf 89' lang='lat' dir='ltr'><strong>nou</strong></span> <span class='ocrx_word' id='word_1_940' title='bbox 2516 5700 2702 5745; x_wconf 81' lang='lat' dir='ltr'><strong>nostro</strong></span> <span class='ocrx_word' id='word_1_941' title='bbox 2741 5690 2898 5742; x_wconf 86' lang='lat' dir='ltr'><strong>modo</strong></span> 
     </span>
    </p>
   </div>
   <div class='ocr_carea' id='block_1_119' title="bbox 543 5769 2106 5837">
    <p class='ocr_par' dir='ltr' id='par_1_119' title="bbox 543 5769 2106 5837">
     <span class='ocr_line' id='line_1_119' title="bbox 543 5769 2106 5837; baseline -0.006 -7"><span class='ocrx_word' id='word_1_942' title='bbox 543 5793 666 5832; x_wconf 67' lang='grc' dir='ltr'><strong>ωδε.</strong></span> <span class='ocrx_word' id='word_1_943' title='bbox 703 5773 762 5829; x_wconf 90' lang='lat' dir='ltr'><strong>S.</strong></span> <span class='ocrx_word' id='word_1_944' title='bbox 812 5771 974 5829; x_wconf 75' lang='lat' dir='ltr'><strong>Miclt.</strong></span> <span class='ocrx_word' id='word_1_945' title='bbox 1021 5769 1206 5824; x_wconf 61' lang='grc' dir='ltr'><strong>(ἕξεων.</strong></span> <span class='ocrx_word' id='word_1_946' title='bbox 1249 5779 1423 5823; x_wconf 85' lang='lat' dir='ltr'><strong>tamen</strong></span> <span class='ocrx_word' id='word_1_947' title='bbox 1457 5770 1626 5837; x_wconf 88' lang='lat' dir='ltr'><strong>ipsum</strong></span> <span class='ocrx_word' id='word_1_948' title='bbox 1675 5783 1828 5821; x_wconf 88' lang='lat' dir='ltr'><strong>suum</strong></span> <span class='ocrx_word' id='word_1_949' title='bbox 1868 5783 2106 5823; x_wconf 88' lang='lat' dir='ltr'><strong>amorem</strong></span> 
     </span>
    </p>
   </div>
   <div class='ocr_carea' id='block_1_120' title="bbox 1659 5475 3808 5552">
    <p class='ocr_par' dir='ltr' id='par_1_120' title="bbox 1659 5475 3808 5552">
     <span class='ocr_line' id='line_1_120' title="bbox 1659 5475 3808 5552; baseline -0.007 -9"><span class='ocrx_word' id='word_1_950' title='bbox 1659 5489 1727 5521; x_wconf 80' lang='grc'>⁸³⁸</span> <span class='ocrx_word' id='word_1_951' title='bbox 1759 5475 1889 5552; x_wconf 59' lang='lat' dir='ltr'><strong>Cizp.</strong></span> <span class='ocrx_word' id='word_1_952' title='bbox 1920 5491 1988 5544; x_wconf 83' lang='lat'><strong>55</strong></span> <span class='ocrx_word' id='word_1_953' title='bbox 2036 5475 2110 5544; x_wconf 75' lang='lat' dir='ltr'><strong>est</strong></span> <span class='ocrx_word' id='word_1_954' title='bbox 2144 5490 2196 5542; x_wconf 84' lang='lat' dir='ltr'><strong>in</strong></span> <span class='ocrx_word' id='word_1_955' title='bbox 2224 5504 2353 5540; x_wconf 85' lang='lat' dir='ltr'><strong>mss.</strong></span> <span class='ocrx_word' id='word_1_956' title='bbox 2399 5475 2556 5552; x_wconf 64' lang='lat' dir='ltr'><strong>caput</strong></span> <span class='ocrx_word' id='word_1_957' title='bbox 2585 5483 2650 5536; x_wconf 79' lang='lat'><strong>57</strong></span> <span class='ocrx_word' id='word_1_958' title='bbox 2680 5481 2774 5552; x_wconf 81' lang='lat' dir='ltr'><strong>sub</strong></span> <span class='ocrx_word' id='word_1_959' title='bbox 2817 5481 2913 5534; x_wconf 82' lang='lat' dir='ltr'><strong>hoc</strong></span> <span class='ocrx_word' id='word_1_960' title='bbox 2944 5478 3093 5552; x_wconf 57' lang='lat' dir='ltr'><strong>titulo</strong></span> <span class='ocrx_word' id='word_1_961' title='bbox 3131 5494 3150 5530; x_wconf 90' lang='lat'><strong><em>:</em></strong></span> <span class='ocrx_word' id='word_1_962' title='bbox 3181 5476 3332 5552; x_wconf 74' lang='lat' dir='ltr'><strong>Quod</strong></span> <span class='ocrx_word' id='word_1_963' title='bbox 3359 5489 3512 5528; x_wconf 87' lang='lat' dir='ltr'><strong>amor</strong></span> <span class='ocrx_word' id='word_1_964' title='bbox 3535 5476 3695 5552; x_wconf 85' lang='lat' dir='ltr'><strong>idem_</strong></span> <span class='ocrx_word' id='word_1_965' title='bbox 3720 5475 3808 5527; x_wconf 88' lang='lat' dir='ltr'><strong>sic</strong></span> 
     </span>
    </p>
   </div>
   <div class='ocr_carea' id='block_1_121' title="bbox 1836 5509 3805 5620">
    <p class='ocr_par' dir='ltr' id='par_1_121' title="bbox 1836 5509 3805 5620">
     <span class='ocr_line' id='line_1_121' title="bbox 1836 5509 3805 5561; baseline -0.01 -15"><span class='ocrx_word' id='word_1_966' title='bbox 1836 5509 1889 5561; x_wconf 73' lang='grc' dir='ltr'><strong><em>ρο</em></strong></span> <span class='ocrx_word' id='word_1_967' title='bbox 1920 5509 1988 5544; x_wconf 77' lang='grc' dir='ltr'><strong>οἱ)</strong></span> <span class='ocrx_word' id='word_1_968' title='bbox 2036 5509 2110 5544; x_wconf 85' lang='lat' dir='ltr'><strong>est</strong></span> <span class='ocrx_word' id='word_1_969' title='bbox 2144 5509 2196 5542; x_wconf 85' lang='grc' dir='ltr'>ιη</span> <span class='ocrx_word' id='word_1_970' title='bbox 2224 5509 2353 5540; x_wconf 82' lang='lat' dir='ltr'><strong>mss.</strong></span> <span class='ocrx_word' id='word_1_971' title='bbox 2403 5509 2554 5552; x_wconf 80' lang='lat' dir='ltr'><strong>caput</strong></span> <span class='ocrx_word' id='word_1_972' title='bbox 2585 5509 2644 5536; x_wconf 80' lang='grc' dir='ltr'>υι</span> <span class='ocrx_word' id='word_1_973' title='bbox 2680 5509 2774 5534; x_wconf 74' lang='grc' dir='ltr'>διιυ</span> <span class='ocrx_word' id='word_1_974' title='bbox 2817 5509 2912 5534; x_wconf 69' lang='lat' dir='ltr'><strong>uae</strong></span> <span class='ocrx_word' id='word_1_975' title='bbox 2944 5509 3093 5532; x_wconf 74' lang='lat' dir='ltr'><strong>&quot;NHV</strong></span> <span class='ocrx_word' id='word_1_976' title='bbox 3131 5517 3144 5530; x_wconf 88' lang='lat'><strong>.</strong></span> <span class='ocrx_word' id='word_1_977' title='bbox 3182 5509 3332 5542; x_wconf 60' lang='grc' dir='ltr'>ιιι-νυ</span> <span class='ocrx_word' id='word_1_978' title='bbox 3359 5509 3501 5528; x_wconf 77' lang='grc' dir='ltr'>ιιι-ενι</span> <span class='ocrx_word' id='word_1_979' title='bbox 3535 5509 3678 5528; x_wconf 72' lang='grc' dir='ltr'>ιυυιιι</span> <span class='ocrx_word' id='word_1_980' title='bbox 3720 5509 3805 5527; x_wconf 65' lang='grc' dir='ltr'><strong>σιν</strong></span> 
     </span>
     <span class='ocr_line' id='line_1_122' title="bbox 1836 5543 3805 5620; baseline -0.01 -7"><span class='ocrx_word' id='word_1_981' title='bbox 1836 5564 1888 5613; x_wconf 82' lang='lat' dir='ltr'><strong>in</strong></span> <span class='ocrx_word' id='word_1_982' title='bbox 1915 5562 2090 5614; x_wconf 78' lang='lat' dir='ltr'><strong>editis.</strong></span> <span class='ocrx_word' id='word_1_983' title='bbox 2200 5557 2270 5588; x_wconf 75' lang='grc'><strong>⁸³⁸</strong></span> <span class='ocrx_word' id='word_1_984' title='bbox 2320 5557 2486 5608; x_wconf 83' lang='lat' dir='ltr'><strong>Amor</strong></span> <span class='ocrx_word' id='word_1_985' title='bbox 2527 5568 2630 5606; x_wconf 90' lang='lat' dir='ltr'><strong>non</strong></span> <span class='ocrx_word' id='word_1_986' title='bbox 2661 5551 2841 5620; x_wconf 87' lang='lat' dir='ltr'><strong>plures</strong></span> <span class='ocrx_word' id='word_1_987' title='bbox 2877 5565 2975 5620; x_wconf 81' lang='lat' dir='ltr'><strong>ms.</strong></span> <span class='ocrx_word' id='word_1_988' title='bbox 2997 5617 3006 5620; x_wconf 26' lang='grc' dir='ltr'><strong>Α</strong></span> <span class='ocrx_word' id='word_1_989' title='bbox 3031 5545 3283 5620; x_wconf 86' lang='lat' dir='ltr'><strong>Tlm._90.</strong></span> <span class='ocrx_word' id='word_1_990' title='bbox 3316 5558 3470 5620; x_wconf 74' lang='lat' dir='ltr'><strong>amor</strong></span> <span class='ocrx_word' id='word_1_991' title='bbox 3509 5559 3618 5597; x_wconf 92' lang='lat' dir='ltr'><strong>non</strong></span> <span class='ocrx_word' id='word_1_992' title='bbox 3645 5543 3805 5620; x_wconf 55' lang='lat' dir='ltr'><strong>plura</strong></span> 
     </span>
    </p>
   </div>
   <div class='ocr_carea' id='block_1_122' title="bbox 2423 5610 3806 5687">
    <p class='ocr_par' dir='ltr' id='par_1_122' title="bbox 2423 5610 3806 5687">
     <span class='ocr_line' id='line_1_123' title="bbox 2423 5610 3806 5687; baseline -0.009 -10"><span class='ocrx_word' id='word_1_993' title='bbox 2423 5623 2492 5654; x_wconf 76' lang='grc'><strong>⁸³⁸</strong></span> <span class='ocrx_word' id='word_1_994' title='bbox 2518 5610 2680 5676; x_wconf 70' lang='lat' dir='ltr'><strong>Pater</strong></span> <span class='ocrx_word' id='word_1_995' title='bbox 2700 5619 2845 5674; x_wconf 87' lang='lat' dir='ltr'><strong>solns</strong></span> <span class='ocrx_word' id='word_1_996' title='bbox 2867 5617 3068 5687; x_wconf 74' lang='lat' dir='ltr'><strong>gignit;</strong></span> <span class='ocrx_word' id='word_1_997' title='bbox 3097 5618 3188 5687; x_wconf 59' lang='lat' dir='ltr'><strong>sed</strong></span> <span class='ocrx_word' id='word_1_998' title='bbox 3212 5629 3321 5669; x_wconf 89' lang='lat' dir='ltr'><strong>non</strong></span> <span class='ocrx_word' id='word_1_999' title='bbox 3339 5613 3480 5687; x_wconf 62' lang='lat' dir='ltr'><strong>facit</strong></span> <span class='ocrx_word' id='word_1_1000' title='bbox 3501 5629 3627 5667; x_wconf 85' lang='lat' dir='ltr'><strong>mss.</strong></span> <span class='ocrx_word' id='word_1_1001' title='bbox 3647 5610 3806 5664; x_wconf 29' lang='lat' dir='ltr'><strong>’Thu.</strong></span> 
     </span>
    </p>
   </div>
   <div class='ocr_carea' id='block_1_123' title="bbox 2982 5683 3808 5751">
    <p class='ocr_par' dir='ltr' id='par_1_123' title="bbox 2982 5683 3808 5751">
     <span class='ocr_line' id='line_1_124' title="bbox 2982 5683 3808 5751; baseline -0.006 -13"><span class='ocrx_word' id='word_1_1002' title='bbox 2982 5685 3054 5716; x_wconf 73' lang='lat'><strong>&quot;°</strong></span> <span class='ocrx_word' id='word_1_1003' title='bbox 3097 5683 3297 5739; x_wconf 86' lang='lat' dir='ltr'><strong>Tamen</strong></span> <span class='ocrx_word' id='word_1_1004' title='bbox 3337 5683 3512 5751; x_wconf 82' lang='lat' dir='ltr'><strong>ipsmn</strong></span> <span class='ocrx_word' id='word_1_1005' title='bbox 3557 5695 3808 5736; x_wconf 85' lang='lat' dir='ltr'><strong>amorem</strong></span> 
     </span>
    </p>
   </div>
  </div>
