4030 6290
213 336 303 392 105
1561 328 2043 386 MONOLOGIUM.

3325 338 3433 395 200

213 449 343 522 quasi
370 448 603 519 spirante
622 446 889 513 nascitur;
921 447 1024 503 iste
1052 456 1232 501 autem
1256 445 1557 501 aestimetur
1581 445 1756 515 Spiri-
1778 458 1826 513 Α
1857 447 2052 518 gentia:
2096 448 2361 515 meminit,
2392 459 2449 505 et
2498 460 2665 505 totam
2710 460 2887 516 amat;
2938 460 2992 505 et
3032 453 3195 507 totius
3234 457 3436 508 amoris

212 538 584 606 tusutriusque;
607 536 733 605 quia
755 536 823 590 ab
839 544 1090 604 utroque,
1114 552 1211 590 suo
1232 533 1759 605 quodaminenarra-
1780 548 1793 561 ‘
1859 535 2129 600 meminit,
2158 545 2214 592 et
2242 546 2413 593 totum
2469 540 2740 609 intelligit.
2790 540 3111 609 lntelligitur
3156 553 3337 596 autem
3378 544 3434 597 iu

211 630 293 687 bili
316 628 486 692 modo,
523 626 767 695 spirante
788 626 1117 681 mirabiliter
1144 629 1411 696 procedit.
1453 628 1553 695 Qui
1589 629 1756 682 etiam
1858 624 2116 677 memoria
2144 624 2333 691 Pater;
2382 626 2436 680 in
2480 628 2839 698 intelligentia
2877 628 3076 695 Filius;
3119 630 3171 683 in
3216 645 3431 695 amore,

205 737 261 778 ex
284 735 341 775 eo
365 718 484 788 quia
506 728 590 773 est
618 717 932 772 communio
956 716 1135 772 Patris
1156 726 1211 772 et
1236 718 1382 784 Filii,
1414 734 1519 773 non
1551 719 1756 787 absque

205 812 388 868 ratione
417 809 569 878 quasi
598 810 878 879 proprium
911 822 1187 863 assumere
1212 823 1377 877 posse
1402 809 1618 863 videtur
1647 808 1749 862 ali-

203 900 331 970 quod
369 913 583 963 nomen,
626 898 771 967 quod
802 896 951 954 Patri
998 897 1241 966 Filioque
1264 913 1551 953 commune
1578 899 1673 963 sit;
1708 897 1754 953 si

192 990 380 1061 proprii
436 989 675 1045 nominis
738 988 908 1057 exigit
958 987 1275 1058 indigentia.
1328 988 1480 1054 Quod
1535 989 1755 1057 quidem

198 1083 237 1139 si
264 1083 454 1148 tmfiat,
499 1083 726 1148 scilicet,
758 1091 817 1136 ut
866 1083 981 1151 ipse
1025 1097 1181 1137 amor
1230 1082 1447 1137 nomine
1495 1081 1751 1151 Spiritus,

194 1174 319 1243 quod
362 1174 719 1230 substantiam
755 1174 963 1244 pariter
992 1173 1173 1229 Patris
1217 1182 1271 1228 et
1300 1173 1426 1227 Filii
1453 1174 1746 1243 signiﬁcat,

195 1266 331 1335 quasi
382 1266 601 1335 proiirio
638 1266 990 1337 designetur:
1022 1264 1087 1318 ad
1118 1265 1221 1319 hoc
1259 1279 1475 1334 quoque
1505 1281 1611 1320 non
1665 1265 1751 1319 in-

190 1354 376 1408 utiliter
403 1354 623 1420 valebit,
674 1365 732 1408 ut
778 1369 875 1423 per
904 1354 1007 1407 hoc
1056 1353 1287 1422 idipsum
1326 1368 1470 1419 esse,
1500 1353 1642 1423 quod
1672 1360 1755 1408 est

192 1442 332 1497 Pater
356 1452 409 1498 et
448 1442 639 1509 Filius,
672 1442 919 1513 quamvis
946 1441 1017 1495 ab
1047 1441 1152 1496 illis
1186 1455 1307 1496 esse
1338 1456 1494 1497 suum
1527 1442 1744 1510 habeat,

185 1534 473 1590 intimettir.

537 1644 770 1703 CAPUT
807 1644 965 1700 LVII!
990 1643 1092 1717 [al.
1122 1643 1256 1717 LVI]
1289 1643 1381 1699 “’.

182 1758 322 1823 Quod
347 1762 481 1813 sicut
516 1758 559 1812 F
564 1761 685 1812 ilius
719 1769 794 1813 est
818 1757 1041 1812 essentia
1062 1757 1141 1810 vel
1162 1756 1419 1824 sapientia
1455 1756 1655 1819 Patris,
1682 1773 1741 1810 eo

241 1845 415 1892 sensu,
446 1832 570 1893 quia
587 1831 737 1884 habet
763 1829 995 1881 eamdem
1034 1822 1310 1879 essentiam
1335 1826 1409 1880 vel
1433 1827 1744 1893 sapientiam
1779 1822 1822 1876 Β

236 1915 391 1967 quam
437 1894 633 1965 Pater;
673 1901 749 1952 sic
786 1900 922 1951 idem
963 1897 1195 1967 Spiritus
1223 1896 1289 1949 sit
1330 1896 1509 1950 Patris
1535 1906 1582 1950 et
1616 1894 1747 1949 Filii

238 1965 462 2021 essentia
493 1979 539 2022 et
561 1968 839 2039 sapientia,
865 1976 912 2021 et
948 1965 1165 2019 similia.

240 2058 427 2116 Potest
457 2075 674 2130 quoque
699 2056 1152 2129 quemadmodum
1187 2056 1356 2112 Filius
1381 2064 1463 2112 est
1496 2054 1752 2111 substan-

178 2149 265 2214 tia,
315 2159 370 2204 et
426 2150 719 2220 sapientia,
765 2158 822 2204 et
870 2151 1043 2206 virtus
1083 2148 1283 2215 Patris,
1318 2162 1383 2203 eo
1425 2162 1587 2201 sensu
1626 2145 1753 2215 quia

174 2244 324 2300 habet
355 2246 428 2278 ’δ’
466 2246 713 2300 eamdem
736 2246 1053 2311 essentiam,
1095 2253 1151 2299 et
1180 2241 1526 2311 sapientiam,
1562 2247 1618 2293 et
1646 2238 1755 2291 vir-

174 2346 357 2402 tutem,
398 2352 567 2406 quam
597 2336 790 2403 Pater;
824 2337 898 2391 ita
940 2336 1223 2403 utriusque
1256 2331 1492 2400 Spiritus
1522 2326 1748 2395 intelligi

177 2426 425 2488 essentia,
493 2425 575 2480 vel
626 2425 912 2495 sapientia,
965 2424 1049 2479 vel
1092 2424 1266 2477 virtus
1308 2419 1488 2473 Patris
1519 2425 1574 2473 et
1601 2416 1758 2482 Filii,

172 2522 282 2591 quia
315 2520 497 2575 habet
517 2519 741 2573 omnino
766 2519 1013 2572 eamdem
1044 2529 1208 2586 quam
1234 2513 1437 2568 habent
1457 2510 1532 2565 illi

549 2627 778 2686 CAPUT
817 2627 931 2682 th
963 2626 1060 2699 [al.
1084 2622 1247 2697 Lth
1280 2623 1377 2678 ιιι.

230 2746 387 2814 Quod
421 2745 605 2811 Pater,
633 2753 680 2797 et
705 2740 899 2824 ilius.
925 2748 1171 2821 eteorum
1203 2736 1456 2807 Spiritus,
1490 2735 1687 2805 pariter

702 2821 802 2867 εἱηι
834 2821 887 2864 in
900 2824 955 2866 se
984 2824 1221 2863 invicem.

169 2929 516 2985 Coasrmn‘ns
559 2940 790 2981 CAPITIS.
830 2952 893 2965 —-
949 2921 1013 2976 lli
1074 2930 1182 2974 tres
1234 2926 1361 2973 sunt
1410 2932 1515 2972 una
1569 2914 1759 2970 eadem

234 3014 448 3052 summa
494 2996 755 3060 essentia,
787 3008 909 3062 qua}
940 3008 1038 3046 nec
1083 2992 1199 3046 sine
1223 3004 1302 3053 se,
1346 3003 1448 3042 nec
1488 2994 1640 3062 e_x_lra
1670 2999 1754 3062 se,

228 3084 328 3122 nec
361 3067 549 3142 maior
585 3066 667 3120 vel
706 3054 885 3142 mitior
910 3062 1085 3142 seipsa
1138 3066 1484 3142 essenpotes‘t:
1522 3054 1757 3142 Ergo‘hi

231 3148 340 3212 tres
371 3126 510 3212 sunt
537 3136 591 3212 in
622 3150 679 3189 se
705 3134 965 3212 invicem;
994 3126 1072 3185 ita
1101 3138 1160 3184 ut
1184 3126 1383 3212 nullus
1404 3126 1568 3212 alium
1595 3139 1758 3212 enices
1784 3154 1825 3212 Ο

232 3207 343 3277 dat.
377 3206 593 3277 Deinde
628 3202 886 3277 memoria
912 3216 1137 3255 summa:
1163 3198 1415 3277 essentia:
1452 3205 1563 3277 tota
1587 3194 1751 3273 estin

227 3275 345 3344 ejus
376 3274 737 3342 intelligentia
761 3282 815 3327 et
840 3284 1057 3335 amore,
1080 3278 1135 3323 et
1170 3267 1521 3345 intelligentia
1545 3267 1597 3317 in
1615 3267 1759 3345 eius

228 3338 501 3399 memoria
528 3338 589 3398 et
617 3358 833 3404 amore,
866 3352 922 3395 et
972 3356 1126 3393 amor
1174 3338 1226 3391 in
1274 3338 1534 3391 memoria
1577 3342 1631 3386 et
1674 3338 1756 3385 in-

230 3411 702 3497 telligentjanejus.
728 3410 868 3493 Ergo
892 3406 1333 3497 totuslPaterqui
1356 3414 1442 3497 est
1468 3404 1751 3497 mgntoria,

229 3495 314 3539 est
342 3473 409 3538 in
447 3473 619 3546 Filio',
673 3482 765 3550 qui
795 3473 879 3535 Est
909 3473 1291 3553 intelligentia,
1340 3485 1394 3553 et
1429 3474 1482 3527 in
1523 3473 1752 3553 Spiritu,

227 3554 317 3620 qui
350 3562 440 3611 est
463 3541 629 3607 amor
661 3541 759 3605 :'et
794 3559 937 3605 totus
964 3541 1134 3620 Fili_u's
1162 3554 1244 3602 cst
1273 3544 1518 3620 in_Patre
1545 3553 1598 3597 et
1628 3541 1752 3610 Spi-

223 3614 356 3688 ritu,
420 3633 482 3678 et
526 3630 669 3676 totus
719 3620 953 3688 Spiritus
977 3620 1028 3672 in
1056 3618 1285 3688 Patreet
1315 3614 1452 3668 Filio
1483 3631 1496 3667 :
1527 3623 1582 3667 et
1615 3628 1754 3666 unus

222 3686 445 3749 illorum
477 3706 598 3747 non
634 3686 814 3761 potest
842 3705 962 3745 esse
984 3690 1100 3742 sine
1129 3686 1269 3742 aliis.

186 3822 189 3825 ·
218 3803 658 3860 Jucundumest
680 3802 879 3857 intueri
912 3801 964 3855 in
996 3800 1179 3864 Patre,
1217 3808 1273 3853 et
1300 3797 1439 3852 Filio
1473 3804 1526 3849 ct
1549 3796 1753 3849 utrius-

160 3906 259 3959 que
326 3894 581 3964 Spiritu,
631 3890 901 3961 quomodo
953 3889 1061 3944 sint
1100 3888 1153 3942 in
1202 3904 1264 3942 se
1326 3886 1556 3941 invicem
1606 3895 1756 3939 tanta

156 3985 474 4054 aequalitate
500 3993 571 4038 ut
592 3983 767 4037 nullus
790 3981 954 4036 alium
978 3983 1222 4034 excedat.
1246 3978 1449 4033 Praeter
1470 3979 1569 4032 boc
1588 3979 1751 4040 enim,

159 4075 278 4140 quia
318 4072 721 4143 unusquisque
758 4085 947 4125 eorum
1002 4069 1082 4122 sic
1129 4076 1211 4122 est
1269 4065 1507 4136 perfecte
1546 4080 1757 4120 summa

156 4166 411 4228 essentia,
467 4174 543 4219 ut
588 4173 765 4218 tamen
799 4175 991 4217 omnes
1039 4168 1148 4214 tres
1178 4158 1336 4213 simul
1368 4173 1473 4212 non
1515 4157 1626 4211 sint
1656 4158 1755 4210 nisi

156 4258 391 4311 essentia
424 4269 551 4309 una
582 4235 817 4318 summa,
847 4266 966 4320 quae
1002 4264 1101 4304 nec
1128 4249 1247 4303 sine
1277 4263 1336 4303 se
1380 4248 1465 4302 vel
1500 4255 1652 4302 extra
1676 4262 1756 4313 se,

155 4359 253 4400 nec
275 4348 463 4416 major
481 4344 579 4399 vel
604 4342 783 4398 minor
805 4342 981 4411 seipsa
1005 4354 1126 4395 esse
1148 4347 1327 4410 potest
1359 4357 1373 4392 :
1402 4354 1501 4409 per
1520 4338 1759 4408 singulos

155 4443 335 4491 tamen
364 4437 621 4506 idipsum
654 4448 759 4487 non
786 4432 967 4487 minus
996 4430 1139 4485 valet
1168 4429 1407 4499 probari.
1434 4428 1529 4484 Est
1555 4428 1757 4483 etenim

1858 711 2142 780 utriusque
2174 712 2434 782 Spiritus.
2475 714 2646 769 Tanta
2680 718 2844 787 igitur
2870 717 3031 773 Pater
3075 728 3130 774 et
3159 719 3347 785 Filius,
3379 729 3436 775 et

1858 799 2139 870 utriusque
2168 800 2426 871 Spiritus,
2449 806 2759 873 mqualitate
2802 822 2922 862 sese
2968 809 3431 878 complectuntur,

1854 896 1912 942 et
1935 898 2063 943 sunt
2087 891 2141 943 in
2180 903 2239 944 se
2291 892 2525 946 invicem
2560 902 2617 947 ut
2649 910 2839 950 eorum
2876 897 3055 953 nullus
3083 900 3246 954 alium
3272 916 3435 955 exce-

1856 978 1984 1034 dere
2012 980 2249 1035 autsine
2274 994 2340 1036 eo
2361 995 2481 1037 esse
2503 982 2779 1051 probetur.

2236 1112 2463 1169 CAPUT
2505 1115 2594 1170 LX
2628 1115 2724 1188 [al.
2758 1116 2937 1191 LVIII]
2965 1120 3053 1173 “7.

1854 1200 2010 1281 Quod
2059 1202 2240 1281 nullus
2283 1222 2461 1281 eorum
2509 1208 2614 1281 alio
2655 1210 2885 1278 indigent
2918 1211 2987 1263 ad
3019 1216 3433 1281 memorandum,

1926 1270 2013 1351 vel.
2052 1272 2465 1342 intelligendum,
2507 1277 2613 1352 ⁸υει
2656 1270 2937 1352 amandum
2955 1296 2986 1352 ,‘r
3023 1284 3144 1350 quia
3198 1270 3435 1352 singulas

1924 1348 2141 1422 quisque
2163 1354 2237 1422 est
2303 1348 2573 1422 memoria,
2607 1358 2655 1401 et
2682 1348 3047 1418 intelligentia,
3088 1360 3139 1403 et
3179 1348 3344 1419 amor,
3385 1365 3435 1408 et

1924 1411 2179 1481 quidquid
2209 1428 2412 1469 necesse
2435 1425 2510 1470 est
2539 1411 2704 1472 inesse
2734 1411 2952 1472 summa:
2981 1411 3235 1475 essentia).

1860 1544 2207 1605 Consrsc'rns
2243 1565 2471 1607 CAPITIS.
2504 1582 2572 1591 —
2619 1551 2729 1608 Nec
2776 1563 2956 1608 tamen
3013 1554 3196 1611 nullus
3246 1571 3434 1612 eorum

1926 1620 2032 1674 alio
2065 1621 2272 1690 indiget
2296 1622 2410 1675 sive
2440 1622 2507 1676 ad
2532 1624 2963 1690 memorandum,
2997 1626 3112 1680 sive
3141 1627 3208 1681 ad
3236 1626 3436 1681 intelli-

1927 1690 2190 1766 gendum,
2223 1690 2341 1746 sive
2369 1692 2434 1766 ad
2466 1693 2781 1766 amandum.
2828 1692 2964 1766 Cum
3015 1696 3157 1749 enim
3208 1696 3438 1766 quisque

1926 1762 1997 1814 sit
2012 1762 2491 1833 summaessentia,
2507 1762 2748 1832 singulus
2767 1764 2997 1831 quisque
3023 1780 3119 1833 per
3142 1782 3199 1819 se
3219 1762 3302 1819 est
3323 1762 3437 1819 tne-

1928 1832 2126 1895 moria,
2157 1830 2510 1905 intelligentia
2534 1830 2798 1897 et'anior;
2830 1842 2885 1905 et
2909 1830 2980 1905 ita
3013 1830 3258 1903 singulus
3290 1837 3436 1905 quis-

1930 1914 2036 1968 que
2064 1901 2552 1979 per-sememinit,
2597 1916 2695 1970 per
2724 1917 2783 1957 se
2829 1901 3124 1971 intelligit,“
3148 1914 3203 1959 et
3229 1901 3329 1975 per
3373 1922 3435 1959 se

1927 1981 2109 2035 amat;
2138 1977 2280 2023 sicut
2305 1984 2402 2040 per
2428 1984 2487 2026 se
2507 1984 2613 2026 est.

1926 2104 2037 2161 Sed
2064 2107 2117 2161 in
2149 2106 2235 2161 his
2261 2108 2565 2165 nullatenus
2614 2110 2948 2183 negligenter
2972 2116 3248 2170 memorias
3277 2131 3431 2169 com-

1857 2197 2238 2263 mendandum,
2278 2200 2422 2269 quod
2452 2201 2680 2257 intuenti
2705 2205 2835 2258 mihi
2871 2206 3127 2272 occurrit,
3161 2202 3463 2262 existimo.’

1862 2284 1958 2340 Sic
1982 2288 2127 2363 enim
2158 2304 2382 2345 necesse
2402 2299 2486 2346 est
2509 2301 2565 2346 ut
2596 2292 2757 2348 Pater
2784 2295 3111 2365 intelligatur
3138 2300 3434 2363 memoria,

1858 2373 2028 2429 Filius
2079 2375 2455 2446 intelligentia,
2499 2380 2735 2449 Spiritus
2783 2398 2966 2450 amor;
3017 2394 3073 2438 ut
3123 2401 3224 2440 nec
3272 2387 3439 2443 Pater

1861 2463 2098 2533 indigeat
2124 2463 2285 2529 Filio,
2317 2478 2411 2520 aut
2437 2471 2708 2523 communi
2743 2471 2968 2540 Spiritu,
3004 2490 3101 2529 nec
3138 2475 3309 2531 Filius
3332 2476 3437 2531 Pa-

1863 2561 1945 2608 tre
1973 2553 2058 2607 vel
2079 2554 2267 2609 eodem
2307 2554 2536 2624 Spiritu,
2578 2557 2691 2612 sive
2720 2559 2859 2613 idem
2889 2560 3126 2630 Spiritus
3154 2562 3317 2618 Patre
3339 2575 3438 2617 aut

1861 2644 1999 2701 Filio
2026 2646 2127 2711 m;
2158 2648 2311 2716 quasi
2341 2647 2506 2702 Pater
2527 2662 2625 2718 per
2656 2664 2715 2704 se
2758 2651 3068 2707 meminisse
3113 2653 3287 2708 solum
3311 2670 3439 2724 pos-

1862 2733 1955 2801 sit,
1990 2736 2294 2808 intelligere
2322 2746 2503 2792 autem
2538 2740 2750 2795 nonnisi
2774 2755 2873 2810 per
2912 2740 3127 2803 Filium.
3171 2753 3228 2798 et
3251 2760 3440 2801 amare

1862 2828 2081 2881 nonnisi
2107 2843 2205 2896 per
2235 2844 2392 2883 suum
2439 2830 2673 2901 Filiique
2711 2832 3019 2908 Spiritum;
3052 2844 3107 2889 et
3146 2836 3315 2892 Filius
3341 2855 3440 2909 per

1863 2930 1925 2970 se
1952 2916 2254 2987 intelligere
2288 2926 2496 2974 tantum
2535 2929 2717 2990 queat,
2746 2938 2844 2993 per
2864 2923 3083 2980 Patrem
3114 2938 3293 2984 autem
3324 2947 3440 2985 me-

1864 3023 1984 3062 mor
2005 3008 2097 3073 sit,
2121 3017 2175 3063 et
2198 3024 2295 3079 per
2322 3009 2587 3080 Spiritum
2616 3028 2770 3067 suum
2806 3025 2982 3082 amet;
3014 3026 3067 3072 et
3097 3019 3238 3075 idem
3267 3020 3441 3091 Spiri-

1866 3107 1951 3153 tus
1975 3114 2072 3169 per
2096 3115 2154 3155 se
2180 3116 2286 3155 non
2319 3102 2463 3156 aliud
2488 3118 2648 3172 quam
2677 3119 2861 3160 amare
2886 3105 2952 3138 “9
2981 3108 3179 3172 valeat,
3205 3111 3301 3166 sed
3332 3110 3435 3167 Pa-

1860 3199 1942 3245 ter
1982 3191 2055 3245 illi
2078 3191 2150 3246 sit
2180 3208 2408 3259 memor,
2437 3204 2491 3247 et
2529 3195 2697 3250 Filius
2724 3197 2802 3251 illi
2840 3198 3123 3268 intelligat.
3147 3200 3282 3255 Nam
3312 3218 3436 3257 cum

1858 3282 1913 3338 in
1942 3283 2027 3338 his
2059 3282 2249 3349 tribus,
2274 3286 2643 3356 unusquisque
2661 3288 2903 3358 singulus
2929 3291 3002 3345 sit
3022 3307 3231 3346 summa
3254 3308 3439 3348 essen-

1859 3376 1933 3429 tia
1961 3384 2016 3429 et
2057 3390 2268 3429 summa
2316 3377 2577 3446 sapientia
2606 3379 2687 3433 sic
2732 3380 2993 3449 perlecta,
3023 3391 3083 3435 ut
3112 3383 3226 3451 ipsa
3251 3400 3347 3454 per
3378 3401 3437 3439 se.

1857 3481 2071 3522 memor
2107 3466 2178 3520 sit
2222 3474 2297 3540 et‘
2328 3467 2616 3537 intelligat,
2666 3477 2722 3525 et
2759 3482 2926 3533 amet,
2967 3488 3188 3529 necesse
3242 3485 3329 3530 est
3379 3488 3440 3531 ut

1858 3562 2037 3617 nullus
2073 3562 2267 3619 borum
2323 3567 2486 3619 trium
2517 3562 2585 3594 ⁶¹⁵⁰
2616 3562 2724 3618 alio
2763 3565 3024 3636 indigeat.
3077 3568 3183 3639 23
3225 3578 3322 3624 aut
3370 3572 3439 3625 ad

1857 3652 2291 3719 memorandum,
2316 3663 2410 3709 aut
2445 3655 2512 3709 ad
2541 3654 2972 3725 intelligendum,
3007 3669 3099 3712 aut
3133 3662 3200 3715 ad
3244 3677 3440 3716 aman-

1857 3745 2004 3800 dum.
2062 3737 2512 3818 Singulasaenim
2551 3747 2784 3818 quisque
2830 3749 3201 3805 essentialiter
3247 3762 3330 3807 est
3385 3764 3443 3808 et

1858 3836 2141 3901 memoria,
2211 3837 2686 3907 et“iutelligentia,
2733 3847 2791 3894 et
2841 3854 3015 3899 amor.
3067 3849 3123 3893 et
3173 3842 3440 3913 quidquid

1859 3943 2084 3984 summa:
2114 3920 2619 4009 essentiaﬁtecesse
2652 3938 2738 3984 est
2768 3930 2947 3985 inesse
2968 3931 3055 3985 ⁸⁸⁸.

2247 4012 2479 4116 (ΖΑΡυἸἲ
2515 4058 2631 4113 LXI
2662 4059 2757 4132 [al.
2784 4059 2924 4134 LIX]
2957 4060 3045 4115 ⁶⁸².

1861 4172 2015 4239 Quod
2052 4183 2224 4245 tamen
2255 4191 2359 4245 non
2389 4176 2492 4229 sint
2522 4185 2645 4236 tres,
2675 4176 2767 4228 sed
2791 4193 2953 4239 unus,
2995 4191 3086 4230 seu
3127 4175 3315 4245 Pater,
3344 4195 3437 4235 seu

2176 4243 2349 4298 Filius
2371 4285 2385 4307 ,
2433 4261 2524 4299 seu
2560 4246 2827 4315 utriusque
2866 4245 3115 4315 Spiritus.

1860 4356 2200 4437 CONS_P_ECTU_S
2236 4357 2822 4426 etenim—Quamvis
2853 4369 3031 4416 autem
3067 4360 3228 4437 Pater
3249 4362 3437 4437 sithino

1934 4428 2234 4498 telligeutia
2262 4437 2316 4481 et
2346 4444 2548 4498 amor,
2599 4445 2707 4483 non
2760 4438 2935 4485 tamen
2979 4440 3061 4484 est
3092 4431 3259 4486 Filius
3283 4428 3443 4498 ,"aut

158 4532 304 4579 totus
340 4497 524 4580 Pater
564 4526 615 4578 iu
653 4523 790 4578 Filio
821 4531 878 4577 et
902 4497 1183 4577 communi
1222 4518 1460 4589 Spiritu;
1495 4529 1551 4573 et
1588 4518 1757 4573 Filius

1931 4498 2160 4580 alicujus
2214 4497 2481 4589 Spiritusl;
2519 4499 2643 4589 quia
2684 4514 2790 4554 non
2834 4499 3303 4589 estlintelli‘gentia
3345 4519 3442 4589 g'e-

156 4612 203 4665 iu
234 4614 427 4680 Patre,
460 4623 524 4669 et
555 4614 745 4668 eodem
773 4612 1015 4682 Spiritu;
1048 4618 1103 4666 et
1127 4609 1268 4664 idem
1312 4608 1549 4678 Spiritus
1578 4608 1632 4662 in
1655 4607 1758 4661 Pa-

158 4712 232 4757 tre
260 4715 315 4758 et
344 4705 535 4769 Filio;
596 4703 724 4773 quia
765 4701 1025 4757 memoria
1078 4698 1603 4754 summaaessentiae
1646 4706 1758 4749 tota

154 4805 231 4848 est
252 4798 305 4850 in
325 4799 455 4867 ejus
484 4794 849 4864 intelligentia
867 4801 920 4848 et
942 4792 995 4847 in
1020 4805 1223 4852 amore,
1241 4799 1295 4845 et
1318 4788 1670 4859 intelligentia
1690 4787 1759 4819 ⁸³⁸

156 4885 204 4937 in
232 4888 516 4941 memoria
556 4896 612 4939 et
644 4887 696 4939 in
735 4899 943 4947 amore,
972 4892 1027 4937 et
1055 4897 1209 4936 amor
1240 4883 1292 4935 iu
1330 4881 1590 4936 memoria
1618 4889 1673 4934 et
1703 4881 1757 4934 in

151 4974 559 5048 intelligentia.
614 4973 803 5029 Totam
861 4975 1059 5043 quippe
1116 4986 1270 5027 suam
1321 4970 1390 5003 “°
1442 4972 1758 5025 memoriam

154 5079 402 5121 summus
427 5063 702 5134 intelligit
720 5064 1049 5134 Spiritus,et
1074 5070 1249 5126 amat;
1281 5069 1335 5116 et
1364 5061 1529 5115 totius
1553 5060 1756 5115 intelli-

1938 4569 2071 4639 nita,
2106 4582 2212 4639 nec
2240 4583 2393 4622 amor
2415 4569 2484 4622 ab
2509 4569 2693 4636 aliquo
2739 4570 3053 4639 procedens.
3094 4569 3161 4626 Et
3205 4572 3328 4626 licet
3350 4569 3446 4629 Ῥί-

1940 4638 2041 4692 lius
2071 4638 2142 4691 sit
2166 4639 2423 4691 memoria
2466 4646 2523 4691 et
2560 4638 2751 4703 amor,
2774 4656 2879 4694 non
2934 4650 3112 4695 tamen
3143 4652 3226 4697 est
3258 4642 3443 4706 Pater.

1938 4717 2030 4760 aut
2059 4707 2296 4776 Spiritus
2340 4706 2600 4782 alicujus;
2636 4709 2760 4779 quia
2804 4726 2913 4782 non
2958 4721 3041 4766 est
3069 4713 3328 4782 memoria
3359 4715 3442 4782 gi-

1940 4791 2128 4861 gnens,
2150 4791 2249 4861 nec
2269 4792 2421 4858 amor
2444 4777 2640 4861 ah‘alio
2661 4777 2983 4861 procedens,
3011 4782 3152 4861 sicut
3184 4777 3440 4861 Spiritus.

1942 4847 2032 4901 Sic
2064 4848 2187 4919 etsi_
2195 4845 2432 4915 Spiritus
2451 4856 2544 4919 est
2565 4848 2821 4919 memoria
2848 4860 2902 4903 et
2925 4845 3309 4919 intelligentia,
3334 4866 3443 4906 non

1938 4925 2116 4971 tamen
2156 4916 2341 4981 Pater,
2387 4926 2479 4971 aut
2502 4917 2693 4981 Filius,
2741 4919 2866 4986 quia
2897 4936 3002 4975 non
3049 4916 3132 4974 est
3181 4921 3441 4975 memoria

1938 4987 2194 5055 gignens,
2245 5002 2347 5041 nec
2383 4987 2735 5057 intelligentia
2773 4988 3141 5057 genita.Unus
3176 4990 3359 5053 itaque
3388 4990 3441 5044 iu

1939 5072 2156 5112 summa
2199 5057 2431 5112 essentia
2460 5056 2643 5124 Pater,
2683 5056 2819 5112 unus
2854 5058 3043 5123 Filius,
3093 5073 3235 5114 unus
3266 5058 3444 5129 Spiri-

1479 5172 1712 5229 VARIA‘Z
1746 5170 2145 5228 LECTIONES.

222 5288 284 5319 ’δι
319 5290 495 5357 Quod
530 5286 753 5357 quidem
784 5288 830 5341 si
855 5304 954 5341 ms.
977 5284 1281 5357 Tltuan.§0

149 5356 281 5434 Tnu.
322 5349 425 5414 '30.
460 5349 677 5434 αὔξων..
698 5358 1009 5434 quia-liabet
1184 5355 1314 5434 gap.
1336 5349 1414 5408 ’57
1438 5356 1590 5434 estin
1621 5370 1744 5407 mss.
1771 5362 1925 5422 caput
1959 5349 2076 5434 εἰ,
2128 5350 2495 5434 “agitamore
2518 5349 2578 5431 et

146 5430 279 5481 etin
309 5444 526 5482 amore
575 5436 629 5480 et
664 5420 1014 5496 intelligentia
1091 5425 1161 5457 “'
1196 5420 1388 5479 Tutam
1435 5424 1633 5492 quippe
1662 5438 1814 5475 suam
1834 5420 1975 5475 ‘mss.
2012 5420 2147 5475 Tltu.
2186 5421 2256 5475 90
2293 5431 2459 5474 totam
2530 5422 2618 5488 uip
2660 5437 2689 5474 e
2730 5436 2997 5474 summam

146 5508 218 5543 est
254 5499 311 5543 in
346 5516 495 5543 ηιμ-
553 5509 709 5543 canui
746 5498 815 5543 ὃς)
926 5496 993 5527 ⁸⁸⁸
1022 5495 1259 5543 Sniritus
1292 5494 1453 5543 Patre
1490 5505 1545 5543 et
1604 5493 1740 5543 Filio
1778 5508 1904 5543 mss.
1948 5491 2100 5543 Gem.
2153 5489 2286 5543 Vict.
2320 5490 2446 5543 Sau.
2586 5436 2749 5543 dficit.
2782 5490 2997 5543 Spiritu:

926 5496 993 5527 ⁸⁸⁸
1022 5495 1259 5564 Spiritus
1292 5490 1464 5548 Patre
1490 5505 1545 5546 et
1568 5490 1579 5491 ί
1604 5493 1740 5564 F_ilio
1778 5508 1906 5564 mss:
1948 5491 2100 5564 Gem.
2153 5490 2286 5543 Vict.
2320 5490 2446 5558 Sag.
2479 5490 2535 5543 S.

145 5508 218 5549 est
254 5499 311 5552 in
346 5516 495 5551 mss.
553 5509 709 5563 caput
746 5498 815 5549 6⁸)

1319 5300 1463 5355 quon
1492 5284 1631 5339 idem
1658 5285 1702 5338 si
1779 5281 1847 5313 “’
1878 5281 2017 5355 Cap.
2040 5280 2109 5335 56
2134 5291 2209 5355 _e_s_t
2226 5280 2289 5355 in
2321 5298 2443 5335 mss.
2479 5290 2633 5351 caput
2828 5278 2896 5310 ⁸⁸³

2922 5278 3057 5347 Quia
3085 5281 3282 5335 habeat
3313 5299 3440 5336 mss.

2128 5352 2197 5382 ⁶⁸⁵
2225 5350 2289 5404 Ει
2311 5366 2495 5405 amore
2518 5350 2573 5404 et
2596 5350 2945 5420 intelligentia
2976 5367 3100 5405 mss.
3135 5350 3272 5404 Vict.
3306 5350 3438 5420 Sag.

2134 5462 2147 5475 .
2186 5421 2256 5475 90
2293 5431 2459 5474 totam
2491 5422 2689 5477 auinDe
2730 5436 2997 5474 summam
3104 5420 3173 5452 ⁶¹⁵⁷
3203 5419 3333 5477 Cap.
3372 5421 3445 5477 58

2649 5438 2689 5474 te
2730 5438 2997 5474 summam
3104 5438 3167 5452 ν’·
3203 5438 3333 5488 Lap.
3372 5438 3477 5477 an.

2649 5490 2749 5542 icit.
2782 5490 3017 5559 Spiritus
3046 5491 3206 5546 Patre
3231 5500 3287 5545 et
3307 5489 3445 5545 Filio

144 5566 208 5598 ’θ’
242 5570 515 5638 Spiritus
548 5559 648 5635 per
675 5581 732 5638 se
764 5583 866 5638 non
892 5565 1035 5638 aliud
1068 5559 1235 5635 quam
1261 5578 1451 5638 amare
1474 5578 1600 5615 mss.
1630 5560 2108 5638 Tlinan.§_piriltis
2137 5576 2232 5627 per
2256 5575 2313 5613 se
2345 5574 2449 5611 non
2482 5574 2578 5627 per
2600 5559 2744 5638 aliud
2769 5576 2954 5616 amare
3012 5562 3090 5638 _“°
3122 5560 3437 5638 Nullusdeo-

147 5652 260 5689 rum
284 5628 476 5691 'trium
514 5628 648 5688 "iss.
678 5633 735 5689 S.
773 5633 934 5688 Mich.
966 5628 1152 5689 Cistér.
1187 5633 1363 5687 nullus
1393 5634 1587 5687 borum
1616 5634 1776 5687 trium
1854 5628 1928 5663 ⁶⁸¹“
1970 5632 2206 5685 δυιιιιηιε
2245 5638 2327 5682 est
2359 5642 2576 5681 necesse
2605 5630 2780 5685 inesse
2827 5633 3074 5687 essentia:
3112 5647 3239 5685 mss.
3304 5628 3439 5690 Vict.

138 5703 268 5783 Sag.
305 5706 534 5764 Cisler.
573 5704 806 5760 Summa:
830 5705 1078 5760 essentia:
1108 5718 1327 5759 necesse
1367 5711 1451 5757 est
1494 5703 1672 5758 inesse
1747 5702 1816 5733 ⁵³³
1847 5700 1976 5763 Cap.
2010 5700 2078 5754 59
2103 5710 2174 5753 est
2202 5699 2255 5753 in
2286 5714 2410 5752 mss.
2447 5709 2598 5768 caput
2632 5701 2695 5754 tit
