4030 6290
542 368 670 442 ,ξω

1100 363 1157 417 S.
1197 358 1498 416 ANSELMI
1528 355 1879 413 CANTUAR.
1912 352 2235 409 AllClllEP.
2271 351 2422 408 OPP.
2465 349 2644 407 PARS
2674 350 2717 406 1.
2747 380 2819 393 —-
2857 351 3274 407 DOGM.\TIC.\.

3711 351 3814 410 ξοδ

628 490 711 538 tus
740 497 752 532 :
786 487 838 532 ct
884 491 989 535 non
1032 482 1141 530 tres
1171 473 1376 536 Patres,
1406 484 1508 526 nec
1541 477 1652 527 tres
1697 466 1852 533 Filii;
1887 479 1990 522 nec
2012 474 2132 522 tres
2160 468 2211 528 Α
2235 461 2437 530 aliquid
2457 461 2598 531 quod
2619 470 2773 517 extra
2799 460 2917 530 ejus
2939 471 3174 517 mentem
3201 471 3423 528 est,non
3451 465 3693 521 nascitur
3708 485 3823 523 rer-

627 550 882 605 Spiritus.

629 568 668 605 δ
708 568 882 602 11⁸11115.

628 568 928 710 Qiiamdam
958 616 1046 692 hic
1070 633 1226 690 video
1254 632 1606 703 quaestionem
1645 643 1957 686 occurrere.
1999 628 2135 685 Nam

546 733 601 789 ’si
631 734 788 787 Pater
816 731 886 783 ita
918 736 998 782 est
1038 724 1393 795 intelligentia
1427 732 1484 778 et
1506 735 1683 787 amor,
1713 721 1855 777 sicut
1882 728 1980 775 est
2023 734 2139 775 me-

544 802 751 886 ‘moria,
780 829 835 874 et
869 817 1039 873 Filius
1069 816 1148 872 sic
1175 822 1263 870 est
1285 813 1546 870 memoria
1577 821 1633 869 et
1665 826 1841 878 amor,
1869 811 2139 880 quomodo

553 927 635 968 est
670 912 1049 982 intelligentia;
1072 917 1127 962 et
1151 907 1433 976 utriusque
1459 904 1696 975 Spiritus
1723 918 1832 960 non
1857 902 2036 959 minus
2054 911 2140 959 est

548 990 820 1061 memoria
845 1013 899 1058 et
928 998 1310 1070 intelligentia,
1336 1011 1500 1067 quam
1532 1009 1687 1051 amor
1706 1013 1720 1049 :
1738 994 2010 1066 quomodo
2030 1008 2138 1050 non

478 1140 485 1149 ι
546 1104 637 1150 ‘est
665 1094 848 1156 Pater,
892 1090 1082 1157 Filius,
1123 1096 1178 1143 et
1206 1086 1435 1156 alicujus
1474 1086 1547 1118 ⁸⁸⁸
1583 1085 1850 1156 Spiritus;
1893 1092 1948 1140 et
1969 1098 2140 1155 quare

520 1195 525 1201 '
553 1202 658 1242 non
681 1193 764 1240 est
794 1182 984 1246 Filius,
1016 1180 1182 1235 Pater
1208 1188 1264 1235 et
1287 1178 1519 1248 alicujus
1547 1176 1804 1249 Spiritus,
1833 1185 1887 1232 et
1909 1193 2008 1233 cur
2032 1191 2137 1231 non

550 1285 639 1334 est
663 1275 804 1331 idem
837 1273 1097 1345 Spiritus,
1129 1272 1356 1343 alicujus
1380 1270 1564 1338 Pater,
1600 1279 1657 1326 et
1679 1270 1908 1340 alicujus
1930 1270 2139 1324 Filius?

552 1367 633 1433 sic
662 1366 858 1438 quippe
892 1363 1291 1435 intelligebatur
1320 1362 1465 1432 quod
1492 1361 1755 1415 memoria
1781 1370 1928 1415 esset
1953 1359 2135 1427 Pater,

555 1456 724 1511 Filius
755 1454 1130 1526 intelligentia,
1164 1452 1447 1522 utriusque
1472 1451 1716 1520 Spiritus
1743 1464 1915 1504 amor.
1937 1449 2137 1506 Verum

557 1548 671 1610 lucc
699 1547 927 1616 qumstio
959 1562 1065 1601 non
1095 1545 1313 1601 diﬂicile
1344 1545 1591 1610 solvitur,
1616 1546 1660 1600 si
1687 1561 1749 1600 ea
1772 1560 1892 1615 quae
1907 1545 2020 1613 jam
2045 1560 2138 1600 ra-

556 1639 701 1692 tione
724 1636 938 1691 inventa
970 1645 1098 1691 sunt
1137 1636 1570 1691 considereutur.
1601 1635 1809 1691 Idcirco
1840 1635 1985 1691 enim
2031 1650 2136 1690 non

2236 554 2364 610 bum
2404 555 2656 624 cogitata:
2700 554 2780 608 rei
2814 569 2883 608 ex
2925 554 3043 625 ipsa
3075 570 3165 622 re;
3195 554 3323 625 quia
3360 556 3474 626 ipsa
3504 559 3700 615 absens
3744 571 3825 618 est

2236 659 2269 699 a
2297 645 2641 715 cogitationis
2685 644 2919 711 intuitu,
2949 645 3044 701 sed
3094 660 3162 701 ex
3217 645 3294 701 rei
3338 646 3519 718 aliqua
3565 650 3821 706 similitu-

2237 735 2362 790 dine
2395 734 2478 789 vel
2509 735 2766 803 imagine,
2787 751 2909 804 qua:
2933 745 3020 791 est
3043 736 3096 791 in
3119 738 3410 808 cogitantis
3433 743 3828 808 memoria,aut

2232 826 2381 880 forte
2413 841 2536 895 quae
2583 835 2730 892 tunc,
2767 843 2892 882 cum
2925 830 3163 899 cogitat,
3194 845 3293 901 per
3336 846 3658 901 corporeum
3707 851 3821 890 sen-

2238 930 2357 970 sum
2384 931 2454 972 ex
2481 932 2541 973 re
2569 920 2821 988 praesenti
2853 921 2907 974 in
2930 930 3161 977 mentem
3188 922 3504 978 attrahitur.
3536 924 3595 980 In
3617 942 3827 982 summa

2236 1019 2369 1062 vero
2394 1008 2628 1063 essentia
2656 1008 2736 1064 sic
2777 1010 2880 1064 sibi
2912 1025 3127 1081 semper
3153 1012 3221 1044 ε⁶⁰
3246 1023 3373 1067 sunt
3410 1025 3705 1083 praesentes
3736 1017 3828 1070 Pa-

2241 1105 2346 1164 ter,
2373 1106 2429 1154 et
2467 1098 2656 1166 Filius,
2691 1108 2746 1156 et
2770 1116 2959 1157 eorum
3012 1102 3249 1172 Spiritus
3281 1118 3296 1156 :
3348 1114 3433 1159 est
3477 1105 3646 1168 enim,
3693 1106 3827 1160 sicut

2230 1189 2348 1260 jam
2378 1202 2741 1264 perspectum
2787 1204 2909 1260 est,
2960 1196 3333 1267 unusquisque
3386 1210 3492 1251 non
3546 1197 3727 1252 minus
3775 1197 3828 1252 in

2237 1283 2362 1338 aliis
2390 1299 2554 1354 quam
2585 1284 2639 1339 in
2670 1286 2881 1355 seipso;
2921 1295 2980 1341 ut
3004 1302 3126 1341 cum
3160 1274 3392 1341 invicem
3433 1301 3493 1341 se
3519 1286 3731 1350 dicunt,
3753 1289 3828 1342 sic

2236 1375 2484 1429 videatur
2512 1376 2652 1430 idem
2701 1377 2855 1447 ipse,
2892 1379 2985 1448 qui
3031 1377 3231 1433 dicitur
3257 1419 3273 1442 ,
3331 1379 3555 1449 gignere
3602 1380 3829 1434 verbum

2238 1480 2420 1531 suum,
2467 1466 2923 1536 quemadmodum
2955 1484 3078 1524 euut
3119 1484 3150 1522 a
3194 1467 3376 1538 seipso
3414 1468 3638 1523 dicitur.
3688 1470 3829 1536 Quo-

2239 1558 2400 1613 modo
2427 1573 2557 1628 ergo
2608 1558 2741 1612 nihil
2770 1559 2941 1629 gignit
2993 1560 3181 1623 Filius,
3234 1569 3328 1615 aut
3377 1559 3494 1629 ejus
3539 1560 3830 1633 Patrisque

2241 1645 2504 1717 Spiritus;
2536 1648 2581 1703 si
2607 1649 2978 1727 unusquisque
2991 1665 3180 1706 eorum
3206 1650 3433 1705 verbum
3456 1651 3626 1722 gignit
3646 1668 3827 1717 suum,

554 1736 637 1781 est
673 1727 836 1782 Pater
870 1727 1069 1794 Filius,
1110 1735 1207 1781 aut
1246 1725 1474 1795 alicujus
1500 1726 1738 1797 Spiritus
1768 1726 1857 1789 ⁸⁵⁵.
1899 1725 2028 1781 licet
2068 1728 2139 1783 sit
2171 1807 2193 1809 _
2239 1752 2363 1793 cum
2397 1754 2426 1798 a
2458 1725 2640 1809 seipso
2670 1739 2873 1795 dicitur
2909 1740 2996 1796 vel
3028 1741 3096 1797 ab
3146 1740 3255 1795 alio
3295 1740 3409 1795 ⁸⁸ιῖ
3455 1741 3600 1808 Quot
3647 1752 3829 1798 autem

554 1815 902 1886 intelligentia
929 1826 984 1871 et
1015 1831 1200 1882 amor;
1225 1816 1350 1886 quia
1378 1831 1486 1870 non
1532 1824 1619 1871 est
1662 1816 2019 1888 intelligentia
2046 1833 2140 1888 ge-

2267 1829 2405 1885 'erba
2437 1807 2655 1899 probari
2697 1839 2925 1901 possunt
2958 1831 3027 1887 de
3067 1846 3279 1887 summa
3307 1832 3452 1888 nasci
3498 1834 3829 1901 substantia,

553 1908 699 1974 uita,
722 1916 815 1961 aut
841 1908 997 1961 antur
1038 1909 1105 1964 ab
1148 1906 1327 1978 aliquo
1358 1908 1683 1977 procedens;
1736 1908 1830 1964 sed
1878 1908 2139 1979 quidquid

541 2005 658 2069 est,
705 1997 930 2066 gignens
978 2005 1065 2050 est
1118 1990 1349 2060 tantum,
1377 1996 1507 2051 et'a
1552 2010 1660 2065 quo
1706 1997 1952 2066 procedit
1978 1997 2133 2053 alius.

556 2087 725 2143 Filius
755 2101 971 2156 quoque
1012 2086 1133 2141 ideo
1164 2101 1270 2140 non
1301 2096 1385 2142 est
1423 2087 1606 2152 Pater,
1643 2097 1738 2141 aut
1764 2086 1989 2157 alicujus
2019 2088 2141 2159 Spi-

556 2179 722 2245 ritusf;
756 2176 1007 2247 quamvis
1035 2176 1214 2246 seipso
1257 2186 1314 2231 et
1362 2192 1573 2232 memor
1600 2177 1670 2219 ⁸⁸⁸
1711 2178 1819 2246 sit,
1867 2187 1922 2234 et
1957 2189 2137 2244 amet;

554 2269 679 2338 quia
706 2282 812 2321 non
845 2276 927 2322 est
957 2267 1216 2322 memoria
1241 2267 1492 2338 gignens,
1530 2277 1625 2323 aut
1650 2283 1804 2325 amor
1826 2270 1893 2325 ab
1920 2271 2045 2336 alio,
2075 2265 2152 2327 ad.

553 2355 962 2411 simittudinem
988 2354 1073 2409 sui
1102 2354 1358 2424 Spiritus,
1386 2355 1716 2424 procedens;
1750 2357 1846 2413 sed
1879 2359 2142 2430 quidquid

554 2447 762 2510 existit,
798 2454 1005 2500 tantum
1036 2445 1301 2516 gignitur,
1340 2454 1394 2500 et
1437 2454 1519 2501 est
1543 2462 1573 2500 a
1600 2462 1709 2517 quo
1748 2447 1983 2519 Spiritus
2017 2467 2145 2521 pro-

553 2535 717 2591 cedit.
759 2534 1023 2607 Spiritum
1062 2550 1284 2606 quoque
1332 2550 1439 2591 non
1486 2537 1631 2608 cogit
1658 2553 1780 2594 esse
1805 2538 2021 2595 Patrem
2051 2546 2145 2595 aut

555 2626 772 2689 Filium,
804 2627 927 2693 hoc,
952 2626 1080 2696 quia
1126 2632 1420 2681 contentus
1449 2632 1533 2680 est
1569 2628 1834 2684 memoria
1866 2637 1960 2684 aut
1989 2631 2145 2686 intel-

553 2717 768 2787 ligentia
796 2733 914 2782 sua,
946 2732 1069 2772 cum
1119 2731 1225 2772 non
1260 2717 1331 2749 ⁸⁵⁸
1359 2718 1434 2773 sit
1463 2719 1726 2774 memoria
1771 2720 2021 2792 gignens,
2052 2728 2146 2779 aut

553 2809 906 2878 intelligentia
939 2809 1118 2877 genita
1142 2834 1161 2874 ί
1187 2809 1281 2863 sed
1302 2808 1512 2877 ‘solum,
1541 2810 1800 2881 quidquid
1824 2822 1928 2876 est,
1957 2829 2147 2883 proce-

552 2899 648 2952 dat
698 2898 792 2950 ⁸⁵⁷.
823 2896 964 2964 Quid
1013 2897 1181 2968 igitur
1234 2898 1486 2967 prohibet
1538 2899 1789 2954 concludi
1835 2900 1961 2971 quia
2009 2917 2146 2957 unus

554 2996 893 3042 tantumest
921 2987 975 3041 in
1023 3001 1231 3041 summa
1274 2987 1512 3042 essentia
1555 2987 1755 3051 Pater,
1788 3005 1929 3046 unus
1956 2989 2142 3059 Filius,

554 3095 698 3133 unius
726 3076 996 3149 Spiritus;
1028 3086 1081 3133 et
1110 3094 1215 3133 non
1247 3089 1357 3135 tres
1384 3079 1596 3145 Patres,
1627 3089 1723 3135 aut
1743 3080 1995 3149 Filii,aut
2025 3085 2147 3155 Spi-

556 3175 697 3229 ritus
715 3175 739 3228 ‘i

938 3265 1186 3342 caput,
1208 3267 1352 3342 [χιι
1384 3266 1480 3342 [αι.
1528 3268 1641 3342 cx]
1666 3270 1755 3324 συθ.

559 3337 833 3403 Quomodo
878 3353 945 3393 ut
971 3339 1054 3392 Itis
1095 3338 1263 3393 tribus
1299 3337 1476 3408 plures
1513 3337 1641 3408 ﬁlii'
1664 3340 1812 3395 nasci
1850 3339 2145 3395 videantur.

555 3430 901 3502 CONSPECTUS
925 3444 1235 3502 cuiusq—
1253 3428 1386 3502 Cum
1409 3429 1652 3499 singulas
1677 3430 1905 3502 quisque
1929 3428 2143 3502 illorum

631 3500 794 3563 trium
835 3515 893 3552 se
918 3508 972 3552 et
998 3499 1134 3552 alius
1164 3499 1450 3568 intelligat,
1481 3515 1545 3555 ac
1576 3499 1804 3569 proinde
1833 3500 2003 3561 dicat,
2065 3500 2147 3553 vi-

580 3576 593 3584 ’
629 3571 785 3622 detur
809 3569 953 3637 quod
980 3568 1223 3638 singulus
1257 3572 1490 3637 quisque
1522 3568 1785 3638 producat
1811 3585 1967 3623 suum
2013 3569 2141 3624 Ver-

630 3638 758 3708 hum
809 3634 903 3692 sco
957 3634 1156 3692 Filium
1205 3634 1310 3692 τοι
1340 3634 1484 3708 quod
1524 3634 1760 3708 'proiude
1809 3639 1992 3708 plures
2038 3640 2148 3694 siut

586 3756 589 3757 ,
628 3707 773 3763 Filii.
1056 3756 1057 3759 η

588 3856 595 3861 ,
632 3800 739 3855 Sed
775 3815 843 3855 nc
893 3799 1034 3856 forte
1089 3809 1353 3871 repugnet
1398 3797 1527 3855 huic
1567 3799 1851 3855 assertioni
1883 3799 2026 3869 quod
2065 3800 2147 3854 ἰι-

563 3901 719 3952 ttleor
752 3909 770 3949 :
800 3891 1171 3959 namdubium
1194 3905 1316 3947 esse
1361 3906 1470 3946 non
1500 3891 1663 3947 debet
1708 3891 1833 3961 quia
1863 3891 2044 3958 Pater,
2093 3901 2148 3949 ct

558 3982 749 4047 Filius,
791 3992 846 4039 et
878 3999 1068 4040 eorum
1096 3982 1367 4055 Spiritus,
1402 3983 1774 4053 unusquisque
1803 3984 2040 4054 seipsum
2092 3995 2148 4041 et

559 4074 697 4131 alios
719 4077 908 4132 ambos
935 4075 1095 4143 dicit;
1131 4076 1271 4131 sicut
1311 4091 1399 4140 sc,
1433 4084 1487 4131 et
1528 4075 1662 4129 alios
1694 4075 1960 4151 intelligit.
1994 4077 2147 4144 Quod

560 4165 605 4222 si
638 4168 711 4221 ita
740 4174 844 4230 est,
874 4168 1146 4237 quomodo
1172 4183 1276 4222 non
1308 4175 1437 4221 sunt
1463 4165 1515 4219 in
1558 4181 1771 4221 summa
1797 4168 2034 4223 essentia
2068 4178 2148 4225 tot

561 4257 726 4312 verba
754 4267 887 4329 quot
914 4267 1041 4313 sunt
1071 4259 1338 4323 dicentes,
1363 4266 1418 4312 et
1435 4266 1567 4327 quot
1587 4269 1714 4312 sunt
1735 4258 1828 4329 qui
1855 4258 2147 4314 dicuntur?

563 4346 811 4415 Si,enim
844 4348 1025 4419 plures
1074 4349 1323 4419 homines
1353 4363 1515 4402 unum
1567 4348 1770 4418 aliquid
1816 4351 2147 4421 cogitatione

561 4439 765 4513 dicant,
804 4450 883 4495 tot
910 4439 1027 4510 ejus
1060 4440 1312 4517 videntur
1352 4453 1477 4494 esse
1517 4439 1684 4494 verba
1728 4447 1862 4508 quot
1900 4448 2025 4494 sunt
2055 4456 2141 4494 co»

563 4526 828 4601 gitantes;
863 4531 989 4601 quia
1019 4530 1074 4585 in
1100 4529 1434 4601 singulorum
1473 4527 1891 4599 cogitationibus
1918 4531 2142 4585 verbum

472 4622 480 4630 '
562 4621 682 4689 ejus
706 4631 809 4677 est.
842 4621 1001 4686 item,
1032 4621 1080 4677 si
1121 4636 1261 4676 unus
1301 4622 1464 4675 homo
1492 4619 1697 4690 cogitat
1735 4617 1913 4689 aliqua
1964 4619 2143 4690 plura,

562 4722 647 4770 tot
673 4715 838 4770 verba
883 4722 1008 4768 sunt
1055 4712 1112 4768 in
1155 4722 1338 4768 mente
1376 4713 1669 4784 cogitantis
1712 4722 1848 4782 quot
1895 4721 2022 4769 sunt
2059 4729 2145 4792 res

561 4804 831 4877 cogitatae.
861 4802 971 4859 Sed
999 4800 1053 4858 in
1080 4801 1667 4873 beluinis-engitaﬁone
1687 4803 1780 4870 “9,
1802 4819 1925 4859 cum
1947 4804 2149 4876 cogitat

2241 1929 2322 1976 tot
2361 1937 2482 1975 eam
2511 1936 2735 1978 necesse
2763 1932 2867 1987 est,
2898 1924 3198 1977 secundum
3226 1924 3295 1957 ⁸⁸³
3323 1923 3661 1993 superiorem
3695 1940 3827 1979 cou-

2239 2013 2624 2070 siderationem
2650 2053 2667 2080 ,
2712 2013 2853 2070 ﬁlios
2900 2014 3161 2085 gignere,
3203 2021 3259 2068 et
3297 2021 3376 2069 tot
3420 2015 3675 2071 emittere
3722 2015 3832 2087 spi-

2244 2102 2404 2157 ritus.

2705 2190 2934 2248 CAPUT
2984 2188 3152 2246 LXIII
3197 2190 3332 2263 (67).

2246 2284 2521 2370 Quomono
2546 2319 2650 2357 non
2680 2303 2746 2356 sit
2779 2303 2851 2355 ibi
2878 2302 2980 2356 nisi
3017 2319 3151 2356 unus
3177 2302 3368 2370 unius;
3397 2303 3496 2356 hoc
3517 2313 3620 2369 est,
3665 2321 3833 2361 unum

2633 2371 2878 2434 Verbum,
2919 2381 2966 2425 et
3007 2388 3073 2425 ex
3108 2371 3221 2426 solo
3259 2369 3442 2426 Patre.
3816 2374 3831 2397 ⁷

2244 2479 2585 2535 Consrscrus
2619 2494 2847 2551 CAN't‘IS.
2864 2509 2935 2551 -έ
2960 2478 3210 2534 Attamen
3239 2494 3362 2535 eum
3387 2496 3485 2535 nec
3508 2482 3696 2551 plures
3726 2486 3832 2539 sint

2317 2551 2577 2613 dicentes,
2596 2565 2696 2604 nec
2723 2550 2871 2617 plura
2894 2550 3005 2605 sint
3029 2566 3147 2619 qtue
3174 2551 3430 2604 dicuntur
3450 2591 3467 2619 ,
3501 2550 3595 2606 sed
3624 2569 3729 2607 una
3764 2558 3839 2608 sit

2315 2619 2548 2673 essentia
2573 2635 2693 2688 qua:
2724 2619 2973 2694 intelligit
3003 2629 3057 2673 et
3091 2620 3439 2694 intelligitur,
3468 2631 3678 2677 constat
3705 2628 3837 2694 quia

2317 2703 2490 2759 neque
2536 2699 2662 2759 sunt
2696 2688 3138 2759 éplures'patres,
3172 2688 3459 2759 neciplura
3499 2695 3682 2753 verba.
3723 2688 3834 2748 ’που

2317 2757 2498 2826 plures
2521 2758 2645 2823 ﬁiii;
2669 2757 2763 2812 sed
2789 2774 2925 2813 unus
2945 2769 3028 2813 est
3049 2757 3363 2825 dicens,seu
3379 2759 3570 2827 Pater,
3586 2772 3641 2817 et
3664 2779 3833 2818 unum

2322 2827 2715 2901 YerbumLScu
2755 2841 2897 2883 unus
2925 2827 3114 2901 Filius.
3155 2829 3308 2885 Licet
3337 2845 3469 2901 ergo
3493 2833 3676 2900 Pater,
3703 2833 3837 2888 Ver-

2317 2897 2466 2962 hum,
2494 2906 2549 2951 et
2575 2896 2813 2968 Spiritus
2838 2899 3043 2966 pariter
3067 2915 3124 2954 se
3148 2911 3203 2953 et
3224 2896 3426 2954 ambos
3439 2901 3575 2956 alios
3603 2896 3791 2956 dicant
3814 2943 3833 2968 ,

2317 2980 2484 3039 untun
2517 2966 2688 3039 solum
2720 2967 2793 3019 ibi
2835 2977 2917 3039 est
2944 2968 3197 3039 Verbum,
3231 2969 3375 3039 quod
3417 2984 3519 3031 nec
3563 2966 3842 3028 ullatenus

2318 3036 2557 3109 omnium
2595 3036 2780 3109 trium.
2815 3037 2909 3109 sed
2934 3037 3196 3109 duntaxat
3223 3036 3384 3109 unius
3418 3041 3658 3109 ipsorum
3681 3082 3696 3106 ,
3730 3048 3837 3097 sei-

2320 3102 2676 3182 licet_l_’atris,
2722 3103 2956 3182 Verbum
2980 3108 3084 3161 dici
3115 3118 3314 3178 potest.
3339 3102 3452 3164 Νοιὶ
3474 3109 3623 3182 enim
3653 3102 3835 3182 imago

2321 3184 2415 3228 aut
2449 3174 2617 3251 [filius
2637 3184 2720 3230 est
2741 3177 2958 3251 suimet,
3009 3174 3168 3231 aut'a
3200 3192 3259 3233 se
3287 3180 3632 3251 procedentis
3661 3174 3838 3251 Spiri-

2319 3253 2427 3301 tus.
2456 3244 2594 3318 Nam
2626 3261 2727 3300 nee
2752 3260 2817 3298 ex
2846 3247 3057 3318 seipso,
3092 3263 3192 3301 nec
3220 3244 3305 3302 εί
3336 3249 3667 3318 procedente
3696 3244 3734 3305 ἐι
3780 3266 3839 3305 se

2319 3316 2603 3380 nascitur;
2643 3330 2742 3370 nec
2784 3317 3052 3386 seipsum,
3098 3326 3185 3370 aut
3249 3316 3639 3386 procedentem
3681 3335 3716 3373 a
3757 3336 3845 3386 se,

2319 3386 2603 3456 existeudo
2646 3385 2909 3440 imitatur.
2950 3385 3138 3440 Restat
3169 3385 3334 3456 igitur
3361 3390 3461 3443 hoc
3503 3389 3676 3442 solum
3701 3385 3841 3445 Ver;

2319 3456 2446 3510 hum
2479 3455 2620 3510 illius
2658 3456 2822 3509 soiius
2845 3470 2963 3509 esse
2984 3458 3051 3511 de
3082 3472 3187 3524 quo
3202 3455 3486 3513 nascendo
3512 3458 3675 3525 habet
3693 3474 3837 3525 esse,

2320 3535 2375 3579 et
2404 3526 2468 3577 ad
2495 3525 2648 3594 cujus
2668 3525 3035 3579 oxunimodam
3070 3522 3482 3582 similitudinem
3513 3522 3726 3583 exisiit.

2319 3615 2431 3670 llac
2467 3615 2647 3684 itaque
2677 3615 2886 3669 ratione
2920 3614 2989 3646 ⁸⁸⁸
3023 3616 3276 3671 videntur
3326 3618 3382 3673 in
3428 3617 3519 3673 illa
3555 3633 3681 3679 esse
3730 3635 3845 3676 non

2247 3700 2419 3757 solum
2453 3703 2606 3757 multi
2639 3713 2845 3772 patres,
2872 3713 2929 3760 et
2961 3703 3080 3771 lilii,
3129 3715 3184 3759 et
3216 3707 3616 3775 procedentes,
3645 3710 3755 3765 sed
3787 3719 3844 3766 et

2250 3793 2370 3849 alite
2401 3795 2869 3863 necessitudines;
2899 3805 2994 3850 aut
3018 3806 3169 3852 certe
3197 3796 3363 3854 Pater
3388 3837 3404 3865 ,
3445 3809 3501 3854 et
3542 3799 3750 3868 Filius,
3788 3811 3846 3857 et

2248 3901 2435 3940 eorum
2461 3886 2717 3956 Spiritus,
2747 3887 2815 3942 de
2839 3889 3036 3958 quibus
3063 3889 3178 3958 jam
3202 3891 3564 3946 certissimum
3591 3903 3678 3953 est
3712 3898 3848 3964 ,μὴ

2248 3992 2374 4034 vcre
2398 3979 2656 4045 existunt,
2702 3996 2808 4034 non
2832 3990 2963 4035 sunt
2990 3992 3103 4037 tres
3138 3983 3407 4050 dicentes,
3438 3985 3693 4053 queraris
3721 3989 3849 4043 siu-

2248 4071 2406 4141 gulus
2454 4072 2685 4142 quisque
2735 4073 2810 4129 sit
2865 4074 3091 4142 dicens;
3128 4091 3228 4131 nec
3282 4085 3412 4132 sunt
3462 4078 3620 4148 plura
3650 4118 3666 4144 ,
3719 4095 3849 4148 qua

2248 4162 2522 4230 dicuntur,
2569 4180 2690 4219 cum
2725 4166 3095 4236 unusquisque
3125 4167 3363 4238 seipsum
3386 4209 3402 4235 ,
3433 4170 3489 4223 et
3522 4167 3669 4225 alios
3705 4171 3849 4226 deus

2248 4253 2399 4309 dicit.
2443 4254 2598 4312 Sicut
2626 4256 2771 4311 enim
2821 4271 3047 4313 summa;
3085 4258 3366 4329 sapientiae
3413 4259 3557 4316 inest
3593 4261 3749 4317 scire
3788 4269 3849 4316 et

2248 4344 2575 4416 intelligere;
2639 4346 2712 4401 ita
2768 4348 2954 4418 utique
3012 4358 3231 4405 αξιοι-μω
3264 4349 3851 4424 incommutabilisqne

2249 4437 2489 4492 scientiae
2532 4446 2589 4493 et
2641 4438 3016 4509 intelligentia
3060 4440 3308 4496 naturale
3359 4449 3463 4508 est,
3517 4439 3570 4496 id
3621 4455 3853 4514 semper

2248 4542 2484 4596 prrescus
2515 4529 2737 4597 intueri,
2763 4532 2907 4591 quod
2938 4533 3045 4588 scit
3079 4542 3136 4587 et
3178 4532 3450 4605 intelligit.
3484 4532 3631 4587 Nihil
3655 4543 3850 4589 sum

2248 4620 2391 4675 aliud
2417 4631 2503 4676 est
2533 4637 2747 4677 summo
2774 4624 2992 4694 spiritui
3016 4624 3326 4696 bujusmodi
3352 4625 3536 4681 dicere
3558 4624 3650 4689 ⁸⁸³,
3674 4640 3855 4693 quam

2247 4714 2401 4783 quasi
2432 4714 2721 4784 cogitando
2749 4715 2983 4774 intueri:
3015 4719 3157 4773 sicut
3180 4726 3383 4775 nostrae
3410 4718 3611 4772 mentis
3638 4716 3857 4772 locutio

2249 4804 2386 4860 nihil
2435 4805 2584 4860 aliud
2617 4815 2704 4862 est
2753 4807 2822 4839 ⁸⁸⁸
2856 4823 3020 4879 quam
3045 4808 3335 4880 cogitantis
3380 4808 3668 4877 inspectio.
3702 4808 3855 4861 Cer-

1842 4937 1928 4992 VA
1937 4938 2073 4994 ΒΙᾸΞ
2110 4937 2518 4996 LECTIONES.

618 5069 704 5145 ’Ψ
730 5069 902 5146 Pater
914 5081 968 5146 et
990 5068 1169 5125 Filius
1192 5074 1243 5123 et
1265 5065 1635 5146 alit-’ujusatsa.
1656 5067 2044 5146 Pater‘b‘ilius,
2075 5082 2129 5146 et
2152 5070 2379 5144 alicujus
2453 5075 2524 5109 °“
2542 5076 2647 5130 Aut
2670 5075 2900 5146 alicujus
2927 5076 3162 5146 Spiritus
3190 5093 3315 5131 mss.
3342 5083 3435 5130 aut
3465 5073 3689 5129 alterius
3718 5073 3871 5145 θυι..

563 5141 701 5196 ritus
722 5142 848 5183 5“”
870 5141 1296 5217 Seipsolnemor
1323 5136 1450 5191 mss.
1484 5137 1617 5217 ific‘t.
1649 5136 1995 5217 δορί-βίαιον.
2020 5143 2195 5210 seipso
2217 5153 2271 5217 e__t
2290 5136 2503 5217 inierunt:
2577 5136 3175 5217 “fiIntelligentiamum
3199 5164 3304 5217 non
3330 5162 3454 5217 mss.
3485 5136 3855 5217 intelligentia

563 5226 663 5286 sua
681 5227 855 5286 ;_cuut
886 5208 1016 5286 ιιοίιΔ
1068 5211 1136 5286 '_"
1174 5210 1293 5286 Est,
1324 5210 1581 5286 procedat
1605 5208 1733 5262 mss.
1752 5208 1906 5286 fuit.
1924 5219 2029 5286 est,
2049 5208 2292 5286 procedit
2363 5214 2436 5246 ⁸⁵⁸
2463 5213 2593 5286 Cap.
2612 5215 2682 5270 60
2706 5228 2779 5270 est
2802 5208 2866 5271 ἰιῖ
2887 5233 3010 5271 mss.
3048 5227 3202 5286 caput
3227 5216 3315 5271 62.
3393 5216 3463 5286 Ψ
3491 5215 3547 5269 In
3570 5208 3721 5286 omni
3747 5232 3852 5271 co-

563 5280 825 5351 gitatione
847 5297 974 5357 mss.
1002 5281 1057 5336 in
1089 5279 1677 5357 homittiscogitatione
1750 5278 1824 5310 m
1850 5280 1941 5334 Sic
1969 5278 2064 5357 tibi
2088 5297 2302 5352 semper
2334 5300 2462 5339 mss.
2497 5278 2578 5341 sic
2598 5286 2701 5341 sibi
2732 5301 2949 5357 semper
3015 5286 3092 5357 fr“
3188 5288 3366 5357 seipso
3388 5285 3591 5357 dicitur
3625 5283 3713 5340 vel
3735 5286 3861 5341 alio

563 5347 691 5424 ius.
713 5364 743 5403 a
766 5365 824 5424 se
842 5351 1061 5424 dicitur
1077 5350 1254 5407 velab
1281 5349 1386 5424 alio
1423 5347 1531 5424 ’_“_'
1550 5348 1785 5424 Necesse
1801 5350 2098 5424 secundum
2122 5347 2247 5407 utsi.
2275 5368 2499 5410 necesse
2526 5363 2613 5410 est
2637 5347 2934 5411 secundum
3008 5354 3078 5389 “'
3106 5354 3220 5410 Hac
3250 5347 3443 5424 itaque
3469 5354 3707 5418 ratione,
3736 5368 3852 5410 είς.

564 5422 621 5489 in
640 5435 772 5475 mss.
799 5420 883 5473 hic
906 5422 1082 5489 incipit
1111 5430 1263 5489 caput
1286 5420 1355 5474 65
1401 5417 1466 5472 ab
1493 5419 1588 5473 hoc
1619 5419 1771 5473 titulo
1796 5433 1816 5474 :
1846 5418 1891 5487 Q

1896 5421 2128 5494 nontodo
2180 5424 2412 5494 nongsit
2438 5425 2512 5481 ibi
2560 5425 2665 5494 nisi
2715 5441 2854 5483 unus
2910 5425 3091 5489 unius,
3113 5436 3169 5479 ut
3201 5427 3255 5479 in
3280 5421 3434 5487 titulo
3462 5426 3650 5494 capitis
3689 5425 3754 5479 lii
3791 5427 3859 5480 iis

564 5488 720 5545 ditis
816 5489 890 5522 ⁸⁵⁸
912 5488 1135 5560 Spiritui
1163 5488 1322 5561 hujus
1349 5489 1532 5546 dicere
1555 5506 1680 5545 mss.
1705 5489 1927 5577 Spiritui
1952 5490 2257 5561 hujusmodi
2280 5492 2459 5551 dicere
2531 5495 2600 5529 ⁶⁶⁸
2627 5493 2771 5550 Nihil
2790 5495 2935 5553 aliud
2958 5504 3041 5552 est
3067 5488 3193 5550 um.
3230 5493 3362 5549 Tim.
3412 5488 3698 5551 nou'alind
3722 5503 3827 5550 est.

613 5708 756 5795 '(G'I‘j
780 5701 931 5775 Alias
966 5704 1047 5775 est
1086 5736 1210 5777 pars
1238 5720 1472 5795 cap.‘.60.

2045 5628 2279 5687 ΝΟΤᾹΣ.
