4030 6290
194 326 282 383 2οᾶ

1554 319 2043 380 ιιοΝοιοϐιυιι.

3333 314 3455 391 ste

195 440 437 495 tssimum
474 435 788 506 autemjam
826 436 1183 492 considerata:
1213 436 1455 494 rationes
1499 438 1746 493 reddide—
1773 440 1821 500 Α
1849 440 2053 493 existit.
2092 438 2242 495 Unus
2279 454 2412 510 ergo
2457 437 2641 506 Pater,
2679 456 2787 496 non
2823 432 3010 512 plures
3044 445 3259 514 patres’;
3301 462 3440 503 unus

196 540 323 597 runt,
344 529 605 601 quidquid
636 543 867 585 summa}
888 537 1094 583 natura:
1118 529 1679 596 inesLessentialiter,
1702 531 1756 587 id
1857 530 2045 590 Filius.
2084 545 2191 585 non
2216 530 2401 601 plures
2421 532 2541 597 lilii,
2567 548 2706 588 unus
2729 534 3031 602 procedens
3052 534 3309 606 Spiritus,
3334 524 3443 591 non

192 622 403 692 perfecte
432 618 728 674 convenire
767 617 938 683 Patri,
972 627 1027 673 et
1053 617 1195 673 Filio
1217 660 1232 685 ,
1262 628 1319 675 et
1362 635 1553 676 eorum
1586 620 1757 691 Spiri-
1856 619 2039 689 plures
2059 621 2412 690 procedentes
2437 623 2680 692 spiritus,
2694 633 2822 679 sunt
2861 622 2915 677 in
2944 638 3153 679 summa
3182 625 3442 681 essentia.

196 711 283 778 tui,
309 709 648 783 singulatim;
674 718 731 764 et
773 719 956 764 tamen
982 710 1248 780 idipsum,
1279 712 1324 767 si
1354 712 1515 768 simul
1543 714 1758 768 dicatur
1858 710 1959 777 Qui
1989 725 2115 766 cum
2147 713 2221 766 ita
2251 721 2360 766 tres
2391 712 2521 777 Sili,
2553 722 2614 767 nt
2646 729 2922 782 nunquam
2950 714 3115 770 Pater
3142 714 3215 769 sit
3252 713 3444 779 Filius,

191 802 252 858 de
274 801 457 868 tribus,
509 817 617 856 non
654 800 946 856 admittere
1000 801 1388 871 pluralitatem.
1442 803 1577 859 Cum
1628 819 1760 875 ergo
1838 813 1951 854 ’aut
1983 801 2280 870 procedens
2303 800 2568 870 Spiritus;
2604 819 2702 859 nec
2748 805 2917 859 Filius
2942 804 3233 876 aliquando
3254 804 3324 859 sit
3347 802 3448 858 Pa-

189 899 379 949 constet
398 891 523 962 quia
549 892 689 947 sicut
712 892 947 962 pertinet
972 894 1039 947 ad
1061 892 1177 962 ejus
1215 894 1511 950 essentiam
1533 896 1759 951 scientia

191 994 239 1040 et
264 968 606 1056 intelligentia
630 1025 645 1050 ,
674 984 755 1039 sic
784 984 903 1055 ejus
935 983 1078 1041 scire
1116 994 1172 1039 et
1212 986 1517 1058 intelligere
1549 1002 1654 1040 non
1679 996 1763 1041 est

189 1075 321 1133 aliud
342 1091 504 1146 quam
527 1076 711 1133 dicere
736 1077 826 1141 ⁸⁸⁸,
869 1077 921 1131 id
948 1085 1033 1133 est
1057 1092 1275 1149 semper
1294 1093 1535 1157 praesens
1565 1080 1761 1135 intueri

191 1166 318 1236 quod
356 1166 462 1222 scit
504 1175 560 1223 et
590 1167 847 1239 intelligit
880 1186 894 1223 :
929 1183 1154 1224 necesse
1181 1178 1266 1224 est
1310 1178 1372 1223 ut
1413 1170 1765 1240 quemadmo—

192 1258 305 1310 dum
343 1257 590 1329 singulus
619 1257 803 1323 Pater,
842 1258 1088 1331 singulus
1121 1260 1189 1292 ⁸⁸⁷
1217 1260 1410 1327 Filius,
1434 1271 1492 1317 et
1519 1262 1767 1333 singulos

190 1362 360 1402 eorum
387 1346 627 1419 Spiritus
648 1358 732 1404 est
754 1349 933 1404 sciens
957 1359 1013 1405 et
1042 1350 1370 1423 intelligens,
1399 1360 1455 1408 et
1499 1362 1677 1409 tamen
1709 1353 1766 1409 hi

193 1452 295 1498 tres
313 1443 470 1498 simul
488 1458 595 1499 non
623 1453 750 1499 sunt
783 1444 968 1514 plures
995 1444 1233 1500 scientes
1257 1455 1350 1501 aut
1383 1446 1764 1516 intelligentes,

191 1545 275 1601 rd
302 1556 436 1598 unus
460 1543 663 1610 sciens,
692 1554 747 1598 et
776 1559 916 1599 unus
944 1543 1013 1576 ⁸⁸⁸
1037 1543 1380 1615 intelligens;
1412 1544 1489 1600 ita
1525 1545 1769 1617 singulos

188 1634 407 1706 quisque
456 1635 529 1690 sit
569 1634 786 1701 dicens;
836 1649 938 1691 nec
976 1643 1157 1691 tamen
1209 1637 1322 1691 sint
1368 1644 1480 1692 tres
1524 1636 1771 1694 dicentes

190 1729 337 1785 simul
379 1728 473 1794 "’,
521 1729 615 1783 sed
647 1742 789 1783 unus
831 1728 1041 1785 dicens.
1090 1727 1228 1783 Hinc
1264 1729 1395 1784 illud
1442 1745 1657 1801 quoque
1705 1729 1767 1784 li-

189 1820 343 1891 quide
369 1821 620 1891 cognosci
666 1829 844 1891 potest
887 1822 1040 1891 quia,
1073 1836 1198 1877 cum
1231 1821 1286 1877 hi
1341 1834 1452 1877 tres
1486 1821 1763 1887 dicuntur,

190 1910 270 1965 vel
296 1926 325 1965 a
352 1910 572 1980 seipsis,
602 1909 688 1966 vel
727 1910 798 1966 ab
846 1910 1104 1975 invicem,
1136 1926 1245 1966 non
1294 1920 1423 1967 sunt
1451 1910 1602 1982 plura
1647 1926 1770 1979 quze

188 2000 449 2056 dicuntur.
479 2001 618 2069 Quid
663 2014 897 2072 namque
928 2001 1003 2057 ibi
1048 2001 1269 2065 dicitur,
1316 2000 1421 2058 nisi
1449 2001 1638 2057 eorum
1671 2016 1764 2056 es-

189 2092 392 2148 sentia?
420 2093 478 2148 Si
526 2106 658 2164 ergo
686 2092 778 2147 illa
820 2107 929 2147 una
977 2091 1092 2148 sola
1130 2100 1216 2148 est
1242 2093 1350 2157 "°,
1392 2107 1556 2146 unum
1594 2090 1769 2146 solum

186 2192 286 2251 est,
314 2187 458 2256 quod
479 2184 681 2241 dicitur
709 2202 724 2240 :
755 2199 886 2253 ergo
908 2184 954 2240 si
982 2200 1153 2240 unum
1169 2185 1341 2241 solum
1363 2193 1449 2242 est
1471 2185 1540 2217 °"
1565 2187 1616 2240 in
1641 2185 1768 2251 illis,

188 2274 323 2344 quo]
361 2275 526 2340 dicit,
552 2284 608 2330 et
631 2288 824 2338 unum,
854 2273 998 2342 quod
1022 2272 1262 2339 dicitur;
1306 2289 1414 2328 una
1444 2274 1643 2343 quippe
1680 2290 1773 2329 sa-

188 2364 382 2435 pientia
415 2374 523 2432 est,
546 2380 667 2434 qua:
705 2364 759 2419 in
792 2362 898 2421 illis
924 2364 1086 2428 dicit,
1122 2373 1178 2420 et
1199 2378 1305 2419 una
1329 2364 1633 2420 subStantia
1654 2381 1775 2436 quae

190 2456 388 2512 dicitur
422 2472 438 2509 :
467 2456 826 2524 consequitur
869 2472 978 2512 non
1018 2455 1092 2512 ibi
1122 2469 1243 2511 esse
1263 2455 1420 2525 plura
1453 2454 1650 2520 verba,
1681 2455 1777 2511 sed

189 2559 379 2600 unum.
406 2543 559 2599 Licet
591 2543 758 2614 igitur
805 2544 1177 2614 unusquisque
1205 2543 1465 2613 seipsum,
1502 2554 1557 2599 et
1585 2558 1779 2599 omnes

188 2635 421 2689 invicem
450 2649 509 2689 se
533 2634 748 2699 dicant,
790 2634 1125 2704 impossibile
1152 2643 1334 2688 tamen
1378 2641 1460 2689 est
1487 2634 1541 2689 in
1565 2648 1776 2689 summa

186 2724 422 2779 essentia
450 2739 572 2780 esse
605 2725 830 2782 verbum
857 2726 1001 2782 aliud
1032 2735 1229 2795 praeter
1258 2725 1408 2790 illud,
1445 2726 1510 2781 de
1535 2741 1644 2796 quo
1661 2723 1776 2795 jam

188 2821 404 2870 constat
429 2815 570 2884 quod
598 2813 679 2870 sic
731 2816 973 2871 nascitur
1010 2831 1078 2871 ex
1109 2830 1175 2870 eo
1216 2813 1371 2884 cujus
1398 2823 1483 2869 est
1514 2813 1776 2882 Verbum,

189 2913 251 2960 ut
274 2914 330 2959 et
349 2886 476 2959 {era
516 2904 585 2937 m
619 2905 738 2976 ejus
761 2905 869 2960 dici
912 2905 1086 2975 possit
1113 2904 1315 2974 imago,
1362 2912 1418 2959 et
1447 2919 1577 2958 vere
1603 2901 1779 2959 Filius

189 2994 309 3064 ejus
361 2995 451 3050 sit.
499 2993 558 3048 In
586 3010 695 3064 quo
735 2995 935 3049 mirum
980 2993 1242 3065 quiddam
1296 3003 1352 3047 et
1401 2992 1778 3063 inexplicabile

1863 896 1966 951 ter,
2011 896 2107 943 aut
2152 887 2389 958 Spiritus
2428 892 2759 959 procedens;
2790 908 2892 948 nec
2937 908 3175 963 unquam
3210 893 3465 964 Spiritus.

1862 974 2040 1032 Patris
2064 984 2118 1031 et
2151 976 2271 1031 Filii
2299 978 2368 1009 ⁸⁷⁷
2400 978 2471 1033 sit
2497 978 2690 1040 Pater,
2724 990 2816 1034 aut
2852 981 3057 1047 Filius,
3100 990 3156 1038 et
3205 982 3449 1054 singulus

1862 1067 2090 1137 quisque
2130 1067 2211 1120 sic
2245 1066 2317 1121 sit
2345 1066 2622 1137 perfectus
2659 1069 2750 1135 ⁸⁷⁸,
2783 1079 2841 1124 ut
2872 1070 3020 1127 tmllo
3071 1072 3309 1144 indigeat
3349 1092 3365 1129 :
3395 1073 3449 1128 id

1867 1168 2044 1213 tamen
2067 1158 2209 1228 quod
2242 1167 2387 1226 sunt,
2420 1160 2501 1215 sic
2535 1169 2618 1215 est
2641 1176 2839 1228 unum;
2865 1171 2921 1216 ιιι
2947 1163 3091 1218 sicut
3123 1163 3193 1219 de
3220 1164 3451 1235 singulis

1867 1250 2149 1319 pluraliter
2174 1250 2278 1306 dici
2313 1266 2419 1305 non
2450 1259 2649 1321 potest,
2684 1253 2758 1307 ita
2808 1268 2908 1308 nec
2952 1253 3126 1310 tribus
3174 1254 3358 1310 simul.
3386 1255 3461 1311 Et

1866 1356 1988 1396 cum
2025 1341 2233 1410 pariter
2258 1343 2628 1412 unusquisque
2667 1344 2938 1414 seipsum,
2977 1355 3032 1401 et
3081 1361 3269 1402 omnes
3315 1347 3456 1404 invi-

1868 1445 1985 1485 cem
2018 1444 2077 1485 se
2100 1430 2314 1498 dicant;
2344 1447 2451 1486 non
2483 1445 2665 1488 tamen
2698 1444 2823 1489 sunt
2851 1436 2922 1490 ibi
2959 1437 3112 1506 plura
3144 1438 3328 1504 verba,
3358 1438 3458 1493 sed

1869 1535 2032 1573 unum
2059 1536 2073 1574 :
2098 1528 2153 1574 et
2191 1520 2370 1591 ipsum
2398 1536 2504 1575 non
2539 1522 2877 1594 singulorum
2900 1564 2916 1591 ,
2961 1535 3057 1582 aut
3090 1527 3336 1583 omnium
3382 1528 3458 1585 si-

1871 1608 2015 1674 mul,
2064 1608 2155 1664 sed
2191 1609 2355 1665 unius
2388 1619 2620 1665 tantum.

2225 1724 2454 1781 CAPUT
2503 1726 2663 1785 LXIV
2692 1727 2790 1801 [aL
2818 1728 2977 1802 LXII]
3006 1729 3097 1791 ⁶⁷⁹ρ

1871 1836 2023 1903 Quod
2043 1837 2140 1892 hoc
2160 1836 2275 1893 licet
2302 1838 2668 1907 inexplicabile
2695 1841 2762 1897 sit
2782 1882 2797 1906 ,
2827 1852 3002 1897 tamen
3027 1842 3345 1898 credendum
3367 1844 3458 1898 sit.

1867 1929 2211 1985 CONsPECTUS
2243 1945 2472 1985 CAPITIS.
2498 1961 2568 1972 -—
2596 1930 2708 1985 lloc
2731 1931 3037 1986 certissime
3060 1931 3139 1987 sic
3157 1946 3279 1987 esse
3306 1946 3461 1987 mens

1940 2001 2177 2082 humana
2215 2009 2543 2082 cognoscat,
2592 2001 2753 2082 etiam
2798 2001 3181 2082 siue-enetrare
3220 2012 3458 2082 nequeat

1941 2070 2211 2139 qumuodo
2258 2070 2348 2124 sit.
2425 2070 2975 2138 lncnmprehensibile
3041 2080 3127 2125 est
3189 2073 3462 2139 quomodo

1942 2138 2153 2194 Summa
2185 2140 2449 2207 sapientia
2499 2141 2638 2194 sciat
2681 2154 2742 2194 ea
2787 2155 2908 2208 qua:
2936 2138 3084 2195 fecit.
3116 2139 3258 2209 Ergo
3286 2141 3460 2194 multo

1943 2211 2123 2290 minus
2153 2219 2329 2278 potest
2359 2209 2618 2279 explicari
2659 2210 2934 2279 quomodo
2980 2210 3124 2265 sciat
3172 2218 3268 2265 aut
3314 2210 3462 2266 dicat

1945 2294 2198 2346 setpsam.
3447 2307 3453 2315 -

1944 2367 2173 2423 Videtur
2222 2367 2353 2422 mihi
2399 2368 2559 2438 hujus
2611 2377 2719 2423 tant
2764 2368 3011 2423 sublimis
3060 2369 3139 2424 rei
3186 2377 3464 2426 secretum

1877 2460 2261 2512 transcendere
2295 2473 2508 2512 omnem
2547 2458 2853 2512 intellectus
2908 2459 3076 2515 aciem
3109 2461 3330 2531 humani
3361 2476 3376 2516 :
3407 2469 3465 2517 et

1877 2546 2082 2603 idcirco
2122 2556 2371 2603 conatum
2422 2547 2726 2617 explicandi
2761 2548 2998 2616 qualiter
3027 2551 3133 2604 hoc
3163 2552 3254 2615 sit,
3290 2552 3466 2607 conti-

1878 2639 2111 2693 nendum
2159 2648 2308 2708 puto.
2354 2630 2618 2693 Suﬂicere
2672 2654 2908 2709 namque
2962 2639 3166 2696 debere
3209 2640 3469 2697 existimo

1879 2744 1992 2785 rem
2027 2728 2630 2799 incomprehensibilem
2682 2728 2981 2797 indaganti,
3007 2731 3054 2786 si
3103 2732 3172 2787 ad
3228 2733 3333 2789 hoc
3378 2748 3473 2787 ra-

1878 2820 2187 2875 tiocinando
2222 2822 2532 2890 pervenerit
2590 2829 2649 2875 ut
2684 2836 2805 2877 eam
2851 2822 3159 2878 certissime
3207 2838 3328 2879 csse
3373 2840 3469 2880 (Σοε

1877 2917 2139 2979 gnoseat;
2167 2909 2379 2963 etiamsi
2405 2918 2693 2979 penetrare
2721 2922 2955 2979 nequeat
2982 2912 3285 2976 intellectu,
3328 2930 3473 2985 quo-.

1879 3001 2040 3055 modo
2071 3000 2144 3054 ita
2193 3000 2265 3055 sit
2299 3018 2313 3054 :
2345 3015 2450 3054 nec
2498 3000 2703 3057 idcirco
2751 3003 2930 3059 minus
2975 3001 3064 3060 his
3108 3003 3469 3060 adhibendam

188 3087 372 3143 video.
403 3086 541 3143 Ecce
583 3087 727 3142 enim
765 3101 890 3141 cum
930 3083 1279 3140 manifestum
1309 3084 1381 3139 εῖι
1416 3086 1776 3154 "cumquem;
1804 3104 1847 3161 ο
1880 3091 2004 3147 ﬁdei
2050 3092 2453 3158 certitudiuem,
2485 3109 2606 3163 qua:
2650 3094 3066 3163 probationibus
3117 3095 3471 3161 necessariis,

187 3197 320 3252 que,
349 3180 556 3237 scilicet
589 3180 833 3247 Patrem,
880 3188 936 3234 ct
989 3176 1217 3244 Filium,
1252 3185 1308 3232 et
1340 3176 1521 3232 Patris
1547 3176 1778 3246 Filiique

190 3272 482 3342 Spiritum,
512 3271 716 3341 pariter
743 3284 802 3325 se
829 3278 884 3326 et
914 3269 1102 3326 ambos
1123 3268 1260 3324 alios
1290 3268 1495 3335 dicere,
1523 3276 1577 3323 et
1609 3281 1779 3322 unum

186 3363 370 3419 solum
416 3362 489 3418 ibi
542 3376 665 3419 esse
692 3362 964 3426 Verbum;
1016 3360 1327 3416 nullatenus
1374 3366 1556 3415 tamen
1606 3359 1783 3429 ipsum

187 3455 436 3511 Verbum
470 3454 685 3509 videtur
713 3468 871 3524 posse
903 3452 1008 3507 dici
1043 3452 1281 3507 Verbum
1310 3450 1552 3505 omnium
1597 3449 1780 3514 trium,

186 3547 290 3603 sed
316 3556 523 3602 tantum
548 3545 706 3601 unius
727 3560 935 3601 eorum.
957 3543 1183 3599 Constat
1202 3543 1344 3598 enim
1377 3542 1549 3612 ipsum
1571 3555 1692 3597 esse
1715 3541 1784 3574 ⁸⁷³

186 3638 488 3710 imaginem
514 3647 571 3692 et
592 3635 784 3692 Filium
811 3635 928 3704 ejus
951 3632 1105 3703 cujus
1128 3644 1215 3690 est
1242 3633 1475 3689 Verbum
1508 3649 1524 3688 :
1556 3642 1609 3690 et
1636 3640 1786 3704 patet

185 3730 325 3799 qnia
349 3728 421 3763 σε*
452 3742 553 3784 nec
579 3728 780 3799 imago,
812 3741 915 3781 nec
960 3725 1131 3781 Filius
1159 3725 1377 3791 suimet,
1415 3732 1511 3778 aut
1557 3740 1587 3778 a
1631 3737 1690 3779 se
1714 3724 1785 3756 ⁸⁷⁸

183 3817 545 3888 procedentis
569 3815 805 3886 Spiritus
826 3829 1064 3884 congrue
1094 3814 1199 3870 dici
1227 3823 1425 3884 potest.
1440 3811 1573 3867 Nam
1600 3827 1699 3868 nec
1717 3828 1785 3868 ex

186 3908 403 3978 seipso,
428 3922 531 3962 nec
550 3921 618 3962 ex
634 3906 959 3976 procedente
982 3921 1012 3959 a
1029 3920 1108 3973 se,
1125 3905 1366 3959 nascitur
1383 3917 1513 3959 :uec
1527 3904 1784 3974 seipsum,

184 4006 292 4052 ant
316 3996 701 4067 procedentem
734 4010 764 4051 a
802 4011 880 4059 se,
911 3994 1196 4050 existendo
1239 3994 1504 4049 imitatur.
1539 3992 1788 4062 Seipsum

183 4090 401 4160 quippe
414 4103 523 4143 non
552 4087 814 4153 imitatur,
832 4102 934 4142 nec
955 4101 985 4140 a
1001 4101 1060 4142 se
1073 4085 1240 4139 trahit
1256 4083 1520 4139 existendi
1535 4082 1790 4137 similitu-

184 4182 411 4246 dinem;
431 4181 559 4250 quia
576 4180 806 4234 imitatio
820 4188 876 4233 et
895 4176 1193 4232 similitudo
1216 4190 1321 4230 non
1344 4183 1429 4229 est
1451 4174 1504 4228 in
1522 4187 1630 4229 uno
1651 4172 1787 4238 solo,

1885 3182 2029 3236 nulla
2079 3182 2186 3236 alia
2232 3193 2568 3254 repugnante
2613 3184 2821 3241 ratione
2872 3195 3222 3251 asseruntur;
3262 3185 3471 3242 sisua:
3539 3218 3542 3223 ι

1884 3270 2149 3327 naturalis
2177 3271 2481 3327 altitudinis
2510 3273 3162 3345 incomprehensibilitate
3209 3275 3471 3345 explicari
3551 3298 3562 3307 -

1886 3377 1992 3417 non
2020 3360 2318 3431 patiantur.
2348 3361 2488 3429 Quid
2519 3370 2700 3419 autem
2739 3373 2845 3418 tam
2900 3365 3469 3435 incomprehensibile,

1885 3459 1997 3507 tam
2034 3448 2323 3515 inellabilc,
2351 3466 2514 3521 quam
2542 3451 2610 3484 “°
2642 3451 2697 3507 id
2728 3454 2871 3522 quod
2919 3469 3083 3523 supra
3125 3454 3305 3509 omnia
3343 3455 3471 3509 est?

1887 3542 2229 3612 Quapropter
2251 3541 2296 3598 si
2322 3557 2415 3609 ea,
2434 3558 2555 3612 qua:
2583 3543 2650 3598 de
2689 3559 2897 3598 summa
2938 3545 3176 3601 essentia
3211 3547 3475 3603 hactenus

1888 3633 2156 3704 disputata
2188 3644 2336 3700 sunt,
2386 3636 2709 3690 necessariis
2738 3636 3042 3692 rationibus
3079 3647 3206 3693 sunt
3236 3647 3473 3705 asset-ta,

1888 3723 2134 3793 quamvis
2161 3723 2241 3779 sic
2273 3723 2546 3779 intellectu
2576 3725 2851 3795 penetrari
2889 3741 3001 3781 non
3046 3727 3280 3796 possint,
3312 3736 3373 3781 ttt
3419 3736 3477 3782 ct

1889 3813 2069 3869 verbis
2101 3813 2318 3869 valeant
2352 3815 2648 3884 explicari;
2688 3817 2997 3873 nullatenus
3027 3825 3209 3872 tamen
3250 3817 3477 3872 cet-titu-

1890 3904 2033 3959 diuis
2054 3918 2241 3958 eorum
2272 3912 2431 3959 nutat
2476 3905 2743 3961 soliditas.
2776 3905 2936 3970 Nam,
2975 3906 3019 3960 si
3061 3906 3308 3974 superior
3343 3920 3477 3977 con-

1892 3991 2147 4046 sideratio
2175 3993 2576 4049 rationabiliter
2603 3995 3018 4063 comprehendit
3064 3994 3481 4064 incomprehen-

1893 4082 2047 4136 sibile
2076 4096 2214 4147 esse,
2249 4084 2521 4152 quomodo
2551 4085 2740 4140 eadem
2781 4100 2993 4140 summa
3040 4085 3308 4154 sapientia
3337 4085 3479 4140 sciat

1893 4185 1958 4226 ca
1979 4185 2097 4240 quae
2125 4169 2274 4237 fecit,
2304 4171 2371 4227 de
2397 4173 2594 4243 quibus
2627 4183 2739 4230 tam
2763 4173 2931 4229 multa
2958 4190 3056 4229 nos
3088 4174 3229 4231 scire
3254 4189 3485 4232 necesse

185 4272 295 4328 sed
322 4274 379 4325 in
401 4269 682 4340 pluribus;
712 4266 822 4341 24
844 4269 991 4322 illum
1010 4281 1142 4322 vero
1183 4281 1292 4321 non
1328 4264 1573 4319 imitatur
1597 4274 1697 4317 nec
1727 4260 1793 4316 ad
1896 4270 2016 4317 est:
2048 4261 2170 4332 quis
2199 4263 2435 4332 explicet
2458 4265 2730 4334 quomodo
2760 4265 2900 4320 sciat
2930 4275 3024 4321 aut
3048 4267 3191 4321 dicat
3217 4268 3505 4339 seipsamh

184 4360 746 4434 ejussimilitudinem
779 4358 1122 4428 existit,quia
1149 4356 1253 4412 iste
1280 4369 1385 4410 non
1421 4354 1584 4409 habet
1605 4352 1672 4408 ab
1702 4350 1794 4406 illo
1899 4354 1966 4409 de
1995 4369 2097 4424 qua
2126 4365 2223 4433 aut
2253 4353 2409 4422 nihil,
2448 4361 2543 4411 aut
2584 4356 2676 4411 vix
2726 4355 2931 4425 aliquid
2984 4358 3054 4413 ab
3085 4359 3301 4413 homine
3347 4359 3480 4415 sciri

184 4467 345 4515 esse.
373 4453 471 4509 sed
493 4452 583 4508 ille
606 4451 677 4506 ab
704 4453 808 4507 isto
834 4452 927 4504 ⁸⁷⁸.
976 4447 1090 4523 (68)
1123 4449 1314 4505 Restat
1358 4447 1521 4519 igitur
1548 4446 1652 4501 hoc
1700 4458 1789 4499 so-
1819 4451 1866 4506 D
1891 4446 2144 4517 pussibile
2178 4447 2295 4501 est?
2319 4449 2456 4519 Ergo
2485 4447 2529 4503 si
2557 4463 2663 4503 non
2692 4464 2758 4503 eo
2797 4449 2941 4518 quod
2971 4450 3203 4520 seipsam
3228 4451 3354 4506 dicit
3382 4451 3482 4513 ⁸⁸⁸.

183 4543 314 4599 lum
342 4542 584 4598 Verbum
607 4542 751 4598 illius
776 4542 945 4598 solius
970 4555 1114 4607 esse,
1142 4540 1210 4595 de
1240 4554 1348 4610 quo
1388 4536 1661 4593 nascendo
1690 4535 1787 4588 ha—
1899 4545 2123 4610 generat
2157 4535 2341 4602 Pater,
2372 4547 2428 4593 et
2473 4547 2763 4607 generatur
2807 4537 2977 4596 Filius
3022 4559 3036 4596 :
3079 4530 3487 4597 Generationem

189 4639 298 4696 bet
344 4643 503 4705 esse,
534 4645 590 4692 et
629 4637 697 4692 ad
745 4636 900 4708 cujus
955 4633 1327 4692 omnimodam
1378 4628 1791 4686 similitudinem
1896 4628 2012 4699 ejus
2047 4628 2162 4699 quis
2183 4628 2490 4700 citari-abit}
2518 4627 2651 4698 (ιω.
2682 4644 2795 4696 ιιιι,
2829 4628 2911 4700 8.)

1501 4760 1741 4821 VARle
1779 4758 2187 4816 LECTIONES.

265 4889 349 4924 ⁸⁸⁸
378 4886 495 4943 Non
516 4894 599 4943 est
616 4886 850 4954 aliquam
881 4886 1061 4940 dicere
1089 4898 1352 4954 murnon
1378 4890 1462 4954 est
1493 4878 1635 4934 aliud
1663 4890 1827 4946 quant
1848 4872 2175 4954 dicerenfi"
2201 4873 2456 4954 Singulos
2485 4873 2673 4954 Pater,
2710 4873 2956 4954 singulos
3001 4892 3126 4930 mss.
3191 4872 3319 4954 Vict.
3349 4870 3487 4954 Sag.

184 4941 459 5031 singulos
482 4941 663 5019 Pater,
691 4941 748 5011 et
776 4956 1019 5026 singulus
1091 4953 1161 4986 ⁸⁸⁸
1199 4953 1350 5008 linus
1371 4941 1838 5031 SCi8.liS,.el-llltll§
1876 4960 2002 4997 mss.
2048 4941 2572 5031 ηεξὼδᾱςιέοιςιὶη.
2615 4956 2671 5000 et
2742 4941 2945 5031 “fNec
2996 4944 3317 5031 tamenmsint
3368 4951 3481 5031 ιι·ξέ

186 5010 459 5086 dign—tes
483 5010 994 5082 isitttittlvzintsstec
1028 5032 1206 5077 tamen
1231 5037 1420 5076 omnes
1451 5010 1608 5074 simul
1647 5027 1755 5069 tres
1780 5014 2021 5068 dicentes
2093 5014 2167 5086 ⁸⁷⁸
2192 5013 2249 5068 Si
2274 5010 2404 5079 ergo
2437 5015 2523 5067 illa
2565 5031 2669 5086 una
2723 5016 2837 5071 sola
2884 5025 2967 5071 est
3018 5031 3115 5086 nas.
3167 5010 3380 5086 Thuan._
3408 5010 3479 5064 50

440 5079 668 5151 illasola
696 5111 801 5149 una
831 5104 918 5149 est
989 5094 1057 5127 ⁸⁷⁸
1091 5093 1230 5161 Ergo
1251 5090 1615 5167 nnum_solum
1642 5093 1725 5140 est
1746 5100 1871 5165 mss.
1897 5099 2028 5154 ergo
2058 5084 2102 5138 si
2128 5100 2294 5138 unum
2352 5084 2795 5167 est_mr..Cister.
2849 5100 2979 5156 ergo
3006 5084 3050 5137 si
3097 5097 3270 5167 latin-lat
3303 5079 3480 5167 solum

174 5150 299 5226 ("si
312 5150 327 5153 θ
346 5150 444 5199 σθ’
473 5164 544 5222 Ut
566 5150 730 5222 etiam
752 5180 880 5219 vera
904 5182 1028 5220 mss.
1052 5173 1111 5217 ttt
1137 5150 1193 5215 et
1217 5177 1343 5217 vera
1417 5160 1489 5199 ⁸⁷³
1519 5158 1753 5226 Constat
1767 5153 1910 5226 enim
1940 5150 2061 5207 esse
2087 5170 2215 5226 mss.
2254 5164 2468 5226 constat
2510 5155 2654 5209 enim
2700 5157 2874 5225 ipsum
2915 5150 3046 5208 'esse
3080 5222 3090 5226 _
3117 5151 3186 5184 ""
3211 5150 3277 5207 Et
3297 5161 3475 5226 pater,

228 5222 361 5293 ἱιοιι
393 5249 494 5291 nec
514 5252 639 5291 mss.
672 5245 727 5291 et
741 5243 884 5304 patet
909 5236 1034 5305 quia
1108 5233 1181 5305 ⁸7⁸
1207 5233 1315 5305 Nec
1337 5247 1368 5285 a
1396 5245 1455 5286 se
1480 5245 1579 5305 ms.
1612 5225 1673 5282 S.
1700 5223 1861 5305 Micit:
1892 5231 2038 5305 auia
2067 5240 2126 5305 se
2296 5227 2351 5278 in
2370 5242 2495 5279 mss.
2532 5222 2867 5305 continuatur
2887 5222 3181 5305 ρςίςεςέίᾳηξ
3203 5222 3476 5305 capuli}.

228 5257 361 5293 σοι]
393 5257 494 5291 "CC
514 5257 639 5291 ιηεσ.
672 5257 727 5291 ει
741 5257 884 5304 νξιιει
909 5257 1034 5305 (ιυιῖι
1110 5257 1180 5265 ⁷⁸⁷
1207 5257 1315 5286 μευ
1337 5257 1368 5285 ει
1396 5257 1455 5286 ac
1481 5257 1579 5282 Πω-
1612 5257 1673 5282 υ.
1700 5257 1861 5279 macro.
1892 5257 1985 5277 aut
2009 5257 2038 5277 ιι
2067 5257 2126 5279 au
2298 5257 2351 5278 υι
2371 5257 2495 5279 "sua.
2532 5257 2855 5306 lleﬂl'l.u.us-l
2887 5257 3181 5303 Inuum-wn:
3203 5257 3476 5305 ‘II'l“|.‘..l..'

173 5257 263 5365 ἳη
292 5305 448 5360 titul.
485 5304 571 5360 Sit
594 5319 735 5358 unus
763 5305 922 5360 unius
949 5321 1073 5359 mss.
1103 5304 1175 5358 sit
1197 5301 1298 5356 nisi
1320 5316 1460 5356 unus
1487 5299 1646 5353 unius
1668 5312 1768 5349 ms.
1794 5292 1929 5365 Thy.
1953 5292 2042 5347 50.
2073 5295 2143 5349 sit
2168 5295 2272 5350 nisi
2305 5311 2444 5350 unus
2468 5295 2844 5365 uuiusFIItus.
2891 5292 2983 5365 _f"
3027 5290 3205 5365 Patris
3236 5303 3328 5345 aut
3355 5294 3383 5345 1⁴
3402 5292 3480 5345 tltt

172 5361 348 5434 ἦξε.
391 5373 666 5445 Vict'Sag.
698 5373 876 5429 Patris
894 5383 948 5429 et
966 5373 1092 5429 Filii
1165 5373 1235 5405 ⁸⁷⁸
1264 5371 1330 5445 Si
1345 5371 1417 5427 sit
1440 5368 1710 5445 perfectus
1731 5381 1830 5445 qua:
1862 5362 2554 5445 Cisterasicmsitperfectus
2727 5363 2855 5445 (ξρρ.
2881 5361 2970 5445 li?“
2997 5372 3069 5443 est
3092 5362 3145 5416 in
3173 5379 3296 5445 mss.
3319 5371 3480 5442 caput

178 5447 304 5502 64.
390 5444 463 5515 ⁸⁸⁸
486 5433 963 5515 Ιηοοῖιιρνειιείὴὶιθ
983 5457 1145 5513 quam
1167 5433 1875 5508 mss.incomprehensibile,
1918 5444 2027 5488 tam
2056 5433 2359 5502 inetiabile,
2395 5449 2556 5504 quam
2629 5433 2697 5464 ⁸⁸⁸
2743 5433 2898 5500 Quod
2942 5434 3174 5505 seipsaut
3227 5434 3497 5489 dicitutk

178 5485 359 5572 ῖῖιὶ.
389 5513 458 5569 so
477 5485 973 5585 ὦἰόἴέὗέἇὶἰῖΕέΕῆ

1722 5594 1947 5652 ΝΟΤίΕ.

268 5694 411 5768 (68)
438 5696 589 5759 Alias
614 5696 701 5752 hic
724 5696 918 5768 incipit
940 5711 1059 5767 cap.
1083 5695 1170 5751 6i.
