4030 6290
569 368 669 425 2H

1068 479 1294 536 CAPUT
1335 479 1473 534 va
1506 477 1638 549 (69).

632 571 904 637 Quomodo
941 571 1005 626 de
1034 571 1287 641 ineffabili
1329 587 1384 624 re
1422 586 1596 624 verum
1636 569 1956 638 disputatum
1997 566 2084 619 sit.

571 661 912 719 Coasreerus
935 679 1160 718 CAPITIS.
1184 693 1254 704 -—
1276 661 1387 716 Hoc
1412 671 1591 716 autem
1626 662 1750 716 licet
1780 658 2049 714 ineffabile
2075 658 2146 712 sit

643 735 940 788 secundum
992 733 1410 802 proprietatem,
1461 732 1594 785 nihil
1653 731 1905 802 prohibet
1954 744 2140 782 verum

640 817 760 858 esse
790 804 928 871 quod
952 800 1214 858 hactenus
1242 805 1306 857 de
1334 817 1542 855 summa
1576 812 1768 855 natura
1812 800 2140 867 disputatum

639 883 723 927 est
737 887 832 941 per
844 873 1150 941 aenigmata,
1168 872 1452 942 imaginem
1473 887 1534 926 ac
1549 871 1975 942 similitudinem.
1993 871 2145 934 Qua:-

643 957 855 1010 cunqne
880 943 1118 1004 nomina,
1150 959 1270 1011 qua:
1292 943 1359 995 de
1389 941 1476 993 illa
1509 953 1700 996 natura
1733 941 2001 1011 dicuntur,
2036 952 2138 1011 non

636 1021 746 1064 tam
772 1007 922 1066 illius
943 1007 1327 1081 proprietatem
1361 1011 1610 1075 innuunt,
1639 1026 1796 1081 quam
1834 1007 2141 1081 similitndi-
2177 1040 2184 1045 -

635 1096 757 1135 nem
777 1078 1109 1148 :signiticant
1133 1084 1276 1136 enim
1307 1081 1444 1149 quod
1469 1081 1521 1134 in
1553 1078 1710 1136 rebus
1727 1078 1884 1135 factis
1903 1078 2141 1146 concipi-

635 1166 787 1206 mus:
809 1169 907 1205 nec
930 1161 1108 1204 tamen
1128 1151 1317 1206 falsum
1340 1159 1422 1206 est
1451 1151 1592 1220 quod
1619 1166 1716 1220 per
1744 1151 1907 1204 verba
1931 1150 1996 1202 de
2016 1149 2139 1220 ipsa

637 1221 920 1276 intimatur
942 1220 1025 1277 vel
1045 1223 1360 1276 mstimatur.
1379 1219 1528 1286 Qnoil
1547 1219 1750 1290 de’ipsa
1780 1219 2141 1288 cognoscitur,

634 1305 822 1344 verum
850 1299 933 1346 est
956 1307 971 1357 ;
1010 1291 1138 1346 licet
1167 1307 1271 1346 non
1296 1300 1464 1346 totum
1489 1299 1844 1360 cognoscatur
1862 1291 2003 1359 quod
2027 1290 2138 1358 ipsa

635 1374 766 1415 vere
797 1372 898 1415 CSl.

637 1449 747 1506 Sed
776 1469 1011 1519 rursum,
1044 1453 1088 1509 si
1113 1453 1186 1508 ita
1222 1453 1290 1485 ⁶⁸²
1316 1467 1373 1507 se
1405 1452 1544 1507 ratio
1579 1451 1966 1507 ineﬁ‘abilitatis
2001 1450 2142 1505 illius

563 1541 748 1605 habet,
779 1545 886 1599 imo
913 1545 1038 1613 quia
1062 1546 1140 1601 sic
1159 1554 1274 1601 est:
1299 1545 1568 1615 quomodo
1599 1545 1763 1600 stabit
1790 1543 2048 1613 quidquid
2075 1544 2143 1598 de

564 1630 655 1687 illa
697 1633 767 1665 ⁵⁸³
796 1638 1091 1690 secundum
1121 1635 1320 1698 Patris,
1351 1645 1406 1689 et
1431 1633 1580 1710 Filii,
1613 1644 1667 1690 et
1695 1633 1930 1703 Spiritus
1954 1646 2144 1702 proce-

564 1721 745 1778 dentis
781 1725 1149 1780 habitudinem
1206 1727 1539 1796 disputatum
1591 1726 1711 1781 est?
1757 1724 1891 1778 Nam
1940 1725 1984 1777 si
2014 1739 2140 1779 vera

1106 364 1164 421 S.
1203 362 1503 420 ANSELMI
1543 358 1894 417 CANTUAR.
1928 355 2250 414 ARCIIIEP.
2299 353 2452 410 ΟΡΡ.
2495 315 2748 409 PARS].
2882 344 3303 407 DOGMATICA.

2172 471 2218 528 A
2245 468 2422 523 minus
2463 466 2786 522 ineﬁahilem
2833 465 3128 538 persistere

3718 348 3825 402 212

3177 481 3194 517 :
3241 461 3286 519 si
3339 464 3689 534 nequaquam
3735 462 3822 517 iﬂa

2248 568 2464 628 putetur
2494 573 2590 628 per
2639 557 2890 612 essentia:
2938 571 3052 612 suae
3086 557 3474 627 proprietatem
3525 568 3820 623 expressa;

2245 650 2339 704 sed
2362 658 2636 718 utcunque
2663 663 2756 719 per
2785 647 2930 702 aliud
2957 647 3265 718 designata.
3299 643 3456 708 Nam,
3489 655 3826 713 qmecunque

2245 737 2463 792 nomina
2494 737 2560 790 de
2595 737 2680 791 illa
2727 745 2921 790 natura
2954 736 3061 791 dici
3092 751 3252 805 posse
3273 735 3550 789 videntur.
3577 747 3685 786 non
3719 740 3824 784 tam

2243 829 2372 882 mihi
2423 844 2542 882 eam
2597 829 2889 882 ostendunt
2931 841 3030 896 per
3081 827 3479 896 proprietatem
3531 839 3694 893 quam
3732 837 3827 892 per

2242 917 2476 986 aliquam
2509 918 2739 972 innuunt
2769 913 3435 971 similitudinem.Etenim
3458 929 3581 968 cum
3611 927 3828 967 earum-

2244 1008 2365 1063 dem
2392 1024 2582 1062 vocum
2609 1007 3037 1078 signiﬁcationes
3066 1007 3264 1078 cogito,
3297 1004 3620 1059 familiarius
3646 1004 3827 1058 conci-

2241 1100 2333 1170 pio
2361 1109 2543 1154 mente
2571 1099 2714 1169 quod
2753 1098 2808 1152 in
2842 1098 3005 1152 rebus
3030 1097 3193 1152 factis
3235 1096 3533 1166 conspicio,
3564 1109 3730 1163 quam
3776 1093 3828 1147 id

2242 1191 2385 1263 quod
2435 1207 2650 1247 omnem
2701 1191 2999 1246 humanum
3049 1190 3382 1246 intellectum
3439 1187 3827 1244 transcendere

2243 1281 2522 1352 intelligo:
2557 1297 2680 1336 nam
2713 1281 2867 1335 valde
2897 1281 3074 1334 minus
3110 1279 3331 1350 aliquid,
3357 1279 3464 1334 imo
3494 1278 3656 1350 longe
3679 1277 3828 1333 aliud

2242 1368 2299 1425 in
2327 1381 2506 1426 mente
2532 1386 2650 1426 mea
2691 1385 2789 1425 sua
2829 1370 3227 1442 signiﬁcatione
3273 1369 3634 1434 constituunt,
3662 1383 3828 1440 quam

2243 1462 2316 1518 sit
2353 1462 2480 1516 illud
2512 1463 2578 1517 ad
2617 1462 2762 1532 quod
2813 1461 3224 1532 intelligendum
3270 1475 3369 1532 per
3417 1461 3558 1516 hanc
3610 1469 3828 1515 tenuem

2244 1551 2694 1621 signiﬁcationem
2728 1566 2882 1606 mens
2920 1551 3037 1620 ipsa
3084 1565 3205 1605 mea
3254 1558 3489 1606 conatur
3535 1549 3824 1620 proﬁcere.

2244 1641 2400 1705 Nam.
2441 1656 2541 1701 nec
2571 1656 2789 1697 nomen»
2814 1642 3098 1712 sapientiae
3125 1642 3260 1698 mihi
3305 1643 3501 1697 sullicit
3540 1642 3828 1697 ostendere

2245 1730 2396 1799 illud,
2429 1746 2525 1801 per
2555 1733 2699 1801 quod
2735 1732 2916 1787 omnia
2955 1731 3098 1789 facta
3132 1743 3260 1788 sunt
3287 1732 3354 1788 de
3399 1732 3590 1797 nihilo,
3625 1740 3685 1786 et
3713 1746 3826 1788 ser-

563 1812 693 1869 illud
721 1817 931 1874 ratione
964 1818 1271 1888 explicitum
1303 1827 1385 1873 est
1407 1818 1496 1883 ⁸⁸⁸,
1520 1817 1755 1888 qualiter
1778 1826 1861 1871 est
1889 1815 1978 1870 illa
2007 1813 2141 1869 inef-
2171 1819 2216 1875 B
2241 1827 2436 1874 vant-ur
2459 1834 2489 1874 a
2517 1820 2716 1886 nihilo;
2749 1835 2848 1876 nec
2874 1836 3069 1876 nomen
3099 1821 3353 1878 essentia:
3384 1821 3519 1876 mihi
3563 1821 3712 1876 valet
3739 1836 3828 1876 ex-

561 1902 778 1958 fabilis?
806 1907 911 1960 Aut
954 1907 998 1960 si
1047 1906 1329 1962 ineﬁ’abilis
1361 1907 1433 1940 ⁸⁸⁸
1458 1915 1581 1972 est,
1627 1906 1898 1978 quomodo
1922 1917 2005 1961 est
2031 1907 2098 1960 ita
2121 1945 2137 1970 ν

561 1991 703 2047 sicut
738 1993 1071 2064 disputatum
1107 1998 1226 2051 est?
1262 1997 1346 2051 An
1395 1999 1775 2065 quodantenns
1818 1997 1889 2030 ⁸⁸⁸
1934 1998 2000 2051 de
2051 1996 2140 2051 illa

560 2082 740 2151 potuit
769 2085 1030 2154 explicari
1056 2106 1068 2140 :
1102 2098 1157 2143 et
1204 2089 1324 2144 ideo
1354 2088 1486 2143 nihil
1517 2089 1767 2159 prohibet
1796 2105 1915 2146 esse
1953 2104 2138 2144 verum

563 2174 708 2242 quod
737 2176 1069 2247 disputatum
1108 2190 1211 2236 est.
1256 2181 1362 2236 Sed
1409 2181 1532 2250 quia
1566 2183 1783 2252 penitus
1819 2198 1921 2237 non
1967 2183 2142 2252 potuit

563 2271 972 2337 comprehendi,
1010 2273 1212 2328 idcirco
1255 2282 1340 2330 est
1387 2274 1695 2331 inetiabilis.
1752 2275 1858 2331 Sed
1904 2277 1968 2330 ad
2011 2276 2138 2331 illud

562 2358 692 2424 quid
752 2363 1066 2430 responderi
1117 2365 1338 2433 poterit,
1374 2367 1516 2435 quod
1562 2365 1676 2434 jam
1725 2382 1886 2437 supra
1939 2367 1992 2422 in
2039 2367 2141 2422 bac

561 2447 682 2516 ipsa
712 2450 1077 2521 disputatione
1103 2457 1375 2523 constitit;
1417 2457 1542 2527 quia
1570 2457 1648 2512 sic
1691 2467 1771 2512 cst
1816 2474 2025 2514 summa
2054 2473 2140 2514 es-

561 2541 737 2596 sentia
768 2558 932 2613 supra
960 2554 1011 2600 et
1055 2555 1207 2600 extra
1246 2563 1459 2602 onmem
1491 2549 1650 2603 aliam
1681 2557 1951 2615 naturam,
1991 2559 2050 2604 ut
2094 2549 2137 2604 si

560 2632 781 2698 quando
797 2633 864 2689 de
885 2633 976 2688 illa
1005 2635 1206 2690 dicitur
1230 2636 1433 2707 aliquid
1463 2639 1663 2705 verbis,
1686 2655 1806 2710 qua:
1835 2641 2140 2694 communia

558 2731 687 2778 sunt
714 2723 836 2781 aliis
862 2727 1106 2794 naturis,
1140 2743 1333 2785 sensus
1359 2730 1666 2786 nullatenus
1695 2731 1766 2786 sit
1794 2731 2142 2786 communis?

558 2813 730 2879 Quem
781 2817 925 2871 enim
975 2834 1192 2874 sensum
1245 2821 1298 2874 in
1350 2822 1601 2877 omnibus
1649 2820 1735 2876 his
1771 2822 1972 2888 verbis,
2021 2837 2142 2891 qure

559 2906 816 2975 cogitavi,
855 2909 1096 2964 intellexi
1139 2910 1243 2964 nisi
1270 2926 1610 2966 communem
1640 2919 1694 2966 et
1741 2911 2046 2966 usitatum?
2082 2911 2140 2968 Si

560 3012 692 3068 ergo
727 2999 962 3056 usitatus
1017 3016 1208 3057 sensus
1244 3003 1530 3058 verborum
1564 3005 1775 3060 alienus
1803 3012 1882 3060 est
1935 3005 2004 3060 ab
2050 3005 2140 3061 illa

561 3091 666 3157 “7;
706 3092 966 3162 quidquid
1011 3095 1366 3150 ratiocinatus
1402 3111 1541 3161 sum,
1587 3113 1693 3152 non
1721 3099 1955 3168 pertinet
1982 3098 2050 3154 ad
2077 3098 2140 3153 il-

561 3183 693 3237 lam.
719 3184 1000 3251 Quomodo
1038 3186 1200 3258 igitur
1225 3203 1411 3242 verum
1450 3198 1534 3243 cst
1571 3191 1847 3245 inventum
1899 3205 2022 3247 esse
2067 3191 2137 3223 ⁸³⁸

561 3274 760 3342 aliquid
792 3275 858 3329 de
901 3291 1111 3331 summa
1145 3280 1417 3341 essentia;
1461 3280 1505 3334 si
1547 3283 1688 3350 quod
1726 3290 1806 3336 est
1837 3281 2135 3350 inventum,

559 3363 718 3434 longe
739 3364 1014 3422 diversum
1043 3377 1122 3423 est
1154 3370 1222 3424 ab
1254 3370 1379 3425 illa?
1408 3371 1547 3439 Quid
1573 3374 1738 3444 ergo?
1761 3371 1841 3428 An
1869 3375 2136 3445 quodam-

558 3457 720 3511 modo
743 3457 1017 3512 inventum
1049 3469 1129 3514 est
1159 3460 1358 3531 aliquid
1384 3463 1451 3517 de
1476 3463 2004 3534 incompreltensibili
2038 3481 2134 3530 re;

559 3555 616 3600 et
651 3549 1047 3616 quodammodo
1093 3552 1224 3606 niliii
1254 3563 1596 3622 perspectum
1629 3564 1712 3610 est
1757 3557 1824 3610 de
1854 3558 1953 3612 ea?
1983 3555 2138 3626 Saepe

559 3652 796 3707 namque
831 3639 996 3694 multa
1025 3641 1278 3706 dicimus,
1313 3659 1434 3713 qua;
1463 3646 1678 3716 proprie
1708 3646 1852 3702 sicut
1874 3657 2000 3702 sunt
2027 3664 2134 3704 non

557 3728 953 3798 exprimimus;
1003 3735 1096 3788 sed
1143 3748 1240 3802 per
1276 3735 1420 3789 aliud
1477 3736 1847 3807 signiﬁcamus
1891 3738 1944 3793 id
1994 3740 2135 3808 quod

556 3821 778 3890 proprie
807 3831 902 3877 aut
935 3823 1208 3890 nolumus,
1239 3833 1333 3880 aut
1371 3825 1439 3857 ⁸⁸⁸
1473 3841 1577 3882 non
1609 3841 1897 3898 possumus
1944 3828 2136 3900 depro-

557 3920 739 3976 mere;
791 3923 852 3967 ut
904 3929 1026 3970 cum
1077 3929 1176 3985 per
1221 3915 1506 3987 aenigmata
1554 3917 1844 3986 loquimur.
1879 3917 1946 3972 Et
1993 3932 2136 3987 saepe

557 4003 805 4060 videmus
832 4005 1056 4075 aliquid,
1081 4021 1186 4061 non
1213 4008 1428 4078 proprie
1463 4007 1532 4039 "°
1570 4007 2020 4078 quemadmodum
2048 4022 2135 4063 res

559 4096 673 4163 ipsa
712 4104 834 4162 est;
873 4096 968 4151 sed
1006 4111 1104 4167 per
1132 4097 1366 4168 aliquam
1419 4097 1829 4153 similitudinem
1861 4105 1955 4153 aut
2001 4097 2136 4152 ima-

557 4185 762 4252 ginem.
792 4194 852 4239 ut
878 4202 998 4241 cum
1040 4187 1245 4243 vultum
1285 4189 1510 4260 alicujus
1539 4189 1605 4221 ⁸⁸³
1639 4189 2048 4245 consideramus
2079 4187 2132 4242 in

557 4274 797 4342 speculo.
829 4275 922 4332 Sic
947 4278 1142 4348 quippe
1167 4295 1329 4334 unam
1366 4281 1718 4349 eamdemque
1761 4295 1875 4335 rem
1905 4279 2134 4334 dicimus

558 4371 614 4418 et
643 4379 750 4419 non
775 4365 1032 4434 dicimus;
1076 4370 1318 4425 videmus
1359 4379 1414 4425 et
1452 4386 1558 4426 non
1586 4371 1830 4426 videmus
1864 4369 2134 4427 :dicimus

559 4461 616 4509 et
639 4454 884 4512 videmus
912 4473 1008 4528 per
1039 4459 1215 4526 aliud;
1264 4475 1369 4514 non
1414 4460 1646 4515 dicimus
1670 4469 1726 4516 et
1755 4476 1862 4515 non
1889 4461 2134 4516 videmus

555 4561 658 4616 per
687 4561 838 4603 suam
869 4550 1251 4619 proprietatem
1283 4551 1372 4606 ⁸⁸⁸.
1425 4551 1536 4622 (70)
1569 4551 1681 4607 liae
1710 4552 1892 4622 itaque
1925 4553 2133 4608 ratione

557 4637 694 4693 nihil
739 4639 987 4708 prohibet
1016 4649 1070 4695 et
1100 4657 1287 4720 verum
1316 4657 1438 4698 esse
1485 4643 1628 4712 quod
1669 4643 2000 4712 disputatum
2047 4653 2133 4698 est

557 4726 825 4783 hactenus
849 4729 918 4784 de
947 4743 1157 4785 summa
1191 4741 1416 4798 natura;
1441 4742 1492 4788 et
1519 4734 1688 4804 ipsam
1721 4742 1899 4787 tamen
1939 4732 2129 4788 nihilo-

2243 1913 2482 1982 primere
2537 1913 2695 1978 illud,
2743 1915 2889 1983 quod
2951 1929 3049 1983 per
3100 1913 3427 1984 singularem
3482 1911 3825 1966 altitudinem

2241 2004 2401 2073 longe
2453 2013 2539 2061 est
2571 2020 2732 2077 supra
2771 2006 2975 2072 omnia,
3007 2013 3065 2060 et
3101 2018 3198 2074 per
3243 2004 3548 2059 naturalem
3579 2003 3828 2074 proprie-

2241 2104 2405 2150 tatem
2434 2095 2590 2153 valde
2628 2106 2712 2152 est
2739 2104 2892 2153 extra
2933 2096 3146 2152 omnia.‘
3167 2095 3259 2152 Sic
3297 2110 3430 2166 ergo
3483 2095 3575 2149 illa
3621 2103 3826 2150 natura

2240 2195 2296 2241 et
2345 2184 2637 2243 ineﬁ‘abilis
2685 2197 2810 2252 est;
2849 2187 2976 2258 quia
3026 2201 3124 2257 per
3147 2186 3350 2252 verba,
3401 2187 3568 2242 sicuti;
3591 2194 3680 2241 est
3713 2185 3819 2240 nul.

2240 2277 2454 2334 latenus
2476 2279 2625 2334 valet
2657 2278 2897 2334 iutimari
2924 2295 2939 2332 :
2972 2287 3028 2333 et
3057 2277 3251 2332 falsum
3276 2275 3383 2332 non
3411 2287 3523 2345 est,
3540 2278 3585 2332 si
3611 2277 3746 2346 quid
3764 2277 3829 2332 de

2241 2373 2360 2434 illa,-
2381 2375 2591 2428 ratione
2639 2371 2888 2437 docente,
2923 2383 3021 2440 per
3068 2368 3213 2424 aliud
3261 2368 3410 2424 velut
3452 2369 3505 2423 in
3535 2369 3839 2437 aenigmate

2241 2470 2419 2534 potest
2448 2463 2727 2518 aestimari.

2597 2553 2826 2625 CAPUT
2853 2553 3014 2609 wa
3041 2553 3138 2625 [αι.
3165 2550 3351 2625 LXivj
3374 2552 3462 2604 ω.

2245 2623 2402 2690 Quod
2445 2641 2537 2695 per
2565 2624 2876 2695 rationalem
2909 2619 3131 2679 meuiem
3171 2619 3398 2676 maxime
3428 2619 3714 2695 accedatur
3760 2619 3828 2672 ad

2515 2694 2928 2765 cognoscendum
2967 2708 3227 2748 summam
3272 2691 3576 2745 essentiam.

2241 2784 2583 2842 Cousrec'rus
2620 2801 2940 2839 CAPITIS.—-
2970 2784 3121 2840 Nihil
3162 2783 3345 2852 itaque
3386 2781 3452 2836 de
3493 2779 3580 2834 illa
3636 2788 3830 2852 natura

2313 2866 2493 2924 potest
2541 2855 2746 2926 percipi
2776 2871 2896 2926 per
2943 2850 3378 2926 proprietatém,_
3409 2851 3502 2905 sed
3535 2865 3643 2919 per
3661 2850 3826 2926 aliud.

2315 2921 2459 2996 Ergo
2491 2921 2642 2980 tanto
2692 2921 2856 2996 altius
2891 2921 3128 2996 creatrix
3157 2922 3417 2996 essentia
3442 2921 3827 2996 cognoscitur.

2312 2989 2514 3074 quanto
2551 3010 2647 3074 per
2680 2995 3121 3074 propinquiorem
3154 2993 3256 3074 ipsi
3277 2989 3583 3074 creaturam
3607 2989 3833 3074 indaga-

2315 3058 2417 3121 tur.
2435 3058 2585 3120 Sicut
2605 3058 2909 3134 itaqne'sola
2927 3079 3078 3118 mens
3091 3058 3369 3134 rationalis
3391 3062 3456 3114 ad
3478 3058 3833 3134 ej_usinvesti-

2312 3136 2580 3204 gationem
2617 3130 2902 3204 assurgere
2939 3135 3113 3198 valet,
3147 3134 3217 3204 ita
3247 3133 3434 3204 eadem
3455 3130 3566 3185 sola
3599 3139 3705 3204 est,
3736 3144 3833 3198 per

2310 3201 2719 3274 quummaxime
2740 3201 3046 3274 ipsemetad
3057 3203 3546 3274 ejnsinventionem
3561 3201 3832 3269 proﬁcere

2359 3275 2659 3344 ueat:quia
2686 3271 2801 3328 haec
2823 3273 2894 3327 illi
2919 3271 3264 3344 propinquat.
3298 3271 3454 3344 Unde
3474 3279 3682 3339 quanto
3684 3277 3833 3344 _stu-

2349 3338 2514 3401 iosius
2538 3338 2692 3399 mens
2713 3345 2778 3398 ad
2797 3358 2854 3398 se
2875 3338 3184 3403 discendum
3215 3341 3464 3404 intendit,
3481 3338 3832 3402 tantojeﬁica-

2312 3415 2429 3470 cius
2453 3416 2517 3469 ad
2546 3415 2688 3469 illius
2710 3427 2933 3468 summae
2957 3413 3204 3468 essentia:
3231 3411 3589 3480 cognitionem
3637 3423 3832 3480 ascen-

2311 3484 2390 3538 dit
2407 3502 2422 3540 :
2439 3493 2494 3539 et
2519 3495 2722 3553 quanto
2740 3498 2796 3538 se
2821 3483 3014 3537 intueri
3048 3483 3266 3552 negligit
3284 3478 3467 3553 [tanto
3485 3494 3513 3532 a
3543 3478 3832 3553 creatricis

2312 3550 2561 3610 essentiae
2610 3553 2973 3624 Speculatione
3019 3561 3074 3607 et
3118 3550 3312 3607 intuitu
3345 3550 3644 3605 descendit.

2313 3646 2447 3703 Cum
2473 3645 2633 3718 igitur
2653 3653 2834 3715 pateat
2857 3644 2984 3714 quia
3011 3644 3081 3676 ⁸³⁸
3111 3642 3240 3697 nihil
3265 3641 3333 3695 de
3360 3641 3463 3696 hac
3489 3649 3677 3695 natura
3700 3654 3831 3710 pos—

2239 3740 2312 3794 sit
2355 3737 2555 3808 percipi
2596 3752 2692 3806 per
2729 3751 2882 3792 suam
2910 3734 3296 3806 proprietatem
3322 3771 3339 3798 ,
3380 3731 3474 3787 sed
3505 3745 3605 3799 per
3633 3730 3781 3784 aliud
3810 3770 3828 3793 ,

2240 3839 2448 3886 certum
2487 3836 2574 3883 est
2600 3827 2726 3898 quia
2763 3825 3035 3897 perillud
3067 3823 3239 3894 magis
3280 3822 3348 3877 ad
3399 3822 3515 3891 ejus
3556 3820 3832 3890 cognitio-

2239 3938 2361 3978 nem
2396 3921 2465 3952 ⁸⁸⁵
2503 3920 2796 3982 acceditur,
2831 3916 2975 3988 quod
3002 3915 3078 3970 illi
3117 3913 3290 3986 magis
3332 3913 3401 3945 ⁸³⁸
3440 3926 3539 3981 per
3565 3909 3832 3965 similitu-

2238 4012 2417 4068 dinem
2454 4009 2796 4080 propinquat.
2821 4005 3090 4074 Quidquid
3119 4003 3264 4058 enim
3294 4002 3438 4057 inter
3463 4007 3648 4054 creata
3691 4013 3830 4052 con-

2237 4110 2346 4156 stat
2397 4101 2472 4155 illi
2518 4113 2639 4154 esse
2687 4097 2937 4160 similius,
2968 4095 3022 4150 id
3071 4107 3292 4149 necesse
3331 4100 3416 4147 est
3459 4105 3582 4145 esse
3623 4097 3823 4143 natura

2235 4189 2604 4262 pnestantius.
2653 4187 2993 4257 Quapropter
3031 4185 3082 4240 id
3113 4193 3168 4240 et
3207 4196 3304 4252 per
3335 4180 3598 4251 majorem
3627 4180 3830 4234 simili-

2238 4284 2475 4338 tudinem
2527 4281 2646 4352 plus
2692 4281 2847 4351 juvat
2895 4286 3132 4333 mentem
3188 4275 3541 4343 indagantem
3595 4286 3834 4326 summa:

2235 4372 2452 4429 Veritati
2476 4369 2867 4441 propinquare;
2898 4375 2953 4423 et
2976 4381 3074 4436 per
3103 4362 3548 4420 excellentiorem
3579 4369 3831 4416 creatam

2239 4463 2530 4519 essentiam
2554 4461 2674 4531 plus
2697 4461 2856 4515 docet
2887 4459 3016 4529 quid
3052 4458 3118 4513 de
3139 4463 3359 4512 creante
3388 4468 3542 4508 mens
3571 4451 3687 4521 ipsa
3732 4452 3834 4505 de—

2240 4556 2366 4609 beat
2417 4553 2708 4608 aestimare.
2765 4548 2962 4606 Procul
3015 4546 3184 4604 dubio
3229 4547 3414 4616 itaque
3461 4550 3613 4598 tanto
3656 4540 3831 4595 altius

2240 4643 2473 4696 creatrix
2522 4640 2760 4696 essentia
2803 4637 3183 4708 cognoscitur,
3238 4643 3444 4706 quanto
3472 4647 3571 4702 per
3598 4631 3834 4701 propin-

2239 4733 2484 4800 quinrem
2509 4732 2611 4788 sibi
2659 4737 2969 4786 creaturam
2995 4728 3303 4798 indagator.
3346 4723 3478 4778 Nam
3509 4720 3654 4792 quod
3700 4735 3835 4774 out-

1837 4869 2063 4924 VARl/E
2103 4867 2502 4926 LECTIONES.

601 4981 695 5012 "'3'
749 4977 854 5035 Sed
910 4996 1124 5037 rursum
1179 4984 1223 5037 si
1260 4983 1329 5038 ita
1382 4994 1486 5048 est,
1521 4993 1618 5038 etc.
1665 4985 1719 5038 in
1764 4999 1887 5037 mss.
1952 4982 2036 5036 hic
2087 4980 2267 5048 incipit
2320 4989 2473 5048 caput
2520 4976 2768 5048 65,7sub
2821 4973 3120 5048 Itoc___titutg
3159 4987 3178 5025 :

2022 4998 2036 5034 3
2087 4997 2267 5048 mctptt
2320 4997 2473 5051 caput
2520 4997 2616 5040 DD,
2674 4997 2768 5031 δυσ
2821 4997 2920 5029 ησσ
2967 4997 3118 5027 umw
3159 4997 3177 5025 .'
3208 4997 3486 5037 uuumuuu
3516 4997 3582 5021 uc
3629 4997 3828 5022 Illcuil'

2022 5049 2094 5083 ⁶⁸³
2119 5050 2194 5103 De
2245 5050 2334 5104 illa
2389 5047 2688 5103 substantia
2737 5061 2862 5100 mss.
2913 5043 3042 5098 Vict.
3081 5041 3210 5109 Sag.
3268 5038 3404 5093 Thu.
3459 5036 3828 5109 Gcm.__omitt.

550 5052 646 5122 ltili
681 5066 736 5104 re
756 5091 770 5113 ,
801 5061 898 5122 etc.
955 5061 1011 5105 ut
1043 5053 1116 5122 fin
1165 5054 1317 5106 titulo
1347 5065 1498 5122 caput
1528 5053 1616 5108 6'5.
1647 5055 1701 5107 in
1736 5054 1890 5122 editis

3208 4968 3500 5037 Quomodo,
3516 4967 3582 5021 de
3626 4965 3832 5022 ineffa-

557 5104 862 5193 snbslantia
888 5104 1010 5193 in?“
1037 5104 1614 5193 uitianébx'pi’ic'étiﬁi
1636 5104 1720 5177 est
1741 5104 2265 5193 mag—Victaratione
2289 5119 2721 5193 explicatum‘est
2741 5131 2866 5170 mas.
2892 5113 3018 5193 ὅσα.
3051 5104 3184 5193 Tha.
3240 5110 3448 5164 ratione
3469 5192 3476 5193 ί
3495 5104 3828 5193 explicitum

556 5193 639 5242 est
711 5189 780 5221 ⁸⁸⁸
811 5189 866 5245 Si
897 5191 984 5247 illa
1008 5191 1296 5247 ineﬂ‘abilis
1319 5177 1444 5247 uias.
1479 5177 1614 5246 Tim.
1647 5193 1781 5246 Vict.
1825 5191 1955 5261 Sag.
1985 5177 2389 5261 Cisteraomitt'.
2438 5188 2524 5261 illa
2597 5186 2667 5219 ⁸⁸⁸
2697 5187 2804 5239 Aut
2859 5177 3234 5252 quodantenus
3277 5194 3404 5232 mss.
3459 5191 3546 5261 an.
3577 5177 3826 5261 quodam

556 5268 715 5310 lenus
788 5261 855 5293 ⁸⁸⁷
878 5262 1096 5318 Alienus
1113 5273 1193 5318 est
1213 5265 1279 5317 ad
1316 5261 1403 5318 illa
1425 5280 1550 5316 ηιει.
1586 5263 1793 5318 alienus
1815 5254 1989 5315 est'ab
2015 5259 2100 5314 illa
2176 5259 2247 5292 ⁸⁸⁸
2277 5258 2472 5312 Verum
2499 5258 2774 5312 inventum
2804 5265 2887 5309 est
2913 5268 3032 5308 esse
3055 5266 3178 5304 mss.
3207 5263 3396 5302 verum
3431 5257 3511 5302 est
3535 5254 3826 5318 inventam

554 5343 676 5399 esse
747 5330 815 5361 “’9
842 5313 1910 5395 AdiididdiiSEui'Ezii'.‘itui"iidiiiiniis,
1937 5313 2029 5385 ant
2101 5329 2170 5362 ⁶⁹⁰
2198 5329 2313 5384 Non
2354 5343 2542 5399 prope”
2564 5339 2854 5399 mss.__non
2885 5322 3100 5399 proprie
3172 5319 3239 5351 ⁸³⁸
3269 5320 3482 5399 Vultum
3503 5313 3660 5399 cuius
3684 5331 3824 5399 mss.

553 5397 763 5470 vultum
790 5399 1016 5468 alicujus
1086 5403 1155 5434 ⁸⁸⁸
1192 5403 1256 5456 1η
1288 5420 1412 5457 mss.
1439 5405 1775 5456 continuatur
1803 5411 1955 5470 caput
1985 5401 2300 5470 prtecetjens.

1353 5454 1421 5505 ὦ
1445 5454 1577 5528 Eius
1601 5454 1962 5544 cogiiitiodeni
1985 5454 2113 5524 'ms.
2151 5468 2284 5524 Tim.
2341 5469 2410 5524 '50
2446 5454 3014 5538 ejus'cogitationem.
3091 5460 3161 5492 ‘"
3189 5454 3341 5525 Ωίιοά
3372 5457 3447 5513 illi
3503 5454 3678 5526 ωθεῑε
3713 5470 3829 5510 ηυ-

556 5468 698 5540 quml
721 5485 851 5540 pias.
889 5481 1088 5538 pateat,
1127 5474 1250 5540 quia

559 5535 691 5589 T/m.
719 5537 786 5591 50
818 5535 924 5606 quo
955 5540 1026 5594 illi
1057 5535 1225 5612 magis

2405 5384 2474 5429 ⁸⁸⁵
2502 5397 2633 5466 Cap.
2677 5395 2746 5448 64
2787 5405 2860 5448 est
2886 5384 2950 5446 'iu
2985 5384 3338 5466 'mschaput
3524 5384 3595 5417 ‘“
3618 5384 3827 5466 [falcati

1775 5703 1892 5747 .,.__
2045 5658 2272 5718 now.

627 5741 739 5808 (69)
767 5741 916 5798 Alias
942 5753 1022 5800 est
1051 5761 1177 5814 pars
1200 5731 1322 5817 cap.
1361 5748 1446 5802 62.

2301 5750 2412 5823 (70)
2439 5739 2700 5834 Aliasbic
2729 5747 2918 5820 incipit
2947 5761 3068 5815 cap.
3102 5744 3194 5833 63.
