4030 6290
231 289 321 344 215

230 505 426 546 suiinna:
453 486 723 550 essentiae,
759 488 900 545 ratio
940 487 1054 557 jam
1086 507 1248 561 supra
1299 495 1640 550 considerata
1680 496 1780 551 du-

227 580 380 636 bitare
417 591 521 632 non
574 577 866 647 permittit.
917 579 1077 636 Patet
1112 582 1296 652 itaque
1335 585 1460 653 quia
1495 586 1637 640 sicut
1665 586 1780 642 sola

227 681 299 728 est
323 683 464 724 mens
497 668 775 724 rationalis
814 671 954 726 inter
997 688 1185 728 omnes
1212 685 1512 741 creaturas,
1548 691 1668 746 qua:
1709 677 1779 732 ad

223 761 326 828 eius
345 759 801 830 investigationem
817 777 1100 830 assurgere
1113 764 1317 830 valeat;
1335 767 1405 820 ita
1428 766 1779 824 nihilominus

225 851 390 906 eadem
430 848 549 908 sola,
579 856 701 912 est,
733 865 830 920 per
867 865 1028 922 quam
1061 855 1294 910 maxime
1323 857 1549 926 ipsamet
1578 857 1645 912 ad
1671 858 1777 929 25

222 941 436 1013 ejusdem
487 939 860 997 inventionem
907 945 1172 1014 prolicere
1216 957 1400 1016 queat.
1444 949 1612 1016 Nam,
1665 951 1775 1018 jam

223 1030 480 1100 cognitum.
519 1041 607 1086 est
651 1034 777 1101 quia
814 1033 927 1088 haec
975 1034 1050 1088 illi
1093 1038 1328 1092 maxime
1373 1054 1469 1109 per
1513 1041 1777 1097 naturalis

222 1119 448 1173 essentia;
513 1121 845 1190 propinquat
921 1123 1353 1182 similitudinem.
1411 1128 1548 1195 Quid
1614 1131 1779 1201 igitur

221 1209 469 1275 apertius,
505 1224 667 1278 quam
713 1213 837 1279 quia
887 1228 1038 1268 niens
1097 1215 1378 1271 rationalis
1419 1229 1621 1287 quanto
1664 1231 1775 1274 stu-

219 1296 401 1351 diusius
427 1299 494 1352 ad
531 1313 592 1354 se
629 1299 944 1356 discendum
986 1303 1258 1371 intendit;
1313 1315 1462 1362 tanto
1504 1307 1776 1365 eﬂicacius

219 1389 276 1442 ad
317 1387 454 1445 illius
488 1392 854 1461 cognitionem
889 1397 1135 1451 ascendit
1166 1414 1180 1449 :
1213 1407 1268 1453 et
1305 1410 1511 1467 quanto
1541 1401 1773 1470 seipsam

217 1476 419 1536 intue'rit
443 1481 689 1555 negligit,
722 1492 878 1540 tanto
905 1487 973 1540 ab
998 1487 1117 1558 ejus
1145 1489 1516 1559 speculatione
1552 1492 1774 1549 descen-

213 1567 312 1623 dit?

539 1663 770 1722 CAPUT
809 1667 990 1724 LXVII
1022 1669 1118 1743 [aL
1145 1671 1410 1746 ωςνγτντ.

241 1748 380 1813 Quoa
419 1769 565 1809 naeus
594 1757 708 1824 ipsa
738 1759 1004 1828 speculum
1038 1763 1174 1832 ejus,
1217 1775 1266 1820 et
1298 1768 1470 1840 imago
1499 1770 1614 1840 ejus
1640 1771 1729 1826 sit.
1802 1757 1845 1818 Β

209 1837 532 1922 Cassandrus
569 1850 1184 1922 cerrIS.-e-Quoniam
1225 1858 1336 1912 sola
1391 1837 1540 1915 mens
1586 1871 1640 1916 et
1684 1863 1767 1916 sui

268 1920 321 1967 et
347 1915 507 1984 hujus
535 1931 760 2000 summae
783 1915 1033 2000 essenihe
1061 1941 1268 2000 memor
1292 1938 1346 1983 et
1378 1915 1772 2000 intelligensct

239 1997 450 2070 amans
479 1998 823 2070 essedpotest
851 2007 865 2044 :
899 1992 1021 2047 ideo
1049 2009 1130 2070 ea
1159 1999 1272 2051 sola
1305 2013 1430 2053 vera
1465 1992 1770 2070 est"imago

265 2051 400 2134 illius
431 2051 683 2113 essentia:
703 2099 717 2122 ,
748 2075 869 2129 quae
909 2066 1131 2134 pergsui
1183 2051 1546 2134 memoriam,
1577 2051 1770 2127 uitelli:

260 2123 593 2198 gen'iam,et
622 2123 885 2195 amor-em,
911 2123 970 2186 in
1003 2132 1269 2190 Trinitate
1298 2123 1555 2194 ineli'abili
1588 2123 1769 2198 aliis}?

257 2192 369 2245 stit.
389 2194 624 2267 Maxime
641 2208 821 2252 autem
845 2192 897 2253 in
921 2201 1023 2256 hoc
1051 2219 1204 2258 mens
1227 2216 1311 2259 est
1327 2192 1770 2267 similissu‘m‘inie

257 2265 521 2348 essentige
569 2268 712 2348 quo‘d
765 2270 939 2348 possit
997 2274 1314 2348 reminisci,
1369 2278 1667 2348 intelligere
1717 2265 1772 2337 et

258 2346 444 2386 amare
470 2333 524 2418 id
545 2333 689 2403 quod
717 2333 981 2418 optimum
1006 2348 1062 2396 et.
1087 2333 1382 2401 maximum
1407 2357 1511 2414 est,
1540 2333 1770 2418 hoc—est,

259 2415 532 2456 summam
569 2415 885 2462 essentiam.

256 2491 551 2559 Aptissime
576 2495 829 2565 igiturm
856 2499 973 2570 ipsa
999 2501 1219 2559 sibimet
1248 2520 1372 2561 esse
1411 2507 1556 2564 velut
1583 2525 1773 2580 specu-

202 2575 292 2631 lum
318 2580 425 2636 dici
452 2592 651 2652 potest,
678 2585 731 2641 in
753 2602 861 2657 quo
885 2591 1214 2659 speculetur,
1239 2597 1389 2650 utita
1417 2575 1772 2667 dicam,-ima-

199 2668 362 2732 ginem
411 2671 530 2740 ejus
577 2689 737 2742 quam
787 2677 927 2733 facie
972 2681 1040 2734 ad
1089 2681 1281 2736 faciem
1332 2684 1517 2740 videre
1561 2690 1767 2759 nequit.

201 2758 318 2814 Nam
342 2801 357 2826 ,
388 2763 435 2817 si
465 2778 619 2820 mens
652 2767 764 2836 ipsa
793 2769 907 2824 sola
933 2785 1003 2826 ex
1033 2774 1284 2828 omnibus
1307 2789 1426 2844 qua:
1450 2777 1590 2833 facta
1619 2758 1767 2849 sunt,

201 2851 270 2903 sui
297 2867 508 2909 memor
535 2863 591 2910 et
625 2857 932 2934 intelligens
958 2872 1013 2919 et
1039 2879 1229 2922 amans
1257 2882 1379 2922 esse
1414 2878 1629 2939 potest,
1662 2887 1769 2926 non

198 2941 341 2995 video
370 2958 472 2999 cur
501 2957 728 3016 negetur
762 2966 880 3006 esse
910 2953 962 3008 in
992 2954 1081 3009 illa
1120 2972 1245 3012 vera
1293 2961 1472 3031 imago
1511 2961 1655 3016 illius
1683 2977 1768 3018 es-

199 3031 401 3101 sentize,
448 3051 576 3106 qua:
604 3054 702 3108 per
730 3042 811 3096 sui
855 3047 1172 3102 memoriam
1193 3090 1208 3114 ,
1239 3061 1295 3105 et
1325 3051 1766 3122 intelligentiam,

199 3130 252 3174 et‘
287 3137 528 3182 amorem
580 3130 948 3190 in-thinitate
1003 3137 1258 3194 inelfabili
1332 3120 1601 3198 consistit.
1662 3120 1844 3200 Autc

201 3223 330 3269 certe
344 3216 413 3248 ’θ’
441 3218 575 3274 inde
602 3223 786 3279 verius
812 3240 933 3281 esse
963 3227 1106 3283 illius
1132 3245 1189 3284 se
1226 3232 1420 3300 probat
1452 3234 1768 3305 imaginem;

197 3303 310 3369 quia
353 3305 504 3363 illius
543 3318 722 3379 potest
750 3329 871 3369 esse
914 3329 1144 3386 memer,
1192 3320 1341 3375 illam
1386 3303 1681 3396 intelligere
1718 3336 1775 3383 et

200 3408 388 3451 amare.
420 3397 482 3453 In
510 3415 618 3470 quo
639 3403 784 3458 enim
817 3406 989 3476 major.
1018 3417 1106 3463 est
1130 3419 1184 3464 et
1225 3411 1300 3466 illi
1331 3413 1593 3484 similior,
1627 3418 1680 3472 in
1707 3434 1773 3475 eo

198 3486 362 3540 verior
387 3489 539 3547 illius
567 3507 688 3549 esse
716 3494 896 3566 imago
934 3500 1298 3569 cognoscitur.
1331 3501 1564 3562 Omnino
1591 3518 1770 3564 autem

199 3574 410 3641 cogitari
478 3596 588 3637 non
634 3591 813 3653 potest
851 3587 1103 3644 rationali
1149 3606 1411 3652 creaturae
1454 3579 1772 3655 naturaliter

197 3673 303 3717 esse
329 3666 521 3724 datum
561 3671 766 3742 aliquid
812 3685 918 3730 tam
947 3681 1310 3753 praecipuum,
1346 3696 1564 3757 tamque
1594 3689 1771 3746 simile

199 3764 407 3846 summa:
435 3761 722 3829 sapientiae
756 3781 917 3836 quam
946 3775 1083 3842 hoc,
1113 3776 1238 3845 quia
1268 3784 1446 3845 potest
1469 3777 1766 3846 reminisci,

196 3850 242 3891 et
266 3842 595 3920 intelligere,
644 3864 699 3909 et
742 3874 928 3916 amare
963 3863 1017 3918 id
1047 3842 1189 3937 quod
1223 3842 1486 3938 optimum
1517 3879 1573 3924 et
1597 3842 1769 3926 maxi;

198 3946 330 3988 mum
357 3949 440 3994 est
468 3945 739 4003 omnium.
771 3950 916 4006 Nihil
943 3954 1105 4024 igitur
1133 3957 1277 4012 aliud
1308 3967 1392 4013 est
1419 3959 1648 4014 inditum
1672 3960 1768 4015 ali-

195 4027 270 4111 cui
293 4045 562 4090 creaturae
607 4043 750 4110 quod
773 4044 852 4100 sic
877 4049 1129 4116 praeferat
1157 4051 1442 4123 imaginem
1474 4051 1764 4110 Creatoris.

647 4150 874 4209 CAPUT
920 4156 1130 4214 LXVIII
1171 4162 1306 4231 (7|).

197 4224 338 4316 Quod
365 4238 644 4294 rationalis
673 4255 916 4300 creatura
940 4249 1010 4302 ad
1030 4224 1315 4305 amandum
1341 4252 1486 4307 illam
1515 4254 1656 4316 facta
1678 4257 1763 4310 sit.

195 4314 540 4410 Coisrscws
572 4326 1056 4410 circnma—Ergo
1103 4357 1256 4396 mens
1303 4343 1582 4400 rationalis
1632 4346 1768 4401 nihil

259 4401 461 4484 fautum
498 4401 719 4484 studere
745 4407 934 4473 debet,
963 4401 1123 4478 q'uam
1155 4412 1294 4465 hanc
1340 4413 1630 4484 imaginem
1674 4432 1768 4470 na-

257 4465 508 4550 turaliter
548 4473 652 4550 sibi
698 4465 1012 4550 impressam
1037 4519 1051 4544 ,
1098 4496 1193 4550 per
1228 4465 1767 4542 voluntaFin—innell‘eo
1799 4471 1844 4526 Π

256 4539 399 4625 ctum
423 4543 754 4625 exprimere:
775 4539 930 4625 'Ergo
965 4539 1112 4625 cum'
1139 4554 1465 4622 praecipuum
1499 4539 1766 4625 quodpo.

258 4608 447 4688 {esusi
477 4608 750 4688 reminisci
772 4627 828 4688 et
850 4608 1164 4688 intelligere,
1197 4631 1252 4674 et
1283 4608 1467 4678 amare
1495 4608 1767 4682 summum

256 4670 452 4732 bonum
474 4718 494 4747 ,
538 4681 592 4736 id
620 4670 1102 4756 principueﬂdeb'e‘t—
1120 4670 1255 4746 velle
1282 4670 1465 4763 116;;
1479 4670 1770 4752 auiam;

1591 291 2068 351 MONOLOGIUM.

229 399 301 455 nis
343 394 588 460 essentia,
638 396 955 467 inquautum
1004 405 1110 464 est,
1157 401 1426 456 intantum
1461 402 1533 458 sit
1583 403 1857 466 similisA

3341 311 3464 363 ξιτ.

1951 403 2085 485 liora
2116 416 2242 485 sunt
2268 408 2321 485 in
2347 416 2639 485 potestate,
2688 425 2752 485 ea
2803 413 2974 485 magis
3009 428 3128 471 esse
3162 417 3360 485 debent
3395 425 3479 478 int

1954 475 2251 533 voluntate.
2284 475 2486 557 Deinde
2530 475 2635 535 non
2674 480 2816 557 aliud
2842 475 2925 538 es't
2949 475 3448 557 esse-rationalem,
3477 543 3479 545 .

1951 558 2115 612 quam
2166 562 2323 615 posse
2387 549 2694 627 discernere
2758 550 2965 627 justum
3024 569 3072 608 δ»
3126 571 3233 611 non
3281 549 3449 627 justo,

1951 628 2141 668 verum
2170 631 2333 697 anon
2357 633 2503 697 vero,
2537 619 2733 697 bonum
2762 619 2793 674 a
2822 637 2928 677 non
2955 625 3116 697 bono,
3146 619 3317 697 magis
3355 619 3452 683 bo;

1951 697 2134 766 num_a
2160 686 2336 766 minus
2361 687 2520 766 bono.
2548 688 2772 766 Frustra
2803 686 3120 766 autemista
3141 686 3318 766 potést
3345 700 3457 753 nisi.

1953 755 2097 820 quod
2143 755 2446 831 discernit,
2484 768 2630 831 amet
2670 759 2774 831 _vel
2829 765 3107 831 reprobet,
3141 755 3454 822 secundum

1951 837 2111 902 verae
2138 825 2478 902 discretionis
2516 828 2809 902 judicium;
2847 825 3030 902 magis
3072 825 3321 890 videlicet
3364 837 3453 892 vel

1951 893 2131 966 minus
2159 897 2387 966 amando
2413 893 2554 964 quod
2581 899 2750 966 magis
2777 900 2861 954 vel
2894 893 3072 958 minus
3105 905 3302 960 bonum
3334 921 3457 962 esse

1944 959 2172 1029 judicat.
2207 965 2347 1034 Ergo
2375 959 2656 1043 rationalis
2671 959 2925 1024 creatura
2953 973 3019 1026 ad
3056 975 3157 1029 hoc
3187 959 3324 1030 facta
3344 959 3452 1043 est,

1952 1044 2009 1086 ut
2038 1049 2301 1088 summam
2331 1037 2618 1108 essentiam
2642 1076 2655 1097 ,
2679 1051 2798 1105 qua:
2822 1049 2902 1093 est
2929 1056 3194 1098 summum
3222 1037 3454 1108 bonum,

1951 1112 2097 1156 amet
2130 1119 2294 1171 super
2328 1105 2508 1158 omnia
2558 1105 2732 1170 bona;
2771 1108 2879 1161 imo
2907 1121 2964 1163 ut
3008 1113 3137 1165 nihil
3167 1124 3310 1169 antet
3350 1105 3459 1171 nisi

1952 1172 2127 1234 illam,
2154 1174 2278 1247 quia
2319 1174 2417 1247 illa
2453 1184 2537 1229 est
2579 1175 2717 1229 bona
2747 1191 2841 1247 per
2872 1194 2930 1234 se
2950 1219 2964 1246 ,
2989 1191 3043 1234 et
3075 1183 3205 1237 nihil
3242 1194 3324 1239 est
3350 1185 3480 1240 l)0-~

1902 1262 1905 1264 ·
1952 1257 2079 1296 num
2114 1243 2215 1296 nisi
2245 1259 2341 1313 per
2365 1243 2535 1298 illam.

1955 1332 2224 1404 Conscqui
2246 1335 2510 1406 itaquc’”
2521 1337 2732 1394 videtur
2754 1340 2894 1412 quod
2917 1341 3195 1398 rationalis
3208 1352 3456 1400 creatura

1881 1423 2025 1478 nihil
2055 1435 2267 1481 tantum
2303 1427 2464 1483 debet
2509 1431 2759 1496 studere,
2800 1449 2962 1502 quam
2999 1434 3141 1491 hanc
3168 1436 3457 1506 imaginem

1875 1513 1980 1568 sibi
2025 1529 2124 1580 per
2161 1517 2465 1572 naturalem
2497 1520 2794 1587 potentiam
2849 1521 3167 1592 impressam
3189 1565 3205 1591 ,
3235 1539 3332 1596 per
3361 1541 3459 1580 νο-
3504 1549 3507 1552 -

1874 1606 2168 1662 luntarium
2196 1608 2448 1664 ell‘ectum
2487 1613 2813 1682 exprimere.
2845 1613 3056 1670 Etenim
3095 1618 3455 1686 praeterhac,

1875 1697 2018 1767 quod
2049 1697 2256 1753 creanti
2297 1713 2356 1754 se
2397 1698 2560 1755 debet
2606 1701 2708 1757 hoc
2753 1702 2928 1773 ipsum
2977 1704 3119 1775 quod
3163 1715 3290 1762 est:
3328 1708 3458 1763 hinc

1873 1789 2197 1858 quoquam,
2222 1789 2346 1857 quia
2379 1788 2511 1843 nihil
2545 1796 2654 1844 tam
2690 1792 3024 1863 praecipuum
3073 1809 3259 1864 posse,
3292 1810 3458 1866 quam

1873 1881 2150 1936 reminisci
2181 1891 2236 1936 et
2263 1881 2566 1952 intelligere
2599 1890 2653 1938 et
2684 1898 2868 1940 amare
2897 1898 3169 1941 summum
3216 1887 3417 1944 bonum
3439 1929 3456 1954 ,

1870 1972 2247 2043 cognoscitur,
2296 1971 2552 2026 nimirum
2603 1971 2739 2026 nihil
2787 1981 2894 2028 tam
2948 1975 3219 2047 praecipue
3258 1977 3460 2033 debere

1871 2061 2007 2116 velle
2035 2060 2398 2117 convincitur.
2431 2059 2564 2127 Quis
2595 2060 2740 2114 enim
2770 2070 2932 2133 neget
2975 2077 3310 2134 quaecunque
3343 2081 3459 2120 me-

1869 2151 2003 2206 liora
2028 2159 2152 2206 sunt
2181 2151 2232 2204 in
2260 2157 2553 2220 potestate,
2587 2163 2651 2203 ea
2679 2150 2849 2220 magis
2879 2165 2998 2206 esse
3041 2151 3242 2208 debere
3271 2152 3327 2207 in
3351 2167 3450 2208 vo-
3480 2142 3487 2149 ’

1870 2243 2120 2298 luntate?
2147 2243 2388 2314 Denique
2409 2241 2663 2298 rationali
2692 2253 2899 2298 natura:
2917 2259 3024 2299 non
3051 2252 3137 2300 est
3157 2243 3306 2301 aliud
3335 2260 3458 2302 esse

1873 2335 2225 2400 rationalem,
2273 2350 2435 2404 quam
2482 2347 2640 2404 posse
2669 2334 2975 2390 discernere
3014 2335 3218 2406 justum
3264 2352 3295 2391 a
3344 2352 3456 2393 non

1867 2427 2016 2497 justo
2036 2469 2054 2496 ,
2083 2443 2272 2484 verum
2300 2447 2329 2484 a
2363 2445 2468 2486 non
2499 2446 2663 2496 vero,
2691 2431 2892 2486 bonum
2923 2446 2954 2486 a
2997 2446 3106 2494 non
3132 2432 3308 2499 bono,
3340 2447 3460 2489 ma-

1874 2519 1956 2590 gis
1983 2521 2182 2573 bonum
2213 2534 2243 2573 a
2272 2520 2451 2575 minus
2484 2521 2627 2576 bono
2641 2520 2714 2552 "°’
2747 2535 2763 2575 :
2806 2522 2908 2578 hoc
2937 2531 3116 2578 autem
3152 2538 3315 2594 posse
3339 2540 3488 2590 om»

1873 2611 2002 2666 nino
2049 2611 2237 2666 inutile
2263 2621 2347 2666 est
2375 2611 2453 2666 illi
2489 2620 2545 2666 et
2587 2626 3012 2682 supervacuum,
3047 2613 3152 2668 nisi
3183 2614 3329 2683 quod
3374 2615 3458 2669 di-

1871 2700 2075 2754 scernit
2098 2708 2242 2754 amet
2264 2699 2348 2754 vel
2372 2701 2628 2770 reprobet
2648 2700 2944 2754 secundum
2962 2715 3100 2757 vera:
3114 2699 3458 2760 discretionis

1867 2789 2133 2859 judicium
2159 2789 2250 2842 7”.
2283 2788 2397 2860 (72)
2427 2789 2562 2844 Hinc
2591 2789 2775 2858 itaque
2803 2789 2934 2844 satis
2959 2791 3290 2860 patenter'“
3315 2792 3459 2848 vide-

1874 2889 1962 2933 tur
1992 2894 2154 2934 omne
2185 2879 2451 2935 rationale
2479 2880 2548 2934 ad
2578 2879 2681 2935 hoc
2709 2879 2974 2944 existere,
3002 2888 3060 2934 ut
3083 2882 3224 2936 sicut
3243 2881 3468 2939 ratione

1872 2970 2216 3025 discretionis
2245 2970 2451 3041 aliquid
2480 2971 2685 3042 magis,
2717 2969 2887 3024 velm
2912 2969 3089 3026 minus
3112 2971 3314 3027 bonum
3344 2973 3459 3028 sive

1873 3079 1979 3118 non
2013 3064 2220 3119 bonum
2247 3061 2492 3132 judicat;
2527 3062 2603 3118 ita
2635 3063 2809 3134 magis
2847 3072 2942 3134 aut
2973 3062 3154 3119 minus
3182 3063 3236 3118 id
3274 3071 3454 3131 amet,

1873 3165 1976 3210 aut~
1995 3163 2232 3225 respuat.
2267 3153 2414 3209 Nihil
2456 3154 2621 3225 igitur
2659 3154 2990 3225 apertiusm
3020 3171 3183 3227 quam
3210 3155 3455 3210 rationa-

1871 3247 1974 3303 lem
1999 3257 2303 3302 creaturam
2333 3247 2399 3301 ad
2421 3247 2524 3302 hoc
2563 3260 2684 3303 esse
2714 3245 2947 3314 lactant,
2982 3256 3044 3302 ut
3072 3262 3340 3304 summam
3371 3262 3457 3302 es-

1872 3336 2104 3394 sentiam
2153 3345 2297 3393 amet
2342 3353 2506 3408 super
2558 3336 2743 3392 omnia
2793 3338 2976 3404 bona,
3025 3338 3169 3392 sicut
3213 3338 3329 3408 ipsa
3377 3350 3466 3394 est

1872 3445 2142 3485 sumnnnn
2171 3429 2372 3483 bonum
2410 3447 2422 3483 :
2457 3429 2565 3484 imo
2598 3437 2656 3482 ut
2684 3428 2819 3483 nihil
2845 3437 2989 3483 amet
3024 3428 3128 3483 nisi
3156 3428 3300 3482 illam
3321 3439 3485 3489 Laut-

1870 3530 2090 3594 propter
2121 3521 2300 3587 illam;
2333 3523 2457 3592 quia
2489 3521 2577 3576 illa
2620 3532 2704 3577 est
2745 3523 2886 3577 bona
2932 3537 3028 3591 per
3076 3529 3276 3589 se,‘et
3323 3519 3492 3577 nihil.

1869 3613 2014 3668 aliud
2045 3621 2127 3668 est
2169 3613 2369 3667 bonum
2402 3612 2505 3666 nisi
2552 3627 2651 3681 per
2683 3611 2848 3666 illam.
2877 3614 3077 3668 Amare
3119 3619 3298 3665 autem
3332 3624 3456 3664 eam

1870 3701 2088 3770 nequit,
2125 3701 2229 3755 nisi
2274 3700 2391 3769 ejus
2420 3700 2726 3762 reminisci,
2755 3708 2811 3758 el
2840 3713 2968 3756 eam.
2997 3698 3270 3755 studuerit
3295 3697 3455 3753 intel-

1869 3786 2056 3860 ligere.
2086 3787 2304 3842 Clarum
2347 3797 2587 3857 estergo
2636 3787 2954 3842 rationalem
3000 3796 3340 3852 creaturam,
3372 3795 3480 3840 to-.

1871 3886 1984 3932 tum
2008 3893 2163 3932 suum
2189 3891 2346 3946 posse
2374 3885 2429 3931 et
2457 3876 2595 3931 velle
2611 3875 2682 3909 ’θ’
2717 3875 2784 3930 ad
2817 3875 3259 3939 memorandum,
3289 3881 3343 3927 et
3371 3874 3450 3928 in-

1871 3968 2248 4039 telligendum,
2283 3977 2338 4022 et
2366 3967 2660 4022 amandum
2705 3981 2976 4021 summum
3012 3965 3211 4019 bonum
3246 3965 3457 4032 impen-

1869 4059 1998 4115 dere
2025 4059 2253 4124 debere,
2283 4059 2347 4114 atl
2374 4059 2518 4128 quod
2552 4059 2725 4128 ipsum
2755 4072 2876 4113 esse
2901 4071 3060 4112 suum
3090 4070 3148 4110 se
3177 4057 3460 4125 cognoscit.

1868 4148 2089 4204 habere.

2187 4237 2415 4294 CAPUT
2457 4237 2620 4293 LXIX
2661 4236 2758 4309 [al.
2807 4235 3130 4308 LXVII]"°'.

1871 4327 2032 4396 Quod
2068 4327 2246 4383 anima
2294 4345 2514 4452 semperb
2541 4327 2686 4381 illam
2713 4345 2951 4409 .amans,
3007 4325 3294 4398 aliquando
3341 4342 3454 4380 vere

2517 4407 2628 4452 cale
2674 4410 2829 4451 vivat.

2517 4407 2628 4453 cale
2674 4407 2829 4451 vivat.

1868 4490 2212 4548 Consrscrus
2247 4507 2477 4549 CAPlTlS.
2501 4524 2558 4532 —
2584 4491 2654 4545 At
2695 4491 2876 4544 anima
2917 4491 3151 4544 humana
3181 4497 3273 4543 est
3294 4489 3455 4544 ratio-

1941 4563 2081 4618 nalis
2100 4574 2366 4640 creatura.
2398 4565 2537 4633 Ergo
2558 4562 2624 4616 ad
2649 4563 2752 4640 hoc
2775 4562 2916 4640 facta
2940 4569 3024 4640 est
3047 4568 3106 4614 ut
3121 4568 3273 4640 anget
3305 4573 3455 4640 sum-

1942 4649 2086 4688 mam
2132 4637 2424 4688 essentiam
2443 4628 2553 4698 [ει
2579 4633 2798 4702 quidem
2815 4677 2817 4680 o
2832 4632 2949 4686 sine
2971 4632 3103 4702 line.
3117 4628 3281 4702 Nefas
3307 4631 3454 4702 enim

1943 4712 2026 4756 est
2085 4705 2354 4760 aestimare
2414 4703 2557 4759 ouod
2598 4699 2822 4757 summa
2882 4701 3151 4772 sapientia
3220 4700 3284 4753 ad
3347 4699 3472 4756 hoc.

1477 4825 1710 4882 VARUE
1762 4829 2162 4888 LECTIONES.

259 4932 323 5019 ⁶Ϋ⁷
374 4939 507 5010 Cap.
561 4943 629 4998 65
666 4953 739 4999 est
790 4945 845 4999 in
899 4956 1218 5019 mancupia
1259 4949 1348 5005 67.

192 5014 328 5060 certe
353 5025 485 5064 mss.
536 5023 628 5068 aut
681 5024 830 5068 certe

194 5073 324 5159 nalis
353 5090 634 5159 creatura,
664 5095 847 5159 una:
877 5087 932 5140 in
957 5073 1132 5159 male
1174 5073 1365 5159 εᾶρίιξξ
1391 5073 1760 5147 ϐόέἲίέὶιὶιίῖξ

1455 4951 1524 4983 eos
1575 4952 1868 5034 Aptissime
1922 4953 2102 5034 igitur_
2145 4973 2241 5034 ms.
2294 4953 2430 5008 Tim.
2603 4954 2941 5034 apertissime
2982 4954 3164 5034 ‘53“?!
3237 4953 3393 5034 ,θεολ

935 5017 1299 5094 "°_ansequ_i
1324 5022 1530 5094 itaque,
1563 5017 1660 5078 etc.
1709 5025 1767 5077 in
1794 5039 1918 5078 mss.
1942 5017 2040 5078 Ἱιὶε
2085 5026 2263 5093 incipit
2319 5036 2471 5094 caput
2502 5025 2570 5080 68
2593 5017 2688 5078 sub
2733 5026 2829 5094 Igoc
2872 5017 3072 5094 tituloj:
3099 5020 3248 5094 Quod
3292 5024 3456 5094 ratio.

3271 4953 3338 4984 6’9

1870 5095 1940 5126 ’¹⁰¹
1970 5095 2107 5150 Huic
2153 5089 2391 5164 quoque,
2417 5097 2542 5164 quia
2575 5112 2698 5164 mss.
2730 5093 2878 5148 Gem.
2898 5105 2983 5164 _et_
3005 5092 3066 5145 S.
3113 5089 3271 5144 Mida.
3325 5092 3452 5164 hinc

193 5154 584 5244 :iuoqne;nqqia
610 5171 710 5208 ms.
737 5155 925 5236 δέδιεν.
955 5157 1044 5213 hic
1071 5154 1286 5229 quoque
1313 5162 1438 5231 quia
1477 5232 1488 5244 ‘
1514 5163 1584 5194 ⁷⁰²
1614 5163 1805 5244 Μῃῃὶ
1820 5165 2020 5244 bonum
2044 5180 2076 5244 ρ
2094 5154 2450 5219 -ιηῖυυέὺοὶιό
2471 5182 2567 5244 ms.
2597 5163 2745 5244 Gem.
2768 5162 2952 5244 magis;
2960 5160 3169 5244 “Q0113”!
3191 5177 3240 5244 ἐξ
3273 5161 3451 5244 ιιιὶιξιιδ

191 5207 326 5312 ξυξιό
396 5207 570 5312 “ibi
589 5240 709 5312 mgs.
743 5207 2216 5312 continui—iiurjcapful-pﬂecedens.“iliisa’iispatienter
2245 5251 2370 5312 mss.
2427 5235 2559 5289 satis
2617 5207 2892 5312 patenter:
2933 5230 3005 5262 ⁷⁰⁸
3025 5229 3240 5312 Aliquid
3279 5233 3452 5312 majus

191 5282 267 5358 vel
289 5301 418 5341 mss.
457 5288 589 5346 Vict.
624 5293 752 5362 Sag.
780 5293 914 5350 Tim.
940 5296 1127 5352 (ἕξεων.
1159 5282 1230 5352 in
1747 5282 2205 5358 ';‘wi\;ilililmcniin-
2617 5282 2779 5356 rI’Vict.
2840 5299 2964 5369 Sag.
3025 5282 3157 5382 11/11:.
3186 5299 3246 5354 S.
3282 5282 3448 5356 auia.

191 5343 372 5423 εἴξειεν.
401 5360 540 5414 nihil
565 5363 730 5423 igitur
752 5367 991 5423 apertius
1062 5367 1131 5400 ⁷⁸⁷
1156 5316 1308 5423 VeIIe
1334 5381 1384 5423 et
1415 5387 1571 5423 nosse
1598 5391 1722 5423 mss.
1764 5372 1898 5423 Vict.
1935 5374 2058 5423 Sun.
2096 5389 2250 5423 nosse
2282 5385 2335 5423 et
2365 5373 2496 5423 velle
2569 5374 2640 5405 ⁷⁰⁸
2669 5369 2798 5423 Ca».
2853 5369 2920 5423 67
2947 5380 3021 5423 est
3049 5387 3101 5423 ιη
3120 5387 3245 5423 mss.
3293 5383 3446 5423 (abut

187 5343 372 5433 ﬁdem
401 5360 540 5414 nihil
565 5343 1131 5433 ivgituifapertitt'swu;

1278 5385 1308 5426 e
1334 5381 1384 5427 et
1415 5369 1571 5432 nosse
1598 5391 1722 5429 mss.
1764 5372 1898 5427 Vict.
1935 5374 2058 5445 Sag.
2096 5389 2250 5444 posse
2282 5369 2335 5429 et
2365 5373 2496 5429 velle
2569 5374 2640 5405 ⁷⁰⁸
2669 5369 2798 5442 Cap.
2853 5369 2920 5425 67
2947 5380 3021 5425 cst
3049 5372 3101 5424 in
3120 5387 3245 5424 mss.
3293 5383 3462 5442 caput,

1684 5537 1913 5594 NOTAE.

250 5629 364 5700 (7|)
403 5634 552 5692 Alias
579 5649 662 5694 est
691 5655 816 5712 pars
853 5659 972 5714 cap.
1000 5645 1092 5699 65.

1939 5649 2046 5716 (7'2)
2090 5647 2232 5701 Alias
2263 5648 2346 5702 hic
2379 5647 2565 5717 incipit
2599 5662 2720 5718 cap.
2753 5647 2844 5702 66.
