4030 6290
200 273 283 335 217

200 475 344 532 hilare
383 466 752 526 stultissimum
782 475 902 533 est;
950 467 1209 536 quoniam
1258 467 1347 522 illa
1396 467 1583 523 fruens
1633 484 1734 525 nec

198 565 363 620 timore
391 559 620 629 torqueri
669 557 904 628 poterit,
942 550 1043 613 nec
1074 558 1252 613 fallaci
1298 560 1590 614 securitate
1635 560 1733 616 de-

196 653 312 724 cipi,
356 665 453 707 nec
489 648 604 718 ejus
647 648 1084 721 indigentiam'm
1136 648 1248 718 jam
1298 661 1553 720 experta;
1588 651 1733 706 illam

192 744 363 815 poterit
387 758 485 797 non
516 756 731 808 amare;
780 757 882 797 nec
932 742 1022 796 illa
1070 743 1288 798 deseret
1322 755 1593 799 amantem
1642 758 1729 814 se,

193 850 275 891 nec
297 834 481 903 aliquid
503 832 609 888 erit
640 833 945 903 potentius,
980 835 1123 904 quod
1148 849 1242 890 eas
1264 844 1481 902 separet
1511 835 1732 891 invitas.

188 928 337 994 Quare
367 939 698 996 quaecunque
737 926 917 979 anima
962 941 1170 981 summa
1202 927 1538 982 beatitudine
1567 927 1733 983 semel

189 1019 276 1074 frui
300 1019 546 1088 eruperit,
575 1027 778 1081 teterne
805 1019 959 1073 beata
987 1019 1114 1072 erit.
1340 1069 1355 1079 ,

637 1109 868 1166 CAPUT
904 1108 1068 1165 LXXI
1098 1109 1234 1180 (7t).
1307 1142 1311 1147 ι

301 1200 446 1267 Quod
473 1198 625 1254 illam
648 1210 1012 1264 contemnens,
1045 1209 1235 1253 wterne
1276 1201 1466 1254 misera
1498 1200 1585 1254 sit.

182 1294 490 1351 Conspecrus
528 1306 764 1347 CAPl'l'lS.
786 1321 856 1331 -—
877 1290 1199 1345 Econtrario
1241 1291 1335 1360 qui
1378 1290 1573 1345 summi
1603 1290 1731 1346 boni

237 1378 460 1417 amorem
488 1369 837 1433 contemnet,
864 1370 1067 1433 aeterne
1116 1361 1284 1433 miser
1311 1361 1416 1433 erit
1446 1374 1615 1433 :_nam
1647 1360 1733 1433 vel

237 1434 425 1487 desinet
450 1447 604 1495 esse,
634 1432 720 1485 vel
750 1432 803 1485 in
832 1428 1035 1484 aeterna
1072 1430 1178 1485 erit
1207 1429 1445 1485 miseria.
1478 1428 1593 1483 Non
1623 1428 1732 1484 suf-

232 1504 331 1558 ﬁcit
361 1510 541 1556 autem
573 1497 640 1556 ad
665 1515 881 1570 poenam
904 1539 919 1564 ,
951 1501 1230 1570 quodnon
1274 1500 1377 1565 sit;
1410 1509 1557 1555 esset
1578 1498 1728 1570 enim

233 1581 342 1640 post
380 1572 595 1641 culpam
624 1568 679 1626 id
705 1571 852 1640 quod
880 1568 1008 1625 ante
1036 1569 1255 1641 culpam
1290 1570 1416 1641 fuit;
1462 1568 1624 1641 et_sic
1643 1569 1729 1638 ju-

232 1638 368 1697 stitia
390 1638 495 1696 non
520 1638 1014 1710 discernet-etinter
1037 1640 1087 1693 id
1117 1640 1260 1710 quod
1283 1640 1487 1710 nullum
1523 1638 1739 1703 bonum~

226 1720 425 1782 potest,
454 1721 510 1766 et
536 1710 741 1765 nullam
770 1709 966 1764 malum
1004 1709 1152 1782 vult,
1179 1722 1234 1764 et
1270 1709 1321 1763 id
1366 1710 1509 1782 quod
1549 1710 1725 1782 maxi-

225 1773 361 1836 innm
389 1773 588 1836 bonum
618 1789 831 1850 potest,
861 1789 916 1833 et
948 1773 1239 1833 maximum
1270 1773 1471 1833 malum
1502 1779 1637 1833 vult.
1668 1780 1723 1833 In

224 1861 415 1907 aeterna
462 1866 594 1920 ergo
635 1851 739 1905 erit
767 1850 1016 1916 miseria,
1062 1850 1109 1904 si
1139 1864 1406 1907 summam
1434 1851 1724 1906 essentiam

223 1936 398 1976 amare
424 1929 762 1977 contemnat.

223 2010 346 2068 Hinc
370 2012 566 2082 utique
587 1990 1064 2081 consequenter“m
1095 2009 1388 2081 colligitur,
1415 2010 1560 2082 quod
1594 2010 1681 2065 illa
1702 2051 1719 2076 ,

166 2117 264 2171 qua!
284 2103 487 2157 summi
520 2104 645 2158 horti
675 2116 917 2157 amorem
946 2104 1273 2166 contemnit,
1319 2110 1581 2157 aeternam
1626 2101 1729 2155 mi-

165 2194 332 2251 seriam
354 2192 721 2259 ,incurret'”.
740 2191 874 2246 Nam
903 2193 948 2246 si
972 2192 1173 2248 dicitur
1194 2194 1336 2262 quod
1359 2207 1456 2263 pro
1480 2192 1573 2246 tali
1596 2207 1730 2247 con—

164 2293 334 2353 temptu
359 2284 445 2340 sic
468 2284 673 2353 justius
703 2284 981 2353 puniatur,
1008 2293 1064 2337 ut
1084 2282 1258 2353 ipsum
1285 2296 1428 2348 esse,
1452 2281 1537 2338 vel
1561 2281 1728 2335 vitant

164 2375 353 2441 perdat;
386 2373 528 2444 quia
562 2388 621 2429 se
652 2390 758 2430 non
790 2374 964 2428 utitur
990 2373 1058 2429 ad
1089 2375 1141 2428 id
1169 2372 1238 2428 ad
1265 2373 1409 2442 quod
1433 2381 1518 2428 est
1552 2371 1729 2438 facta;

161 2464 451 2520 nullatenus
482 2465 589 2520 hoc
627 2465 868 2520 admittit
908 2466 1047 2521 ratio
1067 2506 1084 2531 ,
1115 2474 1207 2531 ut,
1233 2474 1357 2534 post
1389 2472 1595 2519 tantam
1620 2465 1735 2520 cnl-

162 2570 290 2623 pam,
319 2571 427 2625 pro
456 2571 622 2627 paena
658 2558 885 2627 recipiat
910 2572 1032 2612 esse
1059 2555 1284 2625 quod'm
1312 2565 1433 2611 erat
1459 2566 1585 2611 ante
1612 2572 1734 2611 om-

158 2663 257 2702 nem
300 2647 550 2718 culpam.
594 2646 801 2718 Quippe
844 2657 1138 2718 antequam
1185 2656 1360 2713 esset,
1390 2663 1489 2703 nec
1519 2647 1731 2718 culpam

159 2737 368 2804 habere,
416 2752 527 2794 nec
556 2751 773 2808 poenam
804 2738 1009 2793 sentire
1038 2746 1273 2807 poterat.
1305 2737 1362 2792 Si
1393 2753 1522 2808 ergo
1551 2738 1730 2792 anima

156 2839 497 2886 contemnens
534 2830 593 2886 id
642 2833 712 2885 ad
760 2830 903 2903 quod
935 2829 1078 2884 facta
1126 2838 1206 2884 est
1230 2869 1246 2894 ,
1277 2830 1356 2885 sic
1383 2830 1635 2894 moritur,
1672 2838 1733 2883 ut

157 2918 269 2972 nihil
314 2921 562 2985 sentiat,
613 2928 709 2975 aut
739 2929 799 2974 ut
828 2921 1137 2976 omni-uom
1170 2920 1305 2976 nihil
1347 2922 1450 2988 sit;
1483 2921 1733 2977 similiter

152 3011 472 3078 sehahebit,
526 3018 586 3066 et
632 3010 688 3066 in
722 3011 958 3067 maxima
1002 3011 1195 3083 culpa,
1243 3020 1299 3067 et
1347 3013 1553 3068 sinem
1584 3012 1732 3067 omni

154 3100 317 3171 culpa;
366 3118 475 3159 nec
523 3103 890 3159 discernet”
940 3120 1153 3159 summe
1199 3105 1414 3175 sapiens
1437 3095 1803 3174 justitiamc

152 3193 277 3247 inter
315 3192 369 3250 id
403 3194 559 3266 quod
591 3195 798 3250 nullum
827 3195 1028 3251 bonum
1054 3205 1265 3265 potest,
1289 3204 1345 3251 et
1377 3197 1582 3251 nullum
1621 3211 1736 3249 ma-

150 3280 244 3336 lum
287 3284 441 3351 vult;
475 3293 539 3341 et
571 3284 627 3339 id
659 3284 804 3354 quod
846 3286 1144 3340 maximum
1190 3287 1391 3341 bonum
1441 3293 1649 3355 potest,
1679 3294 1738 3340 et

152 3375 429 3429 maximum
461 3375 678 3445 malum
711 3375 844 3430 vult.
876 3375 945 3430 At
974 3377 1077 3431 hoc
1106 3377 1239 3433 satis
1270 3386 1418 3447 patet
1444 3392 1606 3446 quam
1644 3376 1731 3430 in-

147 3471 466 3526 conveniens
488 3471 674 3527 sit'”.
706 3469 819 3541 (75)
846 3467 993 3525 Nihil
1021 3471 1187 3541 igitur
1208 3470 1378 3525 videri
1401 3477 1579 3539 potest
1596 3483 1730 3524 con-

149 3563 486 3631 sequentius,
537 3570 598 3617 et
634 3562 770 3616 nihil
797 3562 943 3618 credi
976 3561 1135 3617 debet
1182 3560 1411 3628 certius,
1438 3576 1600 3630 quam
1634 3562 1730 3615 ho-

148 3650 295 3706 minis
342 3653 603 3708 animam
646 3652 729 3707 sic
773 3667 896 3708 esse
937 3651 1172 3720 factam,
1221 3659 1283 3706 ut
1330 3651 1374 3707 si
1417 3652 1731 3707 contemnat

148 3754 315 3797 amare
359 3760 650 3799 summam
697 3745 1026 3811 essentiam,
1084 3753 1343 3800 aeternam
1407 3740 1755 3813 patiatur'“

146 3831 408 3889 miseriam
439 3852 453 3887 :
481 3845 548 3888 ut
576 3833 723 3889 sicut
746 3849 938 3888 amans
969 3844 1176 3889 aeterno
1199 3832 1453 3904 gaudebit
1483 3832 1723 3901 praemio,

147 3920 209 3975 ita
234 3935 609 3982 contemnens
656 3934 859 3981 :e‘terna
905 3941 1064 3996 paena
1111 3925 1285 3981 doleat
1321 3942 1337 3980 :
1371 3932 1425 3980 et
1468 3924 1609 3979 sicut
1638 3924 1725 3977 illa

142 4017 322 4072 sentiet
351 4012 772 4074 immutabilem
797 4017 1196 4082 sutiicientiam,
1222 4019 1293 4072 ita
1322 4018 1423 4073 ista
1444 4015 1724 4073 sentiat'm
1760 4020 1765 4037 ί

144 4103 683 4168 inconsolabileth
712 4112 1085 4183 indigentiam.

1476 290 1481 295 ·
1533 264 1857 327 MONOLOG
1870 271 1884 327 I
1898 271 2010 328 ΟΜ.

199 387 304 441 ciem
330 376 531 453 (73)”.
564 376 758 433 Utrum
787 384 967 433 autem
993 391 1057 433 ea
1085 377 1203 433 sine
1231 378 1337 434 line
1369 378 1600 445 frttatur,
1627 382 1726 434 dn-
1758 387 1806 446 Α

3295 285 3406 343 218

2311 386 2539 447 CAPUT
2576 388 2761 445 LXXII
2793 390 2928 470 (76).

1837 476 1997 566 Quod
2025 493 2193 532 omnis
2221 480 2401 562 anima
2442 482 2776 566 humanmsit
2805 482 3139 566 immortalis.
3171 481 3240 538 Et
3270 485 3413 566 quod

1906 556 1997 601 ant
2021 564 2222 618 semper
2261 552 2481 617 misera,
2505 560 2595 606 aut
2623 552 2908 621 aliquando
2936 552 3053 607 rere
3073 554 3223 608 beata
3250 552 3338 609 sit.

1834 636 2178 695 CONSPECTUS
2215 642 2735 698 carina—Verum
2754 659 2852 699 nec
2872 654 3073 699 aeterne
3099 646 3277 708 beata.
3311 644 3413 703 nec

1904 717 2107 788 aeterne
2136 710 2329 788 misera
2352 720 2499 788 esset
2518 713 2721 777 anima,
2743 715 2786 767 si
2811 723 2955 788 esset
2987 715 3252 788 mortalis.
3269 716 3411 788 Ergo

1908 778 2227 835 immortalis
2243 781 2560 836 est.0mnes
2590 791 2769 854 autem
2802 785 2996 839 animae
3024 795 3151 841 sunt
3170 778 3411 854 ejusdcvnt

1907 857 2117 919 natura:
2144 866 2157 902 :
2182 864 2309 919 ergo
2334 865 2522 905 onmes
2548 863 2671 905 sunt
2699 853 3052 917 immortales,
3080 853 3206 910 cum
3223 855 3412 910 saltem

1902 917 2097 988 aliquze
2115 917 2447 993 immortales
2467 920 2594 993 sint.
2612 920 2779 975 Porro
2800 937 2959 978 omne
2985 926 3127 993 quod
3150 928 3412 992 vivit,ant

1909 1002 2210 1058 nunquam,
2226 1000 2317 1043 aut
2335 990 2628 1058 aliquando
2641 992 2747 1044 erit
2777 1007 2904 1046 vere
2916 990 3163 1047 securum
3186 997 3252 1049 ab
3265 990 3416 1050 omni

1842 1103 1847 1107 .
1910 1057 2158 1135 molestia
2192 1076 2207 1135 :_
2237 1075 2367 1128 ergo
2395 1057 2574 1135 omnis
2594 1061 2782 1135 anima
2802 1069 3170 1135 humanaaut
3204 1079 3417 1135 semper

1903 1128 2100 1183 misera
2131 1129 2264 1192 erit,
2298 1139 2394 1184 aut
2424 1130 2533 1185 erit
2558 1130 2853 1199 aliquando
2901 1146 3026 1186 vere
3055 1133 3234 1187 beata.

1906 1214 2013 1271 Sed
2040 1232 2139 1272 nec
2169 1220 2529 1273 amantemm
2558 1220 2796 1274 animam
2842 1235 3066 1276 necesse
3094 1231 3178 1276 est
3214 1233 3417 1280 aeterne

1831 1305 2052 1362 beatam
2093 1321 2252 1373 esse;
2288 1323 2392 1363 nec
2415 1318 2892 1375 contemnentem,
2922 1311 3213 1377 miseram,
3260 1312 3305 1367 si
3347 1313 3419 1368 sit

1832 1396 2097 1453 mortalis.
2131 1397 2260 1455 Sive
2306 1399 2471 1469 igitur
2500 1411 2674 1465 amet,
2726 1400 2842 1457 sive
2895 1411 3208 1458 contemnat
3252 1404 3304 1460 id
3352 1405 3420 1461 ad

1831 1490 1974 1560 quod
2000 1491 2291 1547 amandum
2320 1502 2505 1548 creata
2533 1502 2649 1559 est,
2682 1504 2905 1551 necesse
2924 1503 3009 1551 est
3040 1509 3160 1551 eam
3192 1496 3419 1550 immor-

1830 1581 1993 1639 talem
2026 1596 2168 1637 esse.
2194 1580 2252 1637 Si
2277 1590 2458 1638 autem
2490 1584 2685 1653 aliqua;
2711 1593 2838 1640 sunt
2869 1585 3065 1640 animae
3094 1585 3417 1652 rationales,

1830 1686 1950 1741 qua:
1975 1686 2075 1727 nec
2098 1682 2370 1740 amantes,
2397 1689 2498 1729 nec
2526 1684 2937 1731 contemnentes
2960 1674 3263 1745 iudicanda:
3286 1676 3417 1742 sint,

1758 1755 1802 1810 Β
1828 1762 1967 1818 sicut
2001 1778 2123 1819 esse
2152 1764 2407 1821 videntur
2447 1766 2642 1821 anima:
2696 1765 2992 1835 infantum,
3042 1768 3170 1837 quid
3212 1769 3280 1823 de
3326 1769 3411 1823 his

1826 1853 2177 1909 sentiendum
2208 1856 2325 1913 est?
2353 1856 2493 1912 Sunt
2528 1856 2819 1937 mortales,
2853 1873 2926 1937 an
2951 1858 3288 1913 immortales
3312 1858 3423 1912 7.”?

1829 1947 1936 2003 Sed
1978 1947 2167 2018 procul
2214 1948 2378 2029 dubio
2423 1964 2616 2006 omnes
2650 1933 3146 2005 'lmmanae'animze
3177 1949 3419 2019 ejusdem

1828 2048 2036 2096 naturae
2063 2048 2210 2096 sunt.
2236 2041 2443 2108 Quare,
2474 2041 2732 2111 quoniam
2759 2048 2978 2096 constat
3005 2042 3270 2111 quasdam
3296 2056 3416 2096 esse

1827 2133 2163 2188 immortales
2187 2152 2207 2198 ,'
2234 2147 2455 2187 necesse
2483 2141 2567 2188 est
2594 2148 2810 2187 omnem
2858 2124 3153 2187 humanam
3180 2132 3418 2187 animam

1829 2237 1952 2278 esse
1983 2222 2369 2281 immortalem.
2403 2221 2605 2278 Verum
2624 2262 2641 2288 ,
2669 2236 2795 2276 eum
2820 2222 3078 2281 omnem
3109 2222 3253 2292 quod
3269 2222 3419 2277 'vivit

1830 2320 1922 2366 aut
1951 2326 2268 2380 nunquam,
2306 2319 2400 2367 aut
2441 2310 2735 2381 aliquando
2775 2309 2848 2365 sit
2891 2323 3020 2364 vere
3065 2324 3318 2364 securum
3350 2310 3420 2363 ah

1831 2405 1980 2458 omni
2011 2404 2293 2471 molestia;
2327 2404 2676 2459 nihilominus
2706 2411 2789 2459 est
2818 2417 3047 2458 necesse
3076 2417 3294 2457 onmem
3321 2402 3421 2456 hu-

1831 2506 2047 2546 manam
2080 2493 2400 2547 animam‘m
2445 2502 2539 2547 aut
2583 2508 2800 2564 semper
2831 2492 3088 2548 miseram
3136 2507 3284 2559 esse,
3326 2501 3423 2547 aut

1831 2582 2122 2653 aliquando
2150 2600 2279 2643 vere
2312 2587 2552 2647 beatam.

2147 2696 2377 2753 CAPUT
2416 2694 2626 2751 LXXIII
2668 2694 2766 2767 [αι.
2799 2694 3095 2768 ιχχψετ.

1834 2795 1990 2863 Quod
2033 2796 2180 2850 nulla
2223 2797 2401 2850 anima
2430 2798 2627 2864 iniuste
2659 2808 2893 2865 privetur
2926 2813 3132 2850 summa
3173 2811 3336 2862 nono,
3368 2804 3418 2849 et
3472 2820 3483 2826 ο

2075 2866 2214 2937 quod
2237 2867 2447 2921 omnino
2477 2867 2547 2919 ad
2574 2867 2748 2934 ipsum
2770 2868 2838 2920 sit
2856 2867 3177 2920 enitendumr
3262 2878 3267 2881 ·

1831 2958 2177 3016 ΟοΝερεοτυε
2216 2974 2446 3014 CAPITIS.
2470 2958 2692 3025 -ρηω
2732 2968 2913 3014 autem
2963 2959 3075 3026 sint
3119 2958 3312 3013 animm
3340 2956 3421 3012 sic

1905 3038 2182 3092 amantes,
2222 3042 2281 3085 ut
2304 3029 2596 3098 aliquando
2624 3030 2825 3094 beatae;
2852 3036 2944 3083 aut
2968 3030 3046 3084 sic
3067 3038 3421 3083 contemnen-

1907 3108 2021 3163 tes,
2052 3109 2113 3153 ut
2163 3098 2453 3167 aliquando
2503 3100 2716 3154 miserae
2750 3100 2947 3153 futurae
2994 3100 3132 3160 sint,
3174 3111 3422 3166 compre-

1870 3205 1875 3209 -
1911 3170 2071 3225 hendi
2096 3184 2201 3224 non
2221 3179 2402 3236 potest
2425 3170 2495 3224 ab
2514 3169 2759 3225 homine.
2780 3168 3023 3224 Sufﬁciat
3043 3169 3187 3238 quod
3207 3181 3421 3238 summe

1904 3237 2084 3309 justus
2128 3242 2403 3294 neminem
2432 3237 2851 3309 iniusteprivct
2896 3237 3108 3293 summo
3136 3239 3302 3309 bono.
3334 3237 3420 3290 Ad

1908 3307 2038 3363 illud
2066 3309 2248 3376 itaque
2278 3311 2424 3363 omni
2454 3306 2806 3363 homini—toto
2828 3308 2994 3363 corde
3016 3348 3032 3373 ,
3064 3315 3179 3361 tota
3207 3306 3417 3369 anima,

1908 3387 2017 3433 tota
2056 3386 2238 3432 mente
2265 3379 2499 3432 amando
2524 3386 2581 3433 et
2610 3378 2971 3433 desiderando
3003 3377 3282 3433 nitendum
3309 3384 3415 3429 est.

1907 3470 2038 3537 Quae
2069 3484 2199 3527 vero
2230 3472 2425 3525 anima:
2458 3466 2855 3527 incunctanter
2871 3470 3176 3541 iudicandae
3205 3468 3417 3535 sint’”,

1832 3559 1914 3615 sic
1941 3570 2185 3616 amantes
2212 3561 2374 3626 idm,
2415 3562 2481 3616 ad
2510 3562 2652 3632 quod
2687 3562 2977 3617 amandum
3006 3561 3164 3617 facta:
3188 3570 3337 3629 sunt,
3362 3570 3423 3617 ut

1830 3650 1922 3707 illo
1948 3654 2274 3723 quandoque
2300 3652 2438 3719 frui;
2474 3670 2595 3723 quae
2627 3663 2806 3709 autem
2853 3654 2932 3710 sic
2959 3664 3378 3709 contemnentes
3399 3693 3414 3717 ,

1832 3751 1893 3798 ut
1938 3743 2029 3799 illo
2076 3758 2296 3815 semper
2344 3746 2587 3817 indigere
2637 3755 2975 3812 mereantur,
3022 3756 3116 3801 aut
3161 3747 3418 3816 qualiter,

1831 3848 2009 3904 quove
2039 3836 2234 3891 merito
2270 3835 2404 3900 illa).
2455 3852 2574 3906 qua:
2624 3854 2723 3893 nec
2768 3849 3015 3893 amantes
3045 3853 3144 3892 nec
3185 3847 3420 3892 contem-

1831 3933 2024 3979 nentes
2045 3926 2149 3979 dici
2175 3940 2335 3994 posse
2355 3927 2627 3990 videntur,
2654 3928 2721 3979 ad
2744 3926 3131 3980 beatitudinem
3160 3935 3419 3980 aeternam

1834 4016 2176 4071 miseriamve
2216 4017 2633 4083 distribuantur,
2669 4018 2900 4087 aliquem
2948 4018 3256 4072 mortalium
3310 4019 3421 4071 dis~

1762 4110 1765 4111 ⁷
1833 4107 2073 4178 putando
2120 4123 2281 4179 posse
2329 4108 2825 4178 comprehendere,
2873 4106 3061 4178 procul
3104 4108 3269 4163 dubio
3332 4106 3416 4165 vel

1428 4219 1661 4277 VARle
1701 4219 2101 4277 LECTIONES.

200 4362 269 4395 ⁷³⁸
281 4361 497 4421 lnmss.
514 4367 869 4420 continuatur
883 4375 1034 4435 caput
1046 4365 1339 4435 prazcedens
1402 4364 1470 4435 "ﬁ
1486 4361 1869 4435 Indulgentiam
1883 4379 2006 4416 mss.
2026 4360 2375 4431 indigentiam
2412 4362 2485 4435 1“
2510 4360 2646 4435 llinc
2672 4361 3287 4435 utiqne_consequenter,
3313 4370 3415 4435 et_c.

138 4430 188 4483 in
206 4448 327 4488 mss.
354 4436 445 4489 hic.
466 4436 662 4505 incipit
684 4448 837 4504 caput
863 4438 922 4490 7|
947 4430 1055 4490 sub
1079 4436 1175 4490 hoc
1207 4434 1355 4505 titulo
1387 4450 1404 4488 :
1433 4434 1585 4500 Quod
1614 4430 1760 4505 illam
1776 4430 2571 4505 congemmeusieterne’miscra
2599 4432 2696 4505 sit_
2719 4448 2816 4486 ms.
2845 4430 2980 4485 Tim.
3017 4430 3106 4485 50.
3132 4431 3286 4505 Quod
3329 4431 3422 4505 illa

141 4511 518 4572 contemnens.
546 4500 756 4559 aeterne.
783 4506 979 4559 misera
1003 4505 1075 4560 sit
1180 4505 1253 4537 ⁷³³
1281 4504 1530 4558 lncnrrit.
1556 4519 1678 4555 mss.
1718 4500 1855 4555 Vict.
1886 4503 1938 4556 3.
1970 4500 2095 4572 Sag.
2132 4500 2267 4572 Tltu.
2317 4500 2407 4554 '50.
2459 4502 2649 4572 gister.
2685 4502 2931 4556 incurrat
2991 4518 3092 4555 ms.
3124 4500 3319 4572 “Vict.
3356 4503 3427 4557 13

139 4570 392 4644 incurret.
479 4575 564 4608 7“
597 4574 847 4644 Recipiat
871 4590 990 4630 esse
1011 4576 1153 4644 quod
1181 4591 1305 4629 mss.
1338 4574 1526 4644 Cister.
1556 4571 1781 4641 recipiat
1808 4570 2069 4644 nonresse
2101 4571 2242 4644 quod
2317 4572 2389 4644 "_"
2449 4570 2513 4624 Ε.
2547 4571 2656 4623 Aut
2704 4573 2926 4644 omnino
2953 4570 3252 4644 mssal’ict.
3293 4571 3421 4643 Sag.

144 4636 391 4715 fingant
413 4652 479 4698 ut
518 4636 751 4698 omnino
825 4645 897 4676 m
920 4636 1088 4715 Culpa
1118 4646 1236 4715 sine
1266 4662 1391 4699 mss.
1417 4643 1575 4712 culpa
1605 4636 1806 4715 et_sine
1878 4643 1946 4675 "7
1981 4640 2090 4695 Nec,
2115 4636 2375 4695 discernit
2395 4657 2548 4715 mss.“
2572 4656 2672 4715 nec
2728 4643 3002 4697 discernet
3074 4643 3146 4675 ⁷³⁸
3193 4636 3423 4712 Sapiens

132 4705 387 4784 justitiam
426 4731 570 4768 mss.
601 4715 822 4782 sapiens
838 4705 1047 4784 jusritia
1121 4713 1275 4770 mIn
1325 4731 1450 4768 mss.
1498 4705 2031 4784 continuaturcaput
2088 4717 2428 4784 prmcetlens,
2482 4710 2553 4743 ⁷³⁸
2577 4710 2900 4784 Contemnat
2930 4726 3120 4765 amare
3150 4705 3421 4784 summam

133 4776 413 4853 justitiam,
440 4776 722 4853 aeternam
753 4776 991 4852 patietur
1020 4801 1119 4839 ms.
1144 4785 1334 4838 Cister.
1361 4790 1671 4853 contemnat
1692 4776 1992 4853 justitiam,
2028 4776 2564 4853 mtfrnampatiatur
2635 4782 2705 4813 ⁷³¹
2761 4782 2835 4836 Ita
2886 4782 2986 4837 ista
3040 4782 3241 4853 sentiat
3261 4850 3272 4853 _
3292 4797 3421 4834 mss.

138 4846 275 4904 6cm.
306 4852 370 4907 S.
397 4846 591 4908 Mich.
630 4846 820 4908 Cistér.
854 4856 926 4907 ita
960 4856 1058 4908 ista
1084 4856 1285 4909 sentiet
1316 4896 1320 4901 .
1383 4855 1455 4886 ⁷³³
1484 4846 1927 4907 Inconsolahilcm
1950 4868 2050 4905 ms.
2083 4850 2218 4907 Thu.
2250 4846 2335 4906 90'
2371 4853 2968 4921 incomprehensibilem
3046 4850 3121 4884 ’³³⁸
3169 4850 3274 4905 Sed
3326 4864 3428 4921 nec

134 4930 424 4994 amantem,
456 4934 572 4976 etc.
601 4923 657 4994 in
688 4940 814 4977 mss.
840 4926 923 4978 hic
944 4925 1125 4994 incipit
1156 4934 1307 4993 caput
1335 4924 1404 4979 72
1449 4924 1542 4994 sub
1565 4922 1658 4975 hoc
1691 4922 1843 4976 titulo
1871 4938 1889 4976 :
1914 4922 2067 4989 Quod
2097 4923 2494 4994 omnisanima
2535 4919 2767 4977 humana
2799 4923 2870 4976 sit
2920 4921 3242 4994 immortalis
3291 4919 3425 4994 utin
3456 4962 3461 4969 .

132 4988 277 5064 titulo
302 4988 510 5063 capitis
548 4992 623 5047 79
648 4994 856 5064 inpedit.
966 4988 1571 5064 'FVSive'immortales
1597 5006 1820 5064 mssaan
1859 4988 2195 5047 immortales
2265 4993 2337 5024 ⁷³⁵
2370 4992 2718 5057 Veruutcum
2744 5008 2924 5057 omne,
2948 5005 3047 5045 etc.
3073 4992 3300 5064 in_ntss.
3340 4990 3420 5064 (ti:

128 5059 299 5139 ξιξσὶρὶι
331 5059 506 5139 caput
530 5063 735 5139 75)]ιρ
764 5065 860 5117 hoc
889 5063 1042 5139 titulo
1078 5080 1097 5118 :
1125 5064 1277 5130 Quod
1306 5076 1417 5139 aut_
1428 5077 1649 5139 semper
1676 5062 1994 5139 mhiseraﬂaut
2016 5064 2306 5133 aliquando
2322 5080 2465 5139 _vcre
2497 5064 2653 5118 beata
2695 5065 2763 5139 sit
2795 5083 2807 5117 :
2843 5073 2894 5117 ut
2935 5060 3193 5139 mutilata
3238 5060 3419 5139 capita

135 5125 190 5180 70
212 5125 264 5183 in
288 5125 484 5188 edit-is.
604 5134 676 5165 ’³⁸
698 5133 926 5191 Omnem
955 5125 1189 5188 animam
1216 5151 1341 5187 mss.
1376 5132 1510 5187 Tltn.
1546 5125 1677 5186 Vict.
1705 5130 1829 5201 Sag.
1857 5133 2046 5188 Cister.
2078 5125 2296 5190 omnem
2322 5136 2613 5189 humanam
2645 5134 2882 5187 animam
2957 5133 3025 5163 ⁷³⁷
3062 5128 3192 5201 Cap.
3248 5125 3323 5184 est
3368 5133 3423 5183 in

128 5210 244 5283 fisa.
272 5201 673 5283 caput'yd‘sub
693 5204 787 5283 hoc
824 5206 1007 5283 t_it_ulo:
1035 5204 1185 5283 Quod
1217 5201 2087 5283 nulla__a‘nitna(ipjustg.privetlir
2107 5221 2319 5283 summo
2349 5206 2508 5283 bono.
2568 5212 2623 5256 et
2648 5203 2878 5283 qut-nilnil
2935 5202 3109 5283 ipsum
3141 5201 3425 5261 nitendum

127 5260 218 5331 bit,
243 5282 300 5324 ut
333 5260 391 5327 in
418 5274 598 5327 titulo
621 5276 803 5342 capizis
831 5275 891 5328 7|
929 5278 980 5328 in
1008 5260 1159 5327 alitis
1205 5292 1326 5330 mss.
1358 5273 1562 5326 'I'lman.
1598 5260 1981 5342 GO'ethiis'ter"
2005 5272 2156 5339 Quod
2208 5276 2351 5329 nulla
2403 5260 2581 5328 anima
2650 5260 2849 5342 injuste
2905 5260 3150 5342 privetur
3200 5260 3419 5326 summo

128 5348 278 5414 fano;
308 5352 369 5397 et
399 5345 570 5414 quod
593 5340 826 5414 omnino
851 5345 916 5397 ad
939 5347 1112 5414 ipsum
1140 5344 1620 5414 intendendutnsit
1714 5341 1785 5374 ⁷³⁸
1812 5340 2124 5398 Judicandae
2143 5355 2271 5399 sunt
2295 5361 2420 5398 mss.
2460 5343 2595 5397 Vict.
2625 5340 2754 5413 Sag.
2781 5340 2917 5397 Tim.
2953 5340 3260 5411 judicanda:
3302 5342 3416 5399 sint
3454 5394 3459 5401 ,

129 5403 191 5438 ’⁸⁸
218 5403 506 5470 Δωειιιίθδ
534 5413 676 5468 illud
700 5431 827 5469 mss.
868 5403 1003 5468 Tltt't.
1034 5415 1219 5470 Cisler.
1256 5423 1499 5470 amantes
1524 5412 1575 5467 id

1660 5498 1904 5557 .NOTA‘I.

1914 5593 2027 5661 (73)
2068 5592 2214 5646 Alias
2246 5589 2335 5644 hic
2366 5588 2555 5657 incipit
2590 5588 2825 5661 cap.‘70.

1916 5658 2029 5735 {76)
2070 5662 2221 5719 Alias
2247 5671 2326 5717 cst
2355 5676 2480 5734 pars
2516 5675 2635 5730 cap.
2667 5658 2750 5713 70.

185 5584 301 5658 (ἒξ)
345 5586 516 5658 Alias
553 5585 651 5640 hic
681 5585 872 5656 incipit
905 5601 1024 5658 cap.
1055 5590 1141 5645 o9.

184 5653 302 5728 (3'4)
346 5656 525 5713 Alias
554 5665 644 5711 est
669 5653 806 5730 pars;
831 5672 949 5728 cap.
973 5653 1070 5713 '69.
