4030 6290
569 261 629 316 ει
640 262 673 317 9

1104 257 1163 316 S.
1204 258 1502 316 ANSELMI
1539 255 1890 315 CANTUAR.
1939 256 2257 313 ARCHIEP.
2286 258 2437 315 OPP.
2479 258 2658 314 PARS
2685 259 2721 314 Ι.
2764 288 2833 300 ——
2871 257 3292 316 DOGMATICA.

3722 259 3825 316 rso

570 369 941 426 diiiicillfmum
991 371 1075 425 vel
1122 371 1453 440 impossibile
1481 372 1751 425 existimo.
1782 370 1935 437 Quod
1965 379 2141 424 tamen
2172 379 2217 431 Α
2243 385 2365 426 esse
2398 372 2449 425 in
2478 371 2644 437 illam,
2673 386 2832 439 quam
2865 372 2910 427 si
2947 372 3143 427 dicitur
3169 372 3237 426 ad
3262 371 3426 427 illam.
3475 371 3597 427 Hac
3647 372 3824 442 itaque

574 460 691 515 a'“
724 476 936 516 summe
974 459 1123 529 justo
1168 477 1483 531 summeque
1511 462 1649 515 bono
1676 462 1934 515 Creatore
1964 474 2143 513 rerum

573 556 721 612 nulla
745 573 809 612 eo
829 558 991 621 bono,
1016 558 1163 611 adm
1187 559 1328 625 quod
1357 557 1498 611 laeta
1525 568 1630 622 est,
1661 558 1857 626 injuste
1882 555 2142 623 privetur,

573 646 878 701 certissime
913 648 1079 701 est'M
1109 648 1435 712 tenendum;
1465 656 1520 701 et
1558 649 1624 701 ad
1675 649 1813 701 idem
1846 646 2019 714 ipsum
2052 645 2146 700 bo~

572 752 700 790 num
731 746 811 790 cst
841 737 987 791 omni
1018 737 1223 791 homini
1272 747 1384 792 toto
1420 740 1617 803 corde,
1647 746 1756 791 tota
1799 736 2010 802 anima,
2035 745 2145 791 tota

572 840 752 883 mente
775 830 1009 882 amando
1034 839 1089 882 et
1113 829 1470 883 desiderando
1494 830 1792 884 nitendum.

873 918 1101 975 CAPUT
1144 918 1354 973 LXXIV
1396 918 1490 990 [al.
1533 917 1847 989 LXXlllm.

843 1010 993 1076 Quod
1028 1026 1233 1064 summa
1260 1011 1481 1064 essentia
1509 1011 1571 1063 sit
1603 1009 1882 1079 speranda.

563 1101 912 1155 Corsrsr'rus
948 1116 1176 1153 ωριτες.
1197 1129 1270 1140 -
1290 1099 1370 1152 Ad
1405 1099 1532 1152 illttd
1581 1114 1711 1152 vero
1740 1098 1960 1151 tendere
1987 1110 2144 1149 nemo

638 1178 837 1240 potest,
861 1170 904 1224 si
930 1171 996 1222 ad
1014 1168 1140 1223 illud
1162 1184 1220 1223 se
1244 1183 1400 1237 posse
1412 1169 1694 1249 pervenire
1715 1170 1983 1237 desperet.
2004 1165 2142 1236 Ergo

638 1250 837 1309 praeter
881 1253 1121 1293 amorem
1162 1248 1466 1293 necessaria
1498 1248 1582 1292 88'.
1613 1253 1733 1306 spes

640 1330 746 1385 Sed
781 1330 834 1384 in
867 1332 968 1385 hac
1017 1330 1315 1385 intentione
1345 1331 1580 1385 humana
1624 1331 1803 1383 anima
1838 1328 2143 1383 nullatenus

566 1438 627 1477 se
657 1423 861 1492 poterit
880 1438 1159 1488 exercere,
1185 1423 1228 1477 si
1250 1422 1499 1492 desperet
1525 1438 1632 1492 quo
1656 1421 1886 1476 intendit
1906 1434 1964 1473 se
1986 1433 2144 1488 posse

567 1515 869 1585 pervenire.
895 1515 1236 1585 Quapropter
1257 1522 1517 1583 quantum
1544 1513 1618 1568 illi
1646 1522 1729 1568 est
1754 1512 1884 1567 utile
1905 1513 2139 1567 studium

565 1606 958 1675 adnitendi“,
1014 1615 1219 1662 tantum
1267 1607 1575 1662 necessaria
1626 1616 1712 1662 est
1758 1621 1885 1677 spes
1933 1607 2146 1677 pertin-

566 1699 745 1769 geruli.

990 1792 1098 1862 27
1121 1790 1349 1848 CAPUT
1378 1791 1568 1847 LXXV
1604 1792 1741 1862 (77).

639 1877 793 1943 Quod
820 1879 1139 1934 credendum
1168 1880 1233 1933 sit
1263 1882 1317 1934 in
1349 1880 1495 1934 illam
1516 1924 1533 1946 ,
1557 1882 1653 1934 hoc
1686 1889 1785 1947 est,
1819 1880 2076 1935 credendo

1056 1951 1372 2004 tendendum
1400 1952 1453 2004 in
1484 1952 1651 2004 illaut.

564 2061 904 2118 Coasrscrus
932 2066 1246 2118 CAPITIS.'—
1266 2064 1463 2118 Amare
1485 2072 1661 2118 autem
1686 2071 1777 2117 aut
1798 2078 2015 2132 sperare
2038 2078 2143 2117 non

636 2141 834 2200 potest,
864 2134 1006 2202 quod
1033 2149 1139 2187 non
1178 2134 1372 2189 credit.
1411 2135 1551 2203 Ergo
1581 2144 1633 2188 et
1661 2134 1795 2188 ﬁdes
1839 2135 2142 2188 neCessaria

636 2212 719 2255 est
743 2219 847 2270 qua
878 2219 982 2257 non
1016 2203 1174 2256 modo
1211 2219 1474 2257 summam
1514 2204 1798 2257 essentiam
1828 2212 1882 2256 et
1927 2219 1987 2257 ea
2030 2204 2144 2259 sine

636 2273 833 2339 quitus
861 2272 1030 2326 amari
1077 2288 1181 2326 non
1224 2282 1431 2340 potest,
1467 2275 1685 2335 credat;
1737 2274 1827 2326 sed
1872 2288 1976 2340 qua
2024 2289 2143 2326 cre-

634 2341 810 2395 dendo
838 2342 1022 2397 tendat
1067 2342 1119 2395 in
1162 2342 1327 2396 illam.
1372 2342 1427 2396 lu
1457 2342 1599 2396 illam
1627 2344 1771 2397 enim
1802 2345 2035 2397 credet-ei
2052 2352 2137 2397 est

639 2414 909 2468 credendo
959 2412 1178 2466 tendere
1222 2412 1275 2465 in
1326 2412 1489 2466 illam.
1549 2412 1688 2481 Ergo
1740 2429 1844 2466 non
1878 2414 2050 2466 credit
2088 2414 2140 2467 in

635 2480 782 2552 illam
811 2483 921 2549 qui,
939 2498 1035 2552 per
1053 2482 1153 2537 hoc
1178 2483 1320 2551 quod
1344 2483 1534 2547 credit,
1564 2480 1667 2535 non
1691 2483 1755 2536 ad
1784 2482 1922 2552 illam
1952 2483 2144 2538 tendit.

635 2550 735 2616 Qui
766 2566 895 2605 vero
940 2550 1212 2607 credendo
1244 2553 1294 2605 in
1330 2552 1473 2605 illam
1528 2553 1730 2615 tendit,
1763 2553 1827 2605 ad
1874 2551 2014 2605 illam
2064 2553 2143 2605 sic

635 2624 916 2691 perveniet
958 2630 1016 2674 ut
1047 2622 1185 2675 intra
1236 2622 1379 2675 illam
1419 2638 1805 2691 permansurus
1848 2622 1936 2676 sit.
1988 2621 2143 2675 Unde

634 2690 810 2755 aptius
844 2692 1042 2747 dicitur
1087 2690 1430 2746 credendum
1472 2702 1527 2745 et
1570 2693 1892 2746 tendendum
1933 2705 2051 2746 esse
2092 2691 2143 2743 in

635 2760 812 2881 illllam,
842 2776 1004 2830 quam
1035 2761 1367 2817 credendum
1414 2772 1508 2816 aut
1559 2762 1883 2816 tendendum
1932 2776 2051 2815 esse
2078 2761 2146 2815 ad

636 2846 650 2881 I
697 2846 805 2881 am.

636 2846 805 2883 Illam.

637 2920 838 2974 Amare
882 2929 1062 2975 autem
1088 2922 1181 2985 m,
1213 2930 1304 2977 aut
1326 2937 1548 2993 sperare
1574 2923 1645 2954 ⁷⁸⁸
1669 2938 1773 2977 non
1800 2931 1977 2992 potest
2002 2922 2146 2991 quod

567 3026 674 3065 non
712 3010 903 3066 credit.
947 3012 1176 3082 Expedit
1211 3014 1395 3084 itaque
1442 3015 1614 3069 eidem
1656 3015 1904 3070 humanae
1952 3016 2146 3069 anima:

566 3116 834 3155 summam
865 3103 1175 3169 essentiam,
1200 3114 1254 3159 et
1281 3119 1343 3161 ea
1370 3105 1487 3159 sine
1511 3106 1707 3175 quibus
1730 3106 1815 3159 illa
1840 3106 2009 3160 amari
2039 3122 2143 3161 non
2173 3122 2219 3185 ρ

568 3204 764 3264 potest,
812 3197 1063 3263 credere,
1093 3208 1154 3254 ut
1205 3200 1351 3255 illam
1406 3200 1674 3255 credendo
1716 3200 1805 3264 ⁷⁸⁷,
1860 3200 2042 3255 tendat
2091 3200 2145 3253 in

570 3285 736 3341 illam.
766 3286 918 3354 Quod
950 3289 1089 3345 idem
1135 3299 1258 3361 apte
1289 3291 1615 3361 breviusque
1663 3291 1954 3360 signiﬁcari
1987 3305 2145 3360 posse

564 3379 637 3410 ""
664 3390 811 3449 puto,
857 3382 903 3436 si
952 3398 1049 3453 pro
1087 3398 1151 3438 eo
1203 3384 1344 3454 quod
1377 3392 1459 3439 est
1507 3383 1777 3439 credendo
1828 3383 2051 3438 tendere
2089 3382 2143 3436 in

568 3486 835 3527 summam
878 3476 1188 3539 essentiam,
1244 3477 1457 3531 dicatur
1501 3476 1724 3531 credere
1777 3476 1830 3529 in
1878 3489 2142 3530 summam

568 3566 885 3620 essentiam.
916 3566 1070 3634 Nam,
1102 3569 1147 3623 si
1179 3569 1300 3638 quis
1343 3568 1487 3625 dicat
1526 3584 1584 3624 se
1610 3570 1831 3635 credere
1878 3569 1931 3622 in
1964 3567 2139 3633 illam,

571 3655 706 3710 satis
736 3656 950 3710 videtur
989 3660 1295 3725 ostendere,
1324 3666 1380 3712 et
1410 3673 1504 3728 per
1532 3658 1688 3713 tidem
1729 3673 1887 3727 quam
1921 3657 2142 3728 profite-

568 3755 680 3809 tur,
717 3746 782 3799 ad
820 3760 1086 3801 summam
1130 3762 1187 3802 se
1234 3749 1456 3803 tendere
1497 3748 1786 3803 essentiam
1812 3789 1826 3813 ,
1850 3752 1919 3803 'et
1961 3747 2048 3801 illa
2085 3760 2145 3802 se

563 3836 810 3900 credere,
850 3849 968 3903 quae
998 3837 1063 3890 ad
1097 3836 1239 3891 hanc
1268 3838 1540 3906 pertinent
1567 3838 1919 3892 intentionem
1951 3854 1963 3889 :
1997 3851 2139 3901 nam,

562 3938 670 3978 non
726 3925 939 3979 videtur
975 3927 1199 3981 credere
1245 3926 1315 3958 ⁷⁸⁸
1362 3930 1415 3981 in
1462 3927 1641 3992 illam,
1693 3928 1809 3982 sive
1847 3926 1937 3997 qui
1969 3926 2145 3981 credit

558 4014 707 4082 quod
736 4017 802 4071 ad
836 4017 1159 4072 tendendum
1191 4018 1245 4074 in
1293 4020 1439 4074 illam
1467 4036 1573 4075 non
1602 4020 1835 4091 pertinet
1860 4061 1875 4085 ,
1906 4019 2023 4075 sive
2050 4018 2142 4088 qui

561 4121 657 4173 per
687 4106 790 4162 hoc
812 4108 956 4179 quod
984 4111 1181 4175 credit,
1206 4126 1310 4165 non
1339 4112 1406 4166 ad
1434 4112 1578 4167 illam
1608 4112 1777 4167 tendit
1802 4112 1895 4168 7".
1929 4110 2040 4182 (78)
2078 4109 2142 4163 Et

563 4194 798 4251 fortasse
828 4197 1198 4254 indill'erenter
1226 4200 1330 4254 dici
1369 4210 1563 4271 potest,
1594 4211 1819 4256 credere
1862 4201 1915 4255 in
1961 4200 2139 4265 illam,

562 4293 616 4337 et
646 4283 712 4338 ad
742 4286 886 4340 illam
913 4304 926 4340 :
953 4287 1094 4343 sicut
1125 4306 1221 4359 pro
1244 4292 1431 4345 eodem
1452 4291 1625 4360 accipi
1656 4300 1835 4361 potest
1870 4291 2140 4346 credendo

568 4375 789 4429 tendere
818 4376 869 4431 in
900 4377 1045 4433 illam
1078 4391 1132 4434 et
1159 4380 1225 4433 ad
1258 4379 1434 4444 illam,
1465 4380 1566 4434 nisi
1590 4380 1715 4447 quia
1754 4379 1999 4448 quisquis
2021 4388 2138 4435 ten-

2247 462 2455 517 ratione
2482 473 2610 532 puto
2632 464 3018 532 congruentius
3042 478 3201 533 posse
3226 464 3331 519 dici
3352 465 3685 520 credendum
3708 480 3824 522 esss

2247 551 2302 605 itt
2331 552 2475 606 illam
2506 568 2665 622 quam
2695 556 2759 607 ad
2802 554 2966 608 illam.

2551 645 2777 700 CAPUT
2811 645 3020 699 LXXVI
3051 645 3147 718 [al.
3182 644 3416 719 LXXIV]
3443 649 3534 701 τη.

2249 733 2402 798 Quod
2418 737 2477 809 in
2498 736 2733 809 Patrem,
2760 750 2805 790 et
2832 738 3115 799 Filium,et
3137 756 3317 792 eorum
3340 740 3599 809 Spiritum
3624 750 3823 809 pariter

2314 816 2364 857 et
2410 806 2462 859 in
2498 808 2758 876 singulos,
2803 818 2850 861 et
2894 808 3052 861 simul
3094 810 3146 862 in
3188 820 3293 862 tres
3322 806 3640 863 credendum
3664 811 3754 863 sit.

2243 896 2586 954 Consencrus
2634 915 2861 954 cmrts.
2915 930 2985 939 —
3030 899 3122 954 Sic
3165 901 3491 955 credendum
3541 912 3647 963 est.
3697 902 3827 970 quia.

2323 970 2419 1038 ipsi
2458 978 2566 1023 tres
2595 980 2649 1023 et
2680 971 2920 1038 singttlus
2948 986 3133 1023 eorum
3161 979 3244 1025 est
3271 986 3373 1024 una
3402 987 3612 1025 summa
3638 987 3821 1027 essen-

2320 1036 2425 1099 tia;
2457 1039 2508 1092 in
2541 1056 2699 1107 quant
2740 1036 2907 1093 solam
2947 1041 3127 1093 omnis
3168 1042 3328 1093 homo
3371 1040 3530 1094 debet
3573 1044 3817 1107 credere,

2317 1109 2456 1161 sicut
2509 1112 2618 1163 lucc
2655 1111 2765 1163 sola
2813 1119 2895 1162 est
2941 1110 3129 1162 unicus
3184 1108 3303 1162 linis
3357 1126 3515 1178 quem
3567 1114 3619 1164 itt
3675 1112 3819 1164 omni

2318 1177 2578 1246 cogitatu,
2611 1190 2842 1247 aetuque
2890 1195 2989 1231 suo
3022 1180 3180 1232 homo
3227 1193 3323 1247 per
3368 1177 3609 1232 amorem
3667 1181 3823 1234 debet

2318 1247 2619 1301 intendere.
2680 1248 3141 1314 Quemadmodum
3185 1257 3361 1301 autem
3413 1250 3464 1301 in
3509 1249 3656 1302 illam
3712 1258 3822 1303 tena-

2317 1317 2466 1378 dere,
2497 1318 2598 1371 nisi
2644 1319 2831 1371 credat
2872 1318 3047 1380 illam,
3093 1318 3271 1371 nullus
3313 1327 3517 1385 potest,
3560 1318 3636 1372 ita
3674 1318 3820 1372 illam

2316 1388 2560 1453 credere,
2594 1387 2694 1442 nisi
2726 1391 2910 1443 tendat
2942 1389 2993 1439 in
3026 1388 3191 1451 illam,
3223 1388 3351 1441 nulli
3378 1388 3620 1456 prodest.

2314 1496 2651 1554 Credendum
2676 1498 2840 1569 igitur
2859 1507 2941 1554 est
2969 1500 3170 1570 pariter
3192 1497 3501 1562 inPatrem,
3521 1508 3578 1552 et
3601 1498 3819 1565 Filium,

2242 1598 2299 1645 et
2323 1605 2515 1645 eorum
2537 1590 2816 1658 Spiritum,
2848 1600 2904 1646 et
2936 1591 2990 1644 in
3021 1590 3286 1659 singulos,
3316 1598 3371 1642 et
3400 1589 3560 1643 simul
3596 1591 3649 1643 in
3682 1598 3821 1656 tres;

2246 1681 2372 1751 quia
2402 1691 2457 1736 et
2486 1682 2730 1749 singulos
2769 1681 2949 1745 Pater,
2982 1691 3037 1736 et
3083 1681 3324 1751 singulus
3368 1679 3556 1747 Filius,
3608 1689 3672 1736 et
3714 1682 3826 1735 sin-

2173 1749 2219 1810 B
2249 1774 2408 1844 gttlus
2434 1788 2622 1828 eorum
2650 1772 2887 1843 Spiritus
2918 1782 3001 1828 est
3028 1788 3237 1826 summa
3268 1771 3502 1825 essentia
3531 1788 3546 1825 :
3580 1780 3639 1824 et
3663 1772 3823 1827 simul

2246 1863 2427 1926 Pater.
2454 1872 2510 1919 et
2539 1864 2725 1930 Filius,
2757 1879 2879 1918 cum
2902 1879 2999 1918 suo
3024 1862 3225 1932 Spiritu
3250 1869 3372 1915 sunt
3396 1876 3500 1914 una
3525 1860 3826 1930 eademque

2247 1968 2457 2007 summa
2490 1955 2745 2018 essentia,
2793 1954 2845 2008 in
2877 1969 3037 2022 quam
3065 1952 3231 2007 solam
3259 1951 3437 2005 omnis
3470 1952 3632 2006 homo
3667 1952 3824 2005 debet

2246 2046 2502 2109 credere;
2535 2045 2659 2113 quia
2688 2052 2771 2098 est
2795 2044 2942 2098 solus
2970 2043 3112 2107 linis,
3142 2058 3299 2112 quem
3336 2040 3387 2094 in
3410 2042 3555 2095 omni
3582 2042 3825 2111 cogitatu

2246 2144 2477 2205 actuque
2525 2135 2639 2192 solo
2683 2151 2781 2205 per
2823 2150 3060 2188 amorem
3105 2134 3265 2187 debet
3316 2134 3615 2188 intendere.
3671 2132 3831 2188 Unde

2247 2228 2591 2282 manifestum
2637 2236 2721 2281 est
2750 2227 2875 2297 quia
2928 2229 3069 2281 sicut
3116 2225 3168 2278 in
3213 2224 3357 2278 illam
3411 2224 3665 2289 tendere,
3720 2224 3826 2278 nisi

2247 2319 2433 2372 credat
2464 2318 2629 2381 illam,
2668 2318 2845 2371 nullus
2876 2327 3079 2387 potest;
3125 2319 3199 2373 ita
3249 2318 3392 2372 illam
3420 2314 3677 2381 credere,
3718 2313 3827 2369 nisi

2248 2410 2434 2465 tendat
2459 2411 2513 2465 in
2538 2409 2707 2475 illam,
2741 2410 2869 2463 ttulli
2897 2411 3131 2479 prodest;

2526 2518 2755 2575 CAPUT
2788 2518 3021 2573 LXXVII
3063 2519 3157 2591 [αι.
3191 2517 3405 2591 LXXV]
3437 2519 3530 2573 τυ.

2497 2608 2628 2675 Quae
2681 2611 2747 2664 sit
2798 2612 2940 2675 viva,
2999 2626 3114 2679 qua:
3166 2619 3372 2662 mortua
3424 2608 3575 2676 ﬁJes.

2246 2718 2585 2775 Coasrecrus
2625 2737 2852 2777 CAPITIS.
2882 2751 2954 2762 —
3000 2722 3141 2789 Ergo
3186 2719 3319 2775 ﬁdes
3369 2720 3485 2774 sine
3508 2718 3829 2789 pdilectione

2320 2790 2525 2844 inutilis
2552 2800 2652 2858 est,
2686 2801 2735 2845 et
2765 2793 2916 2860 quasi
2945 2787 3212 2845 mortuum
3246 2790 3465 2859 aliqttid.
3502 2787 3663 2860 Fides
3693 2803 3827 2845 vero

2320 2876 2439 2915 cum
2472 2861 2765 2914 dilectione
2785 2858 2887 2915 non
2909 2872 2988 2915 est
3014 2862 3185 2915 otiosa
3204 2879 3217 2914 :
3236 2858 3357 2914 nam
3380 2858 3519 2928 quod
3549 2873 3825 2912 summam

2315 2930 2579 3000 justitiam
2612 2931 2815 3000 diligit,
2864 2931 2994 2985 nihil
3038 2930 3241 2999 jUSlttm
3274 2939 3643 2995 contemnere,
3686 2929 3828 3000 nihil

2319 2998 2461 3054 valet
2509 2998 2758 3067 injustam
2800 2998 3108 3056 admittere.
3171 3000 3308 3068 Ergo
3338 3008 3390 3053 et
3414 3012 3642 3067 operosa
3684 2998 3835 3053 ﬁdes

2322 3072 2477 3133 vivit,
2509 3073 2632 3140 quia
2674 3072 2832 3126 habet
2864 3072 3035 3150 vitam
3063 3070 3366 3150 dileCIiotIis
3408 3070 3525 3150 sine
3569 3083 3675 3150 qua
3714 3083 3826 3150 non

2320 3138 2673 3210 operaretur;
2725 3150 2780 3193 et
2806 3141 2973 3195 otiosa
3007 3142 3138 3196 lides
3181 3155 3287 3193 non
3316 3138 3475 3210 vivit,
3508 3138 3633 3206 quia
3670 3146 3830 3210 caret

2320 3206 2428 3265 vita
2484 3211 2804 3270 dilectionis,
2860 3227 2980 3265 cum
3036 3226 3138 3279 qua
3196 3226 3300 3262 non
3355 3206 3829 3279 otiaretur._ldeo

2319 3291 2498 3336 autem
2533 3281 2664 3335 lides
2688 3290 2895 3335 mortua
2927 3277 3125 3335 dicitur
3153 3281 3278 3348 quia
3304 3294 3409 3332 non
3444 3278 3605 3348 habet
3631 3277 3826 3348 vitam,

2358 3366 2478 3404 nam
2509 3364 2721 3420 semper
2751 3352 2950 3405 habere
2997 3346 3183 3420 debet.
3217 3348 3392 3420 Porro
3417 3346 3722 3420 viva__ﬁ«les_
3766 3362 3830 3399 ea

2358 3369 2478 3404 nam
2509 3369 2721 3420 semper
2751 3369 2950 3405 nanere
2997 3369 3171 3405 ueoet.
3217 3369 3385 3402 rorro
3418 3369 3535 3401 viva
3579 3369 3719 3399 nues
3766 3369 3824 3399 ea

2318 3369 2518 3476 ilicitur
2570 3437 2689 3489 qua:
2730 3422 2900 3475 credit
2943 3421 2994 3474 in
3048 3420 3121 3483 id,
3168 3419 3221 3473 in
3255 3419 3398 3488 quod
3442 3416 3590 3489 credi
3618 3414 3824 3489 debet;

2317 3500 2528 3546 mortua
2565 3485 2691 3545 vero
2723 3491 2874 3555 fides,
2903 3505 2966 3544 ea
2996 3506 3116 3559 qua:
3142 3485 3314 3545 credit
3342 3495 3545 3542 tantum
3578 3486 3652 3549 id,
3681 3485 3835 3554 quod

2317 3560 2461 3614 credi
2482 3560 2639 3614 debet

2316 3560 2461 3616 credi
2482 3560 2639 3615 debet

2317 3651 2656 3721 Quapropter
2715 3661 3132 3723 quantacunque
3188 3649 3514 3706 certitttdine
3564 3648 3833 3703 credatur

2250 3747 2401 3794 tanta
2432 3739 2548 3806 res},
2581 3740 2787 3797 inutilis
2810 3743 2915 3795 erit
2947 3741 3101 3805 lides,
3129 3749 3183 3795 et
3214 3741 3371 3809 quasi
3403 3746 3675 3791 mortuum
3731 3735 3832 3788 ali-

2245 3830 2407 3901 quid,
2440 3834 2542 3888 nisi
2576 3833 2866 3890 dilectione
2890 3832 3065 3887 valeat
3095 3841 3149 3887 et
3188 3833 3354 3885 vivat.
3395 3829 3606 3884 Etenim
3650 3828 3837 3882 nulla-

2250 3930 2409 3976 tenus
2438 3922 2593 3979 lidem
2615 3923 2781 3988 illam,
2811 3937 2970 3992 quam
3006 3930 3321 3990 competens
3364 3919 3656 3974 comitatur
3686 3916 3822 3971 dite.

2246 4014 2375 4079 ctio,
2401 4013 2444 4067 si
2469 4028 2527 4068 se
2550 4014 2926 4083 opportunitas
2948 4011 3141 4068 olierat
3164 4012 3236 4043 ⁷⁵³
3263 4009 3548 4080 operandi,
3579 4008 3828 4061 otiosam

2246 4119 2393 4171 esse,
2447 4106 2542 4160 sed
2590 4105 2762 4171 magis
2811 4120 2869 4159 se
2899 4103 3133 4173 quadam
3178 4101 3249 4133 7“
3294 4114 3518 4170 operum
3562 4111 3835 4153 exercere

2246 4196 2583 4268 frequentia,
2615 4197 2754 4266 quod
2785 4196 2902 4250 sine
2939 4195 3224 4249 dilectione
3266 4192 3443 4246 facere
3466 4204 3569 4246 non
3610 4198 3829 4258 posset,

2246 4291 2317 4322 ⁷⁵⁵
2343 4290 2425 4344 vel
2452 4290 2551 4344 hoc
2573 4289 2687 4343 solo
2715 4288 2929 4357 probari
2961 4296 3168 4357 potest;
3197 4286 3323 4354 quia
3359 4282 3501 4353 quod
3554 4295 3831 4336 summam

2241 4380 2510 4448 justitiam
2536 4380 2729 4449 diligit,
2758 4380 2887 4433 nihil
2908 4377 3112 4446 justum
3135 4370 3654 4438 contemnere,nihil
3683 4370 3832 4423 valet

568 4465 745 4519 dendo
772 4466 838 4520 ad
865 4468 1008 4522 illam
1035 4471 1362 4538 pervenerit,
1396 4486 1500 4523 non
1529 4479 1683 4524 extra
1714 4469 1861 4524 illam
1892 4484 2138 4524 remane-
2172 4454 2219 4513 ί)
2248 4470 2505 4540 injustum
2552 4472 2857 4525 admittere.
2904 4471 3068 4536 Ergo,
3115 4468 3367 4538 quoniant
3420 4463 3564 4535 quod
3620 4461 3831 4531 aliquid

568 4556 666 4616 bit,
701 4559 792 4611 sed
826 4560 964 4613 intra
1017 4563 1161 4615 illam
1206 4564 1561 4630 permanebit.
1623 4562 1775 4629 Quod
1826 4564 2140 4633 expressius

566 4660 624 4707 et
668 4649 989 4711 familiarius
1039 4656 1395 4727 signiﬁcatur,
1448 4658 1494 4713 si
1557 4658 1759 4714 dicitur
1816 4656 2139 4713 tendendum

2247 4568 2529 4627 operatur,
2570 4561 2744 4615 inesse
2789 4561 2893 4616 sibi
2940 4561 3139 4624 vitam,
3170 4558 3288 4612 sine
3328 4570 3431 4625 qua
3465 4552 3677 4623 operari
3718 4566 3832 4605 non

2247 4648 2492 4717 valeret,
2553 4652 2789 4706 ostendit
2832 4667 2846 4705 :
2891 4665 3000 4706 non
3044 4648 3285 4706 absurde
3324 4648 3524 4702 dicitur
3576 4653 3633 4698 et
3691 4657 3831 4712 ope-

1874 4788 2107 4845 V'ARIAZ
2143 4788 2433 4844 LECTION
2442 4789 2545 4843 ES.

634 4898 706 4931 "°
729 4898 884 4966 Quod
912 4907 1019 4955 tam
1052 4916 1081 4955 a
1110 4918 1215 4955 mss
1274 4905 1414 4971 quod
1450 4913 1627 4958 tamen
1653 4919 1683 4958 a
1756 4904 1823 4935 '“
1863 4905 1939 4959 Ex
1960 4905 2101 4960 bono
2128 4906 2195 4960 ad
2230 4923 2355 4961 mss.
2389 4921 2461 4961 eo
2486 4905 2626 4959 bono
2651 4901 2740 4958 ad.
2842 4900 2912 4932 7“
2943 4900 2983 4956 C

634 4972 929 5025 rtissimum
958 4980 1043 5027 est
1090 5014 1097 5017 .
1148 4972 1364 5027 "'Ctm.
1387 4974 1454 5027 75
1482 4984 1556 5027 est
1605 4976 1659 5027 in
1690 4992 1814 5027 mss.
1852 4975 1921 5027 75
2028 4976 2099 5007 ⁷⁸⁸
2125 4976 2511 5027 Adnittendum
2557 4990 2682 5027 mss.
2715 4971 2987 5027 adnitendi

565 4976 929 5026 certissimum
958 4980 1043 5027 est
1090 5014 1097 5017 .
1148 4976 1364 5041 “'Cop.
1387 4976 1454 5027 75
1482 4984 1556 5028 est
1605 4976 1659 5028 in
1690 4992 1814 5029 mss.
1852 4976 1921 5030 75
2028 4976 2099 5007 ⁷⁸⁸
2125 4976 2511 5031 Adnittendum
2557 4990 2682 5027 mss.
2715 4976 2988 5027 adnitendi
3097 4976 3166 5001 ⁷⁸³
3187 4976 3388 5021 Amare
3415 4976 3533 5019 aute

565 5057 690 5094 mss.
718 5041 803 5095 hic
831 5042 1210 5112 incipit__caput
1234 5046 1302 5097 76
1322 5044 1415 5097 sub
1437 5045 1534 5097 hoc
1579 5045 1729 5098 titulo
1755 5060 1774 5097 :
1793 5044 1944 5112 Quod
1999 5045 2326 5102 credendum
2350 5047 2442 5108 sit,
2473 5054 2570 5099 etc.
2619 5052 2675 5097 ut
2699 5043 2753 5095 in
2795 5040 2944 5112 titulo
2975 5037 3256 5112 capiti_s_73
3276 5037 3329 5090 in
3362 5037 3533 5112 editis.

563 4972 929 5026 certissimum
958 4980 1043 5027 est
1090 5014 1097 5017 .
1148 4972 1364 5041 "'Cop.
1387 4974 1454 5027 75
1482 4984 1556 5028 est
1605 4976 1659 5028 in
1690 4992 1814 5029 mss.
1852 4975 1921 5030 75

2842 4900 2912 4932 7“
2943 4899 3259 4956 Certissime
3284 4905 3369 4951 est
3394 4913 3519 4949 mss.
3554 4893 3724 4946 Thua.
3762 4894 3835 4947 30

3097 4968 3167 5001 ⁷⁸⁵
3187 4971 3388 5021 Amare
3415 4974 3615 5029 autem,
3642 4972 3748 5016 etc.
3774 4964 3832 5015 in

3097 5040 3159 5085 tis
3187 5037 3256 5085 73
3276 5037 3329 5085 in
3362 5037 3533 5085 editis.
3636 5031 3710 5063 "‘
3766 5032 3836 5085 Ει

571 5126 789 5184 sperare
815 5101 948 5166 mss:
1004 5101 1199 5184 Victor.
1234 5112 1454 5183 Sagiens
1495 5101 1837 5169 (liuet-ciens:
1879 5122 1969 5169 aut
1995 5131 2214 5184 sperare
2247 5101 2253 5102 ί
2287 5116 2358 5149 ⁷⁸⁷
2381 5101 2447 5171 Ul
2483 5111 3016 5184 illa’gredendomss.
3038 5101 3271 5184 utinam
3295 5105 3565 5184 credendo
3636 5101 3834 5184 ’ζ’-,δοί-

574 5176 725 5245 gnari
760 5197 916 5254 posse
942 5199 1067 5236 mss.
1110 5176 1400 5254 signiﬁcari
1446 5199 1603 5252 posse
1698 5185 1767 5215 ⁷⁸⁸
1796 5184 1909 5239 Non
1948 5176 2157 5240 videtur
2181 5187 2405 5241 credere
2432 5202 2532 5239 ms.
2581 5182 2785 5254 Thuan.
2817 5181 2888 5254 ﬁt)
2923 5196 3039 5254 non
3068 5180 3318 5254 videntur
3343 5176 3568 5231 credere

1699 5254 1766 5285 ⁷⁸¹
1806 5255 1934 5323 Cap.
1988 5254 2055 5308 74
2124 5267 2198 5311 est
2223 5259 2275 5309 in
2300 5272 2426 5310 mss.
2465 5264 2617 5323 caput
2648 5252 2712 5306 77

573 5318 643 5347 ⁷³³
672 5318 871 5396 Oﬂ'erat
918 5338 1064 5396 mss._
1102 5318 1238 5377 Tltu.
1273 5318 1525 5379 "conferat
1623 5324 1694 5356 7“
1724 5318 1893 5396 Magis
1941 5338 2063 5381 esse
2103 5328 2335 5395 quadam
2369 5342 2497 5381 mss.
2528 5318 2674 5378 Tim.
2706 5320 2852 5377 Gem.
2885 5335 3076 5389 magna
3101 5333 3158 5375 se
3180 5318 3409 5387 quadam

573 5264 707 5323 [ιρι-
725 5253 1069 5323 continuatur
1098 5253 1249 5323 caput
1273 5256 1588 5323 praecedens.

569 5402 674 5442 non
697 5390 865 5459 possit
888 5407 1011 5446 mss.
1037 5392 1217 5450 facere
1247 5410 1352 5451 non
1382 5404 1562 5451 nosset

3672 5171 3752 5201 TI.
3777 5173 3833 5223 in

2813 5251 2885 5283 ⁷⁸³
2912 5248 3040 5319 Cap.
3074 5248 3141 5304 75
3179 5257 3251 5302 est
3299 5248 3353 5299 in
3378 5261 3500 5300 mss.
3548 5252 3701 5312 caput
3764 5240 3837 5293 78

2813 5338 2852 5368 t.
2885 5335 3076 5368 magna
3101 5333 3158 5368 se
3180 5318 3409 5368 unadam
3517 5313 3589 5346 ⁷⁸⁸
3618 5312 3833 5368 Facere

2082 5508 2285 5566 NOTAE
2299 5550 2305 5556 .

639 5642 749 5713 (77)
792 5643 936 5699 Alias
962 5652 1043 5699 est
1070 5660 1191 5713 pars
1219 5662 1334 5713 cap.
1369 5648 1458 5700 7:3.

2316 5642 2427 5711 (78l
2467 5640 2614 5697 Alias
2641 5639 2730 5697 hic
2756 5637 2943 5709 lnclptt
2974 5652 3091 5709 cap.
3120 5637 3208 5691 75.
