4030 6290
213 319 323 377 23!

1569 338 1572 340 ‘
1607 326 2094 389 MONOLOGIUM.

3381 333 3494 406 2‘22

216 452 350 492 rosa
365 437 436 468 ⁷⁸⁸
463 434 593 491 ﬁdes
618 433 818 499 vivere,
837 434 965 506 quia
992 434 1159 493 habet
1182 436 1346 494 vitam
1370 437 1672 497 dilectionis
1693 441 1812 497 sine
1839 445 1888 502 Α
1914 443 1986 498 ita
2032 460 2131 501 nec
2164 447 2346 519 plures
2393 464 2657 522 personae.
2698 450 2757 508 Si
2798 452 3136 524 quisitaque
3186 456 3310 512 inde
3359 459 3496 513 velit

217 546 330 600 qua
347 544 455 583 non
467 537 807 598 operaretur;
821 539 874 584 et
896 529 1072 584 otiosa
1084 530 1287 586 ﬁdes'"
1306 546 1412 588 non
1428 533 1704 598 viverem,
1721 533 1814 603 qui

218 630 381 676 caret
403 620 510 673 vita
541 619 870 686 dilectionis,
896 633 1018 674 cum
1045 634 1150 689 qua
1176 636 1282 676 non
1307 623 1588 677 otiaretur.
1613 621 1812 690 Quare,

219 713 274 768 si
311 727 492 766 caecus
522 710 747 778 dicitur,
796 725 902 764 non
941 718 1149 766 tantum
1192 713 1284 782 qui
1337 714 1571 782 perdidit
1599 715 1811 779 visum;

220 804 321 858 sed
351 803 444 871 qui
474 817 597 857 cum
627 801 786 856 debet
828 799 1033 855 habere
1061 801 1161 866 ⁷⁸⁵,
1188 817 1295 856 non
1329 801 1492 857 habet
1529 820 1543 856 :
1580 817 1678 857 cur
1705 818 1816 857 non

219 892 480 948 similiter
505 901 682 963 potest
705 893 810 950 dici
835 895 966 966 ﬁdes
989 897 1102 950 sine
1125 897 1421 964 dileetione,
1445 908 1685 963 mortua;
1707 913 1814 953 non

219 984 353 1049 quia
386 982 551 1038 vitam
579 998 756 1052 suam,
789 985 842 1040 id
872 994 976 1050 est,
1000 986 1343 1042 dilectionem
1368 989 1691 1058 perdiderit;
1721 989 1815 1046 sed

221 1073 357 1144 quia
389 1089 496 1128 non
537 1073 701 1129 habet
722 1088 884 1145 quam
914 1090 1129 1147 semper
1153 1077 1357 1134 habere
1389 1079 1581 1135 debet?
1618 1079 1817 1148 Quent-

221 1162 519 1216 admodum
581 1163 745 1234 igitur
793 1165 882 1220 illa
937 1166 1110 1230 ﬁdes,
1169 1184 1287 1237 qme
1347 1185 1440 1237 per
1487 1169 1814 1223 dilectionem

223 1265 502 1323 operatur,
533 1255 657 1310 viva
689 1270 812 1312 esse
857 1259 1230 1329 cognoscitur;
1280 1259 1351 1314 ita
1405 1259 1517 1324 illa,
1562 1276 1682 1330 quae
1720 1275 1818 1329 per

225 1353 609 1414 contemptum
638 1346 864 1412 otiatur,
891 1359 1102 1404 mortua
1131 1365 1256 1405 esse
1279 1351 1639 1406 convincitur.
1672 1351 1816 1406 Satis

226 1432 418 1501 itaque
443 1431 836 1489 convenienter
855 1433 959 1489 dici
990 1443 1167 1504 potest
1193 1437 1310 1490 viva
1341 1437 1473 1492 ﬁdes
1499 1437 1724 1492 credere
1760 1438 1814 1490 iu

225 1523 307 1590 id,
338 1525 392 1578 in
433 1525 579 1594 quod
609 1525 761 1582 credi
791 1526 862 1560 "°
889 1527 1078 1594 debet;
1111 1537 1325 1582 mortua
1355 1543 1485 1584 vero
1527 1529 1662 1586 ﬁdes
1700 1543 1819 1584 cre-

225 1615 363 1670 dere
391 1623 602 1669 tantum
626 1615 704 1682 id,
730 1617 872 1685 quod
890 1617 1038 1672 credi
1064 1619 1243 1673 debet.

504 1704 733 1761 CAPUT
764 1705 1022 1763 LXXVIII
1049 1707 1146 1780 [aL
1175 1708 1411 1782 LXXVI]
1443 1710 1534 1766 7“.

1917 539 2077 594 alicui
2107 541 2252 611 loqui
2281 544 2410 613 quid
2435 554 2565 610 tres,
2599 545 2744 600 dicet
2778 559 2900 601 esse
2925 545 3162 612 Patrem,
3191 556 3247 603 et
3274 548 3495 614 Filium,

1915 638 1971 684 et
2009 632 2292 702 utriusque
2321 634 2606 704 Spiritum,
2632 635 2734 691 nisi
2765 635 2906 692 forte
2936 637 3230 708 indigentia
3258 639 3501 696 nominis

1916 723 2138 792 praprie
2189 727 2562 781 convenientis
2606 737 2830 784 coactus
2880 729 3127 802 elegerit,
3173 730 3388 801 aliquod
3429 749 3500 787 ex

1917 813 2022 868 illis
2042 815 2114 846 ⁷⁸⁵
2135 815 2466 882 nominibus,
2488 833 2608 887 quae
2629 819 2907 888 pluraliter
2937 821 2989 875 in
3020 837 3228 877 summa
3261 824 3500 878 essentia

1917 903 2022 958 dici
2068 920 2173 959 non
2223 915 2449 975 possunt
2488 907 2560 940 ⁷⁸³
2604 909 2671 962 ad
2706 909 3118 979 signiﬁcandum
3147 913 3220 946 ⁷⁸⁸
3267 914 3319 967 id
3357 913 3502 983 quod

1918 1008 2154 1065 congruo
2207 997 2423 1052 nomine
2453 998 2561 1054 dici
2590 1013 2695 1054 non
2724 1009 2902 1070 potest
2949 1020 2962 1056 :
3012 1011 3071 1057 ut
3101 1003 3146 1058 si
3174 1003 3318 1059 dicat
3352 1004 3498 1059 illam

1916 1085 2292 1141 admirabilem
2338 1087 2658 1143 Trinitatem
2703 1103 2824 1144 esse
2871 1106 3033 1145 unam
3063 1094 3384 1156 essentiam,
3417 1094 3502 1148 vel

1918 1187 2203 1243 naturam;
2229 1186 2286 1232 et
2326 1187 2437 1234 tres
2478 1194 2760 1248 personas,
2795 1180 2911 1235 sive
2957 1181 3309 1238 substantias.
3363 1181 3500 1237 Nam

1918 1267 2036 1321 haec
2062 1269 2168 1322 duo
2199 1269 2416 1323 nomina
2463 1271 2642 1339 aptius
2673 1270 2948 1341 eliguntur
2980 1273 3047 1326 ad
3085 1273 3503 1343 signiﬁcandam

1919 1357 1989 1392 ⁷⁸⁷
2015 1357 2378 1427 pluralitatem
2401 1360 2452 1413 in
2481 1375 2690 1415 summa
2717 1361 2972 1424 essentia,
2994 1362 3120 1431 quia
3144 1376 3370 1432 persona
3393 1377 3500 1416 non

1921 1448 2153 1516 dicitur,
2185 1450 2290 1505 nisi
2327 1452 2393 1506 de
2443 1451 2715 1506 individua
2745 1453 2991 1507 rationali
3025 1463 3247 1520 natura;
3291 1464 3349 1510 et
3375 1454 3502 1508 sub-

1922 1541 2123 1594 stantia
2181 1541 2552 1612 principaliter
2613 1542 2813 1597 dicitur
2875 1543 2942 1598 de
2997 1543 3326 1609 individuis,
3379 1560 3500 1614 quae

1923 1631 2166 1687 maxime
2235 1632 2291 1686 in
2350 1621 2660 1701 pluralitate
2716 1633 3015 1688 subsistunt
3075 1635 3166 1688 ⁷⁸⁸.
3220 1635 3501 1690 Individua

1923 1735 2159 1790 namque
2197 1723 2432 1778 maxime
2476 1723 2757 1789 substant,
2791 1725 2842 1780 id
2880 1733 2996 1792 est,
3034 1727 3314 1797 subiacent
3359 1729 3504 1782 acci-

225 1794 392 1860 Quod
425 1808 528 1851 tres
563 1816 768 1854 summa
797 1803 1023 1856 essentia
1060 1803 1448 1872 quodammodo
1484 1804 1590 1858 dici
1623 1804 1808 1874 possit.
1843 1785 1892 1847 Β
1921 1785 2215 1867 dentibus:
2244 1821 2302 1866 et
2329 1812 2454 1867 ideo
2485 1814 2656 1884 magis
2695 1785 2911 1884 proprie
2946 1785 3149 1872 nometi
3186 1816 3502 1873 substantiae

222 1885 578 1964 Cevsrecrus
627 1907 859 1947 carms.
909 1923 981 1964 -έ-
1029 1892 1186 1950 Omni
1233 1894 1440 1949 homini
1487 1894 1704 1964 expedit
1756 1903 1816 1948 ut

301 1962 493 2014 credat
532 1963 582 2015 in
616 1963 817 2016 trinam
850 1963 1137 2026 unitatem,
1168 1973 1222 2018 et
1253 1980 1416 2018 unam
1456 1962 1811 2029 Trinitatem;

298 2044 468 2104 uuam
521 2035 1111 2104 propteriessentiam;
1154 2035 1384 2098 trinam,
1431 2045 1652 2104 propter
1707 2043 1816 2088 tres

301 2100 488 2155 nescio
530 2101 682 2171 quid.
715 2103 828 2158 Dici
865 2103 1011 2174 enim
1046 2119 1150 2174 non
1187 2113 1368 2174 potest
1394 2100 1673 2172 qnid'sint
1705 2112 1816 2158 tres

300 2184 570 2242 persouze,
596 2187 704 2241 quo
735 2175 862 2241 ipsa:
889 2173 1072 2242 plures
1099 2173 1251 2228 ﬁant.
1281 2173 1390 2228 Nec
1416 2175 1560 2229 enim
1591 2185 1715 2228 sunt
1741 2181 1817 2228 tot

300 2240 653 2306 substantiae,
682 2240 814 2313 quOt
842 2240 1089 2312 personae
1109 2284 1124 2304 ,
1166 2253 1225 2298 ut
1255 2244 1308 2298 in
1349 2243 1690 2307 hominibus,
1722 2243 1815 2312 qui

297 2318 435 2377 quot
456 2326 718 2380 personat,
754 2321 831 2367 tot
861 2314 1149 2368 individua:
1177 2323 1303 2368 sunt
1331 2313 1666 2369 substantiae.
1701 2313 1811 2367 Ita-

300 2394 414 2452 que
464 2385 517 2436 in
561 2397 769 2437 summa
825 2384 1060 2439 essentia
1102 2385 1243 2440 sicut
1297 2399 1404 2439 non
1459 2392 1586 2440 sunt
1635 2383 1818 2452 plures

303 2451 662 2523 substantiae,
716 2452 787 2506 ita
835 2469 936 2510 nec
981 2454 1164 2523 plures
1207 2468 1470 2523 personae.
1521 2451 1648 2508 Sola
1685 2469 1816 2523 ergo

303 2520 600 2593 indigentia
628 2523 880 2587 nominis,
909 2520 1016 2593 quo
1046 2520 1328 2593 pluralitas
1359 2526 1410 2579 in
1442 2525 1678 2580 essentia
1709 2520 1812 2577 una

303 2591 664 2658 signiﬁcetur,
717 2591 1063 2649 dicitur—esse
1103 2603 1212 2650 tres
1249 2610 1510 2662 personas
1541 2593 1655 2648 sive
1694 2594 1817 2648 sub-

303 2662 542 2716 s'antias
573 2663 624 2716 in
655 2678 764 2717 una
792 2668 1013 2732 summa}
1037 2666 1269 2720 essentia
1309 2679 1403 2719 seu
1433 2674 1648 2719 natura.
1675 2663 1817 2718 ludi-

302 2732 468 2785 vidua
499 2732 730 2787 maxime
757 2735 1006 2790 substant
1031 2735 1404 2790 accidentibus
1434 2753 1449 2788 :
1478 2737 1620 2790 unde
1642 2734 1816 2801 magis

304 2802 528 2869 proprie
583 2817 777 2875 nomen
829 2805 1146 2859 substantiae
1201 2806 1502 2875 suscipiunt
1554 2821 1568 2858 :
1629 2815 1683 2860 et
1741 2805 1812 2858 ita

305 2886 519 2926 summa
547 2873 779 2928 t'SSetttia
799 2915 813 2935 ,
842 2889 963 2944 quae
993 2875 1152 2929 nullis
1187 2873 1371 2931 subest
1413 2875 1805 2936 accidentibus,

308 2957 416 2994 non
450 2951 626 3008 potest
652 2944 870 3014 proprie
898 2945 1003 2999 dici
1029 2945 1348 3008 substantia,
1380 2945 1481 3000 nisi
1511 2945 1813 3001 substantia

331 3021 552 3084 innatur
575 3029 672 3082 pro
717 3013 975 3070 essentia.
1027 3015 1140 3070 Hac
1170 3016 1377 3071 ratione
1422 3015 1815 3084 irreprehensi-

305 3027 548 3136 {:nnatur
575 3029 672 3082 pro
717 3027 975 3070 essentia.
1028 3027 1140 3070 Hac
1170 3027 1377 3071 ratione
1422 3027 1814 3084 "reprehens:-

348 3083 494 3137 iliter
524 3083 607 3136 illa
645 3099 854 3139 summa
877 3092 932 3139 et
960 3099 1063 3139 una
1105 3086 1346 3141 Trinitas
1375 3085 1482 3141 dici
1507 3093 1684 3156 potest
1707 3099 1814 3139 una

306 3156 569 3218 essentia,
595 3164 650 3210 et
681 3162 791 3210 tres
825 3169 1092 3226 personae.
1123 3156 1236 3211 sive
1275 3165 1384 3212 tres
1412 3157 1748 3212 substantias.

308 3244 456 3300 Ecce
499 3254 646 3315 patet
687 3247 834 3301 omni
879 3247 1086 3303 homini
1133 3249 1390 3319 expedire
1429 3256 1490 3302 ut
1528 3247 1717 3303 credat
1766 3246 1819 3302 in

233 3337 531 3406 quamdam
578 3336 901 3394 ineffabilem
955 3339 1156 3394 trinam
1199 3340 1495 3400 unitatem.
1556 3348 1611 3395 et
1659 3353 1822 3394 uuam

234 3424 565 3480 Trinitatem
605 3443 621 3481 :
670 3443 833 3482 unam
881 3427 1100 3498 quidem
1150 3435 1206 3483 et
1253 3427 1551 3491 unitatem,
1602 3437 1824 3498 pmpter

235 3532 407 3570 uuam
437 3517 760 3584 essentiam;
793 3518 992 3574 trinam
1016 3533 1146 3574 vero
1167 3527 1224 3575 et
1255 3518 1578 3583 trinitatem,
1600 3525 1824 3588 propter

235 3619 388 3674 tres,
422 3610 606 3666 nescio
646 3610 797 3680 quid.
828 3609 980 3667 Licet
1005 3611 1149 3666 enim
1179 3611 1381 3682 possim
1426 3610 1606 3666 dicere
1641 3609 1824 3663 Trini-

235 3711 444 3764 tatem,
498 3710 720 3772 propter
764 3703 1013 3770 Patrem,
1068 3711 1125 3758 et
1174 3702 1398 3768 Filium,
1445 3710 1501 3757 et
1545 3701 1824 3771 utriusque

235 3791 538 3859 Spiritum,
591 3794 680 3863 qui
725 3801 852 3849 sunt
901 3803 1044 3860 tres;
1098 3808 1206 3849 non
1262 3801 1440 3847 tamen
1487 3806 1704 3862 possum
1752 3791 1823 3822 ⁷⁸³

232 3879 487 3952 proferre
535 3898 644 3937 uno
681 3883 919 3950 nomine,
971 3892 1193 3954 propter
1236 3882 1366 3953 quid
1416 3891 1558 3947 tres;
1590 3881 1739 3936 velut
1777 3882 1821 3936 si

233 3973 478 4028 dicerem
525 3985 746 4045 propter
797 3985 906 4030 tres
951 3990 1242 4046 personas;
1297 3975 1440 4029 sicut
1486 3974 1722 4028 dicerem
1753 3972 1824 4003 ⁷⁸³

234 4063 540 4128 unitatem,
591 4071 814 4135 propter
861 4081 1024 4120 unam
1074 4064 1451 4120 substantiam.
1510 4061 1626 4116 Non
1679 4061 1822 4115 enim

232 4153 492 4224 putanda:
518 4163 643 4210 sunt
675 4166 786 4212 tres
815 4171 1089 4227 personae;
1121 4157 1247 4227 quia
1279 4169 1470 4210 omnes
1499 4151 1680 4224 plures
1710 4167 1827 4223 per-

234 4261 389 4302 sona:
431 4248 511 4304 sic
552 4249 856 4306 subsistunt
901 4251 1196 4320 separatim
1241 4250 1310 4304 ab
1353 4246 1616 4312 invicem,
1647 4253 1706 4300 ut
1749 4254 1828 4300 tot

233 4352 464 4394 necesse
505 4342 575 4395 sit
604 4355 726 4396 esse
771 4342 1102 4397 substantias
1132 4381 1146 4406 ,
1200 4347 1332 4410 quot
1377 4349 1504 4409 sunt
1531 4352 1820 4409 personae:

1917 1903 2240 1974 suscipiunt.
2270 1903 2421 1960 Unde
2437 1906 2550 1976 jam
2575 1921 2736 1976 supra
2760 1907 3107 1963 manifestum
3127 1916 3211 1964 est
3232 1924 3500 1965 summam

1917 1995 2232 2060 essentiam,
2264 2010 2385 2065 quae
2413 1996 2580 2050 nullis
2607 1997 2850 2068 subjacet
2871 1999 3260 2065 accidentibus,
3285 2002 3502 2070 proprie

1917 2101 2024 2140 non
2061 2101 2220 2157 posse
2249 2087 2353 2142 dici
2379 2089 2769 2154 substantiam;
2803 2089 2906 2144 nisi
2945 2089 3244 2145 substantia
3271 2099 3502 2160 ponatur

1917 2192 2017 2247 pro
2039 2179 2297 2232 essentia.
2346 2177 2532 2234 Potest
2577 2194 2709 2251 ergo
2757 2181 2860 2236 hac
2905 2181 3242 2237 necessitatis
3293 2181 3501 2236 ratione

1919 2267 2472 2339 irrepreheusibiliter
2518 2271 2606 2326 illa
2637 2287 2847 2328 summa
2875 2283 2930 2328 et
2968 2288 3076 2328 una
3100 2273 3360 2338 Trinitas,
3386 2273 3502 2328 sive

1921 2363 2060 2416 trina
2085 2365 2283 2428 unitas,
2321 2365 2424 2420 dici
2455 2381 2556 2420 uua
2589 2367 2844 2432 essentia,
2873 2375 2929 2423 et
2953 2377 3064 2425 tres
3091 2381 3357 2438 personm,
3389 2363 3502 2419 sive

1919 2461 2032 2507 tres
2061 2453 2398 2510 substantias.

2307 2587 2419 2657 23
2447 2587 2677 2643 CAPUT
2715 2588 2934 2643 1.xth
2976 2589 3112 2660 (79).

1921 2695 2075 2762 Quod
2105 2698 2218 2768 ipsa
2258 2699 2324 2753 sit
2357 2699 2518 2767 Deus,
2556 2702 2646 2770 qui
2673 2701 2815 2756 solus
2846 2703 3085 2756 omnibus
3109 2701 3418 2756 dominatur
3452 2710 3504 2756 et

2543 2773 2722 2826 omnia
2754 2774 2899 2842 regit.

1917 2879 2260 2938 Cousrecrus
2297 2896 2529 2938 CAPITIS.
2553 2914 2624 2923 —
2654 2883 2789 2939 Huic
2819 2883 2919 2938 soli
2959 2899 3186 2938 summae
3220 2883 3500 2947 essentize,

1988 2967 2109 3021 quae
2153 2953 2403 3024 omnibus
2428 2952 2777 3024 dominatur,
2793 2964 2848 3009 et
2870 2954 3062 3024 omnia.
3080 2954 3250 3024 regit,
3285 2954 3504 3024 proprie

1989 3035 2184 3093 nomen
2207 3021 2306 3093 Dei
2332 3023 2660 3093 assignatur.
2689 3023 2782 3080 Dei
2805 3025 2947 3079 enim
2974 3021 3189 3080 nomine
3216 3021 3321 3079 non
3350 3022 3506 3078 intelé

1991 3091 2179 3160 ligitur
2208 3091 2639 3164 nisisubs'tantia
2688 3109 2808 3164 qua:
2845 3104 2930 3150 est
2957 3109 3118 3164 supra
3160 3109 3372 3148 omnem
3396 3108 3503 3164 na-

1996 3171 2173 3217 turam
2203 3161 2271 3216 ab
2317 3163 2623 3219 hominibus
2648 3161 2951 3220 veneranda
2990 3161 3210 3233 propter
3261 3163 3494 3233 dignita-

1998 3241 2106 3287 tem
2128 3271 2144 3295 ,
2173 3240 2229 3304 et
2256 3233 2528 3304 exoranda
2557 3244 2778 3304 propter
2805 3231 3173 3290 imminentem
3210 3231 3506 3302 quamlibet

1999 3301 2396 3381 necessitatem.
2413 3301 2572 3381 Sicut
2590 3301 2767 3381 autem
2801 3319 2831 3357 a
2855 3317 3064 3358 summe
3092 3301 3251 3381 bono,
3267 3315 3507 3381 summe-

1997 3386 2103 3441 que
2145 3371 2389 3440 sapiente
2428 3368 2634 3441 Spiritu
2685 3373 2825 3426 l‘acta
2871 3381 2995 3426 sunt
3027 3372 3238 3441 omnia;
3281 3371 3357 3424 ita
3391 3369 3506 3441 ipse

1998 3438 2249 3496 omnibus
2275 3438 2606 3505 dominatur,
2635 3452 2691 3495 et
2717 3443 2899 3496 omnia
2933 3443 3094 3510 regit.
3131 3440 3270 3510 Ergo
3298 3438 3507 3494 non’ab

1997 3511 2126 3577 alio,
2159 3525 2259 3566 nec
2281 3525 2408 3582 casu
2426 3521 2632 3582 cuncta
2677 3521 2955 3582 reguntur.
3001 3509 3051 3566 Is
3074 3509 3381 3582 ergo’solus
3419 3522 3509 3582 est

1997 3595 2156 3653 quem
2185 3581 2363 3653 omnis
2388 3581 2492 3635 alia
2534 3590 2723 3636 natura
2744 3579 2915 3636 'debet
2943 3579 3212 3653 diligendo
3235 3579 3505 3653 venerari,

1997 3651 2065 3706 de
2109 3667 2216 3720 quo
2248 3651 2373 3722 solo
2418 3666 2678 3722 prospera
2726 3661 2852 3722 sunt
2897 3651 3205 3722 speranda,
3235 3651 3506 3722 adquem

1996 3722 2169 3776 solum
2209 3721 2277 3776 ab
2325 3720 2567 3777 adversis
2612 3731 2696 3776 est
2739 3720 3072 3788 fugiendum,
3123 3721 3210 3775 cui
3247 3720 3348 3774 soli
3395 3733 3496 3788 pro

2003 3792 2194 3864 quavis
2224 3806 2282 3845 re
2312 3793 2757 3864 supplicandum.
2799 3792 2896 3846 Hic
2923 3807 3052 3864 ergo
3082 3793 3228 3846 solus
3259 3804 3386 3844 vere
3419 3795 3506 3842 est

1997 3859 2052 3915 et
2079 3861 2281 3914 dicitur
2311 3859 2472 3927 Deus,
2505 3859 2848 3917 inell‘abiliter
2878 3859 3050 3921 triuns
3083 3871 3138 3916 et
3168 3875 3326 3914 unus.

1997 3973 2226 4027 Videtur
2251 3988 2380 4044 ergo
2408 3975 2502 4041 ⁷⁸⁸,
2538 3975 2647 4030 imo
2669 3978 3049 4032 incunctanter
3089 3971 3351 4027 asseritur
3375 3969 3504 4039 quia

1925 4077 2029 4118 nec
2057 4063 2192 4117 nihil
2221 4064 2292 4094 ⁷⁷⁰
2323 4072 2407 4118 est
2447 4064 2500 4120 id
2528 4065 2670 4134 quod
2701 4065 2900 4119 dicitur
2928 4065 3099 4126 Deus;
3147 4069 3202 4116 et
3249 4058 3376 4114 huic
3404 4056 3506 4112 soli

1925 4165 2153 4206 summae
2211 4151 2465 4207 essentia;
2508 4153 2727 4222 proprie
2769 4166 2966 4207 nomen
3025 4149 3119 4206 Dei
3173 4147 3506 4216 assignatur.

1925 4244 2133 4314 Quippe
2157 4244 2338 4300 omnis
2370 4246 2462 4316 qui
2493 4246 2661 4302 Deum
2705 4259 2826 4302 esse
2863 4244 3031 4311 dicit,
3056 4243 3170 4299 sive
3195 4256 3361 4298 unum
3394 4238 3509 4295 sive

1925 4337 2128 4409 plures.
2154 4354 2258 4394 non
2282 4339 2534 4410 intelligit
2560 4338 2664 4394 nisi
2687 4337 2922 4408 aliquam
2940 4335 3323 4400 substantiam,
3343 4345 3508 4402 quam

236 4431 385 4498 quod
425 4431 479 4485 in
508 4433 756 4502 pluribus
784 4434 1116 4498 hominibus,
1149 4434 1240 4503 qui
1267 4440 1400 4503 quot
1427 4445 1694 4502 personm,
1745 4438 1825 4484 tot
1853 4429 1895 4504 4
1928 4441 2112 4487 censet
2133 4447 2294 4504 supra
2317 4448 2531 4489 omnem
2562 4440 2835 4498 naturam,
2859 4445 2978 4500 quae
3006 4431 3151 4485 Deus
3177 4443 3281 4483 non
3309 4435 3412 4492 est,
3438 4424 3511 4479 ab

236 4521 533 4579 individua:
572 4535 700 4580 sunt
746 4526 1084 4591 substantia},
1137 4526 1506 4596 cognoscitur.
1531 4523 1734 4590 Quare
1768 4523 1820 4578 in
1853 4493 1902 4553 θ
1929 4521 2243 4578 hominibus
2281 4531 2334 4578 et
2357 4523 2720 4578 venerandam
2741 4563 2756 4588 ,
2782 4532 3002 4593 propter
3039 4519 3158 4591 ejus
3179 4519 3508 4575 eminentem

234 4625 454 4668 sutuma
482 4617 755 4685 essentia,
787 4618 932 4674 sicut
970 4633 1074 4673 non
1104 4626 1230 4672 Sltttl
1267 4616 1448 4687 plures
1475 4614 1820 4678 substantiae;

1931 4613 2276 4684 dignitatem,
2309 4623 2364 4670 et
2389 4617 2719 4671 exorandam
2745 4614 2848 4670 sibi
2880 4621 3100 4686 propter
3125 4606 3510 4682 quamlibet”

1539 4761 1765 4818 VARIIE
1795 4760 2203 4820 LECTIONES.

318 4903 622 4985 "‘picilur
640 4919 871 4985 operosa
933 4903 1298 4985 mss._dicitur
1325 4911 1379 4956 et
1409 4915 1636 4985 operosa
1734 4899 2017 4982 "7.0tiosa
2048 4901 2196 4985 ﬁdes
2209 4921 2336 4985 ngas.
2371 4915 2425 4961 et
2448 4915 2620 4985 nttosa
2649 4905 2816 4985 ﬁtlere
2917 4905 2989 4938 ⁷⁸⁸
3016 4902 3132 4985 lion
3153 4901 3359 4985 viveret
3381 4914 3506 4985 mu.

239 4973 378 5028 Ἱηιι.
406 4974 476 5027 30
509 4991 612 5028 non
640 4971 693 5028 iu
723 4973 868 5042 juste
890 4991 1015 5028 mss.
1068 4973 1198 5026 Vict.
1259 4973 1386 5042 Sag.
1420 4971 1739 5042 Cistertnnu
1769 4971 1952 5042 vivere
2003 5041 2009 5042 γ
2058 4972 2130 5004 ⁷⁸⁸

920 5045 991 5076 τεο
1038 5044 1092 5098 In
1121 5059 1228 5112 quo
1267 5040 1412 5097 credi
1454 5040 1843 5112 msstitl‘qttod
1868 5041 2012 5096 credi

236 5045 385 5114 quod
427 5044 588 5098 debet
616 5045 816 5100 habere

236 5112 366 5167 lileu
415 5129 632 5182 possum
688 5130 814 5167 mss.
844 5112 976 5166 Tim.
1037 5120 1203 5167 omitt.
1259 5129 1472 5181 possum

239 5182 313 5236 50
359 5179 561 5251 aliquot
586 5184 651 5238 de
689 5183 793 5237 illis
819 5200 914 5236 ms.
951 5184 1010 5239 S.
1049 5183 1208 5237 Mich.
1244 5179 1458 5250 aliquod
1495 5194 1558 5233 ex
1597 5179 1682 5234 iis.

236 5251 314 5323 ⁷⁸⁷
339 5253 421 5305 Ad
474 5254 867 5323 designandum
898 5270 1047 5323 imas.
1105 5254 1171 5307 ad
1201 5253 1608 5323 signiﬁcandam

235 5322 545 5377 subsistunt
587 5322 713 5377 mss.
736 5322 1045 5392 pluralitate
1096 5333 1353 5377 constunt

232 5469 364 5530 pter
391 5459 690 5526 quamlibet
735 5477 862 5516 mu.
927 5461 1062 5516 Vict.
1093 5461 1218 5534 Sag.
1253 5472 1440 5518 contra
1459 5459 1766 5534 quamlibet

2155 4973 2257 5039 Qui
2294 4992 2414 5030 cum
2447 4977 2605 5030 debet
2649 4975 2847 5031 habere
2876 4993 3003 5030 mss.
3028 4973 3161 5026 Tltu.
3203 4970 3510 5038 quicunque

2087 5042 2156 5073 ⁷⁵⁸
2199 5043 2328 5114 Cap.
2365 5046 2432 5098 76
2458 5057 2532 5100 est
2565 5049 2617 5099 in
2658 5062 2780 5098 mss.
2826 5057 2978 5114 caput
3008 5043 3076 5114 '79
3117 5042 3252 5114 mi"
3294 5047 3509 5114 πορει-

1576 5110 1649 5182 ⁷ξ³
1675 5106 1899 5182 Sicutsi
1928 5111 2166 5167 dicerem
2207 5106 2332 5167 mss.
2365 5115 2533 5169 omitt.
2570 5117 2614 5169 si
2689 5114 2760 5146 7“
2786 5106 3001 5182 Aliquid
3029 5110 3222 5182 tleillis
3247 5125 3341 5161 ms.
3371 5106 3506 5160 Tha.

1790 5181 1860 5251 ’7”
1886 5182 1996 5235 Dici
2038 5199 2143 5235 non
2169 5185 2376 5251 possint
2398 5202 2521 5239 mss.
2559 5184 2694 5238 Tim.
2726 5183 2786 5239 S.
2820 5181 2982 5236 Mida.
3008 5181 3112 5235 dici
3135 5195 3248 5251 non
3283 5187 3510 5251 possunt

1684 5250 1754 5285 ⁷⁸⁷
1793 5250 1871 5305 Ad
1899 5247 2285 5322 designandum
2324 5271 2447 5308 mss.
2495 5256 2560 5308 ad
2590 5253 2998 5322 signiﬁcandam
3098 5247 3509 5322 I‘“_l’lttt'alitate

1458 5319 1783 5392 "r’ividetur
1840 5337 1991 5392 ergo,
2016 5319 2113 5376 etc.
2165 5323 2218 5375 in
2254 5342 2378 5378 nisa.
2429 5325 2511 5378 hic
2543 5319 2719 5392 incipit
2747 5335 2896 5392 caput
2923 5322 2990 5376 80
3033 5319 3126 5392 sub
3174 5319 3507 5392 ltoc_gt_itt_tlo:

235 5391 395 5458 Quod
424 5393 539 5460 ipsa
562 5389 890 5462 dominetur,
914 5404 1012 5462 etc.
1047 5396 1194 5462 utit'n
1215 5391 1368 5447 titulo
1395 5391 1579 5462 capitis
1610 5389 1697 5462 7‘7.
1725 5390 1776 5444 in
1789 5389 1960 5446 editis.

2065 5392 2137 5423 "°
2166 5395 2301 5459 Quia
2321 5411 2446 5451 vcro
2465 5393 2596 5448 nihil
2630 5387 2756 5448 nus.
2791 5387 2916 5461 quia
2947 5391 3194 5447 necnilul
3275 5387 3347 5422 7'”
3378 5388 3508 5443 Pro-

1749 5600 1979 5660 ΝΟΤΑΞ.

308 5733 426 5798 (79)
463 5731 612 5790 Alias
636 5740 719 5790 est
746 5747 872 5803 pars
901 5749 1019 5804 cap.
1049 5733 1136 5789 76.

1739 5840 1796 5849 ς...-
