4030 6290
405 395 414 400 ,
495 337 606 393 2‘15

1039 329 1098 386 S.
1139 327 1440 385 ANSELMI
1477 325 1829 383 CANTUAR.
1868 323 2192 380 ABClllEP.
2223 321 2372 381 OPP.
2415 320 2596 377 PARS
2635 321 2677 376 Ι.
2711 352 2782 362 -
2807 319 3225 379 DOGMATICA.

3658 318 3776 375 29.8

497 449 871 506 imminentem
907 445 1280 500 necessitatem
1306 445 1397 496 7".
1429 443 1540 514 (80)
1571 441 1709 509 Quid
1754 448 1934 494 autem
1967 448 2074 493 tam
2106 442 2147 498 Α
2175 440 2314 495 bene
2352 446 2461 499 est,
2513 447 2567 491 et
2609 452 2676 490 ea:
2707 452 2834 507 quo,
2877 446 2926 492 et
2963 453 3056 507 per
3077 451 3229 506 quem
3252 475 3265 499 ,
3313 445 3362 489 et
3404 433 3458 488 in
3507 450 3610 505 quo
3646 444 3781 486 sunt

497 541 600 611 pro
631 553 726 594 sua
759 536 1025 606 dignitate
1069 534 1439 588 venerandum
1491 541 1546 588 et
1597 545 1695 600 pro
1743 528 1982 599 qualibet
2020 544 2081 583 re

500 630 915 699 deprecandum.
944 641 1102 696 quam
1129 640 1337 681 summe
1364 627 1534 679 bonus
1558 632 1612 678 et
1658 637 1867 677 suntme
1889 629 2084 692 potens

501 719 771 790 Spiritus,
802 718 890 788 qui
929 716 1240 771 dominatur
1283 716 1535 770 omnibus
1573 723 1628 768 et
1674 713 1812 784 regit
1856 712 2080 766 omnia?

503 811 659 866 Sicut
687 811 829 867 enim
857 818 1073 864 constat
1110 808 1237 878 quia
1265 808 1448 862 omnia
1479 821 1575 874 per
1609 819 1818 860 summe
1846 803 2080 870 bonam,

501 919 821 972 summeque
842 903 1140 971 sapientem
1169 900 1617 968 oninipotcntian‘.
1648 898 1766 968 ejus
1787 898 1925 951 facta
1955 903 2082 950 sunt

498 1004 555 1050 et
573 995 775 1064 vigent,
800 995 872 1048 ita
899 993 1062 1047 nimis
1093 991 1478 1046 inconveniens
1499 1000 1580 1044 est
1598 989 1690 1055 ⁷⁷³,
1719 988 1764 1040 si
1789 986 2087 1041 aestimetur

499 1087 644 1156 quod
678 1085 839 1140 rebus
882 1102 911 1138 a
960 1099 1019 1138 se
1067 1082 1227 1138 factis
1267 1081 1381 1150 ipse
1432 1096 1537 1134 non
1576 1079 1920 1137 dominetur;
1972 1075 2088 1128 sive

503 1176 646 1244 quod
683 1176 839 1229 facta:
862 1175 930 1232 ab
976 1173 1089 1237 illo,
1117 1172 1186 1226 ab
1214 1171 1323 1225 alio
1351 1171 1528 1224 minus
1559 1178 1808 1239 potente,
1839 1166 2086 1220 minusve

500 1267 674 1329 linno,
707 1266 789 1318 vel
827 1267 1100 1334 sapiente;
1135 1272 1227 1317 aut
1269 1263 1414 1316 nulla
1466 1263 1681 1330 penitus
1720 1259 1958 1321 ratione,
1992 1256 2086 1310 sed

502 1357 616 1409 sola
645 1372 866 1410 casuum
899 1355 1203 1408 inordinata
1232 1352 1569 1406 volubilitate
1601 1359 1934 1416 regnantur:
1960 1359 2084 1398 cum

503 1443 591 1498 illc
620 1445 769 1499 solus
798 1446 900 1506 sit,
944 1459 1040 1513 per
1068 1457 1226 1512 quem
1258 1441 1498 1506 cuilibet,
1541 1449 1595 1494 et
1642 1439 1759 1494 sine
1800 1451 1909 1506 quo
1947 1433 2081 1489 nulli

2184 531 2383 585 omnia.
2415 529 2551 584 Cum
2583 527 2748 598 igitur
2790 525 2938 582 solus
2982 527 3054 583 sit
3083 526 3219 598 ipse,
3253 541 3359 581 non
3391 525 3566 580 solum
3593 525 3783 580 bonus

2184 622 2435 686 Creator,
2467 621 2561 676 sed
2586 627 2641 674 et
2670 618 3080 689 potentissimus
3105 618 3365 674 Dominus
3389 628 3443 672 et
3474 617 3778 686 sapientis-

2185 714 2358 768 simus
2417 719 2598 766 rector
2644 709 2889 765 omnium
2943 727 2959 764 :
3011 707 3431 778 liquidissimum
3483 717 3570 763 est
3623 707 3786 762 hunc

2183 802 2356 858 solum
2411 814 2564 868 esse,
2607 813 2767 870 quem
2817 797 2996 852 omnis
3051 795 3156 851 alia
3208 806 3426 858 natura,
3471 795 3784 850 secundum

2189 902 2356 948 totum
2413 906 2568 946 suum
2621 903 2809 958 posse,
2859 887 3022 941 debet
3066 885 3339 956 diligendo
3387 885 3670 947 venerari,
3728 895 3786 937 et

2187 983 2498 1039 venerando
2519 980 2772 1048 diligere;
2806 979 2872 1032 de
2901 992 3008 1046 quo
3037 975 3154 1030 solo
3196 990 3452 1045 prospera
3490 985 3618 1030 sunt
3651 990 3788 1044 spc-

2197 1073 2389 1139 randa,
2421 1074 2488 1126 ad
2517 1086 2677 1140 quem
2721 1069 2896 1124 solum
2941 1068 3010 1122 ab
3036 1066 3280 1121 adversis
3323 1067 3394 1097 ’7‘
3437 1066 3785 1135 fugiendum,

2191 1167 2277 1220 cui
2309 1164 2408 1218 soli
2441 1178 2537 1232 pro
2561 1161 2754 1230 quavis
2775 1174 2836 1213 re
2873 1157 3304 1227 supplicandum.
3341 1157 3479 1210 Vere
3499 1155 3674 1223 igitur
3695 1155 3794 1208 hic

2189 1265 2272 1310 est
2317 1269 2422 1308 non
2454 1252 2626 1307 solum
2672 1252 2849 1313 Deus,
2895 1248 2990 1303 sed
3038 1246 3186 1302 solus
3224 1246 3382 1308 Deus,
3432 1243 3799 1299 ineﬂabiliter

2195 1347 2366 1401 trinus
2393 1353 2447 1399 et
2473 1358 2615 1398 unus
2639 1342 2733 1395 ⁷⁷⁵.

499 1599 3780 1639 ,________________________..__._________—____

1251 1747 1258 1756 ’
1332 1732 2019 1856 SANCTI
2136 1726 2967 1842 ANSELMI

1626 1969 2617 2104 PROSLOGION
2734 1921 2738 1926 ’

1981 2210 2050 2253 SE

959 2365 1769 2502 ALLOQUIUM
1852 2357 2035 2472 DE
2098 2349 2333 2501 DEl
2394 2348 3312 2463 EXISTENTIA.

1928 2537 2351 2563 ___...._.._.__

962 2634 1071 2704 29
1097 2634 1168 2666 m
1194 2631 1610 2689 PROOEMIUM.

509 2719 624 2792 Uno
661 2735 965 2791 argumento
993 2725 1046 2776 in
1075 2725 1171 2776 hoc
1205 2721 1454 2792 opusculo
1486 2722 1703 2775 intendit
1727 2718 2090 2792 probareqnia

579 2788 845 2856 Deus'est,
874 2805 919 2846 et
957 2788 1278 2863 quaecunque
1310 2793 1374 2844 de
1397 2862 1400 2863 ν
1421 2792 1527 2845 Deo
1551 2788 1830 2845 credintus.
1862 2788 2095 2863 Difficul-

578 2875 659 2917 tas
687 2879 874 2932 operm.
910 2857 1102 2916 Auctor
1125 2857 1299 2915 scribit
1321 2862 1413 2914 sub
1437 2878 1655 2927 persona
1683 2857 2095 2932 conilemplqntis

581 2926 747 2984 Deum
791 2943 838 2985 et
879 2933 1158 3001 qurerenlis
1211 2926 1494 2998 intelligere
1540 2934 1678 3052 quod
1729 2930 1912 2982 credit.
1956 2926 2095 2980 Huic

582 3002 830 3052 onusculo
857 3002 994 3052 hunc
1023 3001 1232 3052 titulum
1263 3001 1476 3052 dederat
1510 3017 1526 3052 :
1575 3000 1710 3052 ‘ides
1739 3013 1985 3052 quaerens
2017 2997 2095 3049 in-

582 3002 830 3065 omtsculo
857 3000 994 3054 hunc
1023 3001 1232 3053 titulum
1263 3001 1476 3054 dederat
1510 3017 1526 3053 :
1552 3000 1710 3052 Fides
1739 3013 1985 3066 quaerens
2017 3000 2096 3049 in-

584 3070 875 3126 tellectum.
910 3070 1109 3152 Deinde
1135 3069 1465 3140 l’roslogion,
1498 3070 1551 3122 id
1575 3079 1646 3122 est
1667 3068 1975 3138 Alloquium
2001 3067 2097 3120 hoc

583 3157 712 3210 opus
734 3151 1072 3206 ttunrupavtt.

582 3251 874 3321 Postquam
899 3250 1216 3321 opusculum
1243 3251 1513 3321 quoddam
1547 3250 1954 3324 (Monologion),
1979 3251 2094 3305 vel-

513 3352 573 3398 ut
601 3345 904 3414 exemplum
957 3343 1248 3398 meditandi
1274 3345 1339 3399 de
1371 3345 1577 3400 ratione
1607 3345 1752 3411 fidei,
1781 3343 2098 3415 cogentibus

513 3451 602 3490 me
656 3437 904 3505 precibus
949 3439 1308 3506 quorumdam
1358 3437 1618 3504 fratrum,
1650 3438 1703 3491 in
1735 3453 1964 3508 persona
1994 3437 2095 3490 ali-

512 3527 668 3595 Cujus
693 3529 854 3580 tacite
884 3544 1066 3582 secum
1096 3531 1470 3583 ratiocinando
1490 3545 1608 3598 qua:
1645 3529 1849 3584 nesciat
1875 3529 2098 3582 investi—

514 3615 696 3684 gantis
720 3617 790 3648 ⁷⁷⁷
812 3617 953 3671 edidi
993 3637 1006 3672 :
1047 3619 1400 3673 considerans
1449 3620 1576 3673 illud
1627 3635 1748 3674 esse
1803 3619 2095 3672 multorum

515 3703 966 3762 eoncatenatione
991 3717 1304 3764 contextum
1336 3721 1801 3779 argumentorum,
1826 3710 1964 3778 cmpi
1987 3724 2098 3762 me-

514 3813 638 3852 cum
691 3814 933 3868 qttterere
965 3801 1006 3854 si
1050 3801 1190 3856 forte
1224 3811 1405 3870 posset
1448 3801 1676 3857 inveniri
1718 3817 1884 3855 unum
1936 3817 2098 3871 argu-

516 3900 783 3956 mentum,
821 3893 962 3962 quod
992 3893 1138 3948 nullo
1184 3894 1288 3948 alio
1327 3893 1392 3947 ad
1442 3909 1500 3948 se
1545 3893 1901 3963 probandum,
1934 3909 2096 3964 quam

2136 2631 2180 2686 B
2210 2621 2406 2676 mentis
2455 2621 2626 2675 aciem
2673 2621 2894 2675 omnino
2945 2620 3175 2689 fugeret,
3216 2624 3431 2676 tandem
3461 2621 3804 2693 'desperans

2199 2713 2344 2766 volui
2386 2727 2624 2777 cessare,
2649 2712 2797 2767 velut
2831 2712 2898 2766 ab
2937 2712 3283 2780 inquisitione
3315 2712 3414 2777 rei,
3447 2727 3611 2782 quam
3638 2715 3807 2770 inve-

2196 2805 2300 2858 niri
2329 2813 2474 2858 esset
2522 2803 2871 2873 impossibile.
2900 2803 3006 2858 Sed
3043 2819 3166 2858 cum
3201 2803 3344 2856 illam
3373 2804 3800 2874 cOgitationem,

2206 2909 2272 2948 ne
2326 2903 2556 2948 mentem
2607 2910 2783 2948 meam
2822 2892 3022 2947 frustra
3072 2895 3406 2964 occupando,
3449 2895 3516 2950 ab
3557 2895 3706 2957 aliis.
3742 2897 3800 2950 in

2195 2983 2390 3051 quibus
2441 2983 2703 3052 prolicere
2751 2999 2962 3053 possem
2993 2985 3086 3050 τεο,
3126 2984 3433 3054 impediret,
3493 2988 3722 3056 penitus
3767 3002 3799 3040 a

2199 3088 2284 3128 me
2311 3073 2496 3128 vellem
2526 3073 2810 3128 excludere
2839 3090 2854 3139 ;
2894 3084 3021 3129 tunc
3046 3074 3216 3144 magis
3255 3089 3321 3129 ac
3353 3075 3545 3146 magis,
3579 3075 3802 3131 nolenti

2201 3165 2268 3196 ’δι
2300 3174 2356 3220 et
2400 3164 2707 3220 defendenti
2746 3181 2804 3220 se
2844 3167 3007 3234 cmpit
3039 3180 3162 3219 cum
3210 3166 3619 3234 importunitate
3657 3180 3803 3235 qua-

2199 3257 2320 3310 dam
2368 3257 2634 3327 ingerere.
2663 3255 2905 3322 Quadam
2936 3257 3099 3326 igitur
3121 3257 3230 3321 die,
3263 3273 3384 3312 cum
3437 3257 3806 3311 vehementer

2198 3348 2314 3417 ejus
2348 3346 2742 3417 itnportunitati
2793 3345 3095 3401 resistendo
3132 3347 3405 3418 l‘atigarer,
3435 3347 3486 3399 in
3519 3347 3639 3416 ipso
3692 3364 3797 3401 co-

2200 3439 2517 3508 gitationum
2553 3437 2807 3493 conﬂictu
2849 3437 2929 3492 sic
2956 3452 3014 3491 se
3063 3438 3259 3492 obtulit
3286 3438 3431 3507 quod
3461 3441 3802 3506 desperave-

2200 3547 2338 3593 ram,
2369 3539 2428 3583 ut
2481 3529 2724 3584 studiose
2768 3530 3149 3600 cogitationem
3213 3531 3594 3600 amplecterer,
3624 3546 3802 3601 quam

2200 3620 2465 3674 Sollicitus
2523 3620 2870 3689 repellebam.
2931 3617 3235 3674 Estimans
3295 3620 3461 3690 igitur
3503 3621 3645 3688 quod
3713 3633 3808 3674 me

2201 3711 2498 3778 gaudebam
2527 3711 2815 3776 invenisse,
2845 3711 2888 3764 si
2923 3712 3183 3780 scriptum
3221 3721 3365 3766 esset
3397 3711 3561 3765 alicui
3594 3710 3804 3780 legenti

2201 3804 2552 3874 placiturum,
2581 3803 2647 3858 de
2671 3804 2771 3858 hoc
2800 3805 2916 3873 ipso
2936 3813 2988 3857 et
3006 3804 3071 3857 de
3092 3803 3409 3871 quibusdam
3437 3803 3508 3834 ⁷⁸¹
3525 3803 3665 3867 aliis,
3695 3804 3804 3858 sub

2201 3909 2426 3962 persona
2463 3894 2708 3948 conantis
2731 3894 2942 3964 erigere
2981 3903 3214 3947 mentem
3242 3893 3314 3926 ⁷⁸³
3369 3909 3523 3947 suam
3562 3894 3631 3946 ad
3660 3909 3807 3949 con-

514 3995 575 4034 se
629 3981 743 4036 solo
775 3982 1082 4052 indigeret;
1120 3990 1176 4038 et
1223 3983 1394 4038 solum
1444 3983 1510 4038 ad
1564 3984 1915 4038 astruendmn
1973 3984 2102 4053 quia
2130 3979 2172 4036 C
2208 3982 2572 4052 templandum
2617 3981 2816 4044 Deum,
2859 3991 2914 4036 et
2955 3982 3249 4050 qurerentis
3296 3981 3597 4051 intelligere
3647 3983 3806 4052 quod

515 4070 663 4127 Deus
687 4087 817 4128 vere
845 4084 949 4139 est,
997 4084 1052 4130 et
1095 4076 1219 4145 quia
1268 4086 1350 4132 est
1381 4079 1653 4130 summum
1702 4074 1901 4128 bonum
1953 4073 2099 4128 nullo

516 4161 624 4218 alio
653 4163 921 4234 indigens,
963 4174 1016 4218 et
1043 4183 1150 4236 quo
1173 4169 1352 4221 omnia
1387 4167 1626 4236 indigent
1661 4174 1719 4218 ut
1746 4165 1854 4218 sint
1883 4174 1937 4219 et
1961 4163 2101 4219 bene

517 4257 590 4288 m
615 4257 755 4322 sint;
787 4267 842 4313 et
869 4273 1206 4329 quaecunque
1237 4263 1511 4316 credimus
1547 4261 1613 4316 de
1639 4261 1818 4315 divina
1849 4259 2113 4314 substan--

520 4344 620 4409 tia,
648 4344 938 4403 sullleeret.
963 4348 1044 4402 Ad
1079 4350 1221 4417 quod
1246 4364 1366 4402 cum
1401 4363 1543 4418 saepe
1581 4349 1927 4416 studioseque
1952 4347 2102 4416 cogi-

523 4437 781 4492 tationem
834 4449 1211 4497 ronverterem
1233 4443 1304 4474 ’⁷⁷⁸
1327 4451 1487 4512 atque
1517 4441 1806 4509 aliquando
1854 4438 1984 4492 mihi
2017 4438 2097 4490 vi-

521 4529 744 4584 deretur
781 4529 896 4600 jam
921 4535 1038 4602 capi
1073 4547 1232 4602 posse
1257 4536 1398 4602 quod
1443 4534 1773 4603 quaerebam,
1811 4529 2099 4598 aliquando

2205 4074 2398 4139 credit,
2450 4074 2721 4128 subditum
2779 4074 2970 4140 scripsi
3022 4073 3365 4141 opusculum.
3419 4073 3486 4127 Et
3533 4074 3808 4143 quoniam

2203 4176 2308 4217 nec
2336 4162 2475 4216 istud
2508 4179 2606 4219 nec
2641 4163 2790 4229 illud,
2817 4163 2970 4233 cujus
3005 4178 3169 4231 supra
3203 4163 3446 4227 memini,
3480 4162 3708 4232 dignum
3745 4165 3810 4218 li-

2203 4255 2285 4309 bri
2316 4257 2550 4322 nomine,
2569 4264 2661 4310 ant
2685 4257 2771 4310 cui
2801 4248 3124 4311 auctorism
3149 4264 3549 4326 prmponeretur
3575 4271 3808 4320 nomen,

2196 4347 2536 4417 judicabant;
2571 4363 2667 4402 nec
2713 4357 2889 4402 tamen
2927 4347 3116 4403 eadem
3147 4348 3263 4402 sine
3294 4347 3364 4379 ⁷⁸⁵
3389 4345 3570 4414 aliquo
3618 4347 3806 4410 titulo,

2204 4452 2312 4506 quo
2361 4439 2635 4508 aliquem,
2665 4440 2715 4492 in
2765 4441 2919 4510 cujus
2971 4439 3500 4520 manusovenirent;
3527 4439 3800 4506 quodam.

2204 4530 2364 4584 modo
2408 4533 2472 4586 ad
2511 4547 2570 4586 se
2616 4532 2899 4602 legendum
2940 4531 3271 4597 invitarent,
3321 4531 3645 4585 dimittenda
3704 4547 3809 4601 pu-

1806 4639 2042 4694 VARl/E
2098 4637 2496 4697 LEC'l'lONES.

614 4736 685 4766 ⁷⁷⁸
728 4734 795 4789 In
847 4753 970 4790 mss.
1024 4739 1362 4790 continuatur
1423 4747 1575 4804 caput
1609 4735 1923 4804 pt'a'cedens.

2036 4730 2109 4802 ξ’ῖέ
2157 4731 2317 4802 nimis
2372 4743 2426 4787 et
2481 4736 2863 4790 inconveniens
2910 4745 2995 4792 est
3048 4753 3172 4790 mss.
3234 4732 3370 4788 Vict.
3415 4733 3540 4802 Sag.
3599 4732 3807 4787 Cisler.

524 4807 692 4859 omitt.
715 4816 770 4876 et
843 4807 914 4836 7”
937 4807 986 4861 in
1012 4809 1252 4876 adversis
1279 4824 1400 4858 mss.
1429 4800 1495 4859 ah
1529 4805 1772 4859 adversis
1845 4803 1916 4876 [⁷⁸
1943 4802 2003 4857 S.
2023 4800 2185 4876 Illic/1.
2220 4800 2359 4876 _l_’ict.
2389 4805 2442 4876 57.
2471 4804 2663 4859 Cister.
2701 4806 2936 4876 Explicit
2987 4805 3325 4876 Monologion
3355 4800 3510 4876 _7li_he_r
3555 4803 3810 4876 A_ll§t‘ll_l_li

522 4877 596 4910 ⁷⁷³
626 4875 860 4930 Collatus
897 4876 1136 4930 estliber
1178 4875 1484 4940 Prosloqiou
1517 4891 1632 4928 rum
1659 4891 1787 4926 mss.
1831 4871 2352 4932 Gemmeticensibus.
2409 4871 2970 4937 Beccensibusflribus
3019 4871 3296 4929 Victorini;
3343 4872 3433 4925 RR
3463 4873 3516 4935 5,
3565 4871 3663 4924 EE
3709 4871 3808 4936 l3,

526 4945 612 5000 CC
642 4948 697 5010 9,
741 4947 1040 4999 Corbeiensi
1079 4946 1206 5008 507,
1239 4957 1464 5014 quatuor
1491 4945 1746 5014 Timonis.
1778 4941 1866 5007 90,
1896 4941 2020 5014 391i
2035 4939 2140 5014 45l_
2169 4942 2366 5014 et653,
2393 4961 2495 4997 uno
2526 4944 2879 5010 Cisterciensi,
2905 4956 2951 4998 et
2975 4962 3079 4998 uno
3112 4945 3416 5014 monasterii
3447 4941 3725 5014 illicitaer
3748 4944 3812 4995 iu

526 5017 756 5083 periculo
775 5017 956 5070 maris.
990 5047 1061 5055 -——
1091 5015 1191 5070 Ms.
1222 5009 1349 5068 Cist.
1409 5015 1594 5082 incipit
1626 5009 2306 5083 PrologusinProslogion
2352 5015 2591 5069 Anseltni
2643 5009 3052 5070 Cantuariensis
3092 5012 3623 5083 archiepiscopims.‘
3645 5009 3807 5083 Gem.

526 5078 718 5155 incipit
747 5087 1076 5140 Prooemium
1107 5087 1158 5139 in
1189 5085 1499 5153 Prnsloginn
1521 5078 2415 5155 librumAnselmiarchiepiscopi.
2447 5101 2546 5137 ms.
2580 5085 2781 5138 Vict.3.
2807 5085 2999 5154 Incipit
3021 5078 3357 5155 Prouzmium
3388 5078 3446 5134 in
3469 5078 3808 5155 [frosl‘ngion

530 5149 728 5210 librum
763 5158 1027 5210 Anseltni.
1056 5174 1152 5210 ms.
1192 5157 1362 5208 T/nta.
1382 5149 1510 5208 ‘59l
1569 5153 1759 5221 Incipit
1790 5150 2038 5221 Przrfatio
2069 5150 2123 5221 in
2148 5149 2498 5221 Prosologion
2525 5155 2644 5210 libri
2673 5149 3352 5208 Anselnti—Cantuariensis
3399 5149 3802 5221 archiepiscopi

507 5243 628 5296 -ms.
663 5226 795 5279 'l‘lm.
831 5228 954 5281 655.
983 5227 1172 5296 Incipit
1195 5225 1533 5294 Proslogion,
1563 5222 1612 5296 id
1637 5219 2066 5296 tzél,all0qultlt‘ll,
2094 5219 2228 5296 liber
2256 5219 2493 5296 ftnsehni
2526 5243 2623 5296 me.
2648 5225 2710 5279 S.
2737 5225 2900 5296 llliclt.
2932 5225 3124 5296 Incipit
3143 5221 3469 5296 Prooemium
3495 5221 3547 5296 in
3578 5219 3808 5296 Proslg-

529 5295 653 5362 ιςὶοη
687 5297 881 5351 Ιὶιηηιιιι
915 5290 1175 5366 An'sellni
1207 5290 1598 5366 archiepiscopi
1641 5290 2046 5366 Catitttzirietisis

2149 5291 2216 5364 ῖ⁷⁷
2256 5292 2644 5364 lnvcstigandis
2690 5312 2817 5348 mss.
2849 5294 2971 5348 Bec.
3005 5289 3152 5347 Gem.
3188 5290 3560 5360 investiganlis
3633 5289 3705 5320 ⁷⁷⁸
3734 5289 3812 5346 Ut

531 5360 640 5418 sint
676 5367 812 5420 bene
841 5385 960 5420 mss.
994 5367 1127 5420 Tim.
1146 5365 1334 5422 Cister.
1363 5360 1420 5420 ut
1441 5360 1626 5419 sint'et
1658 5373 1714 5415 nt
1743 5361 1876 5415 bene
1945 5360 2016 5391 ⁷⁷⁸
2039 5360 2407 5429 cogitationes
2435 5360 2812 5419 converterem
2839 5381 2964 5418 mss.
2992 5364 3375 5428 cogitationem
3415 5367 3808 5429 converterent

529 5435 600 5468 ⁵⁸⁸)
633 5435 898 5490 Prolicerc
929 5450 1144 5505 possent
1195 5455 1319 5490 mss.
1351 5435 1497 5489 Gem.
1527 5432 1651 5486 Bec.
1689 5429 1845 5505 Yict.‘
1872 5428 1939 5505 l5
1984 5439 2028 5482 et
2051 5428 2258 5505 Δ(ἰίςερξτ.
2294 5433 2557 5505 prolicere
2608 5450 2818 5504 possem

2920 5434 2990 5466 ται
3033 5427 3204 5500 Magis
3248 5429 3449 5483 volenti
3487 5445 3615 5489 mss.
3658 5427 3804 5482 That.

532 5510 711 5578 inagis
736 5500 942 5559 nolenti
1013 5508 1082 5537 ⁷⁸³
1108 5509 1171 5560 Et
1200 5507 1524 5578 quibusdam
1534 5520 1648 5578 ius;
1679 5500 1737 5556 S.
1771 5500 1933 5578 Mich.
1957 5509 2011 5554 et
2033 5501 2100 5553 de
2123 5501 2451 5578 quibusdam
2523 5500 2850 5578 "{Exigere
2879 5512 3115 5561 mentem
3147 5519 3272 5557 mss.
3301 5500 3513 5572 erigere
3560 5509 3808 5554 mentem

531 5576 599 5608 ’ν
623 5571 1434 5631 Cuiamorismss.cuiauctoris
1505 5574 1575 5606 ⁷⁸⁸
1608 5571 1810 5629 Tamen
1833 5573 1948 5629 sine
1972 5587 2096 5624 mss.
2129 5577 2308 5624 tamen
2355 5575 2542 5630 eadem
2569 5575 2686 5632 sine

2064 5637 2292 5695 ΝΟΤΛΞ.

603 5732 716 5804 (80)
756 5730 903 5788 Alias
937 5730 1022 5786 hic.
1051 5729 1234 5800 incipit
1269 5745 1386 5801 cap.
1414 5729 1500 5784 77.
