4030 6290
223 368 333 430 εει

1608 361 1921 422 PROSLOG
1934 362 2067 422 1οΝ.

3375 367 3486 430 226

229 467 444 529 tabam,
496 474 788 530 mitemque
836 475 994 516 suum
1041 459 1163 515 deJi
1191 458 1262 493 ⁷⁸⁸
1299 457 1509 514 titulum
1556 466 1615 512 ut
1651 459 1800 528 prius
1827 470 1877 525 Α
1904 459 2196 522 desiderat,
2218 468 2272 514 et
2295 458 2687 516 inaccessibilis
2704 470 2789 517 est
2810 460 3070 520 habitatio
3102 473 3210 519 tua.
3232 464 3481 524 invenire

227 554 531 624 exemplum
583 552 876 608 meditandi
918 553 986 606 de
1033 553 1242 607 ratione
1290 551 1437 616 fidei,
1467 559 1523 605 et
1572 563 1807 620 sequens
1912 550 2150 620 tecnpit,
2197 560 2253 606 et
2279 552 2449 606 nescit
2473 553 2647 608 locum
2675 563 2845 608 tuum.
2877 554 3130 622 Quaerere
3160 567 3211 612 te
3240 557 3478 626 affectat,

225 646 297 678 ’³⁷
327 645 459 702 fides
481 656 732 713 quaerens
774 641 1133 705 intellectum,
1181 640 1471 695 diceretur.
1527 638 1633 694 Sed
1681 652 1804 694 cum

218 734 335 805 jam
375 750 406 789 a
450 732 697 803 pluribus
737 746 860 787 eum
897 731 985 786 his
1031 730 1201 785 titulis
1221 730 1292 762 ⁷⁸⁸
1324 738 1614 797 utrumque
1658 735 1806 782 tran-

222 825 488 893 scriptum
510 822 584 854 ⁷⁸⁸
620 828 791 885 esset,
812 829 1106 889 coegerunt
1149 835 1234 875 me
1257 818 1457 890 plures,
1485 826 1542 872 et
1571 818 1805 873 maxime

224 910 560 965 reverendus
581 908 1025 978 archiepiscopus
1052 906 1464 977 Lugdunensis,
1503 906 1658 978 llugo
1702 923 1802 963 no—

218 1002 397 1063 mine,
433 1000 663 1072 fungens
708 1001 763 1055 in
792 998 967 1054 Gallia
1014 999 1285 1071 legatione
1334 998 1629 1070 apostolica
1652 1037 1671 1066 ,
1711 1001 1804 1069 qui

223 1093 358 1147 mihi
408 1093 514 1148 hoc
546 1107 615 1148 ex
662 1091 960 1163 apostolica
1006 1091 1341 1161 prtecepit‘m
1371 1093 1719 1158 auctoritate,
1747 1098 1805 1149 ut

216 1197 419 1238 nomen
470 1198 651 1238 meum
701 1182 805 1238 illis
846 1182 1277 1251 prrescriberem.
1320 1181 1479 1249 Quod
1524 1190 1583 1236 nt
1625 1183 1803 1253 aptius

217 1272 396 1340 fieret,
416 1275 545 1329 illud
573 1274 793 1343 quidem
816 1274 1197 1344 Mouologium,
1220 1274 1272 1329 id
1301 1283 1384 1330 est
1410 1273 1757 1344 Soliloquium
1779 1292 1800 1341 ,'

214 1364 360 1420 istud
407 1381 539 1423 vero
585 1364 896 1436 Proslogion
926 1366 1021 1432 7“,
1068 1366 1122 1422 id
1155 1374 1240 1421 est
1280 1365 1583 1436 Alloquium
1627 1366 1803 1422 nomi-

209 1470 364 1513 navi.

734 1564 962 1622 CAPUT
999 1565 1289 1622 PRIMUM.

207 1673 485 1749 Excitatio
522 1677 707 1730 mentis
737 1678 807 1749 ad
848 1677 1304 1749 contemplandum
1342 1678 1525 1732 Deum.
1556 1679 1801 1749 —-,Abji-

275 1746 355 1798 cit
382 1761 538 1800 curas
568 1756 614 1799 et
647 1746 822 1800 omnia
858 1746 1241 1803 nrreter'Deum
1275 1750 1503 1802 excludit
1546 1759 1602 1802 ιιι
1633 1746 1801 1803 Deum

315 1827 510 1867 atterat.
571 1814 745 1869 Homo
800 1814 870 1869 ad
917 1818 1194 1870 videndum
1252 1817 1418 1871 Deum

315 1830 510 1867 atterat.
571 1830 745 1869 nomo
800 1830 868 1869 au
917 1830 1194 1870 videndum
1252 1830 1418 1871 "eum
1475 1830 1648 1885 [actus
1699 1830 1794 1872 est.

271 1830 463 1937 110nm
486 1901 705 1957 peccans
739 1885 964 1957 perdidit
1010 1885 1380 1939 beatitudinem
1422 1888 1491 1939 ad
1529 1903 1685 1957 quam
1711 1888 1794 1955 [a-

270 1962 402 2006 ctus
424 1964 498 2007 est
528 1963 627 2025 ;_et
668 1954 857 2007 invenit
892 1955 1155 2008 miseriam
1184 1968 1392 2023 propter
1421 1954 1579 2025 quam
1620 1954 1793 2025 [actus

270 1973 402 2006 “tu
424 1973 497 2007 est
528 1973 548 2017 ;
578 1973 626 2006 et
668 1973 857 2007 mrenu
892 1973 1155 2008 miseriam
1184 1973 1392 2023 propter
1459 1973 1579 2009 nam
1620 1973 1791 2025 (actus

268 2036 391 2093 non
416 2033 512 2093 est.
539 2020 745 2093 Bonum
787 2039 892 2077 non
926 2026 1228 2093 custodiuit,
1267 2042 1383 2078 cum
1417 1973 1573 2093 iacile
1599 2037 1791 2093 posset.

266 2090 413 2144 Sine
434 2091 543 2146 Deo
565 2092 701 2145 male
724 2102 799 2146 est
840 2095 1006 2146 nobis.
1036 2092 1260 2147 Labores
1295 2105 1343 2148 et
1378 2090 1608 2148 conatus
1629 2096 1794 2149 nostri

263 2171 405 2233 ssent
421 2162 562 2233 irriti
580 2162 697 2233 sine
724 2161 850 2215 Deo.
870 2161 1034 2215 Deum
1053 2165 1205 2216 homo
1225 2180 1457 2231 qmrrere
1479 2182 1582 2218 non
1607 2176 1792 2233 potest,

264 2230 386 2302 nisi
413 2230 521 2302 ipse
554 2231 735 2302 doceat
757 2247 775 2294 ,'
804 2246 895 2283 nec
926 2234 1175 2302 invenire,
1193 2230 1294 2285 nisi
1321 2235 1427 2302 ipse
1451 2249 1505 2287 se
1529 2230 1789 2288 ostendat.

260 2297 427 2352 Deus
475 2300 738 2369 hominem
782 2301 973 2352 creauit
1006 2300 1075 2352 ad
1121 2297 1398 2369 imaginem
1432 2318 1603 2367 suam,
1628 2313 1682 2355 ut
1713 2304 1794 2356 sui

258 2384 486 2438 memor
532 2370 634 2432 sit,
681 2368 850 2436 ipsum
898 2370 1084 2438 cogitet
1121 2379 1169 2422 et
1216 2368 1384 2438 ipsum
1422 2381 1578 2424 amet.
1623 2370 1797 2424 Homo

257 2436 454 2504 fidelis
478 2453 581 2507 non
609 2439 795 2506 qutet'it
834 2436 1115 2507 interligere
1142 2449 1193 2491 ut
1234 2436 1454 2504 credat;
1489 2441 1579 2493 sed
1610 2442 1796 2505 credit,

258 2517 331 2560 ιιι
362 2506 621 2576 intelligat
645 2521 665 2560 :
688 2507 835 2574 quia,
866 2507 966 2560 nisi
995 2506 1297 2574 crediderit,
1326 2524 1428 2562 non
1458 2508 1725 2579 intelliget.

190 2686 197 2691 .
261 2641 384 2697 Eia
422 2655 566 2695 nunc
590 2639 901 2703 homuncio,
932 2639 1055 2711 fuge
1094 2640 1369 2710 paululum
1418 2643 1800 2713 occupationes

192 2744 356 2797 tuas,
386 2731 659 2788 absconde
685 2740 737 2785 te
771 2731 1042 2787 modicum
1073 2746 1104 2785 a
1137 2733 1483 2788 tumultuosis
1513 2735 1799 2803 cogitatio-

192 2823 373 2878 nibus
399 2822 523 2877 tuis.
564 2820 750 2890 Abjice
778 2838 922 2878 nunc
945 2836 1207 2878 onerosas
1244 2837 1425 2888 curas,
1460 2831 1516 2880 et
1549 2824 1619 2855 ⁷³⁸
1648 2835 1800 2892 post-

192 2930 357 2985 pone
404 2914 702 2971 laboriosas
727 2915 1089 2973 distensiones
1112 2915 1184 2948 ⁷⁹³
1215 2924 1352 2970 tuas.
1386 2914 1528 2970 Vaca
1556 2915 1802 2986 aliquan-

194 3005 383 3073 tulum
435 3004 560 3069 Deo,
604 3014 655 3060 et
691 3004 970 3075 requiesce
1011 3005 1405 3076 aliquantulum
1454 3006 1507 3060 in
1538 3019 1627 3061 eo.
1657 3006 1800 3069 lutra

194 3094 250 3150 in
318 3092 632 3149 cubiculum
683 3094 880 3150 mentis
920 3103 1058 3160 tum;
1115 3092 1340 3149 exclude
1377 3109 1559 3150 omnia
1606 3106 1801 3165 printer

194 3186 409 3250 Deum.
441 3196 498 3241 et
523 3201 643 3256 quae
670 3196 720 3242 te
746 3185 1017 3256 juventm
1039 3187 1106 3243 ad
1149 3187 1496 3256 quaerendum
1543 3204 1689 3254 eum,
1723 3198 1795 3255 et,
1826 3203 1867 3261 α

194 3277 400 3330 clauso
421 3276 581 3341 ostio,
610 3291 788 3345 qurere
808 3290 951 3331 eum.
984 3277 1077 3331 Dic
1097 3291 1260 3341 nunc,
1286 3284 1454 3331 totum
1478 3293 1574 3333 cor
1600 3294 1803 3346 meum,

197 3367 288 3422 die
318 3382 473 3421 nunc
508 3367 657 3421 Deo:
691 3366 885 3434 Quer
937 3367 1142 3422 vultum
1178 3376 1364 3432 tuum;
1414 3368 1801 3437 vultumtunm,

196 3459 458 3523 Domine,
496 3460 700 3541 requiro
732 3457 903 3529 (Psal.
940 3473 1088 3523 xxvi,
1120 3457 1198 3529 8).
1228 3458 1326 3512 Eia
1367 3472 1509 3513 nunc
1532 3473 1682 3528 ergo,
1721 3467 1802 3527 tu,

194 3548 441 3606 Domine
491 3550 635 3606 Deus
689 3564 863 3618 meus,
911 3549 1046 3607 doce
1091 3564 1188 3606 cor
1224 3564 1405 3605 meum
1455 3549 1545 3604 ubi
1575 3558 1629 3605 et
1676 3567 1806 3621 quo-

195 3644 374 3701 modo
421 3652 475 3700 Ie
501 3653 729 3713 quaerat,
773 3643 867 3699 ubi
911 3652 968 3699 et
1012 3641 1285 3713 quomodo
1313 3652 1363 3697 te
1405 3642 1664 3698 inveniat.
1695 3646 1801 3698 Do-

197 3738 380 3802 mine,
428 3736 474 3792 si
505 3752 611 3792 non
639 3751 701 3792 es
740 3735 830 3791 hic
854 3774 870 3801 ,
898 3736 987 3791 ubi
1022 3744 1075 3790 te
1103 3750 1342 3805 quzeram
1384 3733 1662 3789 absentem
1690 3735 1714 3788 ἲ
1742 3735 1800 3792 Si

195 3838 396 3885 autem
430 3827 710 3898 nbique'm
722 3842 815 3892 es,
850 3843 950 3882 cur
970 3842 1076 3883 non
1100 3827 1259 3882 video
1285 3835 1336 3880 te
1358 3828 1801 3895 praesentem’"?

198 3916 319 3974 Sed
343 3924 499 3973 certe
541 3916 753 3973 habitas
783 3915 959 3970 lucem
999 3915 1446 3971 inaccessittilem.
1473 3913 1538 3968 Et
1580 3915 1668 3969 ubi
1714 3925 1799 3972 est

196 4007 296 4063 lux
328 4007 743 4074 inaccessibilis,
775 4015 869 4061 aut
906 4008 1178 4077 quomodo
1225 4009 1481 4062 accedam
1525 4006 1591 4059 ad
1624 4005 1798 4062 lucem

198 4086 639 4153 inaccessibilem
666 4098 690 4151 ἲ
713 4098 815 4152 Aut
841 4098 966 4167 quis
997 4111 1082 4150 me
1105 4096 1288 4161 ducet,
1316 4104 1372 4150 et
1407 4095 1626 4150 inducet
1647 4095 1717 4128 ""
1742 4094 1797 4152 in

198 4189 396 4253 illam;
430 4196 489 4242 ut
535 4186 749 4245 videam
781 4198 832 4244 te
876 4189 929 4245 in
970 4187 1104 4243 illa?
1141 4186 1365 4252 Deinde,
1397 4186 1593 4256 quibus
1615 4186 1686 4218 ⁷⁵⁸
1721 4188 1797 4241 si-

198 4277 353 4347 gnis,
385 4291 495 4346 qua
541 4275 683 4332 facie
710 4289 761 4331 te
805 4277 1082 4345 q'umram?
1124 4274 1408 4344 Nunquam
1449 4283 1501 4329 te
1526 4274 1659 4340 vidi,
1693 4274 1798 4330 Do-

196 4365 355 4419 mine
396 4361 540 4419 Deus
580 4379 765 4430 meus;
794 4365 904 4435 30
931 4380 1037 4419 non
1084 4364 1205 4419 novi
1237 4363 1426 4418 faciem
1456 4373 1624 4418 tuam.
1656 4363 1794 4429 Quid

198 4454 373 4510 faciet
393 4456 421 4519 ,”
443 4454 705 4510 altissime
750 4456 997 4535 Domine,
1042 4455 1172 4526 quid
1218 4455 1379 4511 faciet
1437 4455 1537 4511 iste
1581 4456 1789 4511 tuus'”

1906 648 1961 695 et
1981 639 2193 708 ignorat
2223 639 2429 695 vultum
2466 650 2637 696 tuum.
2676 643 2930 710 Domine,
2962 645 3103 700 Deus
3132 661 3285 701 meus
3309 662 3391 714 es,
3425 655 3484 703 et

1905 729 2327 786 Dominusmeus
2355 746 2443 798 es;
2464 740 2518 787 et
2539 749 2813 802 nunquam
2834 736 2904 767 ⁸⁰⁰
2923 745 2975 790 te
2998 737 3126 792 vidi.
3141 736 3217 794 Te
3248 752 3335 793 me
3349 740 3483 795 feci-

1906 820 1973 876 sti
1991 830 2049 876 et
2069 820 2325 886 refecisti,
2344 830 2399 877 et
2432 825 2611 878 omnia
2639 840 2754 880 mea
2778 826 2918 880 bona
2950 836 3003 881 tu
3032 828 3481 898 mihicontulisti,

1904 921 1952 966 et
1979 913 2214 969 nondum
2264 914 2387 970 novi
2420 924 2493 969 te.
2534 916 2776 986 Denique
2804 917 2870 971 ad
2900 927 2951 973 te
2979 920 3268 977 videndum
3301 922 3480 979 factus

3550 970 3564 999 Ῐ

1904 1018 2058 1068 sum;
2085 1013 2140 1058 et
2183 1006 2419 1059 nondum
2463 1004 2566 1061 feci
2609 1016 2829 1077 propter
2854 1010 2997 1077 quod
3044 1009 3217 1067 laetus
3259 1026 3399 1069 sum.
3433 1014 3481 1069 0
3542 1004 3555 1077 ἕ

1904 1094 2100 1151 misera
2129 1110 2250 1153 sors
2276 1097 2529 1161 hominis,
2558 1074 2680 1153 cum
2711 1074 2828 1155 hoc
2849 1074 3103 1169 perdidit,
3129 1104 3196 1159 ad
3225 1105 3370 1172 quod
3396 1106 3478 1160 fa-
3535 1074 3547 1177 ξ

1904 1192 2025 1241 ctus
2072 1194 2173 1240 est.
2215 1186 2259 1242 Ο
2296 1190 2485 1253 durus,
2516 1194 2574 1243 et
2620 1188 2770 1265 dirus
2809 1203 2971 1244 casus
3010 1190 3135 1247 ille!
3172 1191 3317 1248 Heu!
3345 1196 3478 1264 quid

1902 1276 2155 1345 perdidit,
2185 1286 2238 1332 et
2258 1278 2384 1346 quid
2401 1278 2606 1333 invenit
2633 1279 2657 1332 ‘i
2682 1279 2813 1349 quid
2840 1279 3127 1348 abscessit,
3155 1292 3210 1338 et
3234 1285 3363 1354 quid
3388 1302 3477 1341 re-

1903 1365 2095 1419 mansit
2121 1366 2144 1419 ?
2172 1365 2413 1420 Perdidit
2433 1367 2823 1423 beatitudinem
2851 1369 2917 1423 ad
2958 1385 3124 1440 quam
3167 1371 3347 1445 factus
3370 1382 3475 1439 est,

1902 1460 1957 1511 et
1982 1452 2187 1508 invenit
2225 1454 2501 1511 miseriam
2539 1468 2759 1527 propter
2798 1475 2961 1529 quam
3000 1459 3175 1517 factus
3214 1476 3319 1517 non
3352 1474 3437 1519 est
3460 1483 3477 1518 :

1900 1541 2185 1605 abscessit,
2228 1541 2346 1598 sine
2387 1558 2493 1613 quo
2542 1545 2675 1600 nihil
2716 1546 2843 1602 felix
2887 1548 3074 1612 est‘“,
3106 1558 3162 1604 et
3196 1553 3485 1621 remansit,

1902 1632 2043 1699 quod
2080 1646 2177 1701 per
2202 1647 2261 1688 se
2290 1634 2505 1689 nonnisi
2540 1634 2796 1691 miserum
2828 1645 2932 1692 est.
2962 1637 3323 1695 Manducabat
3350 1650 3478 1697 tunc

1902 1721 2065 1778 homo
2092 1726 2289 1794 panem
2349 1725 2686 1796 angelorum,
2715 1742 2875 1797 quem
2906 1745 3047 1785 nunc
3096 1731 3297 1796 esurit;
3326 1747 3483 1786 man-

1475 1818 1648 1909 [actus
1699 1828 1794 1909 erst.
1829 1850 1872 1909 Β
1903 1814 2065 1868 ducat
2106 1830 2249 1870 nunc
2277 1830 2475 1885 panem
2521 1816 2791 1884 dolorum,
2820 1832 2981 1886 quem
3028 1827 3154 1873 tunc
3181 1819 3476 1875 nesciebat.

1900 1904 2032 1959 Heu!
2062 1905 2310 1975 publicus
2340 1905 2518 1962 luctus
2563 1908 2863 1973 hominum,
2896 1909 3213 1965 universalis
3234 1910 3482 1980 planctus

1896 1996 2126 2050 filiorum
2154 1997 2281 2052 Atla:
2307 1998 2321 2051 l
2348 1996 2441 2052 llle
2469 1999 2720 2053 ructabat
2743 2000 3074 2067 saturitate;
3100 2015 3199 2056 nos
3237 2003 3481 2071 suspira-

1895 2077 2017 2140 mus
2053 2087 2254 2141 esurie.
2304 2086 2395 2141 Ille
2444 2088 2783 2154 abundabat,
2816 2103 2917 2145 nos
2944 2090 3357 2145 mendicamus.
3385 2090 3481 2145 llle

1894 2174 2127 2231 feliciter
2154 2180 2389 2243 tenebat,
2422 2188 2478 2233 et
2518 2179 2719 2234 misere
2741 2180 3021 2246 deseruit;
3049 2194 3149 2235 nos
3189 2180 3488 2237 infeliciter.

1896 2281 2136 2337 egemus.
2180 2279 2234 2323 et
2287 2269 2672 2324 miserabiliter
2705 2254 3187 2337 desideramusfet
3217 2272 3357 2327 heu!
3387 2286 3485 2326 va-

1897 2358 1981 2409 cui
2006 2359 2375 2413 remanemus!
2399 2357 2509 2414 Cur
2528 2373 2633 2414 non
2664 2359 2821 2414 nobis
2841 2360 3155 2424 custodivit,
3173 2376 3296 2415 cum
3317 2358 3479 2416 facile

1896 2438 2241 2516 possemque
2273 2458 2381 2503 tam
2420 2451 2657 2520 graviter
2688 2452 3040 2507 careremus?
3073 2453 3142 2485 ⁸⁰¹
3179 2452 3356 2519 Quare
3399 2454 3482 2509 sic

1899 2537 2055 2593 nobis
2094 2538 2368 2594 obseravit
2393 2541 2591 2605 lucem,
2622 2549 2678 2596 et
2717 2542 2945 2598 obduxit
2973 2559 3071 2600 nos
3099 2545 3374 2611 tenebris?
3407 2544 3480 2603 Ut

1899 2626 2026 2696 quid
2053 2627 2273 2682 abstulit
2299 2628 2454 2701 nobis
2474 2629 2732 2699 vitam,et
2751 2631 2946 2686 inflixit
2964 2635 3232 2689 mortem?
3257 2634 3482 2689 Erum-

1901 2717 2041 2781 uosi,
2090 2718 2232 2772 unde
2307 2733 2493 2773 sumus
2543 2719 2773 2787 expulsi,
2838 2736 2947 2789 quo
2987 2735 3175 2777 sumus
3220 2722 3479 2791 impulsi?

1902 2808 2053 2864 Unde
2080 2809 2439 2880 prmcipitati?
2467 2810 2585 2878 Quo
2604 2812 2827 2867 obruti?
2850 2812 2895 2866 Δ
2916 2812 3088 2882 patria
3120 2814 3173 2867 in
3205 2813 3485 2881 exsilium,

1901 2916 1931 2955 a
1975 2902 2181 2956 visione
2228 2901 2323 2956 Dei
2354 2901 2407 2956 in
2439 2903 2734 2958 caecitatem
2789 2913 3053 2972 nostram,
3081 2921 3113 2959 a
3138 2905 3482 2975 iucunditate

1899 2992 2320 3048 immortalitatis
2352 2984 2404 3048 in
2434 2995 2851 3051 amaritudinem
2869 3006 2925 3051 et
2948 2996 3234 3053 horrorem
3263 2999 3480 3055 mortis.

1901 3082 2095 3138 Misera
2125 3085 2349 3140 mutatio
2378 3085 2444 3139 de
2472 3094 2674 3154 quanto
2708 3084 2851 3142 bono
2880 3086 2932 3140 in
2961 3096 3220 3156 quantum
3245 3087 3475 3143 malum!

1900 3176 2075 3232 Grave
2104 3178 2379 3242 damnum,
2404 3179 2584 3246 gravis
2610 3177 2779 3242 dolor,
2807 3193 2971 3249 grave
3004 3188 3193 3234 totum.
3212 3177 3325 3243 Sed
3349 3180 3487 3239 haut.

1905 3283 1990 3322 me
2020 3269 2297 3333 tniserum,
2332 3283 2496 3321 unum
2525 3268 2592 3322 de
2621 3268 2743 3323 aliis
2770 3269 2984 3323 miseris
3005 3270 3127 3324 filiis
3154 3270 3297 3333 Evte,
3329 3270 3482 3325 elon-

1902 3359 2041 3428 gatis
2070 3375 2098 3411 ει
2129 3358 2266 3413 Deo!
2303 3357 2441 3423 Quid
2488 3358 2682 3427 iucaapi
2714 3358 2737 3410 ‘l
2768 3357 2908 3422 Quid
2950 3356 3103 3412 effeci
3159 3359 3327 3425 ?Quo
3368 3368 3483 3414 ten-

1903 3450 2092 3503 debam
2118 3448 2277 3515 ‘tQuo
2305 3447 2492 3502 deveni
2514 3448 2636 3502 ?Ad
2663 3448 2789 3516 quid
2817 3448 3167 3517 aspiraliam?
3188 3448 3249 3504 ln
3280 3450 3479 3520 quibus

1900 3541 2157 3611 suspiro?
2189 3540 2418 3608 Ωιιωείνί
2446 3541 2609 3605 bona,
2638 3545 2693 3593 et
2722 3552 2849 3595 ecce
2882 3540 3136 3595 turbatio.
3170 3540 3478 3599 Tendebam

1902 3628 1954 3683 in
1985 3630 2183 3699 Deumi,
2215 3638 2270 3683 et
2317 3626 2513 3682 offendi
2553 3628 2606 3683 in
2656 3629 2941 3701 meipsum.
2984 3628 3246 3699 Requiem
3271 3646 3483 3701 «tumre-

1899 3723 2022 3779 bam
2060 3723 2113 3777 in
2148 3733 2359 3777 secreto
2388 3736 2528 3789 meo,
2557 3730 2611 3777 et
2646 3723 3046 3779 tribulationem
3064 3722 3139 3754 ⁸⁸⁸
3162 3731 3216 3778 et
3239 3723 3481 3793 dolorem

1901 3814 2078 3869 inveni
2131 3814 2182 3868 in
2234 3813 2441 3869 intimis
2488 3814 2642 3870 meis.
2678 3813 2932 3870 Volebam
2983 3815 3161 3873 ridere
3207 3830 3238 3870 a
3284 3817 3485 3885 gaudio

1900 3907 2096 3961 mentis
2125 3922 2278 3972 mete,
2310 3916 2366 3961 et
2414 3922 2577 3977 cogor
2619 3908 2800 3977 tugire
2845 3925 2875 3962 a
2903 3910 3103 3977 gemitu
3138 3908 3321 3964 cordis
3350 3911 3487 3965 moi.

1900 3993 2230 4061 Sperabatnr
2260 3995 2467 4058 lzctitia,
2495 4005 2549 4049 et
2584 4010 2712 4050 ecce
2734 3995 2875 4051 unde
2903 3998 3199 4050 densentur
3224 3997 3481 4066 suspiria.

1898 4082 1966 4137 Et
2004 4098 2039 4136 o
2089 4091 2163 4145 tu,
2223 4083 2467 4147 Domine,
2514 4083 2838 4152 usqueqno?
2881 4081 3189 4154 Usquequo,
3230 4084 3476 4146 Domine,

1895 4173 2230 4230 Oblivisceris
2278 4189 2406 4239 nos,
2449 4188 2730 4244 usquequo
2777 4175 2977 4229 avertis
3018 4172 3214 4229 faciem
3252 4186 3398 4227 tuam
3445 4190 3477 4227 a

1896 4267 2050 4323 nobis
2085 4267 2108 4320 ?
2136 4265 2361 4332 Quando
2403 4266 2661 4335 respicies
2702 4275 2760 4321 et
2785 4264 3217 4335 cxaudiesﬂnos?
3249 4265 3476 4334 Quando

1895 4359 2223 4415 illuminaliis
2248 4358 2436 4413 oculos
2470 4367 2709 4424 nostros,
2727 4367 2781 4413 et
2807 4359 3060 4415 ostendes
3090 4358 3245 4414 nobis
3280 4357 3475 4414 faciem

1896 4460 2040 4506 tuam
2061 4452 2084 4505 ἲ
2104 4450 2329 4519 Quando
2351 4451 2600 4505 restitues
2630 4458 2683 4507 te
2717 4452 2871 4507 nobis
2891 4452 2914 4505 ‘t
2942 4452 3191 4521 Respice,
3215 4452 3475 4520 Domine;

194 4546 538 4615 longinquus
582 4547 735 4602 exsul
764 4547 787 4600 ?
818 4546 956 4613 Quid
988 4545 1153 4611 faciet
1204 4561 1394 4602 servus
1433 4556 1556 4601 tuus
1598 4549 1792 4603 anxius
1826 4545 1869 4601 Ι)
1893 4545 2112 4610 exaudi,
2149 4544 2389 4598 illumina
2432 4559 2559 4608 nos,
2583 4544 2809 4599 ostende
2837 4544 2993 4600 nobis
3020 4543 3272 4613 teipsum.
3300 4543 3477 4599 Restio

196 4651 398 4690 amore
426 4637 527 4702 tui,
556 4646 610 4692 et
647 4637 804 4709 longe
840 4638 1109 4707 projeclus
1135 4653 1164 4692 a
1209 4636 1348 4693 facie
1394 4647 1480 4693 tua
1507 4638 1532 4691 7
1557 4638 1789 4695 Anhelat

196 4723 394 4782 videre
420 4732 474 4780 te
499 4734 550 4780 et
578 4725 739 4782 nimis
756 4728 910 4793 abest
932 4726 1004 4781 illi
1037 4724 1201 4781 facies
1226 4726 1620 4783 tua.Accedere
1645 4728 1712 4780 ad
1736 4741 1788 4781 te

1898 4645 1987 4690 tue
2023 4644 2073 4689 te
2110 4634 2264 4689 nobis
2290 4641 2347 4687 nt
2382 4634 2518 4689 bene
2543 4632 2613 4688 sit
2651 4633 2836 4699 nobis;
2866 4633 2984 4688 sine
3027 4648 3134 4703 quo
3184 4643 3293 4704 tam
3336 4632 3479 4688 male

1894 4735 1979 4780 est
2026 4725 2196 4781 nobis.
2252 4723 2504 4780 Miserarc
2540 4723 2750 4780 labores
2781 4723 2851 4755 ⁸⁸⁸
2885 4733 2940 4779 et
2985 4734 3209 4780 conatus
3258 4734 3480 4780 nosti-os

1503 4863 1589 4919 VA
1599 4865 1733 4919 llle
1783 4862 2177 4939 LEQTIONES-

276 5002 349 5036 π’
374 5001 676 5074 Unicuique
690 5004 813 5077 dedi
843 5021 968 5077 mss.
992 5006 1282 5077 unicuique
1317 5020 1472 5058 suum
1488 5003 1606 5058 dedi
1709 5004 1778 5037 ⁷⁸⁷
1807 5004 1871 5059 Ει
1900 5018 2257 5077 sequensms.
2282 5001 2340 5058 S.
2375 5002 2531 5077 uicit.
2558 5012 2611 5058 et
2638 5003 2892 5077 frequens
2984 5003 3055 5077 ’ξε
3081 5002 3145 5056 Et
3175 5003 3257 5077 his
3303 5004 3476 5077 titulis

191 5070 333 5129 τάδε.
371 5090 498 5130 cum
532 5070 617 5130 his
669 5076 837 5131 titulis
905 5076 975 5106 ⁷⁸⁸
1004 5070 1451 5145 Τιίιιιεὲιιιιιριιιιιι
1483 5091 1608 5129 mss.
1650 5070 2030 5145 transcriptum
2058 5073 2175 5145 ‘_7’f’
2201 5074 2528 5145 Apostolica,
2555 5070 2811 5145 praecepit
2832 5072 3333 5145 Amsndnostolica.
3369 5074 3471 5138 Qui

192 5145 487 5217 guiltich
533 5161 602 5217 ex
644 5146 936 5217 apostolica
965 5148 1220 5217 praecepit
1252 5139 1592 5217 auctoritate
1634 5214 1645 5217 _
1689 5146 1757 5177 7“
1798 5139 2196 5217 Mssslixplicit
2236 5139 2597 5217 Propuliuni.
2634 5139 3134 5207 PROSOLOGIUN,
3184 5152 3284 5195 etc.
3339 5159 3466 5197 mss.

189 5214 402 5293 εει-αἱρῇ
436 5212 749 5293 Proslogiou
805 5212 1241 5293 liber_:Ans_cl'tni,
1273 5213 1677 5293 cantitarieusis
1712 5212 2125 5293 archiepiscopi.
2149 5213 2305 5293 -..Μ
2320 5212 2604 5293 Querosas
2651 5223 2702 5268 et
2727 5226 3157 5293 mssz‘o’ncrosas
3193 5227 3369 5293 curas
3415 5223 3472 5269 et

191 5281 270 5316 ⁷⁹³
316 5280 692 5342 υἱεδειιιίοιιέε
741 5301 869 5339 mss.
918 5283 1049 5339 Vict.
1079 5280 1288 5340 TImJet
1325 5285 1386 5339 S.
1417 5282 1579 5338 Miclt.
1611 5280 1965 5341 distentiones
2008 5280 2108 5339 nis.
2149 5281 2288 5338 Vict.
2318 5283 2711 5339 9'intentiones
2815 5280 3132 5352 "{Quaejn
3190 5291 3242 5335 te
3276 5282 3469 5352 juvent

186 5369 328 5425 mss.
352 5355 522 5408 cndu.
549 5355 607 5425 in
674 5355 747 5425 7”
775 5354 821 5425 si
847 5369 978 5425 ergo
1003 5356 1200 5425 ubique
1228 5371 1352 5408 mss.
1382 5354 1428 5425 si
1458 5364 1637 5410 autem
1680 5356 1877 5425 ubique
1922 5355 2018 5386 ’⁷⁸⁸
2050 5353 2218 5411 Video
2273 5362 2682 5425 teAprtcsentem
2715 5368 2839 5407 mss.
2877 5349 3012 5425 l‘hu.
3058 5348 3188 5425 Vict.
3212 5362 3257 5425 et
3278 5348 3477 5425 Cister.

188 5423 375 5495 omitt.
415 5432 467 5477 te
568 5424 637 5495 ⁷⁸7
661 5423 772 5495 Aut
809 5420 1030 5481 inducet
1078 5420 1203 5481 nias.
1238 5434 1294 5495 et
1323 5423 1539 5495 inducet
1645 5425 1716 5458 ""‘
1744 5420 1944 5481 Dcinde
1970 5426 2166 5495 quibus
2187 5441 2286 5478 ms.
2316 5420 2504 5481 Cister.
2535 5423 2775 5493 Denique
2802 5422 2997 5492 quibus
3102 5422 3175 5454 'm
3203 5421 3339 5495 Quid
3367 5424 3474 5480 iste

188 5492 327 5563 inus
358 5509 486 5547 mss.
506 5494 635 5563 quid
664 5493 830 5550 faciet
878 5496 982 5551 iste
1012 5504 1135 5551 tuus
1231 5494 1301 5526 '°°
1330 5492 1530 5548 Locum
1554 5502 1724 5548 tuum.
1749 5492 2009 5551 Dominus
2035 5510 2186 5549 meus
2211 5510 2271 5550 es
2296 5503 2350 5548 et
2374 5495 2512 5549 Deus
2538 5492 2703 5547 meus
2733 5501 2787 5547 et
2814 5507 3085 5563 nunquam
3118 5510 3241 5547 mss.
3291 5493 3469 5548 lorum

188 5562 354 5643 typri}
378 5579 395 5618 :
419 5562 665 5643 quaerere
689 5575 741 5620 te
768 5562 1001 5630 affectat,
1026 5574 1082 5621 et
1110 5564 1549 5643 ignoratyultum
1573 5572 1747 5643 tutum",
1768 5564 2014 5632 Domine,
2039 5564 2178 5620 Deus
2200 5579 2350 5619 meus
2374 5579 2453 5627 es,
2474 5573 2527 5618 et
2549 5563 2805 5643 ῡιξιιξίιιιιε
2828 5562 2983 5643 meus
3007 5578 3085 5643 es;
3113 5573 3167 5643 et
3194 5580 3481 5643 nunquam.

184 5631 267 5706 ’ζξ
297 5628 653 5706 Ωιιοίίιιῑωιίχ
686 5643 770 5691 est
798 5651 923 5689 mss.
953 5628 1061 5706 quo
1083 5628 1215 5690 nihil
1255 5634 1533 5706 fielixes‘t‘r
1582 5633 1652 5665 ⁸⁰¹
1710 5628 2009 5706 carentum
2049 5651 2201 5706 mss;
2225 5648 2532 5706 careremus
2603 5634 2675 5706 ﬂ”
2706 5633 2854 5700 Meo,
2899 5628 3297 5706 tribulationem
3323 5628 3465 5688 'mss.

371 5702 593 5761 et’Vict.
626 5720 768 5775 meo,
794 5715 849 5760 et
872 5700 1275 5762 tribulationem
1353 5704 1425 5737 '°"
1469 5703 1958 5761 Miscrcrelaborcs
1988 5721 2109 5761 mss.
2140 5703 2271 5758 Tim.
2304 5714 2350 5759 et
2404 5703 2534 5758 Vict.
2589 5702 2735 5761 Gem.
2793 5706 2915 5761 Dec.
2968 5706 3153 5761 Cistcr.
3208 5705 3471 5758 miserare

329 5787 415 5827 res

329 5787 415 5828 res
