4030 6290
564 298 659 355 251

1147 410 1374 464 CAPUT
1412 408 1543 463 Vlll.

568 499 842 567 Quomodo
881 500 945 554 sit
992 501 1287 553 misericors
1324 509 1372 552 et
1407 498 1762 567 impossibilis.
1798 526 1869 538 --
1896 495 2038 551 Deus
2066 506 2138 550 est

638 572 929 625 misericors
959 570 1241 622 secundum
1270 569 1485 639 nos,qui
1514 569 1765 622 sentimus
1790 567 2141 639 misericordis

635 641 899 710 e/fectum.
940 639 1080 710 Deus
1131 654 1236 691 non
1280 649 1353 710 est
1394 635 1691 710 misericors
1729 635 2017 690 secundum
2054 650 2138 701 se,‘

633 708 724 778 qui
754 726 856 763 non
882 709 1036 763 sentit
1065 709 1447 776 compussionis
1474 708 1745 776 aﬂectum.
2034 742 2037 745 ι

638 797 743 854 Sed
768 806 824 853 et
862 797 1173 852 misericors
1198 797 1359 859 simul
1399 806 1457 851 et
1498 795 1845 866 itnpassibilis
1873 795 2143 865 quomodo

562 892 660 951 es?
683 889 815 945 Nam
847 890 891 943 si
918 904 981 945 es
1019 889 1391 960 impassibilis,
1431 904 1538 943 non
1570 888 1929 958 compateris;
1962 888 2006 941 si
2037 876 2149 942 non.

562 978 910 1049 compateris,
944 993 1048 1033 non
1096 987 1182 1033 est
1218 978 1316 1032 tibi
1360 977 1618 1033 miserum
1658 992 1757 1032 cor
1791 990 1860 1031 ex
1901 990 2145 1045 compas-

562 1072 713 1126 sione
738 1070 952 1135 miseri;
990 1070 1133 1140 quod
1158 1077 1244 1124 est
1263 1083 1385 1125 esse
1422 1068 1850 1123 misericordem.
1876 1069 1944 1121 At
1965 1067 2010 1122 si
2036 1082 2143 1122 non

561 1176 621 1217 es
652 1160 985 1224 misericors,
1011 1157 1154 1213 unde
1175 1158 1389 1214 miseris
1417 1167 1504 1214 est
1524 1158 1596 1189 ⁸⁵¹
1629 1165 1778 1212 tanta
1809 1157 2145 1213 consolatio?

562 1250 845 1317 Quomodo
886 1264 1018 1319 ergo
1060 1264 1140 1314 es,
1186 1256 1243 1305 et
1280 1262 1388 1303 non
1430 1262 1490 1304 es
1524 1247 1852 1312 misericors,
1894 1246 2142 1312 Domine,

562 1337 664 1392 nisi
692 1337 908 1405 quiaes
934 1337 1245 1392 misericors
1271 1335 1568 1391 secundum
1602 1350 1720 1401 nos,
1749 1343 1805 1390 et
1837 1350 1942 1391 non
1968 1351 2028 1391 es
2054 1351 2144 1393 se,

562 1428 797 1487 Cundum
833 1427 915 1482 te?
952 1427 1025 1482 Es
1066 1426 1264 1497 quippe
1296 1426 1591 1482 secundum
1624 1440 1846 1481 sensum
1877 1436 2144 1493 nostrum,

562 1526 619 1572 et
650 1532 757 1572 non
795 1532 853 1572 es
887 1518 1182 1574 secundum
1219 1526 1389 1571 tuum.
1423 1517 1633 1571 Etenim
1675 1531 1800 1573 cum
1832 1527 1885 1571 tu
1922 1519 2147 1588 respicis

564 1622 662 1663 nos
689 1608 937 1673 miseros,
960 1623 1058 1662 nos
1077 1608 1344 1662 sentimus
1370 1606 1739 1661 misericordis
1761 1605 2009 1659 allectum
2040 1607 2141 1673 ως

564 1706 618 1750 ιιι
674 1711 780 1751 non
832 1698 1001 1751 sentis
1054 1696 1330 1752 allectum.
1386 1696 1452 1751 Et
1500 1695 1809 1751 misericors
1851 1711 1911 1751 es
1957 1697 2143 1767 igitur,

1078 297 1137 352 S.
1183 295 1475 352 ANSELMI
1519 292 1869 351 CANTUAR.
1912 290 2234 347 ARCHIEP.
2275 292 2427 350 OPP.
2467 293 2649 350 PARS
2674 294 2715 349 l.
2754 325 2821 336 -—
2860 294 3282 353 DOGMATICA.

2166 417 2450 482 Asumme
2492 428 2667 483 bonus
2721 443 2801 484 es.
2853 428 2921 484 Et
2974 444 3101 485 cum
3145 430 3376 485 forsitan
3427 431 3685 489 videatur
3726 451 3817 492 cur

2239 518 2398 573 bonis
2419 518 2579 583 bona,
2603 529 2659 574 et
2687 520 2847 576 malis
2876 521 3021 576 mala
3044 523 3318 579 retribuas
3350 540 3365 577 :
3397 523 3526 579 illud
3557 512 3710 582 certe
3730 544 3816 599 pe-

2239 608 2386 662 nitus
2413 616 2499 663 est
2531 610 2861 674 mirandum,
2890 626 2990 668 cur
3033 620 3090 668 tu
3120 622 3265 670 totus
3307 624 3364 670 et
3392 630 3602 672 summe
3640 618 3818 690 justus

2240 698 2331 762 επ,
2377 708 2433 753 ει
2465 699 2610 753 nullo
2636 714 2821 769 egens,
2855 701 3013 756 malis
3039 709 3096 756 et
3129 703 3240 759 reis
3278 704 3389 759 tuis
3424 706 3565 761 bona
3592 708 3817 767 tribuas.

2240 786 2287 842 Ο
2314 787 2545 842 altitudo
2584 789 2842 845 lenitatis
2872 799 3000 855 tute,
3039 790 3201 857 Deus,
3238 801 3297 848 et
3322 794 3540 850 videtur
3581 799 3727 854 unde
3750 800 3824 859 si

2242 878 2572 943 misericors,
2600 888 2656 934 et
2678 895 2785 934 non
2815 881 3160 950 pervidetur!
3183 882 3441 940 Cernitur
3463 888 3606 942 unde
3622 886 3816 944 ﬂumen

2242 977 2443 1034 manat,
2495 977 2550 1023 et
2599 985 2705 1025 non
2752 971 3079 1041 perspicitur
3118 972 3189 1005 ⁸⁸ι
3221 972 3340 1030 fons
3380 976 3523 1031 unde
3570 986 3823 1034 nascatur

2241 1057 2336 1112 ⁸⁸³.
2364 1056 2500 1113 Nam
2528 1068 2584 1113 et
2607 1059 2676 1115 de
2701 1059 3033 1130 plenitudine
3060 1062 3319 1119 bonitatis
3345 1074 3449 1131 est,
3480 1067 3607 1136 quia
3634 1082 3823 1137 pecca-

2246 1148 2452 1203 toribus
2490 1149 2597 1204 tuis
2632 1150 2752 1219 pius
2782 1165 2871 1217 es;
2921 1160 2979 1207 et
3024 1153 3079 1207 in
3126 1152 3416 1210 altitudine
3456 1156 3719 1212 bonitatis
3755 1158 3823 1191 ‘“

2245 1246 2348 1295 tuae
2376 1239 2530 1306 latet,
2566 1257 2672 1312 qua
2704 1242 2914 1298 ratione
2962 1244 3067 1300 hoc
3106 1260 3187 1301 es.
3237 1245 3451 1301 Etenim
3501 1248 3631 1303 licet
3671 1250 3825 1305 bonis

2243 1334 2405 1403 bona,
2436 1344 2492 1390 et
2533 1336 2693 1392 malis
2735 1337 2894 1403 mala,
2941 1352 3011 1393 ex
3057 1339 3299 1395 bonitate
3344 1340 3649 1407 retribuas;
3691 1342 3826 1399 ratio

2246 1436 2425 1482 tamen
2475 1427 2704 1496 iustitiae
2748 1428 2854 1485 hoc
2899 1429 3175 1499 postulare
3224 1431 3457 1487 videtur.
3509 1432 3650 1489 Cum
3703 1449 3825 1490 vero

2244 1519 2405 1576 malis
2431 1521 2569 1575 bona
2597 1520 2813 1585 tribuis,
2848 1528 2904 1575 et
2927 1520 3102 1577 scitur
3129 1522 3254 1592 quia
3282 1538 3493 1578 summe
3526 1527 3707 1582 bonus
3730 1526 3827 1583 bac

2247 1608 2429 1665 facere
2456 1608 2645 1674 voluit,
2678 1618 2736 1664 et
2764 1610 2961 1665 mirum
3007 1618 3094 1667 est
3138 1628 3240 1667 cur
3268 1627 3480 1670 summe
3513 1616 3704 1686 justus
3731 1619 3827 1673 bac

2248 1703 2385 1758 velle
2397 1702 2591 1772 potuit.
2608 1702 3146 1773 01misericordia,de
3188 1706 3686 1777 quammopulenta
3717 1710 3829 1764 dul-

559 1787 686 1856 quia
728 1789 955 1843 miseros
978 1788 1180 1853 salvas,
1209 1797 1265 1843 et
1289 1786 1668 1857 peccatoribus
1710 1785 1816 1840 tuis
1846 1788 2055 1855 parcis;
2090 1798 2145 1843 el
2177 1769 2221 1830 Β
2248 1769 2457 1860 cedine,
2485 1803 2543 1850 et
2567 1769 2713 1851 dulci
2740 1796 3014 1867 opulentia
3043 1769 3480 1868 nobis-proﬂuisl
3508 1799 3616 1870 32
3639 1800 3693 1857 0
3726 1802 3828 1855 im-

558 1879 867 1933 misericors
892 1894 996 1933 non
1024 1893 1103 1944 es,
1144 1878 1269 1948 quia
1310 1877 1455 1933 nulla
1497 1877 1728 1934 miserim
1764 1879 2144 1947 compassionc

560 1966 789 2023 afficeris
813 1969 906 2023 ⁸⁸³.

1171 2035 1397 2093 CAPUT
1446 2037 1513 2092 IX

562 2127 835 2190 Quomoao
866 2138 1004 2182 totus
1042 2139 1242 2197 Justus,
1293 2139 1342 2183 et
1391 2145 1593 2184 summe
1615 2129 1793 2199 justus
1838 2128 1909 2162 ⁸⁸⁸⁵
1960 2140 2144 2199 parcat

632 2199 805 2259 .nalis.
846 2209 891 2269 et
926 2202 1066 2268 quod
1103 2199 1250 2269 juste
1290 2201 1597 2253 misereatur
1645 2202 1819 2253 malis.
1856 2230 1927 2241 —
1959 2199 2147 2254 Melior

630 2277 705 2320 est
734 2270 822 2336 qui
851 2268 995 2340 bonis
1042 2268 1113 2340 et;
1133 2269 1284 2321 mulis
1311 2269 1474 2323 bonus
1512 2279 1607 2333 est,
1650 2286 1807 2338 quum
1858 2271 1948 2340 qui
1996 2270 2143 2324 bonis

629 2335 851 2390 tantum.
899 2335 1033 2390 Cum
1079 2338 1217 2391 Deus
1252 2341 1319 2392 sit
1356 2355 1556 2392 summe
1591 2335 1794 2408 justus,
1845 2335 1968 2393 latet
2009 2340 2144 2393 unde

629 2408 695 2459 sit
722 2409 1037 2461 misericors.
1062 2407 1200 2461 Deus
1221 2408 1335 2462 ideo
1356 2418 1431 2461 est
1458 2407 1656 2463 summe
1677 2410 1992 2472 misericors,
2017 2410 2142 2478 quia

627 2493 829 2530 summe
839 2478 1017 2548 justus
1040 2487 1134 2531 est.
1174 2478 1355 2532 Justos
1376 2479 1564 2539 salvat,
1578 2478 1791 2548 justitia
1815 2480 2095 2534 comitante
2122 2492 2141 2530 .'

627 2558 925 2616 peccatores
967 2547 1172 2612 liberat,
1186 2548 1401 2617 justitia
1428 2549 1750 2602 dominante.
1791 2549 1930 2603 Deus
1972 2558 2141 2617 parcit

631 2618 786 2669 malis
814 2632 879 2671 ex
904 2617 1133 2689 justitia
1164 2630 1185 2669 .'
1229 2620 1353 2688 quia
1375 2618 1581 2689 justum
1623 2628 1698 2671 est
1739 2628 1794 2671 ut
1831 2618 1991 2682 Deus,
2040 2634 2142 2689 quo

627 2701 778 2740 nemo
813 2685 996 2740 melior
1038 2696 1128 2739 aut
1174 2685 1453 2755 potentior,
1479 2688 1635 2740 etiam
1670 2689 1824 2741 malis
1867 2690 2030 2742 bonus
2052 2685 2139 2750 sit,

626 2767 673 2810 et
698 2757 763 2809 de
784 2757 936 2815 malis
965 2757 1123 2810 bonos
1140 2754 1323 2825 faciat.
1345 2754 1405 2811 Si
1431 2756 1570 2810 Deus
1596 2773 1698 2810 non
1721 2758 1865 2810 debet
1889 2759 2141 2822 misereri,

626 2825 820 2905 injuste
845 2831 1150 2904 miseretur:
1173 2827 1312 2896 quod
1334 2828 1506 2880 dicere
1527 2827 1674 2895 nefas
1695 2837 1793 2880 est.
1827 2826 1972 2896 Ergo
2001 2827 2142 2881 Deus

618 2906 766 2964 Juste
790 2906 1086 2947 miseretur.

631 2983 829 3038 Verum
878 2983 1036 3038 malis
1064 2982 1336 3053 quomodo
1362 2983 1570 3053 parcis;
1599 2983 1645 3038 si
1682 2998 1743 3039 es
1773 2994 1919 3039 totus
1940 2985 2142 3056 justus.

556 3083 614 3129 et
639 3088 850 3129 summe
871 3074 1054 3143 justus
1081 3072 1175 3128 ⁸⁸⁸.
1208 3073 1488 3141 Quomodo
1511 3076 1653 3130 enim
1699 3085 1844 3131 totus
1866 3075 2048 3144 justus
2092 3086 2143 3131 et
2172 3110 2215 3171 α

561 3165 976 3236 sutnmejustus
1012 3164 1083 3196 ⁸⁸⁸
1127 3164 1261 3220 facis
1293 3165 1497 3236 aliquid
1528 3166 1597 3203 ⁸⁸⁷
1625 3182 1730 3221 non
1765 3167 2004 3236 justum?
2040 3168 2146 3222 Aut

555 3270 678 3325 qua:
695 3253 904 3323 justitia
932 3262 1051 3319 est,
1081 3255 1313 3309 merenti
1349 3264 1579 3310 mortem
1606 3264 1866 3310 :eternam
1902 3257 2035 3311 dare
2061 3255 2141 3310 vi-

557 3356 667 3400 tam
714 3344 1142 3416 sempiternam?
1202 3342 1352 3398 Unde
1401 3359 1552 3415 ergo,
1600 3344 1740 3399 bone
1782 3343 1965 3410 Deus,
2006 3344 2147 3399 bone

555 3438 713 3495 bonis
744 3447 798 3492 et
829 3437 1006 3501 malis,
1035 3436 1174 3490 unde
1207 3436 1300 3490 tibi
1329 3435 1547 3490 salvare
1591 3434 1793 3501 malos;
1831 3434 1875 3488 si
1909 3436 2010 3490 boc
2038 3450 2145 3488 non

556 3540 643 3584 est
664 3529 897 3599 justum,
928 3537 984 3581 et
1016 3538 1070 3581 tu
1098 3543 1204 3580 non
1243 3528 1378 3582 facis
1417 3526 1623 3597 aliquid
1664 3541 1772 3579 non
1794 3525 2001 3593 justum
2031 3527 2146 3580 εδει

554 3620 640 3675 An
689 3618 815 3689 quia
860 3619 1077 3673 bonitas
1126 3628 1216 3671 tua
1263 3626 1348 3673 est
1394 3617 1975 3686 incomprehensibilis,
2018 3618 2148 3674 latet

558 3708 664 3763 boc
692 3708 745 3761 iu
769 3706 887 3762 luce
908 3704 1267 3761 inaccessibili
1291 3721 1455 3774 quam
1480 3706 1788 3761 inhabitas?
1821 3706 1958 3761 Vere
1990 3706 2042 3760 in
2070 3707 2148 3760 al-

558 3802 767 3855 tissimo
793 3809 848 3854 et
875 3798 1243 3854 secretissimo
1271 3798 1532 3853 bonitatis
1558 3807 1662 3852 tum
1692 3798 1828 3853 latet
1857 3798 1979 3853 fons
2006 3800 2146 3853 unde

556 3900 754 3963 manat
776 3890 971 3965 ﬂuvius
999 3890 1387 3949 misericordite
1416 3899 1540 3943 tuzc.
1580 3887 1715 3943 Nam
1755 3904 1878 3944 cunt
1922 3896 2067 3944 totus
2092 3896 2147 3944 et

556 3998 770 4040 summe
793 3983 977 4054 justus
1019 3982 1095 4037 sis
1116 4022 1133 4049 ,
1164 3992 1345 4037 tamen
1382 3982 1583 4037 idcirco
1609 3982 1771 4038 etiam
1807 3981 1966 4037 malis
1995 3982 2146 4037 beni-

556 4089 694 4145 gnus
719 4090 799 4144 es,
832 4076 959 4144 quia
992 4082 1138 4129 totus
1160 4088 1371 4129 summe
1395 4079 1570 4128 bonus
1588 4088 1668 4129 es.
1703 4072 1881 4127 Minus
1908 4089 2144 4143 namque

555 4169 732 4223 bonus
757 4182 927 4234 esses,
958 4167 1004 4223 si
1038 4167 1169 4222 nulli
1197 4167 1340 4222 malo
1360 4182 1511 4223 esses
1538 4166 1606 4199 δι’
1638 4166 1921 4237 benignus.
1957 4165 2143 4221 Melior

556 4258 701 4311 enim
733 4268 817 4312 est
850 4258 940 4327 qui
974 4267 1028 4312 ct
1056 4258 1212 4312 bonis
1234 4267 1291 4312 et
1317 4258 1475 4313 malis
1508 4260 1679 4313 bonus
1714 4269 1822 4325 est,
1856 4272 2018 4330 quam
2045 4260 2136 4327 qui

2248 1891 2513 1944 mensitas
2542 1887 2799 1943 bonitatis
2826 1888 2944 1954 Dei,
2970 1903 3079 1959 quo
3124 1888 3319 1944 all‘ectu
3348 1892 3578 1945 amanda
3607 1906 3672 1947 es
3700 1904 3826 1963 pce-

2247 1979 2549 2036 catoribus!
2583 1976 2767 2034 Justos
2809 1979 2954 2033 enim
2997 1978 3196 2044 salvas,
3237 1980 3447 2051 justitia
3496 1981 3823 2048 comitante;

2248 2070 2379 2125 istos
2408 2084 2535 2123 vero
2564 2068 2782 2132 liberas,
2807 2069 3018 2138 justitia
3052 2069 3366 2125 dominante
3400 2070 3494 2126 ⁸⁸⁵.
3524 2070 3674 2135 Illos,
3718 2088 3827 2128 me

2247 2159 2370 2214 ritis
2417 2155 2839 2226 adjuvantibus;
2896 2160 3056 2221 istos,
3115 2159 3325 2214 meritis
3382 2161 3826 2230 repugnantibus.

2246 2250 2392 2317 Illos,
2421 2251 2562 2305 bona
2584 2264 2707 2319 qua:
2730 2249 2923 2305 dedisti
2954 2250 3360 2319 cognoscendo;
3397 2251 3550 2315 istos,
3588 2251 3736 2307 mala
3760 2251 3829 2287 ⁸⁸⁸

2246 2356 2367 2411 qua:
2399 2341 2561 2396 odisti
2591 2340 2937 2410 ignoscendo.
2965 2338 3009 2394 Ο
3037 2341 3298 2396 immensa
3331 2341 3568 2409 bonitas,
3600 2358 3729 2413 quae
3755 2345 3831 2400 sic

2246 2445 2465 2485 omnem
2499 2430 2830 2486 intellectum
2862 2431 3099 2495 excedis,
3140 2431 3321 2486 veniat
3350 2446 3516 2501 super
3548 2447 3639 2489 me
3664 2433 3831 2490 mise-

2246 2520 2480 2574 ricordia
2511 2519 2619 2583 illa,
2657 2535 2780 2588 qua:
2809 2520 2876 2573 de
2908 2529 3054 2575 tanta
3091 2522 3367 2589 opulentia
3415 2523 3494 2577 tui
3543 2524 3824 2593 procedit!

2245 2611 2435 2667 Iulluat
2473 2613 2525 2666 in
2558 2627 2667 2677 me,
2695 2628 2817 2681 quae
2845 2611 3062 2682 proﬂuit
3088 2613 3157 2646 ⁸⁸⁷
3191 2613 3259 2669 de
3286 2623 3360 2670 te.
3384 2614 3560 2677 Parce
3587 2631 3692 2685 per
3720 2617 3829 2672 cle-

2248 2706 2528 2771 mentiam,
2572 2719 2639 2759 ne
2678 2705 2963 2783 ulciscaris
2990 2705 3061 2738 ⁸⁸⁸
3098 2720 3196 2776 per
3222 2706 3507 2775 justitiam.
3548 2707 3686 2763 Nam
3728 2709 3833 2765 etsi

2245 2796 2461 2853 dillicile
2507 2797 2581 2851 sit
2631 2797 2937 2868 intelligere
2983 2800 3255 2868 quomodo
3305 2800 3688 2855 misericordia
3743 2811 3830 2856 tua

2246 2905 2352 2943 non
2402 2887 2546 2944 absit
2581 2903 2612 2942 a
2662 2896 2754 2942 tua
2792 2886 3037 2956 justitia;
3092 2890 3462 2944 necessarium
3514 2898 3702 2946 tamen
3751 2899 3835 2946 est

2246 2978 2471 3035 credere
2495 2978 2620 3049 quia
2650 2993 2993 3049 nequaquam
3040 2980 3359 3035 adversatur
3399 2977 3644 3049 iustitia},
3688 2982 3834 3050 quod

2246 3071 2483 3125 exundat
2509 3086 2576 3124 ex
2602 3069 2867 3134 bonitate,
2890 3084 3010 3139 quae
3037 3070 3179 3125 nulla
3206 3079 3291 3126 est
3311 3070 3430 3125 sine
3449 3067 3691 3139 iustitia,
3727 3073 3835 3125 imo

2246 3177 2374 3217 vero.
2421 3162 2718 3217 concordat
2750 3160 2994 3229 iustitiae.
3029 3160 3233 3231 Nempe
3268 3163 3315 3218 si
3362 3163 3676 3217 misericors
3727 3180 3833 3218 non

2246 3267 2327 3317 es,
2356 3252 2458 3307 nisi
2488 3251 2611 3321 quia
2640 3266 2699 3307 es
2728 3251 2798 3285 ⁸⁸⁸
2827 3266 3038 3308 summe
3083 3254 3284 3318 bonus;
3315 3264 3371 3307 et
3410 3268 3625 3308 summe
3660 3252 3838 3309 bonus

2247 3361 2352 3398 non
2380 3359 2462 3409 es,
2500 3345 2603 3399 nisi
2647 3344 2770 3414 quia
2802 3360 2860 3400 es
2889 3359 3100 3400 summe
3123 3345 3304 3416 justus
3335 3363 3350 3400 :
3381 3361 3511 3401 vere
3537 3346 3753 3402 idcirco
3780 3363 3837 3401 es

2247 3437 2576 3501 misericors,
2608 3437 2733 3507 quia
2764 3452 2972 3493 summe
2993 3435 3172 3506 justus
3200 3453 3279 3494 es.
3308 3437 3516 3507 Adjuva
3547 3452 3659 3504 me,
3688 3437 3837 3509 iuste

2246 3528 2316 3559 ⁸³⁸
2338 3538 2393 3583 ει
2423 3527 2733 3583 misericors
2761 3527 2925 3593 Deus,
2978 3529 3133 3599 cujus
3164 3529 3336 3583 lucem
3378 3543 3598 3598 qtuero;
3639 3529 3839 3598 adjura

2246 3632 2356 3683 tne,
2387 3624 2448 3671 ut
2478 3616 2772 3688 intelligam
2799 3619 2945 3687 quod
2971 3619 3113 3673 dico.
3161 3617 3298 3674 Vere
3337 3634 3467 3689 ergo
3505 3618 3627 3674 ideo
3672 3620 3839 3675 misc.

2247 3712 2421 3767 ricors
2441 3724 2522 3776 es,
2554 3710 2680 3780 quia
2704 3711 2902 3780 justus.
2944 3710 3156 3780 Ergone
3184 3710 3556 3765 misericordia
3593 3716 3683 3764 tua
3739 3726 3838 3765 na-

2246 3805 2418 3860 scitur
2441 3818 2508 3859 ex
2531 3802 2746 3871 iustitia
2793 3802 2917 3856 tua?
2939 3802 3151 3873 Ergone
3177 3801 3357 3872 parcis
3386 3801 3543 3856 malis
3578 3815 3646 3855 ex
3671 3792 3841 3870 justi-'

2245 3898 2359 3953 tia?
2387 3896 2444 3953 Si
2471 3896 2552 3952 sic
2577 3904 2678 3960 est,
2713 3893 2956 3957 Domine,
2984 3896 3029 3949 si
3053 3895 3131 3950 sic
3152 3903 3257 3960 est,
3282 3895 3415 3950 doce
3443 3909 3529 3949 me
3557 3894 3836 3963 quomodo

2245 3999 2351 4046 est.
2398 3991 2482 4044 An
2513 3988 2639 4058 quia
2665 3987 2870 4057 justum
2906 3995 2991 4043 est
3026 3995 3079 4041 te
3106 3969 3190 4041 sic
3219 4001 3339 4042 esse
3376 3985 3600 4047 bonum,
3634 3996 3694 4039 ut
3733 4001 3834 4040 ne-

2245 4094 2413 4150 queas
2457 4077 2682 4146 intelligi
2729 4076 2953 4143 melior;
3002 4083 3057 4130 ει
3092 4077 3171 4130 sic
3207 4084 3455 4145 potenter
3489 4075 3735 4146 operari,
3777 4084 3838 4129 ut

2245 4187 2351 4226 non
2403 4172 2577 4241 possis
2616 4169 2842 4240 cogitari
2891 4169 3202 4239 potentior?
3242 4167 3381 4234 Quid
3426 4168 3570 4222 enim
3609 4167 3715 4222 hoc
3748 4167 3840 4238 ju-

2244 4262 2418 4317 stius?
2458 4263 2570 4317 Hoc
2620 4261 2808 4330 utique
2857 4260 2923 4292 ⁸⁸⁸
2976 4276 3085 4316 non
3132 4260 3314 4323 lieret;
3359 4260 3405 4314 si
3447 4274 3598 4315 esses
3634 4260 3834 4323 bonus,

557 4348 716 4404 bouis
746 4348 961 4405 tantum
982 4362 1068 4405 est
1102 4352 1304 4418 bonus;
1331 4360 1387 4406 et
1423 4352 1613 4407 melior
1631 4362 1735 4419 est,
1776 4354 1867 4424 qui
1911 4353 2066 4407 malis
2087 4359 2143 4405 et
2250 4357 2457 4404 tantum
2490 4348 2861 4415 retribueudo,
2892 4358 2947 4403 et
2978 4364 3082 4404 non
3114 4350 3425 4419 parcendo;
3456 4357 3510 4402 et
3536 4348 3581 4403 si
3619 4333 3856 4424 iaceresl

559 4439 832 4507 puniendo
859 4450 915 4494 et
946 4441 1221 4509 parcendo
1242 4449 1325 4495 est
1348 4441 1542 4507 bonus,
1568 4456 1729 4511 quam
1753 4422 1843 4510 qui
1874 4440 2142 4511 puniendo
2172 4455 2221 4515 ι)
2246 4440 2316 4472 ⁸⁸³
2348 4439 2416 4495 de
2447 4456 2551 4496 non
2576 4441 2732 4496 bonis
2760 4448 2969 4495 tantum
2997 4440 3186 4504 bonos,
3215 4449 3269 4494 et
3298 4454 3401 4493 non
3432 4439 3596 4493 etiam
3630 4440 3697 4493 de
3724 4422 3855 4532 ηιξ-ξ

562 4538 789 4585 tantum.
851 4532 975 4586 Ideo
1023 4546 1153 4600 ergo
1208 4533 1517 4589 misericors
1565 4549 1665 4600 es,
1717 4533 1845 4604 quia
1885 4530 2030 4588 totus
2081 4541 2137 4588 et
2246 4530 2331 4585 lis.
2364 4529 2475 4585 Hoc
2502 4530 2682 4601 itaque
2713 4531 2868 4587 modo
2888 4526 3096 4599 justum
3124 4540 3205 4582 est
3236 4538 3294 4582 ut
3319 4543 3515 4589 parcas
3547 4528 3726 4591 malis,
3778 4540 3837 4584 et

1870 4689 2085 4745 IARL‘E
2123 4687 2508 4746 LECTIONES

648 4825 717 4857 ⁸⁸⁸
753 4822 903 4879 Unde
960 4824 1173 4881 miseris
1221 4835 1305 4880 est
1349 4843 1449 4880 ms.
1484 4826 1669 4880 Cistcr.
1715 4826 1858 4879 unde
1905 4826 2119 4881 miseris
2169 4839 2229 4881 es
2338 4826 2405 4857 8"
2452 4823 2633 4880 Sentis
2685 4824 2933 4880 affectum
2988 4841 3125 4880 mss.
3163 4823 3299 4877 Vict.
3343 4825 3397 4878 5.
3455 4834 3504 4877 ει
3541 4825 3608 4879 15
3666 4823 3845 4880 sentis

558 4896 917 4965 compassioni
946 4911 973 4948 s
999 4894 1251 4950 alfcctum
1286 4963 1299 4965 _
1358 4896 1429 4928 '“
1467 4896 1622 4965 Nulla
1650 4897 1883 4951 miseriae
1941 4896 2333 4965 compassionis
2370 4896 2600 4949 alliceris
2627 4912 2725 4950 ms.
2774 4896 2908 4951 Tltu.
2956 4898 3057 4951 451
3110 4895 3257 4951 nulla
3307 4895 3526 4965 miseria
3579 4908 3646 4949 ex
3677 4908 3842 4949 com.

560 4962 811 5047 passione
834 4965 1223 5047 aliiecrismmsc.
1269 4963 1329 5019 S.
1382 4964 1543 5020 Miclt.
1576 4963 1760 5047 Cister.
1809 4965 1953 5047 nulla
1997 4962 2228 5047 miseriae
2254 4967 2625 5047 compassione
2662 4966 2893 5047 alﬁceris
2948 5046 2951 5047 ν
3002 4966 3072 4999 ⁸⁸⁸
3100 4968 3269 5047 Tati-ts
3303 4962 3486 5047 justus
3524 4972 3580 5019 et
3616 4977 3841 5047 sumine

554 5033 1019 5107 justus:ns.q'1‘.‘au.
1050 5035 1286 5107 90Atotus
1306 5051 1369 5092 ac
1388 5049 1597 5092 suntme
1630 5038 1806 5097 iustus
1876 5036 1946 5107 Ψ
1997 5035 2067 5089 Es
2110 5033 2469 5107 totushjustus
2510 5046 2566 5089 et
2607 5051 2816 5091 summe
2848 5038 3026 5107 justus
3054 5052 3153 5092 ms.
3200 5035 3340 5092 Tha.
3391 5033 3518 5107 451.
3571 5049 3633 5089 es
3685 5041 3842 5107 totus

560 5101 615 5177 et
644 5105 1048 5177 stunmejustus
1120 5105 1190 5177 ⁸ξ⁶
1220 5107 1389 5161 Ειιὶιη
1409 5115 1553 5160 totus
1573 5114 1865 5177 et;summe
1883 5104 2066 5177 justus
2084 5120 2208 5159 mss.
2237 5104 2371 5158 Tltu.
2434 5103 2567 5177 V_ict.
2587 5108 2732 5177 enim
2763 5101 2908 5162 tatus
2931 5108 3111 5177 justus
3156 5116 3211 5162 et
3253 5119 3469 5177 sumne
3498 5103 3683 5177 justus
3756 5101 3832 5135 “'

561 5171 956 5248 Facisaliquod
976 5192 1105 5248 mss.
1139 5175 1519 5248 [ίιείι-ιιιίιιιιὶιιΔ
1562 5171 1895 5248 '“iAliquod
1912 5190 2024 5248 non
2049 5175 2254 5244 justum
2276 5190 2403 5229 mss.
2455 5174 2591 5248 Tlttt.
2636 5176 2768 5231 Vict.
2814 5171 3015 5248 aliquid
3058 5178 3311 5248 injustum
3386 5171 3662 5248 ωςιιᾳιο
3703 5186 3841 5229 esse

516 5252 525 5263 ‘
560 5260 687 5298 mss.
730 5243 864 5314 Tini.
892 5254 941 5299 et
975 5243 1106 5300 Vict.
1134 5245 1197 5302 S.
1223 5243 1396 5300 ΗὶεΙιῖ
1415 5244 1559 5301 malo
1576 5261 1728 5302 esses
1759 5243 1780 5314 ,ί
1799 5245 1871 5277 ⁸⁵⁰
1900 5243 2213 5314 (Ζιιιιιξιοιιιε
2239 5255 2294 5299 ει
2323 5260 2532 5301 summe
2552 5247 2732 5314 justus
2759 5264 2884 5302 mss.
2907 5243 3059 5302 'Thu.
3109 5243 3209 5301 151
3264 5258 3313 5302 et
3357 5247 3418 5304 S.
3470 5243 3643 5301 Mica.
3678 5258 3837 5314 Δειιιιι

562 5322 706 5369 totus
728 5312 953 5387 justus“
975 5315 1042 5387 Ψ
1078 5315 1409 5387 Perspicitur
1436 5332 1566 5387 mss.
1588 5313 1886 5387 Bec.Gem.
1920 5313 1977 5369 S.
2007 5313 2507 5387 dlictt.percipitur_
2553 5308 2638 5387 ’Ψ
2660 5316 2918 5387 Nascitur
2965 5334 3092 5373 mss.
3122 5316 3281 5387 ῨΤΙιιι.
3351 5328 3399 5387 et
3450 5314 3603 5387 Ετιιι.
3665 5308 3840 5387 (ipsa.

561 5379 844 5457 nascatur;
888 5384 960 5417 ⁸⁸³
986 5379 1253 5442 Bouitatis
1283 5402 1411 5441 mss.
1439 5385 1574 5457 'I‘Itu.
1600 5386 1858 5457 bonitatis
1898 5394 2000 5439 tua:
2071 5384 2142 5416 ⁸⁸⁸
2179 5379 2547 5457 Misericordia
2578 5386 2670 5441 Dei
2698 5427 2714 5452 ,
2743 5388 2809 5457 de
2835 5404 2938 5457 qua
2960 5404 3085 5443 mss.
3114 5386 3249 5441 Tim.
3275 5397 3324 5441 et
3358 5386 3494 5442 Vict.
3518 5382 3647 5440 Hec.
3676 5379 3838 5457 (ient.

559 5452 751 5530 pister.
777 5455 1278 5530 ntiserieo_rdia,_de
1302 5472 1463 5525 quam
1537 5455 1607 5530 Ψ
1639 5454 1707 5530 ξι.
1732 5454 2358 5530 Damnan_te_mss._:i‘tt_u.
2385 5449 2709 5530 dominante
2767 5449 3000 5530 “fr'lpsis
3040 5457 3182 5530 mala
3224 5472 3379 5530 mss.»
3406 5457 3448 5510 Τ
3449 5458 3554 5530 Ιιιι.Δ
3584 5463 3639 5530 εξ
3691 5449 3838 5530 Vict.

562 5524 727 5588 istos,
760 5526 897 5579 mala
972 5525 1040 5556 ⁸⁸⁷
1076 5525 1298 5581 l’rolluit
1320 5523 1387 5579 de
1407 5541 1507 5579 ms.
1536 5525 1598 5581 S.
1631 5523 1798 5579 Mich.
1827 5524 2013 5579 tlellnit
2033 5524 2098 5578 de
2170 5524 2242 5556 ⁸³⁸
2271 5523 2348 5578 Νε
2369 5524 2650 5580 ulciscaris
2673 5543 2770 5580 ms.
2794 5523 2984 5582 (ἤιξεν.
3009 5542 3110 5581 ιιεε
3134 5526 3415 5583 ulciscaris
3486 5526 3557 5559 ⁸⁸⁸
3579 5523 3839 5581 Simiae-

563 5595 735 5673 ricars
762 5609 823 5649 es
843 5635 857 5656 .
884 5596 1008 5663 quia
1033 5610 1092 5650 es
1109 5612 1247 5678 “mss:
1276 5595 1418 5676 Tha.
1439 5595 1564 5650 451.
1596 5599 1641 5650 si
1665 5595 1972 5678 misericors
2003 5609 2107 5675 non
2131 5608 2190 5649 es
2217 5635 2232 5660 ,
2265 5595 2367 5678 tisi
2391 5597 2605 5678 quia'ens
2676 5596 2746 5628 “°
2776 5596 2929 5678 iuste
2953 5608 3009 5652 et
3031 5611 3240 5678 summe
3263 5613 3387 5678 mss.
3427 5595 3561 5678 Tini:
3588 5606 3637 5649 et
3683 5591 3839 5678 Vict.

562 5666 728 5718 omitt.
751 5673 803 5719 et
827 5658 1035 5740 saunne
1107 5664 1172 5717 Ψ
1206 5665 1318 5721 lloc
1346 5665 1529 5734 utique
1553 5681 1650 5720 ms.
1677 5663 1864 5720 Cister.
1892 5658 2226 5733 ltocitaque'
2286 5663 2356 5695 ⁸⁸²
2396 5658 2463 5719 Ει
2491 5666 2535 5720 si
2568 5664 2771 5723 laceres
2790 5668 2856 5721 de
2877 5684 3000 5722 mss.
3037 5666 3169 5736 'I‘Int.
3204 5677 3261 5720 ct
3304 5668 3347 5723 si
3381 5681 3486 5721 nou
3522 5664 3732 5721 faceres
3757 5658 3840 5717 de
