4030 6290
224 362 326 418 253

1637 358 2090 426 PROSLOCIO'N.
2106 378 2113 383 ’

3377 382 3481 438 235

223 484 286 530 ut
322 464 486 529 facias
514 472 685 528 bonos
714 472 781 529 de
818 471 996 529 malis.
1030 473 1293 545 Denique,
1331 477 1474 546 quod
1507 490 1611 533 non
1651 477 1798 547 iuste
1829 481 1873 540 Α
1902 493 2002 533 cur
2050 481 2117 535 de
2163 480 2430 539 similibus
2485 484 2638 541 malis
2689 486 2788 543 bos
2827 488 3008 562 magis
3068 492 3265 563 salies,
3318 511 3483 567 quam

225 566 307 632 ﬁt,
338 581 438 618 non
475 564 634 620 debet
671 564 820 630 fieri;
852 575 909 620 et
935 566 1079 636 quod
1111 582 1217 621 non
1248 567 1407 622 debet
1436 568 1576 635 ﬁeri,
1602 569 1801 640 iniuste

221 656 303 711 lit.
334 654 389 710 Si
421 669 551 726 ergo
580 669 685 709 non
708 652 854 724 iuste
879 656 1033 710 malis
1059 655 1357 722 misereris,
1385 662 1492 712 non
1517 658 1683 713 debes
1703 659 1802 713 mi.

220 745 409 802 sereri.
438 744 508 800 Et
534 744 581 804 si
623 759 732 799 non
763 745 928 802 debes
962 745 1230 812 misereri,
1269 745 1466 816 iniuste
1499 747 1796 803 misereris.

217 835 369 902 Quod
396 836 441 893 si
466 834 618 892 nefas
640 845 724 892 est
750 836 966 902 dicere,
991 836 1074 894 fas
1104 846 1188 894 est
1206 839 1432 895 credere
1459 847 1510 894 te
1530 838 1678 909 iuste
1698 840 1799 895 mi-

217 926 385 982 sereri
417 925 596 981 malis.

506 1034 507 1037 ‘
834 1015 1066 1073 CAPUT
1107 1017 1152 1070 Χ

216 1101 652 1186 Quomodojuste
669 1107 889 1186 puniat,
921 1117 969 1161 et
984 1106 1130 1176 juste
1150 1118 1332 1186 parcat
1357 1108 1534 1163 malis.
1561 1140 1632 1186 -_-
1652 1109 1796 1186 Deus

282 1178 543 1250 parcendo
572 1177 726 1250 mulis
745 1177 924 1250 justus
950 1188 1027 1250 est
1053 1179 1338 1250 secundum
1364 1195 1419 1232 se
1443 1218 1459 1243 ,
1490 1181 1615 1250 quia
1665 1181 1797 1249 facit
1866 1215 1871 1219 -

281 1245 421 1306 quod
444 1245 679 1300 conuenit
715 1262 826 1299 suae
853 1247 1113 1299 bonitati:
1143 1247 1234 1300 sed
1264 1263 1366 1300 non
1395 1258 1468 1301 est
1501 1245 1679 1310 'iustus
1713 1266 1797 1302 se-

285 1315 515 1394 cundum
567 1331 691 1381 nos,
739 1316 865 1385 quia
926 1332 1033 1370 non
1088 1316 1258 1370 reddit
1314 1317 1545 1371 debitum
1595 1319 1796 1388 suppli-

279 1399 441 1437 σικιιι.
534 1430 535 1433 η
1015 1417 1023 1424 ·

281 1470 391 1531 Sed
416 1483 473 1542 et
497 1475 705 1547 iustum
726 1485 813 1533 est
842 1485 901 1533 ut
924 1476 1096 1534 malos
1124 1477 1318 1547 punias
1348 1494 1361 1532 :
1402 1478 1530 1548 quid
1562 1493 1797 1550 namque

203 1561 407 1632 iustius
429 1579 592 1635 quam
625 1573 684 1620 ut
716 1565 841 1622 boni
888 1565 1052 1632 bona,
1088 1573 1148 1621 et
1174 1566 1303 1621 mali
1331 1567 1472 1621 mala
1499 1568 1796 1638 recipiant?

206 1654 495 1723 Quomodo
526 1671 656 1730 ergo
683 1667 742 1715 et
768 1656 975 1726 iustum
1017 1667 1102 1714 est
1152 1668 1211 1713 ut
1260 1660 1432 1716 malos
1478 1661 1692 1731 punias,
1738 1672 1796 1739 et

199 1744 414 1816 iustum
442 1756 526 1805 est
553 1755 614 1801 ut
635 1747 792 1803 malis
814 1763 1007 1819 parcas
1023 1748 1135 1817 ?An
1158 1747 1265 1805 alio
1288 1748 1606 1818 modoiuste
1631 1752 1792 1821 punis

1904 570 2047 637 illos,
2073 576 2182 642 'per
2214 590 2482 630 summam
2511 578 2833 655 bonitatem;
2882 591 2936 637 et
2974 584 3095 637 illos
3118 588 3309 655 magis
3338 590 3483 643 dam-

1900 674 2019 726 nes,
2049 676 2210 730 quam
2258 663 2414 730 istos,
2450 682 2546 736 per
2591 669 3186 739 stunmamiustitiam?
3225 675 3316 731 Sic
3351 693 3485 749 ergo

1899 764 2027 806 vere
2068 764 2128 807 es
2166 754 2455 822 sensibilis,
2500 760 2864 831 omnipotens,
2924 765 3236 823 misericors
3281 778 3335 824 et
3380 770 3484 824 im-

1900 843 2203 912 passibilis;
2248 849 2700 914 quemadmodum
2742 855 2950 918 vivens,
2989 859 3237 927 sapiens,
3282 861 3477 925 bonus,

1900 933 2106 997 beatus,
2141 945 2410 1003 aeternus;
2438 948 2494 994 et
2517 942 2777 1011 quidquid
2812 946 3004 1002 melius
3031 958 3116 1004 est
3160 966 3285 1006 esse
3315 966 3477 1021 quam

1899 1036 2005 1077 non
2037 1037 2178 1079 εεεει.

2496 1119 2724 1176 CAPUT
2764 1122 2874 1175 XII.

1900 1201 2055 1266 Quod
2088 1204 2227 1260 Deus
2252 1209 2318 1261 sit
2342 1210 2453 1277 ipsa
2484 1213 2588 1266 vita
2615 1229 2719 1278 qua
2748 1216 2903 1277 vivit;
2938 1226 2984 1267 et
3014 1218 3090 1270 sic
3110 1219 3174 1273 de
3197 1223 3476 1279 similibus.

1968 1293 2075 1348 Sed
2116 1307 2264 1353 certe
2308 1300 2568 1371 quidquid
2621 1318 2700 1369 es,
2735 1321 2840 1361 non
2900 1321 3001 1377 per
3032 1309 3176 1367 aliud
3214 1325 3276 1368 es
3313 1320 3477 1384 quam

1895 1399 1993 1454 per
2020 1387 2270 1456 teipsum.
2303 1389 2383 1446 Tu
2413 1406 2474 1449 es
2495 1394 2661 1466 igitur
2688 1398 2803 1468 ipsa
2830 1399 2964 1464 vita,
2986 1414 3091 1472 qua
3123 1403 3288 1469 viris;
3309 1416 3367 1461 et
3394 1421 3486 1462 sua

1898 1478 2121 1547 pientia,
2153 1496 2256 1552 qua
2283 1484 2456 1556 sapisk
2491 1496 2547 1542 et
2571 1489 2786 1545 bonitas
2813 1491 2951 1561 ipsa,
2975 1509 3080 1564 qua
3104 1494 3260 1553 bouis
3290 1507 3345 1554 et
3365 1511 3485 1557 mai

1896 1568 1962 1626 lis
1990 1571 2163 1628 bonus
2187 1589 2245 1630 es
2281 1592 2296 1629 :
2333 1584 2389 1631 et
2421 1578 2493 1632 ita
2531 1579 2597 1634 de
2621 1581 2905 1639 similibus.

2491 1669 2721 1728 CAPUT
2747 1672 2880 1727 XIII.

1897 1753 2171 1837 Quomodo
2191 1756 2343 1837 solus
2362 1762 2429 1837 sit
2461 1763 2966 1837 incircumscriptus
2992 1778 3041 1820 et
3067 1778 3290 1823 mter-nus
3306 1789 3324 1837 ;
3360 1791 3476 1827 cum

204 1834 405 1903 malos,
443 1848 500 1893 et
540 1838 645 1893 alio
674 1839 833 1901 modo
863 1838 1010 1909 iuste
1043 1840 1233 1910 parcis.
1263 1840 1452 1897 malis?
1481 1840 1616 1895 Cum
1633 1819 1789 1898 enim
1828 1819 1868 1873 Β
1922 1819 1928 1820 ⁷
1964 1827 2060 1910 9m
2085 1829 2305 1910 ,‘Pi’i‘ui
2329 1831 2434 1885 ‘5’“
2454 1819 2911 1910 ίηείζειυηδενίὶἧξν
2937 1819 3320 1910 θ¹γίε1έί⁶ίινίῗ’·-ι
3338 1819 3478 1897 δ’λῇ

201 1926 365 1996 punis
393 1927 580 1994 malos,
614 1928 820 1999 iustum
863 1939 977 1997 est,
1008 1931 1135 2002 quia
1174 1931 1390 1987 illorum
1420 1932 1630 1988 nieritis
1665 1948 1794 1989 con-

198 2019 388 2087 venit;
419 2036 541 2077 cum
575 2034 704 2076 vero
729 2021 911 2090 parcis
939 2020 1119 2087 malis,
1142 2022 1350 2092 justum
1377 2031 1494 2090 est;
1527 2037 1636 2078 non
1666 2025 1792 2094 quia

195 2106 426 2167 illorum
470 2110 700 2177 meritis,
737 2112 832 2167 sed
875 2112 1003 2182 quia
1034 2112 1292 2168 bonitatis
1337 2121 1443 2168 tua:
1486 2115 1794 2187 condecens

193 2210 296 2257 est.
358 2200 497 2258 Nam
541 2202 814 2273 parcendo
857 2202 1016 2259 malis
1050 2203 1125 2259 ita
1162 2200 1345 2271 justus
1383 2200 1454 2235 ⁸⁸³
1501 2218 1561 2260 es
1598 2220 1793 2279 secun-

195 2290 336 2347 dum
366 2299 444 2358 te,
472 2301 530 2348 et
554 2306 662 2347 non
699 2291 996 2348 secundum
1026 2306 1157 2359 nos;
1187 2291 1331 2348 sicut
1373 2292 1686 2348 misericors
1730 2308 1794 2349 es

193 2381 510 2441 secundum
553 2395 679 2448 nos,
717 2390 775 2438 et
806 2395 914 2437 non
943 2383 1241 2438 secundum
1271 2388 1355 2447 te;
1386 2382 1643 2451 quoniam
1687 2383 1795 2437 sal-

193 2473 385 2529 vaudo
412 2486 692 2543 nos,quos
716 2473 865 2544 iuste
878 2473 1158 2544 perderes,
1190 2474 1334 2534 sicut
1366 2474 1681 2530 misericors
1706 2490 1785 2541 es,

192 2576 301 2618 non
339 2562 471 2632 quia
515 2571 570 2617 tu
614 2563 823 2620 sentias
856 2562 1130 2631 allectum,
1173 2565 1270 2621 sed
1315 2558 1443 2636 quia
1481 2579 1580 2620 nos
1625 2566 1794 2621 senti-

194 2664 323 2706 mus
347 2649 641 2718 effectum;
672 2652 748 2707 ita
782 2652 973 2723 iustus
988 2669 1068 2721 es,
1098 2670 1206 2710 non
1247 2655 1376 2725 quia
1408 2654 1564 2711 nobis
1592 2654 1791 2713 reddas

195 2741 471 2809 debitum,
519 2744 613 2799 sed
655 2744 782 2815 quia
809 2742 947 2802 facis
987 2746 1130 2817 quod
1174 2748 1331 2803 decet
1377 2756 1429 2803 te
1455 2762 1667 2805 summe
1693 2749 1792 2805 bo-

197 2848 352 2892 num.
404 2834 499 2892 Sic
538 2836 721 2908 itaque
755 2840 1263 2922 sinerepugnantia
1301 2837 1451 2910 iuste
1503 2844 1686 2913 punis,
1734 2853 1792 2899 et

192 2922 345 2995 iuete
372 2930 578 2998 parcis.

814 3020 1045 3079 CAPUT
1091 3022 1182 3079 XI.

199 3100 484 3178 Quomodo
509 3115 882 3179 universtepiw
909 3115 1126 3172 Domini
1158 3119 1517 3176 misericordia
1545 3132 1594 3177 et
1648 3123 1786 3177 veri-

268 3195 471 3256 tas;_et
501 3196 672 3240 tamen
695 3186 876 3256 justus
902 3185 1154 3242 Dominus
1176 3190 1233 3242 in
1261 3190 1501 3245 omnibus
1532 3192 1627 3246 viis
1654 3194 1783 3247 suis;
1815 3180 1857 3240 (ἶ

272 3253 505 3332 -_Cupi
528 3253 825 3332 nullatenus
846 3266 1011 3326 potest
1048 3274 1145 3311 cur
1182 3259 1246 3313 de
1284 3259 1474 3332 malis,
1496 3261 1590 3316 Itos
1620 3265 1786 3332 magis

266 3327 443 3397 solvet
491 3341 648 3397 quam
704 3327 846 3391 illos,
891 3342 986 3396 per
1035 3340 1295 3382 sumntum
1356 3330 1638 3385 bonitatem
1672 3327 1789 3387 δἐι

266 3396 395 3478 illos
436 3396 601 3466 magis
639 3397 849 3451 damnet
878 3412 1036 3465 quam
1083 3400 1231 3462 istos,
1277 3414 1370 3467 per
1403 3415 1663 3461 summam
1692 3402 1789 3471 jus

266 3476 498 3521 stitmm.

270 3556 386 3613 Sed
417 3557 658 3628 nunquid
684 3557 849 3615 etiam
879 3572 986 3613 non
1015 3568 1098 3615 est
1133 3559 1342 3629 iustum
1385 3562 1681 3619 secundum
1715 3574 1787 3633 te,

196 3650 461 3715 Domine,
507 3659 567 3705 ut
612 3649 783 3707 malos
827 3651 1061 3722 punias?
1099 3651 1314 3708 Justum
1353 3655 1554 3727 quippe
1596 3666 1701 3725 est,
1740 3668 1790 3715 te

196 3741 283 3799 sic
303 3756 433 3798 esse
449 3739 678 3811 justum,
704 3750 765 3797 ut
780 3742 982 3815 iustior
1003 3759 1242 3819 nequeas
1257 3747 1490 3823 cogitari
1510 3748 1582 3781 ⁸⁸⁸
1607 3768 1622 3805 :
1647 3751 1789 3823 quod

197 3852 553 3908 nequaquam
596 3854 767 3909 esses,
811 3841 858 3896 si
914 3849 1123 3917 tantum
1170 3844 1328 3901 bonis
1366 3845 1528 3911 bona,
1579 3852 1636 3901 et
1680 3859 1789 3898 nou

196 3930 366 3997 malis
402 3930 476 3965 "’
513 3931 655 3987 mala
688 3932 967 3991 redderes.
1018 3933 1230 3992 Justior
1275 3938 1423 3993 enim
1469 3946 1554 3994 est
1595 3937 1687 4007 qui
1735 3945 1793 3993 et

198 4021 368 4079 bonis
390 4029 452 4083 et
484 4022 665 4090 malis,
693 4038 858 4094 quam
902 4026 996 4096 qui
1037 4026 1195 4084 bonis
1224 4036 1435 4085 tantum
1470 4029 1662 4085 merita
1704 4043 1792 4085 re-

199 4114 418 4170 tribuit.
444 4113 655 4170 Jusmm
688 4116 853 4187 igitur
874 4126 961 4174 est
987 4120 1285 4175 secundum
1327 4129 1400 4188 te,
1426 4120 1574 4191 iuste
1601 4130 1657 4177 et
1695 4122 1790 4178 be—

198 4201 375 4272 nigne
401 4203 568 4270 Deus,
606 4212 661 4260 et
689 4219 811 4261 cum
840 4207 1022 4278 punis,
1054 4217 1110 4263 et
1142 4223 1264 4264 cum
1294 4210 1494 4281 parcis.
1526 4211 1668 4267 Vere
1694 4211 1792 4283 igi-

200 4304 298 4351 tur
348 4295 604 4352 uniuersae
650 4298 746 4353 vite
800 4298 1015 4355 Domini
1060 4302 1423 4358 misericordia
1495 4314 1547 4359 et
1603 4303 1791 4361 veritus

196 4386 388 4457 (Pal.
420 4404 570 4459 xstv,
603 4389 723 4461 10);
750 4399 806 4447 et
834 4400 1013 4448 tamen
1035 4393 1217 4465 justus
1244 4395 1496 4453 Dominus
1521 4399 1577 4455 in
1618 4402 1790 4455 omni-

194 4479 303 4533 bus
338 4479 437 4535 riis
458 4482 571 4536 suis
594 4479 770 4554 (Psal.
799 4498 979 4551 cxuv,
1010 4485 1120 4558 l7).
1152 4485 1220 4541 Et
1245 4486 1431 4557 utique
1471 4488 1588 4544 sine
1630 4505 1789 4561 repu-
1824 4516 1868 4572 ι)

195 4572 459 4641 gnantia;
487 4573 613 4647 quia
642 4588 780 4645 quos
817 4575 900 4630 vis
938 4577 1153 4647 punire,
1191 4593 1298 4634 non
1335 4587 1420 4635 est
1438 4578 1647 4650 iustum
1685 4584 1792 4639 sal-

197 4661 355 4732 vari;
384 4672 443 4720 et
462 4664 660 4735 quibus
681 4666 763 4722 vis
776 4681 1023 4738 parcere,
1052 4684 1158 4726 non
1185 4679 1266 4727 est
1286 4670 1494 4742 iustum
1516 4674 1788 4733 damnari.

148 4794 153 4801 .
195 4753 344 4810 Nam
385 4756 444 4812 id
467 4756 642 4812 solum
666 4757 875 4829 justum
904 4769 1011 4828 est,
1041 4762 1186 4831 quod
1210 4763 1320 4831 vis;
1348 4772 1404 4819 et
1434 4779 1541 4820 non
1559 4763 1790 4834 iustum,

144 4898 157 4915 ί
198 4842 354 4916 quod
381 4861 491 4903 non
531 4848 632 4905 vis.
674 4849 769 4907 Sic
788 4866 922 4924 ergo
944 4853 1191 4909 nascitur
1220 4854 1287 4911 de
1329 4853 1543 4923 iustitia
1572 4864 1660 4910 tua
1694 4858 1795 4912 mi-

198 4939 510 4997 sericordia
542 4950 663 5009 tua;
699 4945 826 5015 quia
855 4945 1058 5016 iustum
1090 4956 1175 5001 est
1218 4954 1269 5003 te
1297 4947 1379 5004 sic
1406 4962 1527 5005 esse
1565 4949 1790 5013 bonum,

198 5039 268 5087 ut
293 5040 355 5086 et
392 5035 668 5102 parcendo
695 5036 772 5091 sis
804 5036 981 5093 bonus
1021 5054 1035 5091 :
1079 5046 1132 5093 et
1163 5038 1267 5094 hoc
1300 5037 1528 5096 forsitan
1563 5050 1668 5108 est,
1695 5056 1795 5097 cur

201 5135 425 5177 summe
451 5123 631 5195 iustus
665 5135 846 5196 potest
878 5127 1014 5184 velle
1044 5130 1184 5186 bona
1233 5130 1427 5186 malis?
1456 5130 1562 5189 Sed
1613 5134 1657 5189 si
1705 5148 1791 5189 ut-

196 5228 431 5286 cunque
448 5217 569 5288 capi
597 5218 668 5249 '“
686 5228 863 5289 potest
890 5235 988 5276 cur
1010 5220 1183 5277 malos
1209 5232 1362 5293 potes
1382 5223 1519 5280 velle
1541 5225 1752 5281 salvare
1777 5246 1791 5281 :

199 5306 348 5365 illud
417 5317 567 5366 certe
624 5310 770 5367 nulla
829 5313 1063 5373 ratione
1103 5314 1491 5385 comprehendi
1568 5324 1790 5387 potest,

1959 1895 2047 1983 lus
2077 1895 2224 1967 locus
2250 1909 2525 1983 etgteutpus
2551 1905 2715 1983 Deum
2746 1895 3001 1983 cohibent.
3029 1906 3132 1983 sed
3157 1913 3266 1979 ipse
3291 1895 3478 1983 ubique

1958 1974 2006 2020 ct
2035 1968 2344 2037 semperest.
2367 1967 2526 2024 Stilus
2549 1974 2681 2026 sicut
2703 1990 2805 2028 non
2832 1976 3042 2042 desiuit,
3063 1980 3138 2032 ita
3168 1967 3270 2034 non
3297 1967 3477 2055 incipit

1963 2052 2091 2091 €886.

1966 2126 2072 2183 Sed
2114 2142 2276 2185 omne
2333 2131 2476 2202 quod
2508 2131 2769 2189 clauditur
2818 2135 3161 2206 aliquatenus
3224 2140 3343 2196 loco
3386 2152 3480 2197 aut

1895 2225 2155 2291 tempore,
2205 2224 2383 2279 minus
2420 2233 2505 2280 est
2534 2240 2695 2295 quam
2726 2230 2869 2298 quod
2910 2231 3051 2284 nulla
3096 2231 3183 2286 lex
3230 2231 3333 2288 loci
3387 2246 3479 2290 aut

1894 2310 2153 2379 temporis
2179 2320 2394 2368 coercet
2431 2312 2522 2369 ⁸⁸⁷.
2553 2315 2819 2382 Qumii'am
2869 2333 2998 2389 ergo
3046 2320 3218 2391 maius
3249 2330 3302 2378 te
3344 2323 3477 2379 nihil

1893 2406 2009 2465 est,
2037 2401 2216 2456 nullus
2245 2402 2396 2459 locus
2423 2414 2516 2459 aut
2558 2415 2768 2475 tempus
2799 2417 2850 2462 te
2882 2410 3119 2475 cohibet,
3158 2412 3250 2467 sed
3280 2414 3478 2483 ubique

1894 2497 1949 2543 et
1982 2505 2199 2561 semper
2227 2508 2286 2549 es
2313 2507 2329 2546 :
2371 2498 2512 2564 quod
2542 2498 2668 2566 quia
2698 2499 2766 2553 de
2799 2508 2848 2553 te
2875 2499 2989 2554 solo
3024 2500 3128 2556 dici
3147 2512 3324 2573 potest
3350 2522 3365 2562 :
3395 2505 3475 2561 Tu'

1895 2577 2043 2636 solu's
2066 2581 2570 2655 incircumscriptus
2590 2602 2649 2641 es
2672 2597 2726 2641 et
2773 2598 3033 2644 mternus.
3066 2590 3348 2658 Quomodo
3374 2598 3477 2668 igi-

1896 2678 1986 2727 tur
2035 2672 2288 2728 dicuntur
2343 2683 2402 2730 et
2458 2677 2549 2732 alii
2624 2681 2847 2749 sp'ritus
2906 2679 3363 2757 incircumscripti
3423 2700 3478 2745 et

1892 2763 2121 2819 aeterni?
2161 2765 2229 2820 Et
2273 2767 2494 2837 quidem
2540 2772 2690 2826 solus
2737 2789 2795 2830 es
2839 2786 3107 2845 mtemus;
3156 2780 3282 2849 quia
3329 2780 3478 2837 solus

1892 2852 2133 2908 omnium
2166 2855 2310 2910 sicut
2340 2872 2445 2911 non
2470 2859 2705 2929 desinis,
2737 2865 2817 2918 sic
2850 2881 2957 2921 non
2988 2867 3180 2939 incipis
3203 2883 3344 2925 esse.
3371 2870 3477 2926 Sed

1891 2943 2165 3012 quomodo
2185 2944 2333 3000 solus
2358 2960 2419 3003 es
2457 2940 2993 3024 incircumscriptus?
3016 2958 3097 3012 An
3122 2969 3339 3017 creatus
3366 2963 3479 3030 spi-

1892 3031 2032 3089 ritus
2052 3035 2119 3088 ad
2162 3042 2215 3089 te
2242 3035 2489 3105 collatus,
2524 3049 2611 3095 est
2641 3041 2716 3089 ⁸⁵⁸.
2733 3043 3214 3118 circumscriptus;
3244 3052 3313 3106 ad
3342 3066 3470 3107 cor-—

1889 3137 1992 3195 pus
2021 3140 2170 3191 vero,
2201 3126 2725 3204 incircumscriptus.
2757 3135 2961 3209 Nempe
2990 3143 3214 3198 omnino
3239 3145 3476 3199 circum-

1892 3215 2153 3286 scriptum
2211 3228 2316 3285 est,
2371 3223 2512 3289 quod
2565 3240 2686 3280 cum
2737 3228 2939 3284 alicubi
2992 3239 3162 3287 totum
3213 3243 3314 3297 est.
3366 3251 3473 3289 non

1890 3314 2065 3376 potest
2092 3308 2254 3364 simul
2279 3325 2398 3366 esse
2425 3312 2551 3368 alibi
2580 3329 2596 3367 :
2624 3319 2766 3385 quod
2805 3319 2871 3375 de
2896 3321 3026 3377 solis
3054 3326 3339 3393 corporeis
3363 3342 3477 3381 cer—

1893 3397 2058 3453 nitur.
2097 3400 2627 3474 lncircumscript‘um
2659 3420 2810 3473 vero,
2849 3410 2990 3478 quod
3032 3412 3192 3466 simul
3226 3422 3311 3469 est
3352 3415 3475 3470 ubi-

1890 3501 2000 3556 que
2029 3496 2198 3543 totum
2225 3508 2238 3542 :
2264 3492 2407 3562 quod
2430 3494 2497 3547 de
2523 3504 2572 3549 le
2601 3496 2718 3552 solo
2744 3494 2973 3572 intelligi
2985 3511 3090 3557 tur.
3112 3503 3476 3562 Circumscri—

1894 3588 2042 3649 ptum
2072 3589 2251 3636 autem
2291 3584 2451 3639 simul
2493 3597 2548 3641 et
2597 3588 3131 3669 incircumscriptum
3176 3605 3284 3665 est,
3329 3600 3472 3668 quod

1893 3691 2014 3731 cum
2042 3676 2238 3734 alicubi
2263 3680 2333 3735 sit
2365 3689 2553 3749 totum,
2586 3692 2765 3753 potest
2786 3687 2944 3743 simul
2970 3702 3093 3745 esse
3115 3699 3286 3746 totum
3311 3693 3475 3759 alibi,

1895 3784 2001 3824 non
2044 3778 2226 3826 tamen
2258 3772 2458 3842 ubique
2490 3793 2503 3827 :
2546 3778 2690 3846 quod
2717 3778 2783 3835 de
2820 3783 3020 3840 creatis
3062 3784 3346 3854 spiritibus
3375 3800 3475 3841 co-

1893 3865 2192 3935 gnoscitur.
2227 3865 2284 3921 Si
2315 3868 2458 3923 enim
2490 3884 2597 3926 non
2634 3881 2782 3929 esset
2805 3875 2987 3930 anima
3019 3884 3132 3932 tota
3163 3879 3217 3932 in
3246 3878 3476 3950 singulis

1895 3958 2152 4014 membris
2181 3959 2265 4014 sui
2293 3960 2558 4028 corporis,
2590 3978 2696 4019 non
2734 3967 2965 4023 sentiret
2989 3975 3099 4021 tota
3137 3967 3191 4023 in
3223 3969 3474 4039 singulis.

1894 4048 1974 4102 Tu
2002 4062 2154 4119 ergo,
2204 4049 2448 4115 Domine,
2500 4052 2847 4121 singulariter
2883 4071 2942 4111 es
2980 4056 3479 4128 incircumscriptus

1895 4148 1949 4193 ct
1968 4149 2232 4205 aeternus;
2263 4149 2319 4196 et
2355 4151 2534 4196 tamen
2575 4152 2631 4198 et
2660 4144 2751 4200 alii
2793 4147 2865 4211 ⁸⁸9
2900 4148 3126 4218 spiritus
3152 4158 3282 4205 sunt
3314 4151 3476 4207 incir-

1895 4233 2208 4303 cumscripti
2233 4245 2291 4290 et
2318 4238 2530 4293 aeterni.

2482 4329 2711 4388 CAPUT
2749 4331 2888 4387 XIV.

1896 4422 2193 4492 Quomodo,
2217 4433 2266 4479 et
2301 4439 2397 4478 cur
2424 4423 2649 4500 videtur,
2677 4433 2726 4480 et
2759 4441 2863 4480 non
2886 4426 3093 4481 videtur
3121 4427 3260 4482 Deus
3280 4445 3312 4482 a
3331 4445 3479 4500 qua:-

2485 4495 2716 4549 rentibus
2745 4511 2886 4552 eum.

1968 4585 2049 4641 An
2076 4585 2352 4650 invenisti,
2387 4584 2569 4640 anima
2609 4600 2750 4651 mea,
2781 4587 2925 4658 quod
2962 4589 3280 4666 quaerebas?
3318 4589 3481 4658 Quaa-

1899 4676 2058 4731 rebas
2082 4674 2274 4741 Deum,
2312 4672 2566 4730 invenisti
2604 4688 2729 4729 eum
2768 4690 2889 4732 esse
2919 4677 3177 4747 quiddam
3208 4694 3478 4735 summum

1899 4766 2164 4831 omnium,
2206 4780 2313 4835 quo
2356 4764 2493 4819 nihil
2535 4763 2729 4821 melius
2759 4766 2989 4837 cogitari
3032 4776 3253 4838 potest;
3293 4776 3350 4822 et
3380 4767 3481 4821 hoc

1900 4872 2022 4914 esse
2065 4857 2231 4912 vitam
2279 4857 2473 4928 ipsam,
2516 4857 2711 4923 lucem,
2760 4858 3107 4929 sapientiam,
3155 4860 3477 4925 bonitatem,

1900 4959 2160 5005 aeternam
2210 4948 2601 5004 beatitudinem
2635 4958 2692 5005 et
2738 4949 2954 5004 beatam
2992 4948 3381 5009 reternitatem;
3427 4956 3482 5000 ct

1896 5040 1998 5095 hoc
2030 5053 2151 5094 esse
2187 5038 2388 5109 ubique
2426 5045 2482 5093 et
2520 5052 2756 5108 semper.
2806 5036 2940 5091 Nam
2986 5036 3032 5090 si
3078 5049 3185 5089 non
3224 5035 3477 5089 invenisti

1897 5131 2065 5187 Deum
2093 5138 2265 5196 tuum,
2291 5130 2561 5198 quomodo
2599 5136 2686 5183 est
2724 5127 2813 5183 ille
2855 5129 2981 5193 hoc,
3020 5123 3165 5194 quod
3203 5122 3478 5188 invenisti,

1897 5230 1951 5278 et
1983 5221 2125 5292 quod
2162 5220 2310 5275 illum
2342 5228 2450 5274 tam
2486 5227 2635 5275 certa
2659 5219 2887 5272 veritate
2912 5226 2967 5272 et
2994 5230 3127 5271 vera
3155 5214 3482 5270 certitudine

1900 5312 2246 5372 intellexisti?
2297 5311 2353 5366 Si
2393 5326 2518 5368 vero
2557 5309 2849 5373 invenisti,
2878 5310 3007 5379 quid
3055 5320 3138 5366 cst
3186 5310 3327 5382 quod
3375 5323 3479 5363 non

1498 5430 1726 5488 VARLE
1780 5429 2178 5491 LECTIONES.

276 5521 357 5554 '“
383 5520 534 5593 Malis
557 5521 629 5576 ita
646 5521 950 5593 iustusms.
974 5517 1344 5593 Cisterimalis
1359 5521 1541 5593 iustus

1646 5525 1718 5557 8“
1745 5524 1990 5597 Nequeas
2009 5521 2235 5595 cogitari
2265 5538 2370 5593 ms.
2403 5519 2538 5597 Thu.
2571 5517 2697 5597 45]:
2723 5526 2956 5597 nequeat
2983 5519 3253 5597 “cogitari-
3303 5517 3373 5597 οςο
3412 5517 3483 5577 Et

196 5606 322 5648 non
349 5590 504 5653 malis
532 5608 631 5646 ms.
650 5588 797 5647 ’Thu.
825 5590 955 5692 4511”.-
979 5600 1033 5646 et
1049 5590 1212 5692 malis
1283 5588 1445 5692 "IVIA.
1472 5591 1774 5692 Utrumque
1795 5588 1914 5668 capi
1939 5613 2061 5652 mss.
2078 5588 2383 5692 'utcumque
2404 5589 2574 5692 capsir
2615 5588 2704 5692 ὅθ’.
2730 5589 3049 5692 Quod.nulla
3075 5588 3187 5692 ’ἕξις
3240 5588 3484 5692 lo'civ‘aut

200 5663 478 5692 ΙΔηιΙιΛ-ἶ.
511 5672 724 5692 Ann-nn.
756 5678 834 5692 ..η
962 5677 994 5692 u
1202 5678 1321 5692 nun.
1391 5678 1452 5692 Λ-
1506 5666 1585 5692 ,ηιξ
1619 5678 1704 5692 ...η
1736 5667 1990 5692 s-_...-_:..
2019 5682 2121 5692 ..Α-ι
2159 5675 2345 5692 ΑΛΔΙΙΛΔ
2580 5676 2610 5692 η
2656 5677 2681 5692 η
2713 5676 2773 5692 uo
2833 5678 2875 5692 ιι.
2933 5678 3037 5692 κ..-
3157 5679 3205 5692 ...
3255 5675 3280 5692 ι
3405 5675 3429 5692 ρ

200 5663 480 5738 ten_iporis
511 5672 855 5738 coercetlns.
881 5659 1016 5716 Tha.
1044 5660 1455 5738 ‘5ILQIIOtInItBX
1487 5664 1587 5720 loci
1617 5659 1710 5721 aut
1736 5659 1994 5738 temporis
2019 5682 2125 5724 non
2156 5659 2371 5722 coercet
2442 5660 2463 5689 ⁸

2536 5655 2799 5729 Collatus,
2832 5662 2904 5718 sit
2933 5678 3057 5719 mss.
3093 5661 3227 5716 Tltu.
3252 5669 3301 5715 et
3342 5655 3474 5711 Vict.

196 5731 466 5801 collatus,
490 5740 574 5788 est
644 5731 792 5786 “’Et
816 5741 994 5787 tamen
1024 5740 1080 5787 et
1099 5731 1190 5788 alii
1212 5731 1312 5789 ius.
1342 5732 1533 5791 Cister.
1565 5744 1620 5792 et
1645 5750 1826 5793 tamen
1848 5731 1985 5794 alii:

502 5824 775 5884 Ριτιιοι.
821 5822 1090 5890 CLVIII.

3043 5830 3085 5890 8
