4030 6290
527 286 632 347 235

1045 283 1102 338 S.
1148 280 1448 339 ANSELMI
1486 277 1837 335 CANTUAR.
1880 273 2198 333 ARClHEP.
2240 271 2390 330 OPP.
2441 270 2620 327 PARS
2662 272 2698 326 Ι.
2741 301 2810 311 -
2849 270 3269 328 DOGMATICA.

3681 268 3805 333 256

526 402 695 459 sentis
729 402 873 470 quod
909 398 1194 454 invenisti?
1237 395 1345 450 Cur
1390 410 1496 450 non
1542 403 1594 448 te
1634 393 1830 458 sentit,
1872 390 2100 446 Domine
2129 396 2177 455 Α
2206 388 2401 443 animae
2441 400 2576 442 mea:
2612 386 2703 441 diu
2750 386 3034 459 intendere
3083 387 3136 440 in
3165 385 3335 441 illam.
3377 384 3806 445 Reverberatur

524 494 689 558 Deus,
726 492 905 544 anima
938 502 1091 554 mea,
1138 487 1183 542 si
1225 485 1432 540 invenit
1472 483 1558 538 te?
1596 486 1678 536 An
1728 497 1834 537 non
1877 481 2101 545 invenit,

522 599 682 656 quem
717 581 919 638 invenit
942 594 1063 635 esse
1087 577 1263 633 lucem
1285 577 1357 608 ⁸⁷⁰
1385 585 1441 632 et
1466 573 1791 630 veritatem?
1822 571 2104 640 Quomodo

522 686 758 739 namque
799 669 1060 724 intellexit
1086 668 1210 732 hoc,
1247 666 1350 721 nisi
1376 664 1606 720 videndo
1642 663 1814 718 lucem
1857 670 1912 717 et
1958 662 2101 717 veri-

521 760 732 817 tatem?
761 760 870 814 Aut
899 758 1074 828 potuit
1099 756 1321 812 omnino
1346 754 1550 824 aliquid
1581 753 1882 824 intelligere
1922 752 1990 808 de
2027 761 2101 818 te,

519 851 623 906 nisi
661 865 759 922 per
803 850 978 905 lucem
1034 856 1179 900 tuam
1224 854 1280 899 et
1317 843 1603 899 veritatem
1645 830 1825 897 tuam?
1865 841 1921 897 Si
1972 856 2103 910 ergo

518 940 655 995 vidit
694 939 869 994 lucem
913 945 970 991 et
998 936 1323 1001 veritatem,
1352 933 1488 988 vidit
1512 943 1562 987 te
1599 950 1612 987 :
1644 932 1688 987 si
1722 946 1827 987 non
1855 930 1990 985 vidit
2017 939 2100 995 te,

517 1047 623 1087 non
647 1030 784 1085 vidit
809 1029 983 1084 lucem
1032 1041 1133 1082 nec
1156 1026 1465 1082 veritatem.
1506 1025 1590 1077 An
1619 1033 1675 1078 et
1704 1022 1904 1077 veritas
1929 1031 1983 1077 et
2006 1021 2099 1077 lux

517 1130 624 1187 est,
669 1121 813 1190 quod
856 1119 1019 1183 vidit;
1070 1125 1127 1172 et
1173 1126 1354 1172 tamen
1392 1115 1631 1171 nondum
1678 1122 1729 1168 te
1774 1110 1927 1179 vidit,
1973 1111 2100 1181 quia

516 1214 652 1269 vidit
684 1221 740 1269 te
769 1212 1113 1280 aliquatenus
1138 1210 1242 1275 ⁸⁸ης
1280 1208 1376 1279 sed
1405 1223 1510 1262 non
1545 1206 1678 1260 vi-lit
1706 1206 1779 1238 ⁸⁷³
1822 1212 1896 1269 te,
1939 1204 2099 1260 sicuti

517 1306 610 1360 es?
660 1304 888 1360 Domine
936 1304 1079 1359 Deus
1131 1317 1302 1366 meus,
1358 1299 1623 1355 l‘ormator
1663 1300 1722 1352 ct
1776 1296 2100 1353 reformator

516 1411 696 1463 meus,
727 1396 815 1451 dic
840 1394 1172 1451 desideranti
1222 1391 1330 1463 33
1369 1392 1562 1446 anima:
1589 1405 1745 1456 meat,
1783 1389 1914 1458 quid
1952 1388 2100 1443 aliud

515 1498 577 1540 es
601 1499 763 1555 quam
794 1483 937 1553 quod
964 1483 1113 1544 vidit,
1149 1489 1209 1536 ut
1234 1495 1371 1552 pure
1409 1480 1594 1536 videat
1631 1478 1776 1549 quod
1802 1478 2095 1534 desiderat.

516 1573 752 1631 lntendit
788 1589 866 1635 se.
896 1583 956 1629 ut
996 1572 1114 1642 plus
1142 1571 1358 1636 videat;
1386 1580 1444 1628 et
1480 1570 1616 1625 nihil
1648 1570 1796 1625 videt
1824 1568 1966 1623 ultra
1994 1569 2099 1624 hoc

513 1666 657 1735 quod
688 1666 841 1729 vidit,
890 1666 993 1721 nisi
1035 1664 1308 1720 tenebras.
1345 1664 1460 1719 ltno
1504 1678 1612 1719 non
1654 1662 1802 1719 videt
1840 1662 1913 1695 ⁸⁷³
1946 1670 2099 1718 tene-

2209 476 2436 545 fulgore,
2466 475 2700 530 vincitur
2720 474 3096 544 amplitudine,
3117 473 3367 529 obruitur
3399 474 3801 543 immensitate,

2207 567 2557 625 conlunditur
2592 565 2919 635 capacitate.
2958 563 3003 620 Ο
3031 580 3245 620 summa
3300 573 3360 619 et
3400 564 3803 622 inaccessibilis

2206 659 2335 715 lux!
2362 657 2406 715 Ο
2439 665 2571 722 tota,
2603 665 2659 712 et
2704 660 2860 712 beata
2889 655 3112 721 veritas,
3139 669 3304 725 quam
3338 654 3495 725 longe
3519 667 3579 709 es
3619 669 3651 708 a
3679 670 3800 723 me,

2204 749 2299 819 qui
2330 758 2438 803 tam
2484 761 2651 818 prope
2681 746 2774 801 tibi
2813 747 2971 800 sum!
3014 743 3191 812 Quam
3235 753 3444 799 remota
3472 758 3532 799 es
3575 758 3608 798 a
3655 758 3802 799 coa-

2205 847 2394 909 spectu
2427 853 2569 904 meo,
2616 838 2706 907 qui
2761 836 2837 891 sic
2865 851 3129 906 praesens,
3161 851 3280 890 sum
3312 834 3625 904 conspectui
3656 844 3749 890 tuo
3778 837 3798 890 ι

2205 927 2415 998 Ubique
2450 940 2510 981 es
2547 925 2749 980 totam
2778 940 3040 995 ρι’τθεθηε,
3084 935 3144 988 et
3178 941 3285 980 nou
3330 934 3382 979 te
3424 924 3603 979 vilee.
3648 925 3703 979 In
3740 936 3803 979 te

2203 1031 2425 1089 moveor
2449 1025 2505 1071 et
2533 1016 2587 1070 in
2620 1024 2674 1070 te
2700 1030 2840 1082 sum,
2874 1024 2931 1070 et
2949 1016 3017 1071 ad
3042 1023 3095 1071 te
3124 1029 3230 1070 non
3265 1028 3484 1085 possum
3509 1013 3803 1072 accedere.

2202 1108 2350 1163 Intra
2397 1123 2482 1163 me
2511 1117 2564 1163 et
2595 1107 2738 1162 circa
2783 1122 2867 1161 me
2896 1121 2980 1174 es,
3007 1114 3062 1161 et
3088 1121 3195 1161 non
3229 1115 3281 1161 te
3309 1106 3501 1161 sentio.

2769 1236 2999 1293 CAPUT
3038 1237 3203 1294 XVII.

2201 1348 2353 1416 Quod
2386 1350 2441 1405 in
2469 1348 2576 1421 Deo
2613 1349 2680 1421 sit
2711 1351 3007 1421 harmonia,
3036 1350 3207 1421 ador,
3231 1366 3411 1421 sapor,
3462 1350 3644 1407 levitas
3693 1348 3797 1417 π’,

2480 1418 2839 1490 pulchritudo,
2889 1436 2985 1473 suo
3022 1418 3301 1489 ineffabili
3327 1422 3502 1475 modo.
3774 1468 3785 1476 .

2268 1513 2460 1569 Adhuc
2501 1513 2664 1581 lates,
2715 1512 2962 1577 Domine,
2995 1512 3234 1566 animam
3279 1524 3454 1566 meam
3482 1510 3537 1565 in
3567 1510 3689 1567 luce
3723 1518 3803 1568 et

2198 1599 2535 1657 beatitudine
2568 1610 2692 1668 tua;
2739 1610 2795 1657 et
2824 1603 3026 1657 idcirco
3070 1609 3326 1656 versatur
3370 1599 3458 1654 illa
3500 1599 3681 1655 adhuc
3727 1601 3793 1655 in

2203 1695 2462 1760 tenebris,
2491 1702 2545 1750 et
2575 1696 2795 1750 miseria
2824 1684 2944 1749 sua.
2989 1690 3373 1762 Circumspicit
3404 1690 3551 1746 enim
3593 1699 3652 1746 et
3672 1705 3798 1746 non

513 1758 662 1823 ιπειεν
703 1773 824 1856 ίιξιξο
866 1757 1022 1812 ηιιιιεε
1058 1765 1183 1856 sum
1206 1756 1265 1856 si“
1301 1765 1382 1856 ιῗς
1424 1756 1519 1812 εθά
1556 1756 1784 1856 νίάθξηεο
1819 1771 1931 1856 ξιοη
1974 1755 2097 1856 Plus
2130 1746 2173 1804 Β
2203 1746 3045 1856 asinininana;an;
3069 1746 3377 1845 Αυεειὲιιει,
3412 1787 3469 1836 et
3502 1795 3611 1836 non
3637 1780 3797 1835 audit

511 1861 672 1917 posse
702 1847 904 1911 videre,
939 1854 1159 1917 propter
1203 1845 1456 1901 tenebras
1491 1859 1639 1901 suas.
1682 1843 1792 1899 Cur
1819 1845 1944 1911 hoc,
1991 1844 2096 1901 Do-

511 1937 679 2005 mine,
710 1954 808 1993 cur
835 1938 972 1992 hoc?
1013 1937 1354 1996 Tenebratur
1388 1938 1579 1993 oculus
1613 1937 1729 2008 ejus
1761 1938 1831 1972 3'”
1872 1936 2098 1993 inﬁrmi-

514 2037 626 2084 tate
662 2044 783 2095 sua,
814 2037 906 2084 aut
936 2031 1316 2087 reverberatur
1346 2028 1556 2101 fulgore
1586 2028 1714 2086 tuo?
1738 2029 1845 2085 Sed
1871 2037 2018 2085 certe
2042 2036 2098 2083 et

513 2118 830 2174 tenebratur
860 2122 911 2174 in
954 2135 1035 2187 se,
1073 2132 1129 2177 et
1167 2122 1552 2177 reverberatur
1591 2136 1622 2175 a
1674 2130 1745 2177 te.
1794 2120 1993 2192 Utique
2041 2126 2113 2176 et;

516 2210 834 2267 obscuratur
866 2227 962 2267 sua
1002 2212 1290 2281 brevitate,
1319 2222 1375 2270 et
1411 2213 1662 2269 obruitur
1702 2221 1794 2268 tua
1824 2209 2101 2267 immensi-

511 2307 643 2356 tate.
677 2299 814 2356 Vere
849 2311 904 2357 et
946 2304 1288 2359 contrahitur
1329 2304 1580 2374 angustia
1613 2318 1734 2371 sua,
1776 2312 1827 2358 et
1860 2301 2097 2358 vincitur

512 2391 864 2462 amplitudine
891 2402 997 2449 tua.
1033 2394 1243 2463 Quanta
1268 2411 1503 2466 namque
1531 2401 1613 2451 est
1642 2397 1730 2453 lux
1754 2395 1866 2461 illa,
1892 2396 1960 2451 de
1987 2409 2092 2465 qua

508 2483 674 2539 micat
700 2499 863 2540 omne
892 2500 1100 2548 verum,
1128 2487 1272 2557 quod
1316 2485 1564 2542 rationali
1604 2486 1773 2541 menti
1806 2488 1946 2540 lucet
1983 2484 2095 2538 '7“?

506 2571 683 2640 Quam
730 2573 906 2645 ampla
952 2582 1037 2630 est
1076 2574 1166 2631 illa
1199 2576 1424 2641 veritas,
1466 2576 1522 2631 in
1558 2591 1666 2646 qua
1708 2585 1793 2632 est
1832 2575 1904 2608 ⁸⁸⁷⁸
1933 2590 2096 2632 omne

508 2666 653 2736 quod
689 2681 877 2723 verum
919 2676 1034 2734 est;
1082 2676 1139 2724 et
1181 2677 1336 2723 extra
1380 2682 1544 2738 quam
1586 2668 1805 2725 nonnisi
1857 2668 1992 2723 nihil
2040 2676 2096 2724 et

507 2756 706 2814 falsum
741 2759 858 2814 est?
898 2758 1070 2827 Quam
1114 2758 1376 2815 immensa
1421 2769 1526 2825 est,
1571 2774 1691 2829 qua:
1736 2775 1844 2816 uno
1895 2759 2091 2814 intuitu

506 2848 656 2906 videt
714 2864 1049 2921 quaecunque
1106 2849 1249 2906 facta
1301 2860 1451 2917 sunt,
1515 2862 1570 2907 et
1621 2865 1651 2905 a
1702 2868 1842 2921 quo,
1894 2861 1949 2907 et
1997 2866 2094 2922 per

507 2954 697 3009 quem,
726 2950 781 2996 et
808 2943 1080 3012 quomodo
1111 2942 1177 2997 de
1225 2942 1395 2997 nihilo
1441 2943 1585 2997 facta
1631 2943 1803 2997 sunt?
1825 2941 1963 3009 Quid
1994 2958 2095 3013 pu-

507 3030 722 3097 ritatis,
776 3031 906 3101 quid
959 3031 1357 3102 simplicitatis,
1405 3033 1535 3104 quid
1601 3033 1980 3099 certitudinis,
2037 3042 2094 3089 et

508 3121 810 3193 splendoris
835 3124 924 3179 ubi
951 3124 1072 3179 est?
1099 3124 1260 3180 Certe
1288 3124 1409 3195 plus
1439 3139 1600 3195 quam
1638 3139 1666 3179 a
1706 3132 1959 3180 creatura
1994 3139 2089 3181 va-

506 3211 617 3270 lcat
636 3212 885 3284 intelligi.

1100 3327 1331 3385 CAPUT
1372 3328 1467 3386 XV

730 3438 884 3503 Quod
922 3440 1096 3510 major
1124 3441 1213 3507 sit,
1243 3458 1401 3511 quam
1429 3443 1650 3512 cogitari
1686 3445 1872 3512 possit.

582 3526 746 3596 Ergo,
773 3528 1017 3595 Domine,
1050 3545 1159 3584 non
1191 3531 1366 3587 solum
1404 3546 1463 3587 es
1492 3534 1604 3603 ’quo
1645 3534 1822 3602 majus
1864 3535 2092 3605 cogitari

510 3617 730 3687 nequit;
762 3618 856 3674 sed
883 3633 943 3674 es
969 3620 1223 3689 quiddam
1253 3623 1428 3694 majus
1454 3639 1614 3694 quam
1643 3624 1870 3695 cogitari
1893 3625 2090 3696 possit.

509 3707 778 3776 Quoniam
809 3724 1044 3780 namque
1076 3712 1222 3768 valet
1256 3714 1483 3785 cogitari
1521 3730 1641 3771 esse
1675 3717 1877 3787 aliquid
1910 3717 2093 3787 hujus-

507 3798 693 3867 modi;
729 3799 773 3855 si
803 3809 862 3856 tu
902 3817 1009 3858 non
1053 3817 1112 3858 es
1140 3803 1245 3859 hoc
1276 3803 1477 3875 ipsum,
1510 3814 1687 3876 potest
1716 3807 1946 3878 cogitari
1996 3807 2096 3862 ali-

511 3890 642 3962 quid
671 3891 846 3964 majus
868 3900 919 3950 te
947 3911 959 3947 :
988 3893 1133 3965 quod
1159 3893 1278 3950 fieri
1308 3897 1512 3966 nequit.

1100 4045 1331 4105 CAPUT
1368 4048 1506 4105 XVI.

655 4156 808 4222 Quod
827 4158 938 4213 hazc
961 4159 1027 4213 sit
1058 4160 1457 4227 inaccessibilis,
1483 4179 1642 4234 quant
1666 4164 1947 4221 inhabitat.

583 4246 746 4313 Vere,
777 4247 1025 4317 Domine,
1053 4250 1170 4306 haec
1208 4261 1295 4308 est
1321 4253 1413 4306 lux
1446 4254 1853 4324 inaccessibilis,
1904 4258 1958 4313 in
1985 4272 2091 4329 qua

512 4337 757 4405 habitas;
786 4352 915 4394 vere
939 4340 1086 4396 enim
1120 4356 1225 4396 non
1254 4351 1340 4398 est
1367 4343 1537 4407 aliud,
1567 4347 1710 4415 quod
1752 4347 1894 4403 hanc
1918 4348 2092 4404 lucem

2202 1876 2540 1932 harmoniam
2584 1885 2753 1930 taam.
2782 1872 3002 1940 Oll‘acit,
3046 1880 3103 1928 et
3148 1884 3256 1927 non
3300 1869 3534 1941 percipit
3560 1869 3795 1924 odorem

2202 1977 2372 2023 tuum.
2399 1967 2615 2034 Gustat,
2647 1973 2701 2021 et
2730 1980 2835 2022 non
2877 1963 3158 2036 cognoscit
3178 1976 3425 2033 saporem
3459 1968 3632 2015 tuum.
3661 1958 3796 2014 Pal-

2198 2065 2309 2128 pat,
2338 2062 2393 2113 et
2424 2071 2532 2111 non
2570 2054 2738 2112 sentit
2782 2052 3055 2109 levitatem
3103 2061 3269 2107 tuam.
3305 2049 3485 2106 Habes
3546 2046 3798 2111 enirn"

2198 2147 2344 2213 haec,
2376 2146 2604 2202 Domine
2642 2146 2811 2209 Deus,
2846 2144 2899 2199 in
2940 2155 3013 2210 te,
3051 2151 3145 2198 tuo
3181 2139 3439 2198 ineffabili
3480 2138 3662 2205 modo,
3690 2138 3797 2208 qui

2197 2250 2261 2291 ea
2302 2234 2498 2290 dedisti
2528 2235 2692 2290 rebus
2735 2249 2766 2289 a
2804 2244 2858 2289 te
2899 2233 3120 2297 creatis,
3158 2245 3260 2287 suo
3288 2228 3535 2286 sensibili
3581 2229 3788 2295 modo;

2197 2327 2292 2381 sed
2338 2324 2712 2397 obriguerunt,
2763 2325 2859 2381 sed
2904 2325 3322 2395 obstupuerunt,
3360 2321 3458 2378 sed
3513 2320 3791 2378 obstructi

2195 2422 2319 2469 sunt
2376 2430 2569 2470 sensus
2626 2415 2820 2470 animas
2874 2429 3008 2471 mete
3065 2421 3278 2471 vetusto
3339 2413 3599 2484 languore
3658 2426 3793 2482 pec-

2196 2513 2326 2562 cau.
2762 2599 2989 2658 CAPUT
3016 2598 3200 2656 XVIII.
3272 2606 3277 2610 ’

2196 2707 2264 2739 ⁸⁸¹
2297 2708 2450 2775 Quod
2478 2709 2616 2765 Deus
2660 2713 2724 2765 sit
2753 2712 2884 2777 vita,
2912 2712 3194 2777 sapientia,
3227 2709 3513 2773 wternitas,
3546 2715 3595 2762 et
3633 2723 3795 2763 omne

2265 2797 2440 2834 verum
2473 2780 2687 2852 bonum.
2728 2811 2798 2822 --
2839 2778 3111 2852 Quidquid
3140 2792 3235 2852 est
3258 2779 3496 2852 partibus
3511 2778 3793 2852 junctum,

2267 2866 2370 2904 non
2407 2860 2483 2905 est
2517 2851 2736 2905 omnino
2769 2867 2963 2916 unum;
2996 2847 3123 2905 actu
3158 2849 3236 2905 vel
3260 2847 3532 2905 intellectu
3571 2848 3794 2902 dissolvi

2264 2929 2452 2990 potest.
2486 2919 2784 2990 Sapientia,
2816 2923 3104 2983 aterm'tas,
3131 2929 3236 2976 etc.
3260 2959 3276 2986 ,
3302 2935 3407 2973 non
3440 2926 3561 2972 sunt
3596 2917 3795 2990 in_Deo

2266 2988 2460 3059 partes,
2494 2988 2585 3044 sed
2630 3006 2816 3057 unum,
2863 3000 2910 3045 ct
2946 2992 3117 3059 ipsum
3165 2999 3332 3043 totum
3373 2989 3619 3059 quodest
3646 2988 3793 3043 Deus

2177 3099 2181 3102 ι
2263 3056 2351 3114 seu
2374 3061 2484 3130 ipsa
2509 3061 2702 3126 unitas,
2747 3056 2810 3115 ne
2839 3056 3048 3129 quidem
3075 3059 3344 3115 intellectu
3371 3056 3672 3112 dieisibilis.

2267 3151 2333 3206 Et
2362 3151 2556 3208 iterum
2586 3165 2714 3207 ecce
2748 3152 3015 3218 turbatio;
3048 3165 3178 3208 ecce
3200 3151 3402 3206 iterum
3430 3149 3623 3205 obviat
3651 3163 3797 3203 mor-

2198 3257 2308 3309 ror,
2338 3252 2391 3297 et
2418 3242 2597 3298 luctus
2622 3244 2892 3313 quaerenti
2917 3243 3177 3312 gaudium
3204 3251 3261 3298 et
3289 3240 3557 3297 laetitiam.
3587 3240 3794 3311 Spera-

2196 3335 2297 3390 bat.
2325 3334 2439 3406 jam
2487 3334 2669 3389 anima
2720 3350 2840 3390 mea
2889 3335 3238 3402 satietatem,
3297 3340 3354 3390 et
3402 3346 3533 3390 ecce
3588 3332 3797 3388 iterum

2196 3424 2445 3480 obruitur
2466 3433 2726 3496 egestate.
2753 3423 3086 3481 Aﬁ‘ectabam
3109 3425 3223 3497 jam
3249 3424 3560 3492 comedere,
3582 3431 3639 3479 et
3661 3437 3796 3479 ecce

2199 3515 2371 3585 magis
2397 3514 2581 3570 esurio
2611 3515 2704 3570 ⁸⁸⁸.
2739 3515 2993 3572 Conabar
3021 3510 3311 3588 assurgere
3347 3515 3416 3570 ad
3456 3514 3638 3570 lucem
3667 3512 3790 3577 Dei.

2199 3613 2257 3660 et
2283 3604 2451 3659 recidi
2481 3605 2534 3659 in
2567 3607 2820 3662 tenebras
2855 3621 3024 3663 meas.
3057 3607 3169 3663 imo
3194 3621 3303 3663 non
3334 3605 3497 3663 modo
3524 3604 3699 3662 cecidi
3727 3604 3787 3660 in

2201 3708 2318 3761 eas,
2368 3695 2463 3751 sed
2508 3698 2690 3752 sentio
2738 3713 2823 3753 me
2852 3697 3150 3754 involutum
3182 3698 3234 3753 in
3281 3697 3380 3753 eis.
3431 3697 3591 3763 Ante,
3609 3694 3788 3751 cecidi

2197 3801 2359 3858 quam
2405 3788 2712 3858 conciperet
2754 3803 2841 3844 me
2871 3798 3047 3846 mater
3092 3803 3231 3845 mea.
3278 3789 3442 3845 Certe
3465 3787 3539 3821 ⁸⁸³
3574 3788 3629 3843 in
3674 3786 3786 3843 illis

2198 3887 2488 3948 conceptus
2503 3894 2644 3947 sum,
2663 3892 2856 3936 etcum
2878 3894 3066 3936 earum
3089 3881 3441 3938 obvolutione
3454 3887 3620 3935 natus
3642 3892 3791 3935 sum.

2195 3969 2357 4026 Certe
2381 3969 2452 4002 ³⁸³
2473 3971 2525 4024 in
2552 3970 2641 4026 illo
2661 3986 2852 4028 omnes
2873 3971 3170 4028 cecidimus
3188 4012 3203 4040 ,
3233 3971 3288 4026 in
3307 3985 3416 4041 quo
3438 3983 3634 4025 omnes
3663 3982 3788 4040 pec-

2197 4063 2458 4118 cavimus.
2482 4062 2537 4116 ln
2553 4063 2643 4118 illo
2663 4078 2852 4119 omnes
2874 4064 3229 4134 perdidimus,
3250 4063 3341 4133 qui
3362 4062 3519 4118 facile
3548 4061 3790 4125 tenebat,

2197 4168 2252 4214 et
2288 4158 2430 4213 male
2470 4158 2572 4213 sibi
2630 4167 2685 4213 et
2717 4157 2873 4213 nobis
2907 4158 3162 4228 perdidit,
3197 4155 3341 4229 quod
3383 4170 3506 4213 cum
3536 4154 3792 4211 volumus

2197 4262 2457 4318 quaerere,
2479 4249 2781 4316 nescimus;
2807 4266 2930 4305 cum
2962 4251 3276 4321 quaerimus,
3305 4264 3415 4305 non
3445 4246 3789 4313 invenimus;

2198 4352 2320 4392 cum
2384 4338 2714 4405 invenimus,
2754 4355 2860 4395 non
2903 4349 2987 4397 est
3032 4340 3176 4411 quod
3222 4340 3536 4411 qumrimus.
3582 4336 3790 4407 Adiuvat

511 4439 761 4499 penetret
801 4431 894 4498 ⁸⁷⁷,
932 4441 991 4486 ut
1023 4432 1095 4488 ibi
1148 4440 1201 4490 te
1245 4435 1543 4504 pervident.
1596 4437 1738 4494 Vere
1785 4440 1909 4495 ideo
1953 4440 2092 4498 hanc
2120 4441 2171 4502 D
2196 4442 2303 4492 meo
2339 4436 2413 4495 ιυν
2457 4437 2677 4500 Propter
2709 4431 3007 4488 bonilalcm
3039 4441 3228 4498 luam;
3280 4430 3534 4495 Βοηιίηει
3573 4428 3791 4500 quam"

513 4534 621 4572 non
650 4519 823 4587 video,
856 4521 985 4590 quia
1024 4522 1189 4579 nimia
1230 4525 1361 4580 mihi
1390 4535 1500 4594 est;
1535 4537 1589 4583 et
1619 4538 1799 4585 tamen
1829 4532 2091 4604 quidquid

2210 4518 2394 4574 mltum
2439 4530 2622 4588 tuum;
2653 4521 2851 4577 vultum
2900 4533 3071 4589 tuum,
3114 4523 3352 4588 Domine,
3402 4520 3673 4593 requiram
3697 4519 3788 4584 ⁸⁸³,

512 4610 669 4666 video
700 4626 797 4682 per
830 4612 977 4668 illam
1025 4614 1199 4681 video,
1247 4618 1388 4674 sicut
1422 4606 1670 4677 inﬁrmus
1698 4625 1913 4691 oculus,
1950 4628 2092 4696 quod

2210 4625 2262 4664 ne
2283 4620 2488 4665 avertas
2517 4610 2705 4680 [aciein
2732 4621 2878 4667 tuam
2910 4631 2941 4667 a
2967 4631 3049 4668 me
3074 4612 3249 4685 (Psal.
3294 4628 3446 4677 xxvr,
3477 4611 3556 4683 8).
3585 4610 3786 4667 Revela

509 4701 678 4767 videt,
726 4718 824 4773 per
866 4703 1038 4760 lucem
1069 4706 1198 4762 solis
1235 4709 1400 4776 videt,
1432 4725 1594 4781 quam
1627 4712 1678 4789 in
1710 4712 1828 4786 ipso
1857 4715 1969 4771 sole
2001 4731 2095 4772 ne-
2201 4716 2289 4757 me
2319 4703 2384 4758 de
2426 4718 2512 4758 me
2548 4702 2620 4736 ⁸⁸⁸
2650 4704 2716 4759 ad
2758 4714 2833 4761 ιθ·
2872 4705 3090 4775 Munda,
3140 4704 3297 4775 $3M.
3334 4718 3496 4769 acuet
3537 4703 3787 4758 “lumina

511 4790 631 4860 quit
654 4792 916 4861 aspicere.
951 4792 1065 4849 Non
1098 4804 1275 4866 potest
1311 4797 1615 4856 intellectus
1652 4817 1805 4858 meus
1829 4805 1897 4859 ad
1922 4804 2097 4872 illam,

2210 4791 2417 4847 oculum
2449 4794 2648 4849 mentis
2669 4808 2804 4850 mea:
2829 4805 2886 4850 ut
2915 4797 3192 4854 intueatur
3214 4805 3286 4853 te.
3316 4796 3618 4867 Recolligat
3640 4794 3787 4850 vires

511 4883 676 4940 nimis
709 4883 899 4959 fulget,
952 4901 1057 4941 non
1105 4888 1250 4959 capit
1298 4888 1469 4958 illam,
1522 4907 1622 4949 nec
1679 4894 1868 4951 sum,"
1910 4897 2098 4954 οευιυε
2203 4895 2334 4937 suas
2362 4881 2543 4936 anima
2592 4896 2731 4949 mea,
2783 4893 2837 4939 et
2892 4892 3005 4941 toto
3037 4885 3312 4941 intellectu
3358 4885 3559 4940 iterum
3614 4883 3788 4937 inten—

740 5040 755 5095 i
1816 5051 2049 5110 vnum
2087 5040 2487 5114 LECTIONES.

554 5177 656 5264 ρξξο
704 5181 1183 5264 eumnonninrenit
1232 5183 1746 5264 esse_lncem}_m§s.
1790 5202 1858 5242 an
1907 5191 2262 5264 no_n__mvenit
2294 5205 2455 5264 quem
2489 5191 2690 5264 invenit
2718 5205 2868 5264 posse
2910 5192 3090 5264 lucem
3168 5193 3235 5224 ⁸⁸η
3264 5191 3631 5264 Aliquatenus
3660 5206 3785 5245 mss.

525 5242 660 5347 3'33;
693 5242 1628 5347 θεοτῖϐξξηὲἕέιεέἐίξιυξὶπιιὶὶ¹Ψηηηῗ⁷¹
1675 5258 1742 5347 “Et
1759 5273 1894 5347 ,μορ
1942 5242 2365 5347 “(iiiis-378%
2376 5242 2689 5347 vti—nimii"
2714 5242 2873 5347 ⁸ῗ³ἶίῖ
2906 5242 3148 5347 ίιῖιὲίῦδη
3188 5242 3789 5347 ξ’ίρὲἷῖὗέὶῖῗίέἶρῖτᾶἓ

514 5317 665 5397 fidet
734 5317 804 5349 ’7‘
826 5317 1025 5397 oculus
1065 5317 1200 5391 ejus'
1230 5325 1283 5379 in
1309 5342 1452 5397 ntss.
1495 5324 1642 5397 Tha,
1664 5338 1708 5381 et
1759 5325 1890 5381 Vict.
1924 5331 2091 5385 omitt.
2137 5333 2189 5387 in
2288 5332 2359 5363 ⁸⁷⁸
2390 5332 2565 5386 Mente
2621 5332 2764 5387 lucet
2799 5349 2923 5387 mss.
2975 5317 3110 5386 Thu.
3162 5343 3210 5387 et
3250 5331 3384 5386 Vict.
3438 5331 3608 5387 menti
3646 5332 3787 5385 lucet

517 5386 590 5488 zz:
618 5385 1250 5488 est'mss:
1305 5394 1441 5488 hu.
1491 5406 1539 5450 et
1601 5395 1736 5488 l’ict.
1779 5397 1963 5488 (37min.
2002 5385 2166 5481 etiam
2241 5400 2500 5488 εζτνιιὶὶιιὲ
2538 5385 2781 5488 penetret
2809 5385 3111 5488 ηξξήξξητζηι.
3141 5385 3283 5485 hanc
3325 5385 3789 5488 lucelt‘n'penetret

614 5454 825 5539 Ubique
847 5466 1098 5539 legitimas.
1124 5461 1267 5539 lict.
1300 5465 1497 5539 ubique
1519 5481 1578 5539 es
1590 5477 1708 5539 tota
1786 5468 1857 5500 ’7’
1884 5454 2235 5526 Lenitasrms.
2280 5454 2415 5526 Vict.
2438 5454 2515 5526 73.
2538 5454 2553 5471 ⁸
2577 5454 2778 5527 levitas
2814 5454 3283 5539 lviiihbéé’c‘ﬁihi
3307 5454 3624 5527 msTCistrer.
3652 5454 3789 5524 recte

518 5527 669 5614 omit;
683 5526 843 5614 enim,
1001 5545 1097 5614 ius.
1123 5530 1377 5614 Ihugfio.
1407 5526 1559 5603 Quod
1586 5538 1814 5614 Deus‘s‘it
1848 5542 2050 5614 omnia,
2078 5551 2132 5597 et
2172 5543 2442 5614 quomodo
2543 5541 2613 5574 ⁸⁸²
2645 5543 2839 5599 Esurio
2882 5526 3007 5614 mss.
3040 5526 3183 5597 Thai.
3215 5526 3783 5614 V'ict.7Cist._esurire-

518 5596 1206 5686 difﬁsilleslnlfjonlgAi”.
1223 5602 1381 5657 Olim.
1406 5596 1553 5661 certe
1580 5624 1677 5686 ms.
1706 5609 1829 5663 45L
1862 5613 2009 5686 omit.
2034 5596 2160 5666 olim
2191 5596 2205 5614 ’
2236 5612 2306 5643 ⁸⁸⁵
2335 5612 2471 5669 Tum
2498 5596 2770 5686 requiram
2795 5596 2923 5684 mss.
2940 5596 3297 5669 VictrCister.
3329 5596 3783 5679 tnutn,Dotnine,

521 5668 791 5738 requiram
867 5667 936 5700 ³⁸³
960 5667 1155 5723 Revela
1177 5671 1241 5725 de
1273 5688 1357 5725 me
1404 5692 1529 5729 mss.
1563 5679 1740 5733 releva
1776 5693 1859 5735 me
1891 5682 1955 5736 de
1983 5696 2067 5735 me
2348 5667 2364 5669 "
2391 5667 2413 5669 ν
2445 5667 2469 5669 "
2499 5667 2513 5670 '
2536 5667 2548 5669 '
2744 5667 2767 5668 η
3011 5667 3016 5668 ν
3117 5667 3128 5669 τ
3280 5667 3289 5669 ~
3414 5692 3419 5703 '
