4030 6290
236 369 335 426 ΞΗ

1646 363 2100 430 PROSLOGION.

3391 375 3499 432 242

238 498 336 541 nec
385 479 696 538 dilectorem
752 481 918 537 Deum
979 483 1106 538 illud
1153 484 1503 540 dilectoribus
1555 484 1668 541 suis
1732 486 1814 539 in-
1841 490 1888 547 Α
1914 487 2087 552 dium,
2122 488 2187 543 dc
2212 502 2317 558 quo
2348 487 2503 543 nobis
2531 488 2668 543 dicis
2694 501 2790 557 per
2816 484 3014 541 Filium
3070 493 3261 540 tuum:
3299 487 3484 555 Petita,

238 575 356 631 vltis
414 572 754 639 ablaturum,
808 587 909 629 nec
967 574 1169 645 aliquid
1229 575 1341 631 Deo
1398 576 1670 645 potentius
1724 577 1809 631 in-

233 669 371 725 vitos
414 669 584 723 Deum
631 675 689 723 et
737 666 859 722 illos
905 677 1307 732 separatorum.
1359 668 1625 724 Gaudium
1684 683 1812 725 vero

231 755 417 828 quale,
472 766 569 811 aut
609 764 871 827 quantum
923 766 1029 819 est,
1081 757 1172 813 ubi
1226 758 1332 812 tale
1377 774 1439 812 ac
1484 758 1552 789 ⁹²¹
1605 766 1810 814 tantum

232 849 429 906 bonum
471 847 593 902 est!
637 847 747 903 Cor
772 848 1070 903 humanum
1098 888 1113 913 ,
1146 864 1243 904 cor
1294 850 1564 920 indigens,
1594 864 1691 909 eor
1720 864 1815 906 ex-

231 945 438 1009 pertum
473 948 767 1001 aerumnas,
808 938 919 993 imo
954 939 1206 994 obrutum
1234 941 1512 1005 aerumnis,
1545 948 1809 1012 quantum

229 1027 335 1100 35
354 1028 641 1098 gauderes,
672 1028 717 1083 si
743 1028 827 1087 his
846 1030 1098 1086 omnibus
1148 1031 1499 1101 abundares!
1532 1031 1810 1103 interroga

229 1119 417 1175 intima
484 1129 574 1175 tua
633 1121 682 1176 si
725 1134 923 1190 capere
973 1120 1181 1191 possint
1235 1124 1487 1192 gaudium
1553 1140 1712 1179 suum
1746 1125 1812 1180 de

229 1221 377 1268 tanta
406 1212 739 1269 beatitudine
766 1228 881 1269 sua.
916 1213 1021 1269 Sed
1046 1216 1200 1271 certe
1226 1217 1270 1271 si
1294 1217 1418 1287 qdis
1446 1216 1606 1283 alius,
1639 1219 1803 1287 quem

226 1305 453 1361 omnino
487 1305 632 1362 sient
655 1305 886 1375 teipsum
923 1304 1199 1378 diligeres,
1230 1310 1476 1363 eamdem
1525 1308 1814 1364 beatitudi-

226 1412 350 1453 nem
402 1396 664 1462 haberet,
720 1396 1085 1468 duplicaretur
1156 1400 1409 1470 gaudium
1467 1410 1643 1465 tuum,
1684 1401 1809 1471 quia

223 1502 337 1542 non
363 1487 540 1553 minus
580 1488 848 1558 gauderes
901 1503 1000 1558 pro
1057 1503 1124 1544 eo
1175 1506 1337 1559 quam
1379 1506 1475 1555 pro
1529 1492 1720 1561 teipso.
1752 1491 1809 1547 Si

220 1591 357 1634 vero
385 1579 492 1634 duo
547 1580 626 1633 vel
662 1587 770 1635 tres
810 1578 892 1634 vel
918 1581 1089 1635 multo
1139 1581 1320 1651 plures
1356 1580 1588 1651 idipsum
1646 1582 1809 1638 babe-

218 1678 370 1734 rent,
401 1671 735 1726 tantumdem
784 1684 882 1740 pro
919 1672 1171 1743 singulis,
1227 1683 1487 1743 quantum
1518 1689 1616 1742 pro
1640 1675 1810 1744 teipso

217 1760 487 1831 gauderes
519 1779 534 1828 ;
562 1761 609 1818 si
635 1763 900 1836 singulos,
930 1765 1071 1820 sicut
1114 1766 1367 1835 teipsum,
1398 1780 1634 1821 amares.
1670 1767 1810 1836 Ergo

217 1851 271 1907 in
314 1851 400 1907 illa
449 1853 689 1924 perfecta
744 1857 1012 1913 cbaritate
1066 1858 1537 1915 innumerabilium
1584 1859 1806 1931 angelo-
1838 1844 1879 1903 Β

215 1956 349 1999 rum
378 1945 684 2010 beatorum,
716 1956 771 2003 et
796 1946 1101 2013 hominum,
1135 1950 1224 2006 ubi
1252 1950 1429 2007 nullus
1463 1951 1641 2007 minus
1679 1952 1803 2007 dili-

214 2045 316 2107 get
341 2037 504 2093 alium
537 2054 697 2109 quam
727 2042 991 2111 seipsum,
1045 2059 1150 2098 non
1176 2043 1335 2105 aliter
1357 2059 1420 2114 ga
1439 2045 1622 2100 udebit
1656 2046 1797 2114 quis-

211 2141 330 2198 que
362 2144 462 2199 pro
489 2131 719 2201 singulis
749 2134 892 2200 aliis,
933 2150 1096 2204 quam
1153 2150 1251 2205 pro
1298 2137 1497 2205 seipso.
1560 2136 1618 2192 Si
1677 2152 1808 2208 ergo

212 2233 320 2274 eor
349 2220 587 2277 hominis
614 2224 678 2277 de
709 2231 859 2276 tanto
888 2238 987 2279 suo
1037 2225 1179 2280 bono
1207 2226 1296 2281 vix
1324 2226 1503 2296 capiet
1548 2228 1805 2296 gaudium

211 2326 402 2377 suum,
459 2313 732 2382 quomodo
770 2329 943 2383 capax
993 2317 1099 2371 erit
1146 2325 1223 2372 tot
1262 2326 1318 2371 et
1351 2327 1622 2373 tantorum
1672 2335 1808 2390 gau-

210 2400 436 2456 diorum
465 2401 491 2456 ?
525 2401 591 2456 Et
619 2404 825 2474 utique,
876 2405 1130 2474 quoniam
1158 2418 1417 2478 quantum
1460 2409 1701 2479 quisque
1723 2411 1808 2465 di-

210 2488 339 2561 li'git
371 2491 633 2561 aliquem,
669 2501 879 2549 tantum
929 2496 996 2551 de
1046 2497 1186 2553 bono
1221 2497 1339 2568 ejus
1375 2501 1610 2571 gaudet:
1669 2486 1810 2557 sicut

212 2581 265 2635 in
302 2582 403 2638 illa
437 2582 680 2654 perfecta
725 2576 988 2643 felicitate
1044 2590 1417 2660 unusquisque
1467 2591 1586 2659 plus
1609 2594 1811 2648 amabit

211 2674 344 2730 sine
401 2678 809 2745 comparatione
858 2676 1028 2733 Deum
1071 2696 1234 2751 quam
1261 2696 1319 2736 se
1344 2689 1400 2736 et
1424 2698 1616 2738 omnes
1676 2685 1811 2742 alios

210 2778 409 2819 secum
445 2781 460 2830 ;
495 2765 567 2819 ita
616 2766 738 2836 plus
782 2768 1037 2839 gaudebit
1092 2770 1296 2840 absque
1339 2770 1699 2827 aestimatione
1744 2774 1810 2830 de

213 2855 487 2911 felicitate
527 2856 620 2912 Dei
663 2874 830 2930 quam
862 2861 929 2917 de
961 2871 1133 2917 suaet
1159 2863 1401 2918 omnium
1450 2863 1682 2919 aliorum
1719 2881 1808 2923 se-

210 2964 365 3002 cum.
415 2948 522 3004 Sed
580 2950 626 3006 si
680 2952 847 3008 Deum
890 2955 969 3010 sic
1014 2946 1240 3026 diligent
1292 2963 1408 3012 toto
1464 2959 1645 3023 corde,
1696 2967 1808 3015 tota

211 3033 427 3103 marte,
453 3047 563 3094 tota
592 3043 768 3097 anima
800 3060 814 3109 ;
842 3052 895 3099 tu
922 3056 1097 3101 tamen
1132 3055 1300 3102 totum
1334 3048 1448 3113 cor,
1492 3058 1602 3104 tota
1634 3065 1806 3117 mens,

1917 586 1965 630 et
1988 577 2275 647 accipietis,
2310 590 2365 633 ut
2399 578 2654 650 gaudium
2695 587 2918 634 vestrum
2947 576 3015 630 sit
3052 577 3264 646 plenum
3307 576 3491 649 (Joan.

1916 682 2027 732 xvi,
2058 666 2171 739 24).
2201 668 2381 726 Inveni
2410 685 2652 740 namque
2674 670 2929 741 gaudium
2959 670 3230 739 quoddam
3252 669 3490 741 pictum),

1914 768 1969 813 et
1991 759 2276 829 plusquam
2301 760 2540 830 plenum.
2572 761 2799 816 Plenum
2842 760 3041 830 quippe
3093 758 3277 822 corde,
3336 758 3493 828 plena

1917 858 2120 915 mente,
2147 850 2305 920 plena
2328 851 2531 917 anima,
2564 851 2723 921 pleno
2749 859 2858 906 toto
2910 849 3128 921 homine
3150 849 3346 917 gaudio
3381 849 3492 914 illo,

1915 939 2094 996 adhuc
2124 955 2287 1011 supra
2316 941 2533 996 modum
2575 942 2844 1012 supererit
2889 941 3163 1012 gaudium.
3206 941 3322 997 Non
3365 956 3495 1013 ergo

1914 1041 2088 1088 totum
2139 1032 2272 1087 illud
2325 1033 2582 1103 gaudium
2637 1031 2864 1088 intrabit
2907 1035 2960 1086 in
3012 1034 3359 1103 gaudentes;
3397 1032 3495 1088 sed

1913 1125 2009 1180 toti
2038 1126 2333 1196 gaudentes
2363 1125 2646 1181 intrabunt
2682 1124 2735 1178 in
2768 1123 3047 1195 gaudium.
3093 1125 3209 1190 Dic,
3245 1125 3492 1188 Domine,

1912 1219 2001 1274 dic
2024 1233 2185 1274 servo
2213 1226 2305 1273 tuo
2357 1218 2503 1274 intus
2553 1218 2607 1272 in
2639 1217 2802 1272 corde
2832 1231 2952 1279 suo,
2990 1216 3037 1271 si
3088 1216 3190 1272 hoc
3231 1226 3314 1272 est
3364 1233 3496 1287 gau-

1912 1311 2082 1377 dium,
2119 1311 2170 1366 in
2216 1312 2360 1382 quod
2392 1311 2671 1366 intrabunt
2698 1308 2841 1366 servi
2876 1309 2975 1375 tui,
3006 1309 3096 1378 qui
3143 1309 3418 1364 intrabunt
3442 1309 3494 1363 in

1910 1402 2161 1473 gaudium
2192 1402 2403 1458 Domini
2431 1400 2533 1456 sui.
2566 1399 2673 1456 Sed
2704 1400 2960 1471 gaudium
2984 1398 3113 1454 illud
3141 1405 3288 1452 certe
3308 1437 3322 1461 ,
3350 1398 3495 1467 quod

1909 1493 2217 1564 gaudebunt
2239 1494 2392 1548 electi
2423 1493 2633 1556 tui,‘nec
2658 1490 2842 1545 oculus
2865 1490 3015 1556 uidit,
3045 1504 3137 1545 nec
3161 1489 3311 1544 auris
3335 1489 3494 1542 audi-

1909 1584 2004 1647 vit,
2035 1600 2127 1639 nec
2146 1584 2202 1637 in
2229 1600 2319 1638 cor
2343 1583 2570 1638 hominis
2591 1582 2822 1637 ascendit
2874 1581 3010 1652 (Isa.
3039 1596 3187 1645 thv,
3217 1579 3251 1633 4
3274 1584 3293 1644 ’;
3321 1578 3348 1632 I
3372 1578 3493 1633 Cor.

1912 1691 1972 1742 ιι,
2004 1676 2081 1747 9).
2117 1675 2363 1731 Nondum
2424 1691 2555 1745 ergo
2600 1675 2733 1738 dixi,
2778 1683 2872 1728 aut
2926 1672 3182 1743 cogitavi,
3246 1670 3493 1734 Domine,

1910 1778 2171 1838 quantum
2219 1767 2528 1838 gaudebunt
2583 1766 2655 1821 illi
2706 1766 2847 1821 beati
2906 1765 3001 1820 tui.
3034 1764 3231 1831 Utique
3284 1770 3493 1817 tantum

1908 1858 2238 1930 gaudebunt,
2271 1867 2532 1928 quantum
2582 1857 2884 1919 amabunt;
2937 1862 3144 1909 tantum
3209 1853 3491 1917 amabunt,

1910 1961 2170 2020 quantum
2228 1960 2572 2021 cognoscent.
2607 1948 2876 2016 Quantum
2909 1956 2960 2000 te
3000 1953 3349 2012 cognoscent,
3379 1944 3455 1997 Do
3480 1970 3495 1979 ο

1911 2031 2076 2108 mine,
2107 2050 2230 2097 tunc
2259 2058 2273 2107 ;
2325 2050 2381 2096 et
2416 2050 2677 2111 quantum
2713 2049 2764 2092 te
2815 2037 3075 2092 amabunt
3106 2036 3120 2089 i
3185 2034 3348 2090 Certe
3404 2049 3496 2087 nec

1909 2135 2091 2191 oculus
2122 2134 2271 2201 vidit,
2329 2151 2420 2189 nec
2474 2150 2619 2188 auris
2671 2130 2893 2197 audivit,
2951 2143 3043 2182 nec
3067 2128 3123 2181 in
3150 2143 3243 2180 cor
3270 2126 3496 2180 hominis

1910 2229 2143 2282 ascendit
2171 2228 2224 2282 in
2254 2228 2355 2282 hac
2376 2226 2505 2290 vita,
2539 2232 2803 2296 quantum
2825 2232 2876 2278 te
2897 2226 3231 2290 cognoscent
3258 2227 3311 2271 et
3340 2229 3495 2269 ama-

1910 2315 2043 2369 bunt
2065 2315 2119 2369 in
2141 2315 2212 2348 ⁸³⁸
2235 2316 2320 2370 illa
2352 2315 2482 2369 vita.
2508 2313 2636 2376 Oro,
2670 2313 2828 2377 Deus,
2858 2324 3181 2382 cognoscam
3215 2317 3288 2374 te,
3318 2319 3495 2360 amem

1913 2413 1966 2459 te
1998 2414 2057 2460 ut
2116 2407 2378 2477 gaudeam
2412 2406 2477 2460 de
2512 2414 2584 2460 te.
2614 2404 2679 2459 Et
2722 2406 2766 2459 si
2807 2414 2913 2459 non
2936 2416 3154 2474 possum
3183 2400 3236 2454 in
3262 2399 3367 2454 liae
3386 2396 3496 2450 vita

1915 2499 1982 2552 ad
2009 2497 2250 2568 plenum,
2299 2498 2386 2551 vel
2440 2497 2719 2567 proﬁciam
2757 2498 2829 2530 9“
2857 2497 2910 2551 in
2951 2497 3088 2563 dies,
3147 2506 3318 2563 usque
3367 2490 3495 2545 dum

1913 2589 2096 2644 veniat
2125 2588 2250 2643 illud
2278 2589 2344 2642 ad
2366 2589 2580 2657 plenum
2611 2604 2625 2653 ;
2660 2587 2907 2658 proﬁciat
2946 2587 3033 2642 hic
3065 2588 3116 2640 in
3151 2600 3239 2640 me
3299 2581 3494 2638 notitia

1913 2682 1991 2736 tui
2016 2681 2089 2713 ⁸³⁸
2118 2688 2174 2735 et
2206 2680 2278 2735 ibi
2306 2680 2398 2734 liat
2450 2680 2604 2751 plena
2640 2697 2653 2744 ;
2697 2687 2913 2734 crescat
2946 2692 3099 2732 amor
3135 2686 3276 2739 tuus,
3319 2682 3375 2728 et
3422 2671 3497 2729 ibi

1911 2773 1981 2829 sit
2010 2772 2200 2842 plenus
2222 2780 2280 2827 ut
2307 2773 2395 2827 Inc
2417 2770 2667 2843 gaudium
2699 2785 2875 2826 meum
2907 2770 2979 2824 sit
3006 2770 3059 2824 in
3109 2782 3203 2836 spe
3234 2778 3487 2836 maguum

1911 2873 1965 2921 et
1992 2866 2061 2920 ibi
2101 2865 2173 2921 sit
2202 2864 2254 2918 in
2285 2879 2343 2919 re
2382 2864 2617 2934 plenum.
2667 2863 2913 2927 Domine,
2977 2877 3072 2931 per
3098 2859 3295 2914 Filium
3336 2866 3490 2910 tuum

1907 2956 2085 3027 jubes,
2115 2957 2225 3011 imo
2281 2955 2538 3019 consulis,
2580 2965 2796 3025 petere;
2827 2963 2882 3008 et
2921 2951 3194 3020 promittis
3244 2948 3495 3018 accipere

1913 3057 1973 3103 ut
2017 3048 2271 3118 gaudium
2322 3056 2567 3100 nostrum
2626 3046 2699 3100 sit
2740 3046 2977 3113 plenum.
3031 3043 3179 3107 Peto,
3246 3041 3495 3101 Domine,

216 3141 334 3184 tota
369 3133 551 3186 anima
584 3150 689 3189 non
718 3135 950 3192 sulliciat
996 3139 1244 3210 dignitati
1301 3141 1607 3197 dilectionis
1638 3160 1811 3217 ;‘pro—
1837 3184 1880 3241 ί,
1914 3140 2053 3210 quod
2068 3139 2306 3195 consulis
2323 3154 2420 3208 per
2439 3136 3198 3193 admirabilemconsiliarium
3219 3142 3493 3189 nostrum;

216 3221 367 3276 fectu
409 3224 491 3279 sic
541 3226 852 3295 gaudebunt
909 3239 1014 3284 toto
1071 3232 1248 3297 corde,
1296 3242 1404 3309 tota
1453 3245 1642 3302 mente,
1696 3244 1804 3290 tota

216 3317 402 3367 animo
428 3330 442 3378 ;
469 3324 528 3368 ut
553 3324 723 3370 totum
765 3330 891 3381 cor,
929 3327 1039 3373 tota
1088 3335 1262 3387 mens,
1306 3330 1413 3376 tota
1453 3323 1656 3390 anima,
1690 3341 1802 3380 non

216 3403 463 3461 sulliciat
484 3406 805 3476 plenitudini
830 3410 1033 3480 gaudii.

740 3518 970 3576 CAPUT
1004 3521 1191 3577 XXVI.
1224 3524 1294 3555 ⁹²²

216 3629 300 3685 Au
344 3631 546 3710 Ιιοουῇι
576 3635 828 3710 gaudium
876 3646 1085 3707 ptcnum
1124 3640 1265 3709 quod
1307 3642 1561 3710 promittit
1624 3642 1810 3696 Domi-

291 3716 411 3781 nus.
437 3700 511 3733 ’“
540 3700 611 3744 —-'-
637 3704 786 3759 Beati
829 3700 1033 3781 tantum
1057 3700 1355 3777 gaudebunt
1379 3722 1629 3781 qttantmn
1656 3729 1809 3765 ama--

324 3771 451 3825 bunt
484 3781 730 3845 :_lantum
759 3777 1030 3845 amabunt,
1057 3771 1314 3851 quantum
1359 3771 1694 3851 cognoscent.

289 3859 436 3916 Deus
474 3874 648 3930 meus,
674 3874 730 3920 et
756 3866 1018 3923 Dominus
1064 3872 1239 3935 "meus,
1264 3887 1389 3942 spes
1418 3887 1558 3938 mea,
1592 3882 1648 3929 et
1675 3889 1809 3945 gau-

214 3948 366 4005 dium
398 3954 580 4009 cordis
606 3957 734 4022 mei,
765 3959 854 4015 die
893 3960 1093 4017 anima:
1142 3978 1296 4028 meae,
1338 3965 1382 4017 si
1434 3964 1537 4019 hoc
1577 3973 1660 4019 est
1680 3979 1809 4035 gau-

1869 3223 1881 3246 ⁸
1912 3231 2172 3303 accipiam
2224 3233 2368 3301 quod
2429 3229 2698 3300 promittis
2742 3244 2838 3299 per
2894 3228 3180 3283 veritatem
3223 3235 3392 3288 tuam,
3436 3232 3496 3275 ut
3537 3252 3545 3261 -

1912 3324 2167 3394 gaudium
2214 3338 2391 3377 meum
2454 3321 2674 3391 plenum
2725 3319 2816 3373 sit.
2878 3319 3020 3374 Deus
3067 3331 3255 3380 verax,
3316 3322 3489 3384 peto;
3556 3333 3562 3339 ·

1911 3415 2178 3486 accipiam
2209 3423 2268 3469 ut
2305 3412 2558 3483 gaudium
2609 3425 2787 3465 meum
2839 3408 3056 3480 plenum
3085 3404 3493 3486 sitLMeditetur

1910 3508 2126 3563 interim
2182 3507 2306 3562 inde
2339 3520 2489 3559 mens
2537 3505 2603 3539 '”
2652 3501 3091 3572 mea;loqnatur
3145 3478 3268 3554 itide
3311 3496 3496 3568 lingua.

1910 3617 2051 3657 mea.
2080 3604 2238 3655 Amet
2262 3595 2387 3654 illud
2418 3612 2510 3653 cor
2531 3612 2708 3652 meum
2735 3613 2748 3661 ;
2780 3593 3177 3671 sermocinetur
3203 3607 3265 3648 os
3286 3605 3489 3646 meum.

1909 3693 2128 3749 Esuriat
2159 3691 2287 3746 illud
2344 3690 2525 3745 anima
2559 3703 2701 3754 mea,
2747 3688 2896 3744 sitiat
2920 3702 3049 3743 caro
3091 3682 3231 3745 mea,
3279 3683 3490 3738 deside-

1910 3794 1991 3840 ret
2025 3793 2134 3843 tota
2166 3783 2468 3840 substantia
2493 3796 2637 3845 mea,
2680 3781 2852 3836 donec
2902 3780 3097 3835 intrem
3154 3778 3203 3831 in
3236 3774 3489 3847 gaudium

1913 3873 2143 3941 Domini,
2168 3873 2259 3942 qui
2283 3888 2343 3927 es
2367 3872 2541 3925 triuus
2580 3879 2635 3925 et
2685 3886 2823 3925 unus
2861 3871 3037 3935 Deus,
3075 3867 3388 3925 benedictus
3438 3863 3496 3917 in

1912 3964 2105 4018 smcula
2130 3961 2221 4015 "3.
2257 3962 2427 4015 Amen
2457 3961 2548 4013 9”.

1485 4074 1721 4131 VARUE
1762 4075 2165 4132 LECTIONES.

291 4161 359 4193 “'
393 4160 524 4218 Tale
552 4172 646 4218 aut
672 4181 797 4220 mss.
830 4164 964 4220 Vict.
1000 4164 1062 4220 S.
1099 4165 1262 4220 Miclt.
1296 4166 1402 4222 tale
1432 4181 1496 4221 ac
1567 4168 1637 4202 9"
1668 4166 1795 4222 Car.
1825 4164 1915 4220 ‘26.
1940 4175 2011 4220 est
2039 4165 2129 4220 25.
2160 4166 2212 4218 in
2247 4165 2365 4219 Bec.
2396 4180 2496 4220 ms.
2572 4164 2641 4198 ’³³
2671 4180 2766 4217 ms.
2808 4161 2940 4216 Tltu.
2966 4161 3054 4215 90.
3098 4160 3179 4213 An
3221 4159 3322 4212 hoc
3369 4172 3494 4224 gau-

216 4231 398 4304 dium,
432 4233 585 4304 quod
607 4235 888 4304 promittat
934 4236 1098 4290 Deus.
1127 4301 1131 4304 λ
1174 4234 1247 4269 ηδ
1273 4238 1548 4291 Amabunt
1584 4237 1637 4291 in
1678 4253 1803 4291 mss.
1834 4245 1890 4290 et
1919 4237 2180 4290 amabunt
2209 4236 2260 4289 in

1378 4308 1448 4338 9"
1493 4307 1706 4361 interim
1740 4321 1890 4362 mens
1911 4323 2036 4360 mss.
2063 4306 2277 4361 interim
2332 4304 2458 4359 inde
2500 4300 2650 4357 mens
2722 4305 2793 4336 9“
2843 4300 3070 4357 Szecula.
3115 4301 3310 4353 Amen.
3362 4314 3489 4354 mss.

214 4301 291 4342 ⁸³⁸
322 4299 522 4358 Notitia
564 4299 654 4357 tua
682 4320 807 4360 mss.
839 4305 880 4359 Τ
880 4307 974 4361 ltu.
1008 4301 1195 4361 notitia
1231 4308 1303 4360 tui

2366 4235 2438 4266 ω
2475 4235 2543 4290 UL
2592 4233 2869 4303 proﬁciam
2919 4248 3044 4303 mss.
3085 4228 3165 4303 vel
3214 4227 3489 4298 proliciam

220 4369 429 4428 Thuan.
456 4374 650 4429 saecula
675 4376 1013 4431 smculorum.
1050 4377 1219 4431 Amen
1317 4378 1387 4409 m
1418 4377 1549 4432 Mss.
1589 4369 1821 4447 'Explicit
1862 4373 2176 4445 Proslogion
2221 4376 2350 4429 liber
2414 4375 2643 4449 Anselmi
2683 4372 3076 4428 Cantuariensis
3121 4368 3492 4438 archiepiscopi

1031 4508 1447 4662 LIBER
1530 4549 1807 4662 PRO
1868 4512 2682 4663 IN’SIPIENTE

1695 4725 1976 4766 ADVERSU

892 4807 954 4869 S.
1006 4806 1351 4868 ANSELMI
1390 4809 1469 4868 IN
1507 4723 2765 4869 ΡῆοὸῖῗόἕῗὲυεῐὶΑΤιΟωΝΛΤΙΟΝΕΜ

976 4906 1248 4967 Auctore
1293 4907 1672 4968 Gsvmmne
1706 4906 1975 4986 Majort's
2015 4905 2388 4968 Monasterii
2428 4906 2759 4967 monacho.

2442 4468 3473 4496 Μ

288 5045 341 5103 1.
380 5047 655 5104 Dubitanti
707 5058 878 5102 utrum
928 5050 1015 5115 sit,
1068 5050 1146 5104 rel
1200 5054 1408 5121 neganti
1462 5052 1529 5083 ⁸³⁸
1552 5053 1693 5123 quod
1732 5055 1798 5108 sit

1909 5052 2087 5125 aliqua
2110 5052 2231 5106 talis
2261 5062 2479 5118 natura,
2498 5068 2602 5121 qua
2652 5048 2781 5104 nihil
2812 5048 2984 5117 majus
3040 5042 3257 5113 cogitari
3282 5042 3443 5111 possit
3469 5056 3487 5101 ,'

1499 5164 1583 5220 VA
1595 5166 1731 5221 BHE
1771 5165 2168 5223 LECTIONES.

282 5255 353 5331 ης)
379 5254 662 5331 Collatura
685 5265 759 5309 est
781 5256 889 5331 hoc
911 5256 1513 5331 opusculutn_cttm'ntss.
1537 5258 1738 5331 duobus
1781 5257 2059 5331 V_ictorinis
2083 5257 2198 5331 EE.
2236 5257 2300 5312 l5
2321 5268 2367 5311 et
2400 5255 2493 5309 RR
2523 5257 2557 5310 ‘5
2578 5296 2593 5331 ,_
2614 5271 2736 5331 uno
2758 5248 3148 5331 Gctttntcticensi
3192 5245 3232 5301 C
3256 5246 3354 5331 διε
3384 5264 3486 5331 uno

211 5325 517 5401 ggrbeiensi
559 5325 714 5401 301,
736 5343 847 5401 uno
872 5317 1450 5401 bib'liotltecteTltuuuw
1491 5329 1561 5384 90
1585 5370 1600 5392 ,
1626 5345 1758 5401 uno
1792 5326 2139 5401 Cisterciensi
2172 5338 2225 5401 ret
2261 5344 2376 5401 uno
2431 5325 2645 5379 cwuobii
2667 5322 2758 5401 _S.
2809 5317 3079 5401 Micltaelis
3116 5317 3171 5371 in
3206 5327 3384 5401 urente
3413 5328 3488 5401 ξ·-

213 5391 354 5455 Mss.
370 5395 614 5471 _G_em._et
652 5394 789 5471 _Vi_ct.
812 5395 873 5471 ᾗ.
902 5405 951 5449 et
975 5395 1048 5471 S._
1081 5395 1267 5471 ﬁliolas
1289 5397 1444 5471 Hunc
1486 5388 1767 5471 prtcﬁgunt
1804 5397 2015 5471 titulum
2044 5398 2275 5471 Quid__ad
2300 5393 2779 5471 ba:c_respondeat
2813 5388 3029 5471 quidam
3074 5388 3488 5471 proinsipiente

210 5480 319 5520 ius.
368 5464 509 5520 Tim.
556 5466 751 5535 Incipit
793 5466 1086 5535 disputatio
1116 5468 1419 5537 insipientis
1465 5457 1695 5524 dicentis
1724 5469 1778 5523 in
1809 5469 1972 5524 corde
1991 5457 2091 5523 suo
2121 5487 2133 5521 :
2164 5468 2286 5522 Non
2312 5479 2387 5521 est
2415 5457 2575 5520 Deui.
2607 5480 2705 5517 ms.
2738 5457 2895 5517 ϐοῶ.
2928 5457 3225 5528 Responsio
3247 5457 3485 5538 qualiter

210 5535 542 5583 ramndeal
570 5536 789 5583 mridam
831 5553 928 5583 ms.
965 5535 1103 5583 Vict.
1152 5539 1231 5583 i3-
1265 5536 1454 5583 Ιιιιείηἰι
1496 5540 1790 5583 ῆίςιιιιιιδιίη
1828 5554 1925 5583 nm
1954 5538 2256 5583 insininnte-
2283 5553 2381 5583 ms-
2408 5535 2593 5583 Cisler.
2626 5532 2768 5583 Ouid
2790 5531 2857 5583 ad
2882 5530 2993 5583 hmo
3022 5529 3341 5583 resnondeat
3362 5543 3483 5583 mll-

210 5535 542 5617 respondeat
570 5530 789 5619 quidam
831 5530 928 5590 ms.
965 5535 1103 5591 Vict.
1152 5530 1236 5593 l3:
1265 5536 1454 5618 Incipit
1496 5540 1790 5609 disputatio
1828 5554 1925 5621 pro
1954 5538 2256 5620 insipiente.
2283 5553 2381 5589 ms.
2408 5535 2594 5615 Cister.
2626 5531 2857 5615 Quidad
2882 5530 2993 5586 haec
3022 5530 3341 5616 respondeat
3362 5530 3483 5608 qui-

212 5606 343 5659 dam
368 5621 468 5676 pro
490 5614 797 5676 insipiente.
824 5605 899 5676 in
949 5623 1073 5662 mss.
1121 5607 1537 5663 Gcmmcttccnsi‘
1567 5621 1613 5663 et
1659 5609 1845 5665 Sanctt
1895 5607 2166 5663 Michaelis
2216 5615 2423 5658 notatur
2474 5605 2633 5676 Italus
2675 5604 2794 5676 libr:
2841 5611 3023 5676 auctor
3052 5606 3212 5676 [uisse
3259 5596 3485 5676 Qauntlo

210 5677 506 5731 monachus

212 5754 335 5800 tant
363 5754 542 5800 utrum
571 5748 641 5802 sit
668 5789 684 5815 ,
720 5746 801 5801 vel
823 5757 1033 5819 negant.

613 5674 1154 5751 ajorisfﬂonasterii,
1207 5681 1356 5750 vulgo
1377 5720 1391 5746 ,
1444 5677 1859 5751 Mair-dloutier‘
1931 5678 1998 5712 9"
2034 5676 2305 5733 Dubitanti
2333 5684 2508 5729 utrum
2533 5666 2639 5742 sit,
2673 5673 2755 5732 vel
2783 5674 2994 5744 neganti
3018 5666 3118 5725 nis.
3148 5666 3300 5725 Corb.
3325 5666 3487 5722 dubi-
