4030 6290
537 326 644 383 245

1054 329 1114 386 S.
1150 329 1451 387 ANSELMI
1488 330 1836 388 CANTUAR.
1876 328 2197 389 ARCHIEP.
2238 328 2392 387 OPP.
2432 330 2612 390 PARS
2644 331 2687 388 l.
2727 361 2798 373 -
2836 329 3263 389 DOGMATICA.

3665 338 3774 395 2M

540 430 713 475 tamen
749 435 859 476 esse
919 421 988 453 ⁹³²
1014 421 1183 489 illam,
1236 425 1357 478 hinc
1402 425 1598 479 dicitur
1639 425 1808 494 primo
1850 424 2061 494 probari
2091 436 2109 474 :
2140 422 2266 479 Ain
2304 423 2463 479 dubio
2501 421 2678 493 aliquo
2708 423 3033 492 probandum
3058 424 3187 479 mihi
3209 432 3284 479 est
3313 432 3792 495 argumentosum-

536 511 675 580 quod
698 511 807 581 ipse
828 527 1023 583 negans
1062 513 1142 568 vel
1171 514 1436 586 ambigens
1488 515 1553 571 de
1610 514 1727 581 illa,
1760 515 1880 585 jam
1923 515 2109 571 habeat

535 616 652 654 eam
680 600 738 654 in
780 599 1041 655 intellectu
1069 620 1089 667 ;
1133 619 1255 656 cum
1291 604 1512 660 audiens
1541 603 1692 658 illam
1729 605 1860 671 dici,
1887 604 1943 658 id
1971 604 2110 675 quod

536 691 735 745 dicitur
803 692 1092 764 intelligit;
1146 695 1352 760 deinde,
1429 695 1557 762 quia
1633 697 1775 765 quod
1840 696 2108 768 intelligit,

537 799 743 838 necesse
789 794 864 839 est
894 795 952 839 ut
980 802 1083 841 non
1113 787 1168 839 in
1194 787 1307 842 solo
1354 787 1645 854 intellectu,
1675 788 1765 843 sed
1791 776 1948 843 etiam
1971 789 2025 842 in
2056 805 2111 843 re

534 878 623 936 sit.
676 882 741 935 Et
763 883 859 936 hoc
878 884 953 936 ita
974 884 1256 953 probatur,
1279 885 1404 952 quia
1431 884 1605 955 majus
1629 894 1720 944 est,
1744 900 1854 939 esse
1881 885 1941 938 in
1959 883 2111 938 inteb-

535 970 673 1024 lectu
694 971 819 1025 etin
839 972 908 1004 ⁸³³
935 989 1012 1037 re,
1035 988 1192 1043 quam
1216 974 1270 1027 in
1293 972 1405 1028 solo
1427 961 1708 1029 intellectu.
1737 972 1805 1027 Et
1830 974 1878 1027 si
1901 972 2034 1027 illud
2058 972 2112 1027 in

534 1062 648 1117 solo
672 1071 748 1117 est
780 1064 1069 1131 intellectu,
1099 1064 1271 1131 majus
1296 1065 1388 1119 illo
1412 1067 1510 1119 erit
1538 1064 1791 1137 quidquid
1815 1065 1971 1120 etiam
1999 1065 2112 1135 fue—

536 1155 603 1207 rit
634 1156 690 1207 in
721 1171 777 1209 re
800 1168 818 1206 :
851 1172 914 1210 ac
936 1156 1203 1225 sicmajus
1230 1157 1305 1188 9”
1326 1156 1766 1223 omnibus,minus
1792 1157 1888 1211 erit
1909 1155 2109 1225 aliquo;

535 1253 581 1298 et
615 1261 719 1299 non
741 1246 838 1299 erit
869 1246 1042 1315 majus
1076 1247 1334 1311 omnibus,
1357 1246 1497 1317 quod
1520 1248 1697 1317 utique
1739 1254 2010 1316 repugnat.
2040 1244 2110 1299 Et

533 1336 653 1389 ideo
684 1352 888 1391 necesse
914 1346 989 1391 est
1011 1346 1065 1390 ut
1093 1338 1265 1407 majus
1285 1324 1697 1408 omnibus,quod
1697 1337 1815 1407 jam
1835 1337 2110 1407 probatum

536 1435 613 1480 est
637 1443 747 1481 esse
774 1426 828 1480 in
854 1426 1137 1492 intellectu,
1155 1444 1257 1482 non
1282 1428 1335 1482 in
1347 1427 1459 1482 solo
1481 1426 1764 1491 intellectu,
1788 1427 1880 1482 sed
1901 1436 1948 1481 et
1981 1427 2034 1480 in
2058 1441 2112 1479 re

535 1519 605 1550 ’³⁵
627 1521 726 1582 sit;
747 1521 992 1590 quoniam
1022 1520 1175 1575 aliter
1201 1520 1374 1591 majus
1389 1521 1627 1576 omnibus
1642 1537 1751 1576 esse
1777 1537 1880 1575 non
1902 1521 2108 1591 poterit.
2141 1538 2147 1542 ν

605 1609 666 1663 2.
694 1608 1026 1680 Respondere
1073 1611 1295 1680 forsitan
1356 1621 1518 1682 potest
1546 1612 1640 1678 ⁹³⁸,
1670 1611 1809 1682 quod
1850 1611 1947 1666 hoc
1993 1611 2111 1680 jam

532 1716 642 1754 esse
669 1700 865 1753 dicitur
890 1701 943 1754 in
970 1701 1236 1757 intellectu
1278 1719 1412 1767 meo,
1445 1719 1547 1757 non
1573 1703 1636 1756 ob
1662 1702 1830 1765 aliud,
1862 1703 1962 1758 nisi
1987 1703 2111 1772 quia

532 1785 587 1839 id
606 1786 746 1857 quod
771 1785 965 1840 dicitur
1003 1786 1255 1856 intelligo.
1292 1785 1483 1842 Nonne
1504 1797 1551 1842 et
1580 1804 1905 1858 quaecunque
1951 1786 2110 1856 falsa,

530 1894 593 1931 ac
620 1877 767 1933 nullo
787 1894 1001 1949 prorsus
1025 1878 1179 1933 modo
1229 1880 1283 1932 in
1331 1879 1509 1948 seipsis
1539 1879 1809 1934 emistentia
1839 1879 1929 1944 “7,
1965 1880 2018 1934 in
2043 1880 2112 1913 ⁸³⁸

531 1968 800 2023 intellectu
820 1970 1011 2024 habere
1040 1969 1281 2023 similiter
1308 1969 1413 2024 dici
1457 1971 1751 2041 possem’”
1783 1988 1901 2026 eum
1921 1987 2002 2037 ea,
2027 1971 2111 2024 di-

530 2071 674 2114 cente
711 2059 1004 2131 “aliqua,
1032 2077 1373 2132 quiscumque
1399 2061 1487 2116 ille
1509 2064 1723 2128 diceret,
1770 2079 1862 2132 ego
1914 2062 2107 2118 intelliv

529 2168 699 2222 gerem
732 2152 756 2205 ἲ
781 2153 880 2206 nisi
906 2153 1040 2221 forte
1069 2151 1172 2207 tale
1219 2152 1355 2207 illud
1386 2163 1591 2209 constat
1631 2170 1761 2219 esse,
1818 2163 1873 2207 ut
1920 2170 2026 2208 non
2050 2170 2110 2209 eo

531 2243 695 2298 modo.
715 2260 815 2314 quo
837 2245 992 2298 etiam
1023 2243 1161 2313 falsa
1189 2262 1404 2316 quisque
1441 2245 1520 2301 vel
1567 2246 1750 2311 dubia,
1783 2246 1966 2301 haberi
1990 2263 2111 2316 pos-

528 2335 597 2388 sit
623 2334 697 2369 ⁹⁶¹ι
719 2336 772 2388 in
801 2335 1116 2404 cogitatione
1142 2350 1161 2388 .'
1187 2346 1235 2390 et
1259 2336 1376 2391 ideo
1407 2354 1509 2391 non
1533 2338 1682 2392 dicor
1700 2336 1835 2391 illud
1863 2338 2106 2391 auditum

531 2426 783 2494 cogitare,
810 2424 889 2481 vel
916 2428 970 2479 in
995 2426 1307 2496 cogitatione
1331 2428 1518 2482 habere
1541 2446 1567 2493 ;η
1592 2430 1681 2484 sed
1720 2428 2025 2499 intelligere,
2057 2440 2106 2484 et

436 2546 442 2553 -
528 2516 585 2569 in
633 2516 896 2572 intellectu
944 2517 1181 2582 habere;
1216 2519 1339 2588 quia
1380 2518 1598 2584 scilicet,
1648 2535 1750 2573 non
1801 2535 2012 2588 possum
2037 2521 2106 2553 9“

529 2608 626 2659 hoc
649 2604 803 2659 aliter
855 2606 1104 2675 cogitare,
1154 2606 1257 2661 nisi
1297 2606 1659 2677 intelligendo,
1686 2608 1742 2661 id
1767 2618 1842 2662 est
1887 2609 2106 2664 scientia

529 2697 1031 2765 cont;-:rehendendo,
1095 2698 1266 2767 reipsa
1329 2697 1464 2751 illud
1500 2699 1740 2752 existere.
1796 2696 1901 2752 Sed
1931 2698 1976 2752 si
2011 2699 2106 2754 hoc

527 2799 602 2843 est
646 2790 868 2858 :.pr~imo
917 2788 1127 2858 quidem
1169 2805 1272 2852 non
1320 2789 1404 2842 hic
1430 2789 1524 2842 erit
1557 2788 1627 2820 9”
1667 2788 1835 2855 aliud,
1869 2790 2107 2859 idemque

529 2887 756 2948 tempore
779 2879 1095 2947 prlecedens,
1119 2879 1307 2932 habere
1329 2895 1437 2933 rem
1458 2880 1510 2933 in
1533 2879 1840 2945 intellectu;
1861 2891 1910 2935 et
1935 2881 2103 2948 aliud,

524 2965 767 3035 idemque
794 2965 865 2997 W‘
885 2976 1112 3034 tempore
1157 2983 1394 3037 sequens,
1420 2967 1708 3039 intelligere
1752 2986 1859 3023 rem
1883 2987 2012 3035 esse,
2046 2982 2102 3027 ut

2213 523 2389 569 autem
2412 514 2513 570 isto
2536 532 2555 579 ;
2584 515 2724 585 quod
2742 515 2862 585 jam
2905 516 2971 571 sit
3015 516 3114 570 hoc
3140 516 3195 571 in
3214 514 3479 571 intellectu
3504 532 3643 583 meo,
3671 535 3791 575 cum

2213 604 2455 660 auditum
2507 604 2747 675 intelligo.
2776 620 2794 660 .'
2824 604 2880 659 in
2912 622 3014 675 quo
3059 604 3302 660 similiter
3327 621 3439 661 esse
3466 622 3619 676 posse
3645 622 3793 677 qna-

2213 710 2416 764 cunque
2441 695 2547 749 alia
2571 693 2792 760 incerta,
2820 694 2895 750 vel
2940 695 3099 749 etiam
3133 694 3273 763 falsa
3323 697 3389 750 ab
3413 694 3614 766 aliquo,
3639 696 3792 766 cujus

2212 785 2365 840 verba
2385 784 2725 856 intelligerem
2748 787 2890 843 dicta
2924 789 3099 842 adhuc
3120 786 3190 821 “9
3209 800 3336 858 puto
3359 804 3381 855 ;
3407 796 3455 842 et
3483 788 3702 858 insuper
3721 787 3793 829 ἀλ

2213 875 2403 946 magis,
2429 876 2478 929 si
2509 875 2603 929 illa
2636 877 2880 947 deceptus
2907 879 3001 945 ⁸⁸³,
3037 888 3093 933 ut
3135 893 3272 949 sa'pe
3304 879 3366 947 ﬁt
3393 878 3485 946 "',
3528 878 3795 939 crederem

2213 965 2285 997 ³³³
2304 967 2392 1035 qui
2416 966 2556 1020 istud
2580 967 2812 1022 nondum
2836 967 2907 1001 ⁸³⁵
2931 970 3111 1024 credo.

2282 1056 2335 1111 ὖ.
2363 1054 2516 1112 Unde
2565 1074 2659 1113 nec
2684 1059 2753 1091 ’³⁵
2783 1059 2916 1113 illud
2944 1059 3237 1131 exemplum
3266 1061 3331 1115 de
3361 1061 3579 1132 pictore,
3618 1060 3796 1130 pictu-

2217 1161 2347 1215 ram,
2376 1163 2533 1216 quam
2564 1148 2804 1217 {acturus
2826 1158 2922 1215 est,
2953 1151 3073 1221 jam
3122 1151 3178 1206 in
3224 1150 3487 1206 intellectu
3546 1150 3795 1217 habente,

2213 1239 2341 1294 satis
2378 1238 2490 1312 36
2513 1250 2678 1310 potest
2706 1242 2830 1295 huic
2858 1252 3163 1312 argumento
3191 1258 3495 1314 congruere.
3526 1240 3635 1295 Illa
3653 1240 3796 1296 enim

2213 1328 2447 1398 pictura,
2501 1342 2780 1402 antequam
2830 1333 2923 1401 ﬁat
2963 1332 3055 1400 ³⁸⁸,
3081 1332 3135 1387 in
3175 1333 3290 1401 ipsa
3325 1332 3538 1401 pictoris
3581 1339 3699 1385 arte
3721 1328 3792 1361 ’⁸⁷

2213 1421 2457 1488 habetur;
2509 1433 2557 1477 et
2588 1423 2693 1478 tale
2723 1424 2990 1492 quidpiam
3034 1424 3092 1479 in
3134 1434 3247 1478 arte
3293 1422 3517 1494 artiﬁcis
3563 1422 3799 1491 alicujus

2215 1511 2345 1565 nihil
2362 1521 2438 1566 est
2458 1512 2784 1580 aliud'quam
2803 1531 2927 1584 pars
2946 1514 3189 1584 quaedam
3214 1512 3568 1583 intelligentia:
3594 1511 3792 1582 ipsius;

2213 1601 2338 1671 quia
2357 1611 2406 1656 et
2439 1602 2594 1673 (sicut
2614 1603 2684 1636 ’⁵⁸
2694 1613 2907 1659 sanctus
2927 1602 3247 1674 Augustinus
3267 1603 3363 1674 ait)
3384 1616 3501 1657 cum
3523 1601 3673 1671 faber
3701 1617 3792 1656 ar-

2215 1705 2331 1744 cam
2368 1693 2606 1761 [acturus
2644 1695 2700 1749 in
2747 1711 2918 1765 opere,
2960 1695 3108 1765 prius
3161 1695 3317 1748 habet
3363 1692 3513 1760 illam
3551 1693 3609 1747 in
3635 1701 3793 1746 arte:

2216 1795 2362 1845 arca,
2394 1797 2511 1851 qua:
2543 1782 2602 1850 ﬁt
2632 1782 2687 1837 in
2717 1798 2892 1853 opere,
2940 1798 3049 1836 non
3096 1790 3172 1836 est
3225 1781 3373 1848 vita;
3401 1797 3548 1846 arca,
3569 1795 3690 1850 qua
3717 1789 3793 1834 est

2213 1878 2420 1940 inarte,
2453 1874 2556 1930 vita
2593 1883 2718 1940 est;
2751 1875 2875 1944 quia
2920 1874 3043 1928 vivit
3091 1874 3271 1928 anima
3313 1872 3557 1941 artiﬁcis,
3590 1870 3647 1924 in
3687 1884 3795 1940 qua

2213 1976 2333 2023 sunt
2393 1967 2497 2028 ista
2552 1966 2754 2049 omnia,
2805 1975 3083 2036 antequam
3131 1964 3490 2036 proferantur.
3542 1960 3610 2018 Ut
3662 1958 3795 2034 quid

2212 2054 2349 2107 enim
2371 2054 2433 2107 in
2453 2054 2649 2108 vivente
2673 2053 2894 2122 artiﬁcis
2926 2054 3104 2109 anima
3130 2054 3238 2108 vita
3268 2052 3338 2088 ⁸⁸⁸
3367 2064 3487 2108 sunt
3512 2055 3614 2109 ista
3641 2095 3658 2119 ,
3687 2056 3798 2117 nisi

2210 2148 2334 2217 quia
2378 2145 2510 2200 nihil
2538 2155 2658 2200 sunt
2689 2143 2836 2200 aliud
2871 2162 3029 2218 quam
3051 2146 3292 2211 scientia,
3322 2145 3402 2201 vel
3450 2145 3797 2217 intelligentia

2214 2236 2408 2290 αηὶνηω
2433 2236 2598 2308 ipsi“;
2622 2236 2648 2289 Ρ
2694 2235 2763 2293 At
2832 2252 2955 2291 vero
2984 2236 3054 2269 9“
3092 2237 3347 2308 quidquid
3387 2246 3538 2295 extra
3581 2237 3678 2291 illa
3698 2239 3802 2305 μί,

2210 2342 2326 2396 qua:
2352 2325 2422 2379 ad
2442 2325 2607 2396 ipsam
2646 2326 2833 2380 mentis
2877 2336 3174 2383 noscuntur
3216 2311 3475 2395 pertinere
3520 2336 3793 2392 naturam,

2210 2428 2301 2472 aut
2336 2419 2576 2472 auditum
2598 2428 2691 2473 aut
2739 2418 3090 2488 excogitatum
3114 2417 3375 2472 intellectu
3404 2418 3689 2488 percipitur
3709 2434 3795 2473 ve~

2176 2527 2373 2576 Arum;
2425 2511 2573 2565 aliud
2634 2511 2745 2566 sine
2804 2509 2964 2566 dubio
3027 2520 3102 2565 est
3167 2526 3345 2565 verum
3410 2510 3570 2574 illud,
3639 2509 3791 2565 aliud

2208 2601 2498 2657 intellectus
2536 2601 2607 2633 9"
2642 2602 2751 2671 ipse
2811 2617 2915 2672 quo
2963 2601 3170 2670 capitur
3215 2615 3236 2656 :
3285 2602 3536 2671 quocirca
3578 2600 3790 2655 etiamsi

2210 2708 2384 2746 verum
2410 2693 2476 2744 sit
2498 2708 2608 2746 esse
2640 2691 2864 2762 aliquid,
2895 2707 2999 2762 quo
3029 2691 3203 2761 majus
3233 2690 3523 2761 quidquam
3572 2699 3794 2759 nequeat

2209 2782 2428 2853 cogitari
2455 2799 2477 2848 ;
2500 2798 2604 2836 non
2625 2792 2799 2837 tamen
2822 2784 2920 2836 hoc
2943 2782 3187 2835 auditum
3218 2791 3265 2835 et
3289 2779 3635 2844 intellectum,
3683 2789 3795 2834 tate

2207 2883 2307 2938 est,
2329 2874 2500 2942 qualis
2524 2872 2755 2928 nondum
2778 2871 2921 2941 facta
2935 2872 3141 2940 pictura
3170 2871 3226 2925 in
3257 2868 3524 2925 intellectu
3551 2870 3791 2939 pictoris.

2280 2963 2332 3019 4.
2366 2962 2483 3019 Huc
2527 2963 2727 3016 accedit
2775 2961 2931 3027 illud,
2988 2962 3127 3032 quod
3159 2970 3515 3032 prcctaxatum
3544 2968 3618 3013 est
3642 2975 3796 3029 supe—

532 3054 591 3120 Iit
615 3054 688 3107 de
726 3055 954 3123 pictura,
995 3071 1112 3125 qua:
1142 3057 1289 3125 prius
1329 3065 1403 3111 est
1428 3056 1479 3109 in
1512 3057 1688 3111 animo
1734 3058 1946 3128 pictoris
1984 3059 2053 3091 9“
2084 3102 2100 3125 ,
2135 3090 2179 3151 Ο
2212 3057 2366 3121 rius;
2396 3055 2521 3126 quia
2545 3054 2742 3109 scilicet
2781 3052 2915 3107 illud
2939 3053 3200 3116 omnibus,
3240 3068 3358 3123 qua:
3404 3051 3627 3123 coqitari
3669 3066 3795 3120 pos-

528 3145 717 3198 deinde
747 3145 798 3197 in
822 3161 990 3214 opere.
1021 3144 1242 3209 Deinde,
1281 3161 1368 3201 vis:
1395 3162 1627 3216 unquam
1648 3148 1835 3216 poterit
1864 3165 1973 3203 esse
1992 3166 2104 3204 cre-

528 3237 707 3302 dibile,
747 3252 863 3289 cum
899 3235 1105 3294 dictum
1123 3245 1170 3290 et
1195 3238 1436 3290 auaitum
1490 3237 1650 3305 fuerit
1696 3238 1839 3291 istud
1896 3254 2000 3293 non
2036 3255 2094 3293 eo
2136 3254 2145 3263 '

527 3328 598 3360 ’⁵⁸
628 3328 783 3382 modo
804 3344 953 3395 posse
1003 3329 1223 3398 cogitari
1273 3344 1375 3384 non
1424 3345 1552 3391 esse,
1585 3345 1686 3399 quo
1735 3333 1893 3383 etiam
1937 3341 2105 3401 potest

523 3419 742 3490 cogitari
773 3420 875 3473 ’θη
922 3437 1031 3474 esse
1054 3420 1193 3473 Dens
1218 3419 1310 3472 9".
1338 3419 1479 3473 Nam
1515 3420 1560 3473 si
1610 3437 1713 3474 non
1757 3430 1921 3490 potest
1953 3461 1966 3487 ,
2007 3438 2105 3475 cur

524 3519 707 3561 contra
739 3519 1007 3576 negantem
1037 3518 1129 3563 aut
1167 3509 1491 3564 dubitantem
1535 3513 1674 3580 quod
1704 3511 1750 3566 si
1777 3510 1955 3581 aliqua
1982 3512 2102 3569 talis

523 3588 738 3665 natura,
778 3609 885 3653 tota
912 3600 1008 3654 ista
1030 3601 1314 3670 disputatio
1336 3610 1606 3671 assumpta
1643 3611 1718 3655 est
1749 3603 1774 3655 ?
1804 3601 2098 3671 Postremo,

523 3689 664 3757 quod
688 3688 791 3742 tale
828 3689 893 3749 sit
918 3689 1071 3756 illud,
1103 3700 1158 3743 ut
1183 3707 1282 3745 non
1306 3691 1490 3759 possit,
1521 3692 1622 3744 nisi
1651 3708 1772 3747 mox
1794 3693 2097 3763 cogitatum,

521 3778 880 3838 indubitabilis
899 3778 1184 3839 existentia'
1206 3796 1316 3837 sum
1333 3790 1470 3835 certo
1489 3783 1681 3855 percipi
1702 3783 1771 3817 “8
1792 3784 2091 3851 intellectu;

2211 3146 2338 3211 sint,
2386 3146 2582 3214 majus,
2611 3143 2751 3214 quod
2797 3143 2928 3197 nihil
2985 3142 3133 3197 aliud
3154 3142 3224 3174 ³⁸³
3251 3158 3401 3211 posse
3442 3155 3554 3194 esse
3591 3139 3793 3193 dicitur

2210 3253 2364 3308 quam
2406 3237 2515 3305 ipse
2564 3234 2702 3288 Deus
2729 3250 2749 3298 ;
2790 3243 2899 3287 tam
2940 3250 3032 3306 ego
3055 3233 3125 3265 ⁹⁶⁵
3146 3230 3430 3289 secundum
3473 3245 3601 3295 rem,
3629 3228 3708 3283 vel
3730 3246 3795 3284 ex

2211 3328 2380 3391 specie
2402 3328 2530 3381 mihi
2553 3323 2628 3385 vel
2651 3339 2716 3377 ea:
2756 3341 2940 3395 genere
2965 3333 3161 3386 notam,
3197 3322 3426 3393 cogitare
3446 3320 3689 3375 auditum
3715 3317 3794 3373 vel

2211 3417 2265 3470 in
2287 3414 2552 3469 intellectu
2574 3414 2646 3447 ""
2674 3414 2864 3469 habere
2887 3431 2989 3468 non
3020 3428 3260 3483 possunt,
3298 3428 3456 3484 quant
3500 3427 3593 3465 nec
3618 3411 3795 3476 ipsum

2216 3507 2401 3573 Deum,
2422 3522 2573 3577 quem
2597 3507 2775 3577 utique
2798 3504 2858 3559 ob
2887 3506 2985 3558 hoc
3009 3505 3178 3575 ipsum
3198 3508 3356 3558 etiam
3380 3518 3484 3556 non
3510 3517 3622 3555 esse
3646 3501 3793 3571 cogi;

2209 3608 2324 3653 tare
2359 3613 2570 3668 possum
2614 3596 2705 3651 ⁸⁸⁸.
2752 3595 2934 3667 Neque
2990 3595 3129 3649 enim
3177 3603 3269 3648 aut
3328 3609 3437 3648 rem
3480 3592 3649 3662 ipsam
3671 3605 3795 3661 quis

2216 3691 2353 3746 Deus
2384 3699 2480 3756 est,
2519 3691 2788 3755 novi;ant
2823 3689 2990 3758 ipsam
3037 3701 3248 3758 possum
3293 3686 3553 3757 conjicere
3595 3683 3796 3737 exalia

2211 3784 2370 3844 simili
2416 3783 2512 3849 π’,
2547 3778 2966 3854 quandoquidem
2987 3791 3032 3833 et
3056 3789 3111 3833 tu
3130 3777 3286 3833 talem
3308 3776 3379 3810 ⁹⁶⁸
3400 3775 3589 3833 asseris
3615 3772 3789 3840 illam,

445 4777 457 4783 ·
516 4773 642 4811 mss.
715 4755 846 4811 Vict.
872 4755 1023 4809 Corb.
1084 4756 1218 4810 Thu.
1284 4756 1471 4810 Cister.
1518 4755 1682 4812 fuerit
1736 4759 1877 4815 istud
1927 4776 2030 4815 non
2084 4777 2151 4816 eo

1806 3898 1891 3953 VA
1901 3898 2039 3955 ΒΙᾸΞ
2075 3896 2478 3957 LECTIUNES.

591 3988 659 4020 ⁹³²
687 3987 887 4044 Tamen
910 4003 1027 4046 esse
1048 4006 1171 4044 mss.
1207 3987 1356 4045 Gem.
1387 3989 1542 4045 Corb.
1574 3991 1710 4046 Thu.
1742 4008 1865 4048 cum
1890 4009 2019 4050 esse
2085 3996 2154 4028 ’³³
2186 3995 2319 4050 Esse
2356 3994 2413 4048 in
2436 3991 2710 4048 intellectu
2733 3999 2787 4046 et
2812 3991 2862 4044 in
2882 4006 3003 4044 mss.
3041 3988 3176 4043 Vict.
3203 3990 3288 4044 15.
3317 3999 3365 4043 et
3399 3987 3587 4043 Cister.
3613 3990 3792 4042 omitt.

520 4061 573 4132 in
598 4059 868 4115 intellectu
890 4069 944 4114 et
1042 4060 1115 4132 ’ξ’
1138 4061 1216 4116 Ac
1242 4061 1286 4132 si
1305 4060 1476 4130 majus
1497 4079 1619 4116 mss.
1642 4062 1770 4117 Vict.
1804 4074 1852 4117 et
1878 4062 2062 4119 Cister.
2100 4080 2161 4123 ac
2185 4081 2265 4120 suc
2305 4062 2478 4132 majus
2549 4061 2620 4093 ⁸³⁸
2644 4060 2794 4132 Quod
2826 4070 2907 4132 est
2931 4058 3044 4132 jam
3077 4058 3384 4132 probatum,
3405 4069 3528 4132 esse
3551 4059 3796 4132 inuintelo

523 4130 777 4204 lcetu,_et
800 4144 902 4183 non
923 4131 988 4204 in
1005 4130 1119 4204 solo
1142 4126 1543 4204 inlellcc_th,secl
1568 4133 1620 4185 in
1652 4148 1707 4185 re
1721 4150 1847 4204 mss.
1883 4134 2024 4201 quod
2047 4151 2167 4189 esse
2188 4136 2299 4204 jam
2323 4126 2608 4204 probatum
2630 4126 2711 4204 est
2739 4130 2793 4204 in
2823 4126 3117 4204 intellectu,
3138 4145 3243 4204 non
3275 4130 3328 4184 in
3347 4128 3462 4204 solo
3483 4126 3789 4204 intellectu,

518 4201 683 4273 sedet
709 4200 772 4273 in
795 4214 853 4252 re
882 4199 1351 4273 μίξθξιξρεροηάρνί
1377 4211 1551 4273 potest
1578 4219 1700 4257 mss.
1720 4196 2067 4273 llcspginlerc
2097 4196 2274 4260 forsan
2298 4196 2475 4273 potest
2542 4202 2617 4273 "1
2636 4200 2912 4273 luseipsis
2945 4198 3252 4273 existentia.
3278 4216 3378 4253 ms.
3397 4196 3610 4273 Vict._}’1.
3637 4197 3792 4273 iuuse

518 4269 808 4323 existentia
881 4269 951 4340 ’3‘
974 4269 1292 4340 Existentia,
1324 4267 1444 4325 esse
1468 4272 1518 4322 in
1547 4286 1669 4324 mss.
1695 4267 1850 4326 Corb.
1867 4271 2144 4327 Vict.Thu.
2170 4267 2338 4328 omitt.
2363 4288 2483 4328 esse
2553 4271 2621 4304 ⁹³⁹
2647 4270 2909 4326 Similiter
2930 4271 3032 4325 dici
3056 4277 3239 4340 posset
3256 4267 3656 4340 mss.,similiter
3676 4268 3791 4323 dici

517 4351 731 4408 possein
750 4354 848 4392 ms.
877 4337 1032 4393 Corb.
1058 4340 1377 4408 simpliciter
1398 4340 1502 4393 dici
1528 4351 1747 4408 possent
1806 4342 1875 4376 ἰθ
1894 4340 2024 4396 Cum
2041 4357 2101 4396 ea
2127 4346 2338 4397 dicente
2361 4359 2455 4396 ms.
2488 4342 2643 4396 Corb.
2672 4356 2795 4394 cum
2815 4340 3028 4395 dicente
3057 4337 3072 4340 ⁷
3099 4339 3169 4371 θ”ι
3202 4339 3398 4394 Haberi
3425 4338 3634 4408 possint
3652 4354 3786 4392 mss.

521 4407 711 4480 haberi
735 4410 904 4477 possit
975 4408 1044 4440 ’θ’
1071 4407 1390 4480 Intelligitur
1418 4408 1619 4480 habere
1645 4424 1795 4473 esse,
1825 4411 1949 4480 quia
1977 4452 1992 4470 .
2022 4412 2259 4475 scilicet,
2302 4413 2428 4467 licet
2450 4428 2555 4466 non
2582 4426 2803 4480 possum
2832 4427 2956 4480 mss.
2989 4410 3040 4480 in
3065 4409 3336 4464 intellectu
3361 4409 3562 4480 habere
3586 4447 3604 4472 ,
3627 4408 3787 4480 quis.

518 4476 760 4553 scilicet,
792 4494 894 4553 non
924 4493 1139 4547 possum
1165 4476 1271 4532 ms:
1303 4477 1458 4553 Corb.
1495 4477 1771 4553 intellectui
1793 4476 1993 4553 habere
2015 4483 2140 4552 quia
2164 4483 2334 4553 solum
2364 4498 2468 4546 non
2493 4476 2718 4553 pos-simi.
2798 4479 2869 4553 Ψ
2900 4479 3005 4553 Sed
3030 4479 3131 4553 lioc
3161 4495 3265 4533 non
3294 4488 3405 4553 est.
3429 4477 3613 4553 Primo
3650 4476 3787 4545 qui-

518 4548 780 4620 «temnunt
814 4546 1063 4601 linc’erat
1084 4564 1204 4620 mss.
1235 4549 1329 4620 sed
1353 4548 1397 4602 si
1428 4548 1533 4620 hoc
1551 4557 1661 4620 est;
1694 4550 1867 4618 primo
1901 4546 2118 4620 quilein
2147 4567 2251 4607 non
2282 4552 2370 4607 hic
2388 4546 2509 4607 erit'
2566 4551 2636 4585 M
2663 4552 2728 4605 Et
2770 4549 2917 4605 aliud
2946 4589 2961 4611 ,
2992 4549 3154 4619 idque
3176 4566 3303 4603 mss.
3333 4547 3480 4620 Vict.
3504 4546 3696 4620 (ᾔδεεν.
3727 4556 3791 4601 et

520 4616 706 4691 aliud,
732 4616 1095 4691 idemquems.
1130 4616 1284 4691 Corb.
1308 4626 1403 4670 aut
1431 4617 1573 4691 aliud
1611 4616 1860 4691 idemque
1919 4616 2001 4654 ’⁸³³
2030 4622 2158 4690 Qun
2184 4623 2332 4691 prius
2360 4631 2441 4677 est
2473 4624 2525 4677 in
2578 4622 2758 4676 animo
2810 4616 3079 4691 pictoruui
3130 4636 3285 4691 lnss.
3332 4617 3468 4691 Vict.
3492 4689 3500 4691 ἓ
3525 4617 3663 4671 Thu.
3730 4626 3787 4669 et

525 4684 1059 4761 Cister._qu~.eLprius
1086 4698 1199 4761 _est
1251 4688 1544 4761 inhanimo
1572 4684 1794 4761 pictoris
1854 4707 1979 4761 mss.
2033 4684 2198 4746 Coro:
2247 4694 2412 4747 omitt.
2464 4709 2584 4761 qua:
2637 4694 2785 4760 prius
2810 4684 2912 4745 "est
3010 4688 3082 4725 9“
3129 4689 3319 4761 Fuerit
3375 4688 3503 4761 illud
3558 4698 3663 4742 non
3714 4701 3789 4741 eo

2250 4762 2319 4794 “7
2370 4758 2556 4818 Potest
2615 4758 2720 4815 non
2780 4775 2900 4815 esse
2936 4761 3079 4815 Deus
3118 4776 3216 4813 ms.
3278 4758 3434 4813 Corb.
3479 4766 3785 4827 potestea-

516 4827 965 4903 gitari_mu__e.se
1003 4828 1183 4903 Deus__
1216 4827 1285 4859 "3
1327 4827 1488 4903 Qerto
1533 4830 1732 4903 percipi
1772 4847 1870 4903 ms.
1922 4831 2079 4885 Corb.
2129 4848 2226 4903 pro
2266 4844 2417 4886 cetto
2468 4832 2707 4903 percipi
2751 4831 2834 4903 ff”
2864 4830 3299 4903 Intelligercutur
3342 4831 3493 4903 uicta
3533 4844 3549 4903 ξ
3603 4828 3790 4903 adhuc

511 4896 638 4952 inss.
694 4896 1075 4972 intelligerem,
1133 4897 1273 4972 dicta
1300 4897 1475 4972 adhuc
1525 4896 1635 4972 ς⁹⁸⁰
1688 4896 1755 4953 Et
1786 4901 2004 4972 insuper
2030 4896 2323 4972 mstorb.
2356 4896 2575 4972 insuper
2619 4896 2723 4972 ""7
2751 4900 2845 4955 Illa
2888 4896 3147 4972 deceptus
3192 4916 3290 4972 ms.
3330 4897 3485 4953 Corb.
3536 4898 3651 4972 ipsa
3683 4900 3786 4961 de-

514 4977 707 5037 ceptus
778 4966 849 4999 ⁹⁸³
876 4966 941 5022 Ut
983 4981 1124 5036 saepe
1178 4966 1238 5020 lit
1286 4983 1383 5021 ms.
1411 4966 1564 5021 Corb.
1597 4978 1652 5022 ut
1692 4985 1873 5025 secum
1908 4966 1923 4970 ’
1976 4971 2046 5003 ⁸⁸³
2097 4972 2400 5027 Credon-tur
2447 4966 2571 5027 mss.
2606 4971 2882 5027 crederem
2976 4970 3046 5002 °“
3088 4970 3391 5024 Credentur
3435 4966 3579 5036 quod
3632 4969 3785 5025 istud

514 5040 903 5111 nondum‘mss.
929 5038 1206 5111 cre.|crem
1235 5038 1324 5106 qui
1355 5037 1493 5090 istud
1537 5039 1772 5093 nondum
1802 5058 1899 5095 ms.
1944 5039 2075 5093 Vict.
2108 5042 2190 5111 l5.
2226 5043 2348 5111 quia
2374 5043 2514 5096 istud
2559 5043 2794 5111 nondum
2856 5110 2861 5111 ί
2890 5040 2961 5073 ⁹⁸³
2986 5039 3137 5095 Unde
3168 5055 3265 5093 nec
3292 5055 3392 5111 ms.
3423 5038 3580 5111 Corb.
3605 5041 3781 5111 omitt.

514 5108 657 5164 unde
678 5107 798 5178 77°“
826 5106 1310 5178 Antequamlicret
1338 5124 1461 5160 mss.
1490 5117 1777 5178 antequam
1811 5112 1904 5165 tiat
1983 5110 2050 5146 ⁵³⁷
2100 5106 2330 5167 Pictoris
2360 5121 2475 5166 arte
2502 5129 2600 5167 ms.
2630 5110 2785 5165 Corb.
2816 5110 3035 5178 pictoris
3071 5118 3251 5165 mente
3322 5109 3394 5141 ’⁸⁸
3430 5110 3588 5176 Quia,
3632 5110 3787 5164 sicut

512 5177 809 5231 mss.,Thu.
860 5176 1179 5232 Vict.Corb.
1210 5177 1358 5245 quia,
1387 5185 1440 5231 et
1463 5178 1602 5233 sicut
1637 5176 1744 5211 7°”
1776 5179 2002 5234 Vivente
2023 5182 2223 5245 anima,
2264 5182 2369 5236 vita
2400 5199 2525 5235 mss.
2574 5182 2626 5236 in
2670 5176 2881 5235 vivente
2919 5182 3141 5235 artilicis
3185 5179 3364 5234 anima
3404 5181 3512 5233 vita
3587 5179 3657 5211 ⁹⁶⁹
3703 5182 3784 5234 At

512 5261 646 5318 vero
675 5263 775 5300 ms.
806 5247 960 5318 Corb.
994 5247 1313 5318 omit._vero
1381 5248 1447 5318 θίῗῖ
1481 5248 1643 5302 Extra
1700 5250 1784 5304 illa
1809 5267 1906 5303 ms.
1965 5248 2121 5304 Corb.
2164 5267 2269 5306 non
2297 5263 2447 5306 extra
2487 5252 2573 5306 illa
2647 5252 2717 5283 ’5’
2759 5250 3058 5318 I'crcipitur
3078 5266 3299 5313 verum,
3354 5249 3500 5304 aliud
3537 5259 3620 5304 est
3655 5250 3787 5304 sine
3820 5307 3835 5315 ,

516 5317 684 5391 dubio
712 5329 898 5391 ιρι-ψη
922 5316 1048 5391 illud
1074 5359 1089 5384 ,
1127 5316 1270 5372 aliud
1302 5316 1610 5391 intellectus
1646 5337 1772 5391 mss.
1813 5317 1959 5371 Gem.
2002 5318 2136 5374 Vict.
2157 5331 2213 5391 et
2248 5321 2380 5375 Thu.
2408 5323 2700 5391 percipitur
2721 5316 3109 5391 verumialiud
3133 5320 3250 5376 sine
3280 5320 3783 5391 dubioestn'erutn

511 5384 667 5456 illud,
698 5385 849 5456 aliud
874 5386 1309 5456 intellectuswnts.
1347 5385 1501 5456 Corb.
1536 5386 1857 5456 Pcrcipitur,
1885 5403 2070 5442 verun
2122 5389 2260 5444 aliud
2291 5384 2593 5447 sine'dubio
2616 5401 2720 5445 cst.
2754 5390 2908 5445 Unde
2930 5390 3060 5444 illud
3119 5391 3264 5444 aliud
3328 5389 3655 5444 intellectus
3698 5388 3787 5423 ’⁸⁸

511 5454 703 5530 Μεῇις,
724 5454 1156 5530 nihilaliudmss.
1176 5455 1306 5512 Vict.
1326 5466 1373 5510 et
1394 5455 1549 5530 Qorb.
1574 5454 1876 5530 e."S.‘Mich.
1894 5457 2064 5530 majus
2088 5460 2229 5530 quod
2259 5459 2391 5530 nihil
2421 5461 2561 5517 aliud
2625 5462 2693 5494 ⁸⁸⁵
2706 5460 2837 5514 Tam
2860 5474 2989 5530 ergo
3001 5477 3125 5514 mss.
3144 5469 3252 5515 tam
3267 5476 3366 5530 ego
3426 5458 3499 5491 ’⁸⁸
3518 5458 3784 5530 Cogitate

514 5524 756 5602 auditum
791 5524 1228 5602 velintellectum
1261 5527 1549 5602 ms._(.‘orb.
1578 5528 1815 5596 cogitare
1843 5529 2048 5602 auditu,
2072 5524 2165 5602 _\:el
2193 5528 2466 5584 intellectu
2518 5547 2645 5602 mss.
2681 5529 2812 5583 l‘ict.
2851 5524 2997 5582 Gem.
3025 5531 3270 5602 cogitare
3300 5524 3685 5593 “auditumﬂel
3717 5528 3785 5602 in

510 5594 793 5671 intellectu
892 5594 961 5626 ³⁸⁸
996 5595 1109 5651 Non
1134 5612 1252 5671 esse
1270 5594 1755 5671 cogitare‘possum‘
1772 5615 1869 5671 ms.
1895 5597 2029 5671 ᾖσι.
2064 5597 2157 5671 l3.
2184 5614 2288 5654 non
2315 5613 2435 5654 esse
2457 5601 2690 5671 cogitare
2714 5615 2818 5653 non
2849 5612 3065 5671 possum
3093 5594 3120 5602 ⁷
3160 5602 3228 5633 ’³⁷
3257 5601 3387 5656 Rem
3416 5602 3584 5671 ipsam
3611 5601 3787 5671 novi;

519 5673 612 5719 aut
638 5681 700 5721 ex
726 5666 826 5746 alia
858 5680 1075 5746 possum
1101 5666 1371 5746 eopjicere
1396 5666 1562 5746 simili
1582 5684 1676 5720 ms.
1718 5666 1850 5746 Vict.
1886 5668 1973 5722 15.
2003 5667 2336 5746 remipsam,
2379 5686 2495 5739 quae
2521 5666 2661 5726 Dcus
2691 5677 2771 5727 est
2801 5668 3068 5735 uovi;aut
3096 5671 3266 5743 ipsam
3294 5666 3513 5746 possum
3540 5668 3793 5727 convitia

510 5751 632 5797 cet‘c
660 5752 721 5794 ex
748 5736 849 5793 alia
889 5736 1047 5793 simili
1125 5736 1192 5768 "3
1220 5737 1283 5791 lit
1317 5743 1368 5789 tu
1392 5735 1549 5791 talem
1585 5754 1677 5791 ms.
1716 5736 1867 5792 Corb.
1899 5748 1950 5795 et
1973 5754 2095 5795 cum
2120 5735 2278 5796 talem
