4030 6290
235 363 326 421 245
1615 346 1790 413 PROS

1897 354 2062 414 GlON.

3359 342 3466 408 216

236 490 412 537 utesse
440 487 543 530 non
575 471 736 543 possit
781 469 952 527 simile
997 472 1307 544 quidquam.
1362 470 1505 526 Nam
1551 471 1685 528 side
1702 472 1795 526 Ito-
1824 470 1871 528 Α
1898 470 2076 540 fuerit,
2121 468 2375 541 quidquid
2426 476 2501 523 est
2549 469 2603 522 in
2654 484 2724 531 re,
2778 464 2952 537 majus
2980 465 3073 519 illa
3128 456 3353 522 criudc
3374 485 3466 538 per

238 584 363 623 inme
384 564 578 635 aliquo,
598 563 728 617 mihi
768 578 985 632 prorsus
1035 564 1234 634 ignoto,
1278 579 1430 633 quem
1474 564 1631 618 etiam
1677 579 1786 617 esse

1888 563 1985 615 hoc
2014 560 2108 626 ³⁸⁸,
2143 558 2246 614 non
2275 560 2370 615 erit
2409 559 2546 614 illud
2596 557 2772 629 majus
2819 556 3076 621 omnibus,
3107 556 3244 627 quod
3290 559 3466 628 utique

238 657 490 721 nescirem,
548 652 655 706 dici
702 663 876 707 tamen
924 652 1127 724 aliquid
1193 653 1455 718 audirem,
1502 668 1595 722 per
1639 651 1787 705 illam
1880 652 1999 723 jam
2026 653 2209 707 essein
2235 651 2495 706 intellectu
2524 651 2801 721 probatum
2818 658 2914 705 est.
2940 648 3125 702 Adhuc
3149 650 3465 720 respondeo:

237 743 490 818 specialem
532 741 885 814 generalemve
914 743 1180 812 notitiam,
1224 759 1329 813 qua
1364 743 1491 814 quid
1521 744 1588 797 sit
1632 743 1787 797 homo

233 835 303 891 vel
318 834 540 889 homines
561 823 699 898 novi,
723 832 789 886 de
806 832 898 885 illo
919 848 1122 903 quoque
1146 833 1433 887 secundum
1459 848 1568 887 rem
1592 832 1783 901 ipsam,

234 941 339 997 qua
378 934 450 980 est
498 932 672 989 homo,
721 922 955 993 cogitare
1000 939 1202 993 possem
1233 936 1253 976 :
1277 932 1326 978 et
1373 932 1548 978 tamen
1570 922 1641 954 ’θ’
1670 922 1789 991 ﬁeri

232 1025 408 1087 pauet,
429 1025 508 1081 ut,
526 1014 804 1069 mentiente
843 1010 938 1066 illo
955 1013 1046 1083 qui
1071 1014 1284 1082 diceret,
1310 1014 1441 1085 ipse,
1480 1028 1629 1084 quem
1655 1013 1791 1083 cogi-

232 1118 381 1164 tarem
411 1111 503 1176 m,
527 1110 683 1164 homo
710 1125 813 1163 non
833 1120 967 1163 esset
990 1124 1010 1174 ;
1033 1123 1148 1162 cum
1177 1116 1349 1161 tamen
1372 1123 1464 1177 ego
1486 1106 1555 1139 ⁹⁷¹
1579 1107 1644 1160 de
1674 1104 1786 1172 illo,

230 1198 501 1254 tecundum
524 1214 699 1253 veram
727 1197 1067 1252 nihilominus
1090 1213 1220 1262 rem,
1259 1213 1361 1251 non
1387 1214 1506 1268 qua:
1538 1206 1668 1251 esset
1700 1197 1791 1250 ille

233 1289 394 1354 homo,
417 1290 506 1344 sed
528 1305 648 1361 qua:
671 1299 746 1343 est
768 1289 840 1324 ⁹⁷²
862 1290 1016 1358 homo
1039 1287 1278 1359 quilibet,
1330 1287 1632 1358 cogitarem.
1679 1285 1791 1342 Nec

229 1381 297 1434 sic
317 1381 496 1449 igitur,
520 1390 574 1434 ut
600 1380 838 1435 haberem
870 1380 1066 1450 falsum
1121 1380 1262 1435 istud
1294 1379 1348 1433 in
1379 1379 1695 1450 cogitatione
1715 1377 1792 1433 vel

227 1471 276 1524 in
320 1471 608 1537 intellectu,
648 1472 839 1527 habere
885 1488 1100 1542 possum
1147 1472 1280 1526 illud
1319 1472 1411 1535 ⁸⁷³,
1461 1478 1598 1525 cum‘
1629 1472 1792 1526 audio

227 1559 339 1625 dici,
364 1559 525 1625 Deus,
579 1570 696 1627 aut,
735 1561 944 1632 aliquid
1002 1562 1254 1617 omnibus
1277 1562 1351 1594 ⁸⁷⁸
1401 1561 1597 1630 majus.
1655 1561 1786 1615 Cum

227 1651 422 1720 quando
470 1652 606 1706 illud
649 1652 719 1687 ³⁷⁵
772 1652 1058 1707 secundum
1105 1668 1212 1706 rem
1262 1668 1436 1707 veram
1460 1652 1532 1684 ⁸⁷⁵
1561 1653 1792 1722 mihique

227 1750 389 1794 notam
418 1742 651 1812 cogitare
669 1758 880 1812 possum
902 1742 996 1811 "7,
1024 1741 1167 1795 istud
1190 1741 1260 1773 ’⁷⁸
1280 1742 1492 1795 omnino
1517 1756 1785 1810 nequeam,

1891 741 1950 798 Si
1983 760 2094 798 esse
2142 743 2421 798 dicendum
2466 744 2627 798 estin
2691 741 2973 806 intellectu,
3011 741 3149 810 quod
3185 742 3467 796 secundum

1889 836 2157 889 veritatem
2187 835 2499 904 cujusquam
2533 834 2609 887 rei
2649 832 2719 865 ⁹⁹⁰
2752 833 2924 902 nequit
2968 832 3150 886 saltem
3191 833 3409 903 cogitari
3448 850 3468 896 ,'

1889 937 1937 982 et
1963 928 2059 981 hoc
2085 929 2141 981 in
2166 942 2277 981 meo
2304 926 2371 957 ’9‘
2429 926 2506 979 sic
2534 941 2645 979 esse
2687 941 2790 979 non
2841 926 3053 996 denego.
3092 925 3197 980 Sed
3220 924 3341 995 quia
3379 940 3471 993 per

1892 1018 1988 1071 hoc
2045 1032 2157 1072 esse
2195 1031 2397 1086 quoque
2436 1015 2491 1067 in
2517 1030 2571 1067 re
2598 1030 2699 1068 non
2728 1022 2893 1082 potest
2951 1012 3215 1067 ullatenus
3237 1013 3307 1048 ’θ’
3337 1012 3469 1065 οωι.

1892 1125 2032 1175 nere,
2092 1107 2226 1161 illud
2266 1124 2375 1161 esse
2402 1107 2450 1160 ei
2499 1106 2668 1159 adhuc
2713 1105 2918 1172 penitus
2951 1104 3021 1138 ’⁸³
3070 1120 3172 1157 non
3223 1102 3470 1167 concedo,

1890 1216 2157 1273 quousque
2204 1198 2331 1251 mihi
2382 1204 2688 1267 argumento
2720 1192 2966 1265 probetur
3026 1192 3293 1257 indubia;
3334 1192 3473 1263 quod

1891 1290 2110 1360 quiesse
2138 1289 2209 1322 ’⁸⁵⁸
2235 1289 2360 1342 dicit
2406 1290 2502 1341 hoc
2544 1285 2636 1344 ’9'.
2674 1284 2813 1355 quod
2860 1283 3038 1351 majus
3090 1281 3328 1336 omnibus
3375 1281 3476 1334 ali-

1893 1390 1971 1435 ter
1993 1397 2095 1435 non
2124 1380 2220 1435 erit
2263 1379 2501 1433 omnibus
2530 1377 2702 1447 majus
2724 1376 2816 1439 9“,
2855 1391 2959 1429 non
2989 1376 3116 1429 satis
3146 1374 3363 1428 attendit
3389 1374 3476 1426 cui

1894 1471 2164 1541 loquatur.
2202 1469 2313 1541 Ego
2342 1470 2479 1524 enim
2533 1468 2763 1522 nondum
2821 1466 2959 1534 dico,
3002 1466 3106 1519 into
3136 1465 3291 1519 etiam
3323 1480 3472 1534 nega,

1895 1564 1972 1620 vel
2031 1564 2232 1630 dubito,
2284 1563 2395 1617 ulla
2451 1578 2506 1615 re
2534 1562 2603 1594 9"
2644 1576 2761 1616 vera
2810 1576 2920 1614 esse
2950 1558 3125 1628 majus
3180 1556 3314 1610 illud
3341 1570 3476 1610 :nee

1896 1656 2043 1711 aliud
2079 1657 2125 1709 ei
2153 1671 2263 1709 esse
2289 1654 2537 1718 concedo,
2560 1668 2718 1722 quam
2746 1650 2902 1717 illud,
2936 1650 2982 1704 si
3008 1647 3285 1702 dicendunt
3315 1656 3389 1700 est
3406 1643 3481 1678 ”³

1895 1764 2024 1813 esse,
2052 1762 2170 1801 cum
2200 1746 2488 1802 secundum
2513 1760 2683 1799 vocem
2708 1752 2915 1796 tantum
2941 1740 3178 1795 auditam
3202 1754 3307 1792 rem
3326 1754 3480 1804 pror-

224 1829 316 1882 nisi
358 1841 565 1885 tantum
584 1833 874 1887 secundum
896 1848 1088 1897 vocem,
1124 1830 1409 1886 secundum
1440 1846 1599 1901 quant
1626 1832 1790 1883 solum

1897 1856 1984 1895 sus
2013 1840 2243 1909 ignotam
2272 1836 2371 1890 sibi
2400 1845 2621 1888 conatur
2646 1834 2853 1887 animus
2904 1833 3166 1903 efﬁngere.
3201 1828 3477 1894 Quomodo

220 1929 305 1973 aut
332 1921 419 1975 vix
463 1932 555 1976 aut
586 1938 887 1994 nunquam.
907 1932 1075 1992 potest
1119 1920 1285 1975 ullum
1321 1922 1540 1990 cogitari
1590 1936 1789 1975 verum.

224 2006 483 2081 Siquidem
516 2012 585 2045 ⁸⁷⁸
614 2028 731 2066 cum
762 2014 837 2066 ita
862 2013 1123 2082 cogitatur
1153 2027 1172 2074 ,°
1206 2026 1310 2065 non
1364 2020 1470 2064 tam
1518 2011 1632 2078 ipsa
1672 2026 1790 2072 vox,

221 2116 329 2170 quae
356 2118 438 2156 res
472 2112 545 2157 est
571 2103 748 2172 utique
775 2118 916 2168 vera,
949 2102 1046 2156 hoc
1086 2110 1183 2168 est,
1213 2101 1509 2155 litterarum
1529 2116 1688 2155 sonus
1715 2099 1793 2154 vel

220 2191 555 2261 syllabarum,
586 2210 744 2264 quam
763 2195 899 2248 vocis
928 2194 1125 2248 audita:
1153 2193 1473 2263 significatio
1496 2193 1749 2263 cogitetur
1773 2209 1792 2259 ;

221 2286 300 2339 sed
324 2302 432 2341 non
458 2289 535 2341 ita
566 2300 621 2341 ut
665 2286 731 2341 ab
757 2286 872 2353 illo,
913 2288 1001 2359 qui
1048 2288 1188 2342 novit
1230 2288 1353 2357 quid
1397 2303 1458 2340 ea
1486 2285 1650 2340 soleat
1672 2302 1795 2340 voce

220 2379 507 2449 signiﬁcari
530 2392 549 2432 :
576 2397 609 2434 a
642 2395 769 2450 quo,
812 2379 1033 2443 scilicet,
1065 2379 1326 2448 cogitatur
1366 2377 1653 2432 secundum
1686 2393 1791 2431 rem

219 2468 285 2522 vel
321 2470 380 2523 in
420 2469 542 2524 sola
580 2471 893 2541 cogitatione
929 2484 1050 2523 vera
1093 2468 1165 2504 "°
1194 2485 1213 2523 :
1266 2484 1444 2522 verum
1500 2476 1556 2521 ut
1598 2467 1662 2521 ab
1709 2482 1792 2533 eo,

220 2561 299 2630 qui
316 2561 455 2615 illud
479 2577 583 2616 non
610 2564 749 2616 novit
771 2579 792 2627 ;
816 2572 865 2616 et
888 2561 1220 2616 solummodo
1262 2561 1456 2631 cogitat
1510 2561 1793 2615 secundum

218 2652 370 2705 animi
409 2663 616 2705 motum
667 2650 743 2685 ’θ’
793 2651 941 2706 illius
990 2651 1180 2705 auditu
1229 2652 1369 2705 vocis
1415 2651 1656 2720 effectum
1700 2651 1791 2716 ³⁸⁸,

216 2740 750 2812 signiﬁcationemque
776 2752 1029 2814 percepta:
1077 2743 1214 2796 vocis
1240 2750 1519 2796 conantem
1544 2741 1795 2812 ef/ingere

218 2835 309 2911 sibi
331 2851 347 2889 :
374 2836 521 2905 quod
543 2835 617 2870 ³⁸⁸
636 2835 828 2890 mirum
859 2844 932 2890 est
953 2836 999 2888 si
1021 2850 1252 2905 unquam
1287 2834 1362 2888 rei
1382 2834 1594 2888 veritate
1616 2843 1795 2900 potue-

122 2922 129 2927 ’
220 2927 279 2979 rit
308 2928 394 2981 ⁸⁸⁸.
427 2927 520 2981 Ita
543 2944 687 2998 ergo,
711 2944 775 2982 ne
818 2943 1033 2998 prorsus
1078 2926 1233 2981 aliter
1277 2926 1449 2979 adhuc
1484 2935 1531 2980 et
1560 2926 1615 2979 in
1644 2925 1792 2979 intel-

223 3018 344 3071 lcctu
369 3035 490 3073 meo
515 3018 584 3050 ⁵⁸⁵
608 3027 810 3073 constat
853 3017 987 3071 illud
1031 3017 1232 3083 haberi,
1266 3033 1383 3071 cum
1437 3016 1600 3071 audio
1650 3015 1796 3070 intel-

222 3105 410 3177 ligoque
462 3107 717 3164 dicentem
759 3124 871 3163 esse
927 3106 1129 3174 aliquid
1183 3108 1358 3178 majus
1413 3106 1649 3161 omnibus
1679 3124 1794 3177 qua:

223 3199 410 3253 valeant
465 3199 684 3270 cogitari
709 3216 722 3253 :
748 3200 859 3254 hare
905 3200 970 3254 de
1010 3214 1070 3254 eo
1090 3198 1181 3262 ³⁸⁸.
1202 3198 1341 3269 quod
1360 3216 1565 3253 summa
1585 3197 1680 3252 illa
1703 3215 1795 3253 na-

222 3298 330 3342 tura
347 3290 472 3360 jam
497 3306 608 3347 esse
637 3291 831 3345 dicitur
858 3290 912 3344 iu
941 3289 1203 3346 intellectu
1228 3307 1341 3345 meo
1375 3290 1472 3347 ⁸⁸⁷.

1897 1928 2059 1999 igitur
2076 1926 2148 1958 ’θ’
2174 1924 2294 1980 inde
2340 1924 2469 1978 mihi
2506 1920 2761 1992 probatur
2801 1920 2977 1990 majus
3004 1918 3136 1972 illud
3166 1916 3241 1970 rei
3262 1916 3481 1970 veritate

1894 2020 2197 2082 subsistere,
2219 2017 2344 2087 quia
2367 2023 2563 2069 constet
2589 2012 2682 2045 ¹⁰⁰⁰
2704 2010 2837 2065 illud
2870 2012 3041 2079 majus
3064 2008 3300 2062 omnibus
3340 2022 3478 2061 esse:

1895 2128 2013 2168 cum
2047 2112 2101 2166 id
2133 2126 2225 2181 ego
2261 2124 2484 2178 eousque
2509 2121 2684 2176 negem
2704 2103 2903 2167 adhuc,
2923 2101 3211 2156 dubitemve
3242 2099 3330 2131 ¹⁰⁰¹
3359 2115 3485 2152 con-

1894 2215 2035 2261 stare
2064 2221 2082 2268 ;
2119 2212 2173 2257 ut
2205 2219 2267 2256 ne
2312 2201 2365 2254 in
2391 2198 2653 2253 intellectu
2688 2195 2780 2227 ’Μ’
2805 2194 3013 2265 quidem
3043 2192 3122 2246 vel
3171 2190 3483 2262 cogitatione

1895 2311 2030 2356 mea,
2061 2309 2119 2347 eo
2145 2291 2330 2346 saltem
2355 2287 2508 2342 modo
2549 2286 2724 2355 majus
2760 2285 2930 2354 ipsum
2964 2297 3075 2336 esse
3131 2281 3326 2345 dicant,
3378 2296 3482 2349 quo

1896 2386 2056 2439 dubia
2079 2385 2237 2438 etiam
2272 2379 2439 2433 multa
2464 2388 2584 2432 sunt
2606 2388 2653 2430 et
2685 2377 2913 2430 incerta.
2945 2371 3106 2427 Prius
3123 2372 3258 2426 enim
3288 2382 3485 2425 certum

1897 2469 2028 2525 nihil
2048 2484 2249 2523 necesse
2260 2476 2333 2520 est
2349 2464 2442 2496 ¹⁰⁰³
2456 2463 2572 2532 ﬁat,
2587 2477 2762 2516 revera
2785 2476 2895 2514 esse
2916 2458 3108 2512 alicub:
3132 2473 3302 2527 majus
3316 2458 3486 2526 ipsum

1901 2560 2014 2624 “m,
2042 2568 2090 2613 et
2117 2568 2228 2611 tum
2263 2556 2470 2609 demunt
2498 2569 2563 2607 ex
2586 2552 2680 2589 ¹⁰⁰⁸
2710 2568 2794 2616 eo,
2822 2550 2959 2620 quod
3002 2549 3176 2617 majus
3218 2559 3289 2602 est
3325 2548 3467 2601 omni

1898 2652 2013 2716 bus,
2035 2651 2089 2704 in
2111 2649 2276 2716 seipso
2309 2660 2514 2716 quoque
2567 2641 2847 2700 subsistere
2886 2657 2991 2693 non
3018 2642 3114 2693 erit
3162 2639 3487 2708 ambiguum.

1968 2743 2020 2797 6.
2057 2737 2294 2809 Exempli
2328 2735 2499 2807 gratia
2526 2751 2545 2789 :
2584 2735 2742 2786 Aiunt
2772 2730 2988 2801 quidam
3032 2729 3228 2783 alicubi
3289 2726 3488 2792 Oceani

1897 2850 2007 2890 esse
2029 2831 2283 2893 insulam,
2336 2847 2493 2901 quam
2523 2846 2588 2885 ea:
2622 2829 2930 2899 difﬁcultate,
2955 2826 3029 2882 rel
3072 2827 3246 2897 potius
3277 2824 3369 2856 ¹⁰⁰⁸
3395 2824 3489 2877 im-

1900 2923 2250 2997 possibilitate
2295 2922 2591 2979 inveniendi
2623 2922 2761 2991 quod
2809 2936 2914 2974 non
2965 2929 3066 2983 est,
3116 2916 3486 2985 cognominant

1895 3015 2061 3088 aliqui
2093 3014 2355 3085 perditam
2392 3027 2696 3084 :quumque
2723 3010 3031 3082 fabulantur
3046 3008 3211 3064 multo
3239 3007 3486 3076 amplius,

1896 3123 2056 3179 quam
2102 3105 2167 3159 de
2195 3105 2479 3175 fortunatis
2511 3103 2696 3159 insulis
2734 3103 2922 3173 fertur,
2976 3101 3304 3163 divitiarum,
3354 3098 3490 3152 deli-

1903 3199 2207 3268 ciarumque
2230 3197 2462 3250 omnium
2480 3193 2832 3250 intestimabili
2867 3193 3100 3247 ubertate
3123 3191 3336 3261 pollere,
3367 3190 3487 3243 nul-

1905 3286 2056 3358 loque
2083 3301 2380 3358 possessore
2411 3294 2500 3338 aut
2537 3284 2851 3348 habitatore,
2888 3282 3142 3336 universis
3182 3281 3325 3346 aliis,
3357 3296 3490 3350 quas

281 3380 334 3434 5.
354 3381 519 3447 Quod
553 3391 725 3437 autem
758 3399 860 3436 non
908 3381 1076 3437 solum
1124 3382 1179 3436 iu
1218 3381 1504 3450 intellectu,
1539 3381 1629 3436 sed
1669 3392 1715 3436 et
1744 3382 1799 3436 in
1906 3377 2141 3432 incolunt
2194 3377 2448 3443 homines,
2479 3375 2663 3439 terris;
2703 3373 3136 3443 possidendorum
3189 3370 3491 3424 redundano

217 3485 267 3524 re
286 3472 354 3505 ’⁸⁸
380 3475 684 3529 necessario
712 3490 848 3540 esse,
898 3473 1021 3529 inde
1051 3474 1178 3527 ntihi
1214 3473 1508 3544 probatur;
1549 3478 1672 3543 quia
1703 3472 1801 3526 nisi
1911 3470 1984 3524 tia
2016 3485 2383 3541 usquequaque
2428 3477 2698 3539 pra’stare.
2754 3465 2867 3521 lloc
2919 3467 2992 3520 ita
3044 3464 3292 3552 esse~"°°"
3347 3464 3488 3521 dicat

1722 3574 1727 3581 ι
2036 3556 2063 3575 ο

1512 3651 1740 3708 γΑῐιιίΕ
1783 3649 2184 3710 LECTIONES.

275 3808 653 3880 "’dEttameu
685 3824 810 3862 mss.
850 3807 984 3863 Vict.
1024 3809 1116 3865 sed
1151 3817 1327 3863 tamen
1401 3810 1471 3842 ⁹⁷⁰
1497 3809 1667 3878 Quem
1713 3824 1833 3880 esse
1869 3809 2165 3880 cogitarem
2221 3824 2345 3862 mss.
2408 3807 2578 3862 omitt.
2627 3822 2746 3862 csse
2830 3808 2915 3880 _""
2970 3806 3104 3862 Cum
3170 3814 3345 3880 tamen
3390 3819 3489 3876 ego

218 3894 312 3949 ms.
333 3878 497 3935 Corb.
522 3894 669 3949 “cum
699 3887 876 3933 tamen
906 3893 1025 3934 esse
1098 3880 1168 3911 ’7’
1194 3879 1307 3934 Non
1355 3880 1445 3947 qui
1500 3876 1689 3935 esset"
1741 3879 1836 3935 sed
1874 3876 1967 3949 qui
1991 3888 2341 3949 est'msleort
2364 3893 2489 3949 quae
2507 3890 2715 3949 esset...
2752 3877 2844 3932 sed
2872 3886 3104 3949 quaeest
3142 3945 3151 3949 Δ
3178 3876 3507 3949 θτῇΡυξευηιη

224 3948 346 4017 illud
367 3965 472 4004 rus.
519 3947 646 4002 Vict.
676 3949 763 4003 l3.
795 3963 1005 4017 possem
1059 3949 1187 4003 illud
1285 3949 1352 3980 ⁸⁷⁸
1376 3945 1489 4001 Ὰιιι
1531 3949 1676 4004 aliud
1698 3945 1951 4004 omnibus
2004 3964 2129 4002 mss.
2164 3956 2259 4017 aut
2291 3945 2491 4017 aliquid
2520 3948 2772 4017 omnibus
2872 3947 2943 3977 ⁸⁷⁵
2966 3945 3191 4012 Quando
3229 3946 3357 3999 illud
3384 3962 3491 3998 ms.

225 4016 369 4073 Corb.
403 4018 621 4084 quando
641 4028 734 4076 aut
771 4014 902 4075 illud
972 4019 1044 4051 ³⁷⁸
1071 4018 1202 4073 Illud
1258 4033 1370 4072 rem
1425 4033 1605 4072 veram
1661 4036 1787 4073 mss.
1846 4017 2001 4073 Corb.
2047 4015 2299 4072 SJlich.
2352 4014 2483 4071 Vict.
2517 4014 2653 4071 Tha.
2705 4016 2832 4070 illud
2890 4016 3202 4072 secumdum
3257 4029 3491 4084 rem‘ve-

223 4101 333 4161 rem
409 4082 479 4120 'V"
510 4089 761 4161 Cogitat-oe
788 4104 946 4161 posse
968 4089 1250 4161 illudmss.
1268 4086 1400 4141 Vict.
1432 4089 1487 4142 5.
1510 4087 1663 4143 Corb.
1703 4089 1833 4161 Cist.
1857 4090 1983 4143 edit.
2016 4084 2132 4161 Col.
2172 4085 2329 4161 i612.
2363 4089 2604 4161 cogitare
2630 4154 2641 4161 .
2666 4085 2744 4161 _°"3
2777 4084 3312 4161 Possem__istud_ms.
3346 4082 3490 4161 Vict.

225 4158 556 4230 immissum
587 4150 826 4230 cogitare
855 4159 997 4215 istud
1041 4229 1045 4230 ί
1097 4160 1168 4191 ’τ’
1198 4156 1497 4228 Nequeunt,
1525 4167 1703 4226 potest
1755 4158 1921 4212 ullum
1965 4158 2193 4230 cogitari
2239 4150 2461 4222 verum,
2502 4154 2770 4230 siquidem
2816 4172 2938 4230 mss.
2984 4154 3115 4209 Vict.
3171 4152 3308 4207 Thu.
3339 4150 3488 4206 Gem.

227 4228 284 4282 S.
310 4223 474 4283 blich.
509 4223 949 4299 llist.iiequeam.
998 4229 1098 4284 nisi
1135 4223 1343 4299 tantum
1374 4223 1664 4284 secundum
1699 4242 1909 4292 vocem,
1938 4223 2230 4299 secundum
2260 4232 2423 4295 quam
2460 4223 2643 4299 solani
2687 4233 2780 4278 aut
2811 4225 2900 4278 vix
2953 4233 3044 4277 aut
3094 4238 3366 4299 numquam
3395 4237 3492 4291 po-

227 4306 325 4353 test
351 4299 523 4354 ullum
554 4293 780 4368 cogitari
830 4315 1039 4365 verum.
1075 4298 1351 4368 Siquidem
1398 4315 1497 4352 ms.
1533 4298 1689 4353 Corb.
1722 4312 2008 4366 nequeam,
2060 4297 2158 4351 nisi
2216 4293 2397 4368 tamen
2445 4295 2736 4368 secundum
2784 4310 2970 4350 vocem
3005 4293 3297 4368 secundum
3328 4307 3491 4365 quam

227 4369 392 4440 solam
418 4378 514 4440 aut
538 4364 752 4425 vivant
780 4364 1058 4440 nunquam
1085 4364 1262 4440 potest
1291 4364 1917 4439 illutucogitare.Verum
1947 4367 2211 4440 siquidem
2266 4365 2337 4397 ’⁸ο
2357 4365 2698 4440 Cogitatione
2726 4381 2872 4440 vera,
2893 4372 3202 4440 v'eruiit_iit_
3219 4364 3288 4419 ab
3346 4364 3483 4440 mss.

227 4435 382 4523 Gem._
416 4438 551 4523 Vict.
580 4434 940 4523 Cister.nThu'.
963 4434 1291 4523 cogitatione
1317 4434 1731 4523 ve‘qamfverum
1754 4447 1813 4520 ut
1834 4439 1903 4493 ab
1912 4434 2030 4523 (me.
2063 4435 2220 4491 Corb.
2250 4436 2582 4523 cogitatione
2612 4450 2760 4523 'lvera
2805 4438 2863 4523 li‘t
2909 4439 3008 4519 ab.
3052 4434 3489 4523 ‘B‘A‘Sccundum

224 4508 385 4562 animi
413 4519 616 4563 motum
639 4526 740 4565 ms.
766 4509 924 4565 Corb.
956 4504 1118 4564 uniuni
1149 4518 1294 4564 motu
1370 4509 1439 4541 9“
1470 4509 1667 4563 Auditu
1697 4509 1846 4565 vocis
1876 4508 2124 4563 eductum
2179 4523 2277 4560 ms.
2319 4504 2475 4561 Corb.
2533 4506 2717 4559 auditu
2771 4506 2855 4562 vel
2896 4507 3043 4560 vocis
3089 4505 3339 4561 allectum
3375 4521 3477 4557 ms.

236 4575 340 4633 Vict
391 4579 479 4636 13.
508 4581 691 4635 auditu
715 4581 972 4648 vocisque
993 4580 1247 4635 alTeCtum
1324 4579 1394 4611 ³⁸³
1428 4578 1690 4648 Eﬂiugere
1725 4597 1738 4633 :
1779 4579 1879 4634 sibi
1914 4593 1927 4631 :
1955 4578 2097 4648 quod
2137 4594 2259 4631 mss.
2291 4577 2547 4648 elliugere
2570 4576 2671 4648 sibi
2707 4578 2889 4645 :quo'l
2921 4594 3019 4630 ms.
3053 4575 3208 4630 Corb.
3238 4574 3494 4648 emugere

240 4596 340 4633 net
391 4596 479 4636 io.
508 4596 691 4635 auuuu
715 4596 972 4648 vocnsque
993 4596 1247 4635 auecuun
1325 4596 1394 4611 π’
1429 4596 1556 4634 num
1598 4596 1690 4635 ere
1725 4597 1738 4633 :
1779 4596 1879 4634 sum
1914 4596 1927 4631 :
1955 4596 2097 4648 quou
2137 4596 2259 4631 mss.
2291 4596 2547 4646 etungere
2570 4596 2671 4630 sum
2707 4596 2889 4645 :quO'I
2921 4596 3019 4630 ms.
3053 4596 3208 4630 Loro.
3238 4596 3489 4645 etungere

225 4647 322 4704 sibi
356 4666 370 4703 :
402 4649 536 4754 quid
610 4650 681 4683 ’⁸⁸
705 4649 945 4706 Veritale
963 4651 1199 4719 potuerit
1227 4666 1327 4704 ms.
1366 4648 1501 4704 Vict.
1534 4596 1623 4704 ig).
1655 4650 1937 4730 veritatem
1965 4647 2203 4716 potuerit
2273 4647 2343 4679 ’⁸⁸
2363 4644 2446 4700 Ab
2469 4645 2742 4700 intellectu
2770 4663 2889 4728 meo
2938 4654 3064 4699 mss:
3119 4650 3170 4700 in
3212 4645 3489 4700 intellectu

229 4733 344 4754 mon
446 4721 491 4753 36
513 4719 623 4754 "nn
646 4722 712 4754 Αο
741 4735 806 4754 nn
830 4736 933 4754 mne
985 4721 1096 4754 Ιιηιιιι
1123 4721 1188 4754 ,1ο
1211 4736 1277 4754 nn
1349 4721 1417 4754 n87
1462 4719 1568 4754 I-nn
1593 4734 1712 4754 occn
1740 4720 1937 4754 elsnslnr
1969 4719 2021 4754 in
2051 4717 2324 4754 inlallnnln
2356 4731 2475 4754 snnn
2504 4732 2579 4754 esse
2632 4715 2768 4754 (Ἰηνή
2826 4733 2932 4754 sum
2984 4719 3180 4754 (lit-itur
3216 4715 3489 4754 inlnllpnln

229 4733 344 4775 meo
419 4715 491 4754 ⁵³⁸
512 4719 624 4777 Hoc
645 4722 713 4777 de
740 4735 807 4775 eo
828 4715 1097 4776 mss.’ba:c
1123 4721 1188 4775 de
1211 4736 1277 4775 co
1349 4721 1417 4759 ⁸⁸⁷
1451 4719 1568 4774 Jam
1593 4734 1712 4774 esse
1740 4720 1937 4774 dicitur
1969 4715 2021 4772 in
2051 4717 2324 4773 intellectu
2356 4731 2475 4770 meo
2490 4732 2601 4786 gms.
2632 4715 2788 4770 Corb.
2820 4717 2933 4786 jam
2984 4719 3180 4771 dicitur
3216 4715 3490 4786 intellectu

227 4802 345 4859 meo
419 4789 491 4823 ⁵⁸⁸
517 4790 694 4859 Quam
725 4800 904 4845 autem
929 4799 982 4844 et
1010 4792 1061 4844 in
1092 4806 1150 4845 re
1174 4806 1273 4844 ms.
1299 4790 1456 4844 Corb.
1481 4789 1633 4856 Quod
1662 4799 1843 4844 amem
1887 4804 1992 4843 uou
2025 4788 2197 4844 solum
2249 4787 2300 4859 iu
2336 4785 2659 4859 intellectu.
2689 4789 2782 4859 sed
2813 4785 2869 4843 et
2895 4788 2947 4841 iu
2978 4803 3036 4859 re
3108 4788 3179 4819 ³⁸⁸
3216 4785 3351 4859 Quia
3394 4785 3485 4859 ubi

229 4856 388 4930 fuerit
410 4852 669 4930 quidquid
698 4871 783 4916 est
814 4860 1011 4929 tuajus,
1037 4861 1089 4914 in
1120 4876 1178 4914 re
1206 4861 1293 4913 illa
1323 4870 1440 4915 erat
1470 4852 1577 4914 :Eic
1601 4860 1645 4913 si
1677 4875 1774 4930 per
1804 4860 1905 4930 hoc
1929 4876 2055 4913 mss.
2086 4859 2213 4929 quia
2245 4858 2346 4930 nisi
2383 4856 2546 4930 fuerit
2571 4857 2841 4930 quidquid
2858 4866 2942 4913 est
2983 4858 3033 4911 iu
3062 4873 3143 4930 re,
3195 4855 3370 4930 majus
3400 4852 3494 4905 illa

228 4928 329 5001 erit
366 4947 381 4983 :
411 4925 477 4986 ac
501 4925 597 5001 per
647 4933 751 4987 hoc
806 4925 915 5001 fw
940 4932 1020 4984 Ad
1075 4932 1176 5001 Imc
1225 4931 1545 4999 respondeo,
1581 4930 1625 4985 si
1672 4925 1795 4984 esse
1817 4925 2254 5001 dicetulum'scst
2292 4929 2356 5001 in
2387 4925 2845 5001 intellectu._quod
2871 4929 3163 5001 secundum
3206 4926 3491 5001 veritatem

228 4993 606 5070 cujusque-rei
643 5020 768 5057 mss.
802 4999 938 5054 Vict.
987 5010 1035 5054 et
1090 4999 1225 5070 Thu.
1260 4993 1454 5055 Adhuc
1486 5000 1803 5070 respondeo.
1853 4997 1924 5070 Si
1943 5013 2064 5052 esse
2112 4999 2395 5070 dicendum
2445 5006 2530 5070 est
2576 4996 2629 5052 in
2681 4993 2978 5070 intellectu,
3005 4997 3150 5070 Quod
3187 4993 3487 5049 secundum

227 5065 508 5142 veritatiem
539 5070 857 5142 cujusquam
885 5069 1304 5142 t'ciﬂtLUCisler.
1339 5072 1418 5124 Ad
1449 5071 1550 5124 hac
1574 5065 1673 5142 ego
1697 5068 2044 5142 respondeo;
2071 5071 2113 5122 si
2167 5083 2287 5122 esse
2320 5065 2608 5142 dicendum
2667 5077 2752 5123 est
2782 5070 2834 5122 in
2860 5066 3164 5142 _intellcctu
3221 5073 3487 5142 fici-.02.

229 5136 386 5211 garb.
408 5131 748 5211 Respondeo.
786 5142 876 5195 Sic
898 5141 1041 5211 enim
1068 5139 1354 5211 dicendum
1385 5149 1471 5211 est
1503 5141 1553 5194 in
1593 5131 1869 5211 intellectu
1899 5139 2112 5207 quidem
2142 5137 2440 5191 secundum
2470 5137 2757 5211 veritatem
2784 5137 3110 5211 cujusquam
3160 5132 3236 5186 rei
3315 5131 3487 5211 ”'__Et

229 5204 411 5265 hocin
444 5201 567 5267 meo
596 5228 721 5265 mss.
754 5219 809 5266 et
847 5212 950 5266 hoc
973 5210 1024 5263 in
1056 5225 1178 5263 meo
1279 5209 1349 5242 ⁹⁹²
1380 5209 1494 5265 Non
1526 5221 1703 5279 putest
1733 5201 2039 5263 nullatenus
2065 5225 2187 5261 mss.
2229 5201 2869 5279 tumpotestntllateuug
2908 5201 3201 5279 ’“Adbue
3236 5201 3485 5279 “penitus

228 5293 321 5349 ms.
353 5280 539 5337 Cister.
571 5282 928 5337 omitt.adltuc
999 5279 1239 5347 ’“Quol
1267 5280 1360 5349 qui
1396 5271 1634 5349 essein".
1674 5279 1807 5332 Tha.
1829 5279 1970 5349 quod
1995 5278 2195 5349 siesse
2261 5276 2333 5308 ⁹⁹⁸
2359 5271 2507 5349 Dicit
2536 5275 2772 5349 hoc.ms.
2811 5274 2945 5349 Vict.
2972 5271 3368 5349 Blessedicit.
3394 5272 3490 5326 sed

229 5346 331 5402 hoc
401 5350 473 5382 9”
528 5349 643 5405 Non
688 5352 794 5405 erit
838 5344 1321 5407 onmibus'miuu's
1348 5366 1474 5404 mss.
1513 5348 1649 5404 Vict.
1681 5349 1815 5403 'l'hu.
1848 5344 1998 5403 Lem.
2034 5346 2221 5403 Cister.
2246 5360 2353 5399 non
2378 5345 2481 5399 erit
2506 5346 2759 5399 omnibus
2786 5344 2962 5412 tttajus
3034 5345 3103 5377 ⁹⁹⁷
3138 5344 3255 5402 Ulla
3303 5358 3361 5398 re
3387 5357 3486 5395 ms.

231 5413 389 5499 illis;
391 5420 535 5499 nulla
563 5434 623 5475 re
694 5421 766 5454 ’³⁸
786 5420 843 5476 Si
872 5421 1155 5499 dicendum
1179 5432 1258 5499 est
1281 5437 1379 5474 ms.
1407 5419 1563 5474 Corb.
1593 5419 1709 5499 Non
1730 5419 2137 5499 .diccuduutnes‘t
2234 5416 2306 5447 9”
2342 5412 2579 5499 Quando
2624 5414 2789 5499 igitur
3002 5419 3273 5483 qnomodo
3320 5413 3485 5499 igitur

230 5485 322 5559 ’Ὗ
350 5487 482 5556 Quia
507 5499 721 5547 constet
748 5508 874 5546 utss.
920 5485 1053 5544 Vict.
1087 5489 1172 5543 15.
1199 5488 1388 5543 ειειεν.
1418 5493 1691 5559 quomodo
1730 5488 1891 5558 igitur
1966 5488 2057 5519 ιοθι
2088 5488 2163 5543 Eo
2187 5500 2371 5559 usque
2398 5484 2798 5559 uegginhadlmc
2828 5484 3134 5559 dubitemve
3161 5503 3237 5540 ms
3315 5483 3478 5539 Corb-

222 5550 404 5627 aglhuc
430 5560 696 5627 dubitem,
722 5576 982 5627 uegemve
1060 5561 1150 5591 ¹⁰⁰⁹
1179 5559 1245 5615 Ut
1276 5574 1344 5614 ue
1369 5550 1644 5614 iut'ellectu
1666 5550 1791 5612 mss'.
1809 5570 1868 5613 ut
1900 5574 1965 5612 ue.
1990 5560 2042 5612 iu
2072 5550 2346 5627 intellectu
2444 5552 2540 5583 ¹⁰⁰³
2566 5550 2785 5627 Certtmt
2833 5554 2963 5609 mibi
2999 5570 3221 5627 necesse
3263 5564 3348 5610 est
3383 5569 3484 5607 ms.

238 5623 372 5682 Vict.
398 5630 482 5686 l3.
518 5622 693 5685 omitti
718 5622 849 5687 mibi
928 5630 1021 5662 ‘°°"
1050 5629 1259 5684 Alicubi
1292 5629 1464 5698 ntajus
1496 5630 1668 5697 ipsum
1709 5646 1808 5696 ms.
1851 5628 1984 5682 Vict.
2022 5627 2297 5698 15._omitt.
2334 5624 2509 5693 ipsum
2590 5622 2782 5698 1οοἷ’-ΕΙ
2810 5633 2987 5698 tamc_u
3029 5626 3222 5698 deinde
3265 5639 3331 5698 ex
3359 5639 3482 5678 mss.

1976 5699 2065 5729 ¹⁰⁰τ
2098 5696 2212 5751 Hoc
2245 5697 2314 5750 ita
2343 5691 2463 5748 esse
2489 5707 2613 5748 mss.
2655 5691 2787 5749 Vict.
2823 5704 2868 5749 et
2927 5694 3080 5751 Corb.
3132 5696 3245 5750 lucc
3271 5692 3340 5748 ita
3368 5705 3488 5750 esse

221 5705 283 5750 et
308 5704 417 5756 tum
443 5700 673 5779 domum.
694 5717 759 5758 ex
865 5702 958 5736 ⁸⁰⁰⁶
989 5698 1082 5757 Vel
1106 5700 1292 5769 potius
1317 5715 1381 5754 ex
1414 5716 1539 5756 mss.
1578 5700 1751 5756 omitt.
1798 5717 1863 5754 ex
