4030 6290
535 314 645 375 255

1025 354 1039 361 ρ
1084 318 1143 374 S.
1184 317 1484 375 ANSELMI
1517 314 1879 375 CANTHAR.
1913 314 2237 374 ARCHIEP.
2267 316 2417 374 OPP.
2459 316 2640 375 PARS
2679 317 2718 373 Ι.
2749 349 2814 360 -
2842 317 3269 376 DOGMATICA.

3690 322 3804 379 256

534 444 693 497 esse;
718 430 766 487 si
796 420 900 496 est,
929 445 1034 486 non
1076 438 1159 486 est
1181 445 1289 501 quo
1318 432 1492 499 majus
1519 429 1745 500 cegitari
1770 445 1874 483 non
1899 438 2069 498 possn
2097 446 2110 481 :
2144 433 2191 486 Α
2218 427 2368 483 Sicut
2411 444 2541 499 ergo
2568 444 2676 499 quo
2733 431 2907 499 majus
2939 434 3165 504 cegttari
3219 432 3407 502 nequit
3441 400 3807 504 intelligitur,

538 520 684 590 quod
708 535 756 576 ει
791 536 901 577 non
929 528 1032 586 est,
1068 517 1254 589 utique
1286 520 1330 574 si
1357 528 1520 585 esset,
1555 535 1662 575 non
1697 529 1840 575 esset
1868 533 1977 589 quo
2011 533 2122 573 ma-

532 611 630 679 jus
670 625 774 666 non
809 614 981 681 possit
1011 609 1256 680 cogitari.
1294 604 1401 664 Sed
1448 609 1555 665 dici
1598 624 1702 663 non
1754 616 1956 678 potest;
1995 608 2120 677 quia

541 714 651 770 quo
673 699 848 771 majus
868 699 958 733 ’m
989 714 1095 755 non
1121 698 1290 769 possit
1308 699 1534 769 cogitari
1562 699 1677 765 “5°,
1705 698 1751 755 si
1780 708 1885 765 est,
1914 713 2020 752 non
2041 706 2124 753 est

538 802 650 859 quo
685 789 857 862 majus
882 789 1107 860 cogitari
1137 804 1242 844 non
1274 790 1444 859 possit
1469 790 1592 856 “‘1;
1626 800 1718 844 aut
1746 790 1792 844 si
1818 790 1984 853 esset,
2016 803 2123 843 non

540 886 687 934 esset
711 891 819 949 quo
839 893 946 935 nou
985 880 1152 949 possit
1180 880 1272 911 ¹¹⁵¹
1314 880 1537 950 cogitari
1582 879 1784 949 majus.
1809 877 1966 934 Patet
1991 892 2125 948 ergo

540 969 666 1037 quia
690 984 790 1028 nec
821 985 927 1029 non
954 978 1040 1027 est
1061 970 1173 1035 ιω,
1206 987 1304 1027 nec
1352 980 1530 1042 potest
1562 987 1669 1027 non
1695 986 1837 1037 esse,
1864 978 1954 1026 aut
1979 969 2123 1040 cogi-

544 1060 644 1115 ta‘ri
676 1076 786 1117 non
822 1076 964 1118 esse.
1003 1062 1176 1117 Aliter
1218 1064 1388 1129 enim,
1420 1064 1463 1119 si
1491 1073 1594 1131 est,
1619 1078 1724 1118 nou
1749 1072 1835 1119 est
1876 1063 2018 1132 quod
2041 1061 2124 1117 di-

536 1153 712 1220 citur;
748 1163 804 1210 et
851 1155 897 1210 si
949 1164 1114 1219 esset,
1150 1170 1256 1209 non
1300 1164 1464 1210 esset.
1495 1155 1608 1213 Hoc
1648 1165 1824 1211 autem
1861 1170 1968 1211 non
2006 1164 2117 1211 tam

536 1240 701 1301 facile
728 1242 946 1312 probari
991 1258 1150 1312 posse
1177 1244 1269 1277 “5‘
1297 1244 1512 1299 videtur
1540 1245 1606 1300 de
1654 1244 1902 1315 eoquod
1950 1242 2124 1313 majus

541 1332 797 1388 omnibus
815 1332 1033 1388 dicitur.
1066 1332 1184 1388 Non
1230 1334 1374 1389 enim
1405 1334 1477 1388 ita
1506 1343 1655 1405 patet
1683 1334 1808 1404 quia
1833 1333 1977 1405 quod
2014 1348 2121 1390 non

542 1438 664 1483 esse
712 1425 935 1502 cogitari
979 1435 1178 1496 potest,
1233 1442 1339 1482 non
1371 1434 1456 1482 est
1500 1427 1674 1498 majus
1723 1426 1976 1482 omnibus
2004 1443 2124 1496 qua:

542 1523 689 1582 sunt;
722 1516 863 1571 sicut
892 1518 1016 1587 quia
1049 1534 1152 1571 non
1177 1528 1262 1573 est
1283 1535 1391 1589 quo
1418 1518 1591 1588 majus
1621 1519 1849 1590 cogitari
1869 1533 1974 1573 nou
1999 1534 2123 1589 pos-

544 1603 662 1660 sit:
700 1621 800 1661 nec
852 1607 932 1665 sic
985 1620 1066 1664 est
1092 1609 1184 1665 “"9
1214 1610 1565 1665 indubitabile
1613 1612 1764 1680 quia,
1800 1610 1843 1664 si
1899 1619 1983 1664 est
2025 1609 2125 1664 ali-

542 1695 676 1764 quid
702 1696 795 1728 ¹¹⁵⁶
840 1697 1015 1766 majus
1061 1699 1333 1764 omnibus,
1386 1715 1490 1754 non
1526 1711 1610 1754 est
1647 1700 1791 1754 aliud
1824 1715 1985 1769 quam
2016 1715 2123 1770 quo

543 1784 721 1855 majus
754 1802 861 1844 non
899 1790 1071 1859 possit
1107 1790 1334 1861 COgitari
1362 1790 1484 1857 “’7;
1513 1799 1606 1844 aut
1632 1789 1674 1845 si
1705 1800 1867 1851 esset,
1899 1806 2004 1844 non
2035 1805 2126 1845 es-
2160 1771 2201 1830 Β

542 1884 626 1930 set
653 1876 904 1933 similiter
927 1880 1071 1934 aliud
1104 1898 1116 1933 :
1154 1882 1424 1950 quomodo
1453 1889 1662 1936 certmn
1688 1889 1771 1936 est
1799 1882 1866 1936 de
1897 1896 1962 1936 eo
1985 1883 2127 1952 qucd

545 1965 767 2036 dcitur,
801 1987 908 2043 quo
935 1970 1120 2040 majus
1140 1975 1366 2044 cogitari
1400 1975 1586 2045 nequit
1610 1974 1722 2028 ηδε.
1756 1974 1895 2042 Quid
1933 1975 2076 2030 enim
2108 1995 2120 2030 :

544 2060 590 2115 si
623 2061 745 2130 quis
781 2063 929 2118 dicat
967 2079 1087 2120 esse
1137 2064 1340 2136 aliquid
1389 2065 1563 2135 majus
1586 2067 1678 2098 “‘9
1733 2066 1985 2123 omnibus
2011 2081 2129 2137 quae

546 2160 694 2216 sunt,
723 2162 777 2208 et
805 2154 1033 2225 idipsum
1084 2165 1262 2214 tamen
1293 2174 1451 2235 posse
1481 2161 1711 2230 cogitari
1747 2175 1854 2229 non
1891 2175 2044 2228 esse;
2076 2169 2130 2217 et

547 2240 752 2311 aliquid
803 2244 976 2315 majus
1020 2261 1102 2313 eo,
1137 2250 1350 2306 etiamsi
1378 2250 1468 2281 ¹¹⁶⁰
1512 2267 1617 2306 ιιοιι
1651 2250 1722 2307 sit
1764 2266 1921 2322 posse
1951 2260 2129 2307 tamen

541 2332 776 2403 cogitari
805 2350 818 2389 :
848 2350 916 2390 an
945 2338 1057 2407 .hie
1109 2340 1189 2395 sic
1236 2348 1422 2410 aperte
1447 2341 1534 2371 ¹¹⁶¹
1570 2338 1756 2396 inferri
1790 2350 1989 2412 potest,
2022 2357 2128 2397 non

546 2432 632 2478 est
669 2440 799 2496 ergo
835 2427 945 2499 39
970 2428 1143 2499 majus
1176 2432 1427 2487 omnibus
1456 2448 1576 2503 quae
1597 2442 1743 2499 sunt,
1777 2432 1918 2488 sicut
1942 2432 2012 2488 ibi
2038 2432 2130 2465 ¹¹⁶²

550 2516 893 2583 apertissime
940 2520 1213 2577 diceretur
1239 2514 1369 2588 “";
1408 2538 1536 2595 ergo
1573 2538 1677 2578 non
1710 2531 1792 2579 est
1821 2536 1928 2594 quo
1958 2521 2132 2592 majus

548 2606 776 2676 cogitari
823 2610 1039 2687 nequit?
1077 2611 1210 2667 Illud
1265 2616 1498 2686 namque
1557 2614 1663 2670 alio
1712 2613 1924 2684 indiget
1969 2629 2134 2683 argu-

548 2706 754 2761 mento,
781 2713 941 2768 quam
990 2702 1091 2758 hoc
1127 2706 1269 2774 quod
1315 2704 1538 2771 dicitur,
1569 2705 1809 2760 onmibus
1835 2722 2031 2776 majus.
2075 2705 2131 2760 In

549 2784 656 2841 isto
686 2803 813 2844 vero
840 2805 947 2846 non
977 2803 1061 2848 εει
1084 2809 1220 2863 opus
1261 2794 1385 2859 alio,
1415 2810 1578 2865 quam
1606 2796 1709 2850 hoc
1735 2796 1849 2866 ipso
1875 2795 2016 2864 quod
2048 2811 2133 2849 so.

549 2888 645 2934 nat
668 2879 782 2948 ωδ,
828 2898 931 2953 quo
970 2885 1142 2955 majus
1165 2888 1387 2957 cogitari
1422 2904 1525 2942 non
1560 2889 1743 2957 possit.
1770 2888 1921 2958 Ergo
1949 2888 1993 2943 si
2026 2886 2132 2943 non'

551 2970 803 3027 similiter
829 2984 1007 3044 potest
1037 2972 1254 3046 probari
1298 2977 1366 3033 de
1412 2993 1485 3045 eo,
1508 2973 1653 3049 quod
1676 2977 1851 3046 majus
1882 2979 2134 3036 omnibus

544 3061 771 3131 dicitur,
806 3065 948 3135 quod
978 3068 1046 3122 de
1094 3083 1154 3123 se
1204 3083 1301 3140 per
1326 3069 1562 3140 seipsum
1603 3056 1795 3141 probat
1825 3086 1932 3141 quo
1957 3071 2135 3141 majus

552 3153 743 3224 nequit
766 3157 1013 3227 cogitari,
1038 3157 1236 3228 injuste
1259 3176 1344 3214 me
1361 3162 1751 3230 reprehendisti
1776 3162 1979 3217 dixisse
1991 3164 2134 3233 quod

552 3259 661 3303 10.1
710 3248 847 3315 dixi,
878 3266 1000 3305 cum
1036 3260 1243 3308 tantum
1284 3252 1502 3309 diﬂ‘erat
1548 3254 1614 3309 ab
1639 3270 1704 3310 eo
1732 3255 1876 3325 quod
1912 3256 2045 3310 dixi.
2077 3240 2134 3311 Si

552 3352 682 3396 vero
710 3343 791 3395 vel
820 3342 961 3397 aliud
987 3343 1081 3377 ““
1119 3355 1497 3416 argumentum
1546 3355 1722 3418 potest
1751 3347 1842 3378 ““
1881 3367 1894 3402 :
1928 3363 2027 3403 nec
2054 3347 2135 3403 sic

554 3444 643 3486 me
673 3433 903 3488 debuisti
946 3437 1341 3507 reprehendere
1367 3439 1569 3493 dixisse
1612 3428 2008 3510 quod‘iprohari
2040 3455 2136 3509 po-

556 3531 682 3578 test.
717 3524 906 3582 Utrum
951 3540 1132 3584 autem
1164 3533 1352 3600 possit,
1398 3531 1554 3587 facile
1588 3534 1871 3602 perpendit
1898 3533 2014 3598 “‘7.
2044 3532 2136 3602 (ιιιί

557 3614 662 3669 hoc
686 3628 875 3685 posse,
917 3634 1026 3688 quo
1067 3621 1244 3691 majus
1285 3623 1514 3692 cogitari
1560 3623 1769 3692 nequit,
1815 3625 2134 3694 cognoscit:

558 3700 866 3769 nullalenus
904 3710 1059 3771 enim,
1084 3720 1262 3782 potest
1300 3712 1527 3785 intelligi
1552 3728 1659 3783 quo
1691 3713 1866 3783 magis
1911 3713 2137 3784 cogitari

559 3809 666 3851 non
694 3798 894 3866 possit;
937 3800 1039 3856 nisi
1088 3801 1138 3855 id
1171 3802 1315 3871 quod
1345 3801 1516 3857 solum
1548 3802 1800 3858 ontnibus
1832 3811 1914 3858 est
1944 3803 2137 3874 majus.

2223 528 2279 575 et
2306 529 2388 576 est
2418 521 2471 576 in
2493 522 2586 553 ⁸⁸⁸⁸
2613 522 2922 590 intellectu;
2955 532 3011 579 et
3052 525 3176 579 ideo
3198 538 3320 580 esse
3350 524 3406 579 in
3456 525 3537 581 rei
3580 525 3815 582 veritate

2232 611 2500 665 asseritur
2533 629 2547 668 :
2588 612 2669 668 sic
2703 622 2846 683 quod
2887 611 3060 682 majus
3079 615 3173 649 ιη’
3208 615 3407 670 dicitur
3439 615 3691 673 omnibus
3727 618 3815 672 in-

2237 700 2422 772 telligi,
2453 711 2649 758 etesse
2685 705 2739 758 in
2786 703 3059 759 intellectu
3079 704 3109 769 ;'
3131 713 3187 760 et
3228 704 3431 761 idcirco
3461 706 3638 776 reipsa
3688 721 3814 764 esse

2224 805 2291 845 ex
2316 792 2639 848 necessitate
2675 786 3034 848 concluditur.
3066 794 3229 849 Vides
3270 809 3401 865 ergo
3448 809 3612 865 quam
3662 806 3813 851 recte

2225 898 2312 938 me
2359 886 2686 955 comparasti
2738 884 2901 941 stulto
2951 885 3046 949 illi,
3090 886 3186 957 qui
3224 885 3327 943 hoc
3371 886 3487 942 suto
3517 887 3663 956 quod
3701 888 3805 942 de-

2225 974 2425 1045 scripta
2456 975 2875 1048 intelligeretur,
2904 978 3173 1048 perditam
3216 978 3449 1034 insulam
3497 992 3620 1035 esse
3649 978 3814 1035 vellet

2226 1081 2348 1123 asse
2356 1082 2496 1122 rere.

2832 1177 3062 1238 CAPUT
3104 1180 3188 1237 Vl.

2227 1268 2516 1342 Discutitur
2539 1271 2735 1325 dictum
2756 1258 3049 1327 adversarii
3068 1258 3121 1328 iu
3145 1288 3290 1327 num.
3320 1271 3377 1338 2,
3401 1270 3642 1341 qualibet
3677 1271 3816 1342 [also

2295 1340 2537 1395 similiter
2561 1341 3007 1416 possent‘intelligi
3030 1383 3045 1407 ,
3075 1353 3229 1413 atque
3254 1342 3386 1396 adeo
3407 1340 3596 1397 essent.

2296 1429 2447 1496 Quod
2473 1442 2652 1486 autem
2677 1429 2866 1500 objicis
2884 1472 2900 1499 ,
2949 1432 3204 1503 quazlibet
3225 1430 3359 1487 falsa
3383 1429 3469 1486 vel
3483 1429 3643 1487 dubia
3667 1432 3816 1486 simi-

2226 1518 2349 1576 liter
2373 1535 2529 1591 posse
2561 1522 2818 1598 intelligi,
2855 1532 2912 1578 ct
2940 1538 3063 1589 esse
3094 1524 3146 1578 in
3185 1522 3496 1578 intellectu:
3545 1522 3813 1593 quemad-

2226 1613 2440 1668 modum
2474 1614 2635 1679 illud,
2692 1615 2835 1684 quod
2867 1615 3132 1671 dicebam.
3172 1614 3339 1669 Miror
3366 1614 3495 1684 quid
3559 1615 3650 1670 hic
3696 1629 3819 1671 sen-

2228 1690 2347 1756 Sisti
2372 1702 2464 1735 “7°
2486 1712 2676 1758 contra
2712 1718 2797 1758 me
2821 1745 2837 1770 ,
2874 1704 3095 1760 dubium
3127 1705 3359 1774 probare
3386 1702 3695 1769 volentem;
3732 1704 3814 1757 cui

2230 1794 2464 1862 primum
2491 1778 2596 1850 hoc
2619 1795 2754 1851 satis
2776 1804 2931 1862 erat,
2964 1804 3021 1851 ut
3043 1795 3283 1867 quolibet
3312 1794 3471 1854 modo
3498 1792 3628 1848 illud
3663 1793 3818 1848 intel-

2230 1880 2320 1956 ligi
2345 1894 2401 1941 et
2429 1902 2550 1943 esse
2600 1887 2653 1942 in
2686 1887 2959 1965 intelectu
2986 1887 3330 1944 ostenderem
3386 1885 3474 1919 ¹¹⁷¹
3503 1904 3516 1940 :
3550 1897 3821 1957 quatenus

2226 1967 2625 2046 consequenter
2678 1977 2768 2009 “"
2821 1977 3266 2034 consideraretur
3318 1975 3411 2006 ···³
3460 1984 3643 2029 utrum
3675 1984 3820 2028 esset

2235 2067 2327 2099 ¹¹⁷⁴
2354 2068 2407 2123 in
2447 2070 2561 2125 solo
2595 2070 2903 2136 intellectu,
2947 2070 3094 2125 velut
3117 2067 3285 2135 falsa;
3330 2083 3398 2121 an
3442 2074 3499 2122 et
3551 2066 3604 2119 in
3631 2080 3721 2131 re,
3763 2073 3820 2117 ut

2234 2152 2328 2192 ⁵⁸⁷⁸
2358 2145 2503 2216 vera.
2534 2160 2666 2215 Nam
2697 2160 2742 2216 si
2772 2159 2906 2216 falsa
2932 2169 2986 2216 et
3012 2158 3295 2214 dubiahoc
3319 2157 3479 2212 modo
3502 2155 3821 2226 intelligun-

2234 2254 2354 2321 tur',
2376 2264 2430 2309 et
2451 2262 2577 2308 sunt
2604 2253 2655 2308 in
2688 2252 2960 2308 intellectu
2987 2270 3002 2318 ;
3050 2251 3201 2323 quia,
3231 2266 3353 2306 cum
3403 2249 3658 2304 dicuntur
3684 2245 3780 2280 ⁸⁸⁷⁸
3805 2286 3823 2309 ,

2233 2346 2461 2401 audiens
2483 2344 2729 2414 intelligit
2765 2345 2895 2421 quid
2928 2345 3113 2399 dicens
3142 2341 3451 2414 signiticet:
3483 2339 3617 2396 nihil
3640 2339 3821 2409 probi-

2232 2434 2326 2494 bet
2351 2438 2493 2509 quod
2516 2438 2625 2491 dixi
2659 2435 2917 2506 intelligi,
2954 2444 3009 2490 et
3050 2448 3171 2489 esse
3219 2434 3272 2487 in
3325 2430 3623 2486 intellectu.
3672 2428 3819 2496 Quo-

2235 2524 2395 2584 modo
2417 2534 2598 2580 autent
2629 2525 2731 2579 sibi
2772 2524 3101 2579 conveniant
3142 2520 3286 2591 quod
3326 2518 3464 2597 dicis
3509 2518 3634 2589 quia
3684 2517 3820 2571 falsa

2237 2621 2446 2677 dicente
2470 2617 2558 2649 ¹¹⁷⁷
2584 2617 2794 2686 aliquo,
2827 2631 3162 2687 quaecunque
3198 2613 3286 2668 ille
3334 2609 3582 2677 diceret,
3628 2609 3823 2664 inttili-

2236 2724 2426 2782 geres:
2451 2716 2504 2762 et
2529 2707 2654 2776 quia
2686 2706 2812 2760 illud
2833 2706 2977 2775 quod
3007 2713 3090 2760 est
3115 2720 3221 2759 non
3248 2718 3314 2758 eo
3346 2703 3504 2757 modo
3529 2716 3638 2771 quo
3658 2701 3823 2756 etiam

2236 2800 2373 2877 falsa
2405 2800 2671 2854 habentur
2695 2799 2745 2851 itt
2782 2797 3133 2868 cogitatione,
3171 2813 3273 2851 non
3299 2795 3509 2850 diceris
3534 2793 3628 2825 ⁸³⁷⁸
3665 2791 3823 2848 audi-

2239 2900 2349 2947 tum
2382 2891 2641 2961 cogitare,
2678 2898 2771 2943 aut
2806 2889 2859 2943 in
2891 2888 3214 2960 cogitatione
3241 2888 3477 2952 habere;
3509 2885 3639 2955 quia
3679 2881 3826 2940 scili-

2238 2993 2347 3045 cet,
2364 2999 2467 3037 non
2488 2982 2662 3051 possis
2677 2982 2767 3051 ¹,¹⁷⁹
2780 2983 2883 3037 hoc
2895 2981 3321 3052 alitercogitare,
3336 2979 3437 3035 nisi
3454 2978 3824 3050 intelligendo,

2163 3109 2208 3172 ρ
2240 3075 2292 3132 id
2322 3084 2441 3142 est,
2486 3073 2713 3137 scientia
2757 3060 3265 3143 comprehendendo
3309 3072 3484 3142 reipsa
3534 3070 3665 3124 illud
3715 3070 3827 3126 exi-

2242 3168 2425 3223 stere?
2456 3166 2768 3235 Quomodo,
2797 3166 3046 3236 inquam,
3090 3164 3417 3220 conveniant
3442 3204 3457 3228 ,
3501 3175 3554 3217 et
3574 3161 3714 3217 falsa
3747 3164 3828 3215 iu-

2245 3256 2452 3327 telligi;
2491 3265 2547 3311 et
2594 3254 2894 3324 intelligere
2939 3269 3059 3309 esse
3087 3253 3315 3310 scientia
3366 3252 3828 3322 comprehendere

2243 3348 2481 3404 existere
2510 3344 2711 3415 aliquid
2738 3343 2829 3377 ¹¹⁸⁰
2864 3362 2878 3399 :
2912 3342 3046 3399 nihil
3068 3344 3135 3398 ad
3161 3359 3275 3405 me,
3315 3351 3369 3397 tu
3422 3342 3640 3397 videris.
3675 3340 3831 3409 Quod

2244 3439 2290 3496 si
2320 3450 2375 3493 et
2402 3436 2533 3493 falsa
2564 3436 2745 3506 aliquo
2770 3435 2928 3490 modo
2958 3434 3367 3504 intelliguntur;
3408 3442 3465 3489 et
3488 3448 3595 3489 non
3625 3431 3826 3494 omnis.

2243 3529 2338 3586 sed
2392 3527 2670 3596 cujusdam
2728 3524 3030 3579 iutelleetus
3083 3516 3167 3578 est
3226 3524 3343 3577 haec
3378 3519 3679 3577 deliinitio:
3715 3518 3829 3573 Non

2245 3619 2406 3677 debui
2445 3616 2798 3689 reprehendi,
2833 3615 2958 3686 quia
2988 3615 3097 3669 dixi
3121 3629 3229 3685 quo
3253 3614 3429 3684 majus
3456 3612 3686 3683 cogitari
3725 3624 3831 3664 nou

2245 3709 2418 3781 possit
2440 3708 2661 3780 intelligi
2684 3748 2700 3774 ,
2732 3716 2785 3761 et
2815 3707 2867 3761 in
2892 3705 3165 3762 intellectu
3190 3720 3340 3772 esse;
3373 3703 3539 3760 etiam
3564 3702 3655 3734 ¹¹⁸¹
3676 3709 3833 3759 autc-

2249 3818 2409 3873 quam
2433 3810 2641 3857 certum
2664 3809 2812 3855 esset
2830 3800 3008 3869 reipsa
3034 3798 3162 3853 illud
3182 3797 3435 3852 existere.

1871 3932 2103 3989 VARIIE
2128 3932 2529 3992 LECTIONES.

626 4044 718 4078 ¹¹⁸⁹
740 4045 875 4126 Quia
900 4046 1188 4126 qul‘_inajus
1212 4065 1348 4126 mss._
1368 4048 1492 4119 quia
1516 4064 1622 4119 quo
1652 4049 1824 4120 majus
1890 4049 1979 4082 “"°
2011 4047 2126 4126 Non
2152 4048 2559 4120 possiICogitari
2576 4065 2708 4126 mss._
2732 4044 2889 4102 Corb.
2912 4061 3029 4126 _uon_
3049 4041 3459 4126 potestcogitari
3534 4041 3623 4073 ¹¹⁸¹
3734 4051 3831 4126 est,

557 4116 606 4193 si
648 4111 872 4193 non'qui
916 4111 1349 4190 inajus'cogitari
1384 4111 1490 4193 non
1523 4111 1696 4190 potest
1723 4111 1821 4193 Etc.
1858 4137 1983 4176 mss.
2010 4120 2065 4193 si
2082 4111 2203 4193 est,
2218 4135 2323 4175 non
2356 4111 2437 4174 est
2467 4134 2575 4188 quo
2608 4117 2782 4187 majus
2805 4111 3168 4193 cogitaritmn
3200 4111 3366 4193 possit
3391 4122 3489 4167 etc.
3529 4128 3631 4166 ms.
3668 4111 3831 4193 εστι,

562 4184 923 4259 ξῗηέ²¹¹ῖ¹¹¹τθ⁸ῑν
950 4184 1054 4242 ¹¹ό¹¹
1078 4197 1161 4244 εει
1190 4184 1297 4259 ἷιυυ
1326 4191 1497 4257 “Nilus
1519 4184 1624 4244 ίιοιι
1670 4191 1835 4259 possit
1865 4202 1963 4245 etc.
2055 4191 2145 4221 ¹¹⁵²
2174 4191 2292 4258 Quo
2321 4206 2425 4244 non
2463 4184 2646 4259 posset
2686 4184 2813 4242 mss.
2848 4184 2985 4240 Vict.
3016 4184 3152 4259 '_l_'!tu.
3195 4184 3357 4259 tigri}.
3389 4199 3625 4259 quonon
3658 4184 3833 4251 possit

564 4256 659 4336 [Ἦ
693 4257 830 4336 Qt_ti_a
859 4273 1073 4336 nec_uon
1086 4269 1172 4315 est
1196 4253 1461 4336 vita.__'lltif:
1487 4260 1611 4336 quia
1631 4253 1730 4315 nec
1751 4269 1835 4316 est
1861 4277 1961 4336 ms.
1983 4253 2327 4330 Cisteraquia
2356 4253 2573 4336 necnon
2597 4274 2716 4314 esse
2743 4268 2789 4313 et
2812 4259 2915 4336 Itoc_
2933 4255 3115 4336 melius
3135 4254 3289 4336 ...τῇ
3310 4253 3533 4336 ιξιοιιξιιί
3556 4267 3830 4336 possmus:

570 4322 835 4404 VictJI’g.
869 4330 1038 4404 omitt.
1062 4337 1231 4404 posse
1258 4400 1267 4404 Δ
1301 4330 1393 4362 ¹¹⁵⁸
1420 4322 1604 4404 Dlecsi
1631 4341 1715 4404 est
1739 4348 1837 4404 ms.
1884 4330 2025 4404 Vict.
2056 4346 2156 4404 nec
2182 4322 2269 4404 est
2287 4346 2394 4404 ms.
2421 4328 2578 4385 Corb.
2611 4344 2710 4404 nec
2736 4343 2841 4404 non
2872 4327 2954 4381 sic
2980 4335 3065 4381 est
3135 4326 3228 4357 “"
3249 4324 3387 4404 Quia
3426 4325 3472 4378 si
3497 4332 3580 4380 cst
3612 4322 3834 4404 aliquod

562 4410 691 4471 mss.
711 4399 851 4471 Aquia
879 4400 926 4455 si
954 4410 1039 4454 est
1066 4396 1271 4470 aliquid
1292 4416 1397 4471 ims.
1427 4398 1589 4454 Corb.
1620 4401 1748 4471 quia
1779 4401 1923 4471 sicut
1954 4400 2160 4471 aliquid
2234 4400 2325 4471 'ff”
2354 4399 2469 4454 Non
2498 4409 2585 4455 est
2616 4399 2818 4471 aliquid
2861 4413 3023 4467 quam
3068 4396 3381 4471 quo_n_t_ajus
3402 4409 3505 4471 non
3529 4396 3705 4465 possit
3745 4408 3833 4447 co-

559 4466 724 4536 gitari
748 4465 1014 4549 ’mss.__non
1046 4480 1131 4549 est
1158 4465 1302 4549 aliud
1327 4486 1488 4549 quam
1536 4465 1654 4523 etcf
1672 4486 1770 4524 ms.
1801 4469 1969 4549 Corb._
1997 4465 2100 4524 non
2132 4480 2217 4525 est
2247 4469 2436 4549 iii-quo
2463 4471 2637 4537 itntjus
2660 4465 2891 4549 cogitari
2923 4465 3112 4549 nequit
3184 4465 3276 4497 ¹ι⁵⁸
3298 4465 3417 4549 aut
3445 4467 3489 4519 si
3519 4473 3687 4549 esset,
3723 4479 3832 4549 non

562 4534 714 4611 esset
744 4540 995 4611 similiter
1021 4540 1266 4611 aliquid:
1304 4534 1562 4607 quoniam
1592 4549 1803 4593 certum
1827 4541 2005 4611 estde
2035 4555 2100 4611 co
2124 4540 2268 4611 quod
2296 4534 2519 4606 dicitur,
2549 4534 2660 4610 quo
2684 4534 2862 4609 majus
2887 4534 3366 4611 cogitaripguit.
3406 4550 3507 4611 ms.
3529 4534 3687 4611 Corb.
3716 4534 3830 4611 huc

560 4608 737 4662 antiit.
772 4608 1040 4684 mss.__alirt
1062 4603 1169 4684 aut
1190 4609 1236 4684 si
1258 4603 1435 4684 esset,
1464 4624 1574 4684 non
1600 4622 1744 4665 esset
1770 4603 2231 4684 similiter‘aliud;
2253 4603 2529 4684 quomodo
2557 4603 2903 4684 certmn'est,
2936 4603 3038 4662 e'tc.
3117 4608 3213 4684 ‘f"
3228 4603 3362 4684 Esse
3383 4603 3636 4684 aliquod
3654 4604 3837 4684 majus

563 4694 694 4733 mss.
721 4692 843 4734 esse
874 4679 1077 4754 aliquid
1103 4679 1278 4754 majus
1300 4680 1440 4754 -ξίθθ
1468 4678 1647 4754 ὲιειίιιε
1670 4695 1817 4754 esse,
1839 4681 2054 4754 etiamsi
2082 4675 2224 4735 mss.
2242 4675 2389 4754 Gem.
2427 4679 2561 4754 Vict.
2587 4679 2742 4754 Corb.
2779 4679 2955 4754 majus
2979 4692 3064 4741 eo,
3088 4676 3335 4754 ιιιίειιιιξιΔ
3378 4675 3475 4754 f1“
3508 4675 3592 4729 An
3615 4675 3732 4754 hoc
3755 4675 3834 4728 sic

566 4759 757 4874 zperte
789 4765 915 4804 mss.
949 4744 1096 4804 Gem.
1133 4744 1266 4804 Vict.
1299 4750 1435 4805 Thu.
1457 4744 1643 4804 Cisier.
1671 4767 1739 4804 an
1768 4752 1855 4807 hic
1883 4752 1954 4807 sit
1982 4760 2169 4823 aperte
2195 4767 2294 4806 ms.
2323 4750 2491 4806 Corb.
2526 4767 2594 4805 an
2630 4752 2717 4806 hic
2749 4759 2843 4804 aut
2865 4744 2954 4805 'sic
2982 4761 3171 4819 aperte
3246 4747 3336 4779 “"
3376 4745 3534 4800 Sicut
3574 4744 3667 4826 ubi
3700 4760 3830 4809 mss.

616 4835 719 4874 ent.
753 4816 890 4874 Vict.
925 4819 1060 4873 Tltu.
1085 4818 1243 4874 Corb.
1270 4822 1404 4874 sicut
1438 4821 1509 4874 ibi
1587 4822 1679 4853 ¹¹⁶³
1702 4822 1985 4874 Dicerctur
2032 4838 2130 4874 ms.
2163 4820 2321 4874 ϐου-ὸ.
2351 4821 2564 4874 dicetur
2660 4820 2752 4852 ἠδ
2779 4820 2934 4874 Ouod
2977 4828 3135 4874 sonat
3186 4834 3283 4872 ms.
3334 4815 3490 4870 (ἐστι),
3541 4830 3632 4874 om
3674 4820 3830 4867 sonat

616 4815 719 4874 cm.
753 4816 890 4874 Vict.
925 4819 1060 4873 Tltu.
1085 4818 1243 4875 Corb.
1270 4822 1404 4876 sicut
1438 4821 1509 4875 ibi
1587 4822 1679 4853 ¹¹⁶³
1702 4822 1985 4877 Dicerctur
2017 4815 2130 4876 'ms.
2163 4820 2321 4876 ϐου-ὸ.
2351 4821 2564 4877 dicetur
2660 4820 2752 4852 ἠδ
2779 4820 2934 4886 Quod
2977 4815 3135 4874 sonat
3186 4834 3283 4872 ms.
3334 4815 3490 4870 Corb.
3541 4815 3632 4884 qui
3674 4820 3835 4867 sonat

571 4890 667 4923 ““
696 4890 755 4946 Si
784 4905 912 4946 vere
945 4891 1031 4947 vel
1055 4901 1184 4965 post
1209 4892 1355 4965 aliud
1396 4908 1496 4965 ms.
1520 4891 1674 4948 Corb.
1711 4893 1754 4946 si
1788 4908 1917 4947 vero
1963 4893 2187 4965 proponi
2215 4891 2392 4965 aliud
2437 4891 2953 4965 “‘fjArgumentum
3000 4889 3227 4965 posuisti
3267 4886 3635 4965 planuscriptu
3667 4899 3829 4965 ξιτ-εει-

567 4971 811 5036 mentum
843 4971 1020 5036 potest
1056 4953 1479 5036 "fffﬂl’erpendi
1502 4978 1628 5036 mss.
1659 4965 1940 5036 perpendit
1964 4953 1976 4963 ’
2002 4953 2094 4999 ¹¹⁶ἶ¹
2125 4953 2700 5036 Nequittiutclligitur
2726 4972 2778 5015 et
2805 4973 2887 5036 est
2915 4961 2969 5036 in
3001 4953 3115 5014 "ms.
3153 4958 3319 5036 Co_rl1._
3347 4953 3555 5036 nequit,
3573 4953 3833 5036 ethnici:

568 5030 745 5103 ligitut
776 5018 906 5103 esse
933 5033 985 5086 in
1069 5032 1161 5065 ¹¹⁶⁹
1188 5032 1281 5087 Sic
1307 5018 1448 5102 quod
1475 5018 1772 5103 majus-ms:
1800 5034 1879 5087 sie
1913 5050 2020 5103 quo
2049 5018 2237 5102 majus.
2296 5018 2386 5064 ¹¹”⁰
2433 5018 2586 5099 Quod
2615 5033 2717 5087 hoc
2742 5031 2961 5103 sensisti
2990 5046 3123 5103 tn_ss._
3149 5028 3276 5103 quid
3308 5028 3396 5081 hic
3433 5018 3676 5103 sensisti
3743 5018 3832 5054 ¹¹⁷¹

569 5095 936 5160 Ιιῖἰιιιειιιιοιιι
969 5095 1442 5158 οειεηὰθιιεηιἰιιδ.
1467 5095 1626 5156 (Ξυῐὺ.
1653 5095 2301 5159 intellct-tu'ostenderem
2352 5095 2767 5171 maiiuscriptum
2824 5099 2957 5154 Vict.
2989 5100 3077 5153 15.
3110 5095 3445 5154 intellectum
3482 5095 3834 5171 ostenderem

575 5171 668 5202 ⁸⁸⁷³
700 5172 1259 5246 Quo-consequenter
1301 5190 1425 5227 mss.
1466 5183 2161 5246 quatenusconsequenter
2235 5174 2333 5246 “"_
2385 5164 2802 5246 (ὶοιιδὶιιειιθιι-ιιιι·Δ
2823 5187 2951 5246 mss.
2999 5170 3441 5246 consideraretur
3514 5164 3834 5246 “7"_Utrtnn

571 5254 719 5295 esset
741 5260 866 5297 mss.
909 5239 1059 5299 Vict:
1076 5252 1257 5299 utrum
1284 5259 1406 5298 csse
1480 5243 1572 5274 “"5
1595 5244 1677 5296 An
1706 5251 1762 5296 et
1788 5255 1838 5297 te
1870 5239 2081 5298 utmss.
2136 5260 2203 5299 an
2235 5253 2290 5299 et
2324 5244 2376 5297 in
2409 5260 2469 5299 re
2500 5253 2558 5296 ut
2632 5242 2724 5273 “7°
2768 5240 2922 5308 Quod
2971 5255 3096 5295 cum
3151 5239 3352 5308 dicitur
3379 5254 3503 5292 mss.
3534 5239 3662 5307 quia
3708 5249 3835 5290 cum

578 5310 834 5382 dicuntur
863 5330 959 5368 ms.
986 5313 1145 5370 Corb.
1187 5330 1309 5369 cum
1341 5314 1597 5369 dicuntur
1673 5313 1763 5344 “"7
1798 5313 2080 5380 Quomodo
2113 5324 2297 5368 autem
2322 5313 2423 5368 sibi
2461 5312 2750 5369 conveniat
2772 5307 2914 5382 quod
2937 5312 3096 5382 dicis,
3121 5309 3265 5380 quod
3291 5307 3425 5362 l'alsa
3457 5308 3674 5382 dicente
3703 5320 3832 5359 mss.

573 5377 727 5455 Gem.
762 5380 899 5455 Titii.
931 5382 1063 5440 Vict.
1097 5385 1184 5440 15.
1215 5383 1405 5439 Cister.
1443 5384 1713 5455 quomodo
1733 5375 1914 5455 autem
1942 5383 2045 5438 sibi
2078 5385 2407 5455 conveniant
2433 5384 2576 5455 quod
2603 5383 2739 5438 dicis
2766 5375 2893 5452 quia
2925 5380 3058 5455 falsa
3085 5375 3311 5455 dicente
3361 5394 3460 5455 ms.
3510 5375 3668 5455 corb:
3699 5389 3836 5443 (ιιιυο

576 5449 740 5527 [notio
765 5451 1332 5527 sibi‘couveniantqui
1359 5447 1499 5509 dicis
1527 5455 1653 5527 quia
1684 5452 1822 5527 falsa
1854 5454 2069 5527 dicente
2155 5453 2249 5527 “7°
2295 5447 2584 5521 Quod-non
2611 5465 2725 5527 est,
2757 5447 2823 5507 eo
2851 5452 3013 5527 modo
3049 5466 3156 5527 quo
3191 5450 3354 5527 etiam
3387 5448 3519 5503 falsa
3546 5447 3838 5527 .habentur

578 5521 636 5596 in
670 5522 1018 5596 eugitationc,
1041 5541 1162 5596 non
1190 5519 1373 5581 dicens
1402 5519 1704 5579 msstem.
1746 5521 1877 5578 Vict.
1908 5523 2217 5596 Thu.quod
2245 5519 2350 5580 non
2391 5539 2456 5580 eo
2500 5525 2661 5596 modo
2692 5537 2798 5596 quo
2829 5521 2995 5596 etiam
3051 5519 3184 5596 falsa
3226 5521 3498 5596 habentur
3546 5519 3601 5596 in
3631 5519 3838 5595 cogita-

578 5592 725 5669 tione
741 5587 855 5647 'non
883 5594 1083 5669 diceris
1110 5611 1204 5648 ms.
1249 5595 1405 5650 Corb.
1436 5597 1586 5669 quod
1603 5587 2230 5669 est_uo_tt_eotttodo'quo
2259 5596 2424 5649 etiam
2458 5594 2590 5650 falsa
2623 5587 2890 5669 habentur
2937 5593 2991 5645 in
3024 5591 3374 5669 cogitatione,
3414 5604 3521 5669 non
3550 5587 3690 5669 dicis
3729 5600 3834 5669 ius:

576 5662 771 5717 Cister.
799 5664 942 5733 quod
970 5677 1250 5735 nonest...
1289 5681 1394 5720 non
1421 5653 1621 5721 diceris
1696 5666 1787 5696 ¹¹⁷⁹
1818 5664 2036 5720 Scilicet
2068 5653 2175 5721 non
2200 5680 2416 5735 possunt
2441 5682 2566 5719 mss.
2615 5664 2825 5735 scilicet
2873 5678 2982 5735 non
3028 5653 3207 5730 possis
3285 5660 3377 5693 “8°
3413 5659 3663 5717 Existch
3693 5653 3840 5710 aliud

579 5749 704 5789 mss.
732 5731 968 5792 exiStere
996 5734 1202 5807 aliquid
1280 5736 1369 5767 ¹¹⁸¹
1409 5735 1469 5794 ιιι
1499 5736 1777 5793 intellectu
1805 5751 1944 5803 esse,
1988 5736 2148 5794 etiam
2180 5731 2275 5794 ius.
2306 5735 2462 5791 Corb.
2514 5736 2568 5790 in
2614 5734 2890 5793 intellectu
2912 5731 3076 5788 etiam
3113 5746 3235 5787 esse
