4030 6290
489 307 598 364 259

493 513 660 568 dubio
689 512 831 582 quod
861 512 1078 566 auditur
1108 511 1199 542 ¹¹¹³
1218 551 1232 576 ,
1260 511 1484 582 cogitari
1513 519 1569 566 et
1597 509 1820 579 intelligi
1853 516 2028 578 potest
2055 549 2070 574 ,

493 603 709 660 etiamsi
740 615 826 658 res
846 601 934 656 illa
966 601 1188 673 cogitari
1220 617 1326 658 non
1349 600 1528 656 valeat
1557 609 1652 655 aut
1676 599 1934 668 intelligi,
1965 613 2072 668 qua

493 693 666 764 majus
690 693 1028 764 m“cogitari
1064 694 1270 764 nequit.
1320 694 1457 749 Nam
1503 694 1606 749 etsi
1654 693 1944 763 quisquam
1993 703 2076 748 est

494 795 602 839 tam
641 783 934 854 insipiens,
986 792 1046 837 ut
1086 783 1232 848 dicat
1265 799 1369 838 non
1413 798 1534 840 esse
1587 783 1791 854 aliquid
1824 784 1911 815 ¹¹¹⁷
1971 799 2077 852 quo

492 875 667 943 majus
692 889 796 928 non
830 875 1001 943 possit
1024 875 1248 946 cogitari
1280 914 1295 942 ,
1351 891 1455 930 non
1505 885 1682 930 tamen
1727 876 1799 929 ita
1841 876 1946 930 erit.
1979 877 2079 930 im-

491 967 698 1035 pudens
724 965 835 1029 "‘3,
893 975 950 1020 ut
999 966 1146 1020 dicat
1187 981 1246 1021 se
1293 981 1396 1020 non
1441 981 1600 1036 posse
1645 965 1944 1037 intelligere
1985 975 2079 1021 art

488 1057 733 1127 cogitare
755 1056 882 1126 quid
909 1057 1054 1112 dicat
1079 1058 1170 1091 ¹¹¹⁹
1197 1075 1210 1110 :
1233 1056 1344 1128 ω
1389 1065 1483 1111 aut
1529 1058 1573 1110 si
1612 1061 1736 1126 quis
1763 1057 1888 1111 talis
1917 1057 2074 1112 inve-

491 1149 670 1212 nitur,
691 1163 804 1216 non
835 1147 994 1202 modo
1022 1161 1203 1202 sermo
1233 1149 1350 1216 ejus
1377 1156 1464 1202 est
1491 1148 1826 1216 respuendus
1853 1187 1868 1212 ,
1899 1147 1992 1201 sed
2018 1155 2077 1202 et

494 1243 608 1311 ipse
632 1241 1033 1310 conspuendus.
1053 1240 1312 1311 Quisquis
1346 1241 1508 1312 igitur
1532 1249 1691 1310 negat
1714 1240 1915 1310 aliquid
1939 1253 2078 1305 esse,

492 1349 601 1403 quo
625 1332 798 1400 majus
821 1341 1058 1402 nequeat
1078 1333 1335 1403 cogitari;
1363 1333 1550 1402 utique
1577 1332 1824 1402 intelligit
1853 1340 1906 1386 et
1936 1332 2082 1402 cogi-

495 1434 572 1479 tat
595 1424 939 1494 negationem
964 1464 980 1490 ,
1003 1439 1165 1494 quam
1197 1424 1362 1480 facit:
1409 1441 1571 1494 quam
1612 1426 1954 1496 negationem
1989 1425 2080 1456 ¹²²⁰

496 1514 795 1582 intelligere
809 1523 906 1568 aut
930 1515 1170 1582 cogitare
1189 1530 1292 1569 non
1308 1525 1483 1584 potest
1512 1516 1629 1570 sine
1648 1516 1897 1585 partibus
1925 1513 2079 1584 ejus:

496 1621 627 1674 pars
653 1615 832 1661 autem
865 1604 981 1673 ejus
1010 1617 1125 1671 est,
1159 1623 1261 1676 quo
1291 1608 1463 1677 majus
1496 1607 1717 1676 cogitari
1755 1623 1856 1661 non
1897 1617 2082 1676 potest.

501 1696 821 1766 Quicunque
849 1697 1012 1766 igitur
1035 1698 1138 1753 hoc
1170 1709 1355 1768 negat;
1381 1699 1636 1769 intelligit
1656 1707 1712 1753 et
1732 1699 1952 1769 cogitat,
1977 1714 2084 1768 quo

499 1782 674 1852 majus
701 1784 926 1854 cogitari
961 1786 1167 1856 nequit.
1203 1787 1385 1840 Palam
1414 1799 1594 1842 autem
1633 1797 1715 1858 est
1750 1788 1876 1857 quia
1925 1788 2080 1842 simi-
2113 1775 2158 1834 Β

495 1875 619 1931 liter
648 1878 1078 1946 potest'cogitari
1108 1888 1163 1932 et
1190 1879 1445 1949 intelligi,
1473 1880 1616 1948 quod
1634 1895 1739 1935 non
1756 1890 1932 1949 potest
1964 1896 2070 1936 non

498 1982 618 2021 esse
641 1968 761 2034 m1;
791 1967 964 2036 majus
990 1983 1118 2024 vero
1155 1969 1357 2040 cogitat
1389 1970 1479 2039 qui
1520 1971 1621 2026 hoc
1659 1971 1887 2042 cogitat,
1917 1987 2079 2042 quam

499 2059 591 2127 qui
621 2058 825 2128 cogitat
845 2059 985 2128 quod
1012 2060 1182 2129 possit
1208 2075 1315 2115 non
1346 2076 1468 2117 esse
1495 2063 1608 2117 ¹²¹¹.
1655 2062 1789 2117 Cum
1826 2079 1955 2136 ergo
1984 2080 2079 2120 eo-

500 2151 732 2219 gitatur,
765 2166 873 2220 quo
897 2150 1070 2220 majus
1093 2167 1196 2206 non
1225 2153 1397 2223 possit
1431 2154 1658 2224 cegitari
1689 2155 1814 2220 ηπ,
1855 2155 1899 2210 si
1929 2155 2083 2226 cogi-

503 2247 652 2294 tatur
683 2241 825 2310 quod
849 2243 1020 2310 possit
1049 2258 1155 2297 non
1183 2257 1335 2308 esse,
1378 2259 1484 2300 non
1514 2246 1784 2316 cogitatur
1824 2261 1931 2316 quo
1976 2263 2082 2302 non

502 2331 922 2401 possiteogitari
949 2333 1165 2404 majus;
1201 2335 1296 2389 sed
1324 2335 1512 2405 nequit
1554 2337 1694 2392 idem
1739 2337 1898 2392 simul
1939 2339 2086 2408 cogio‘

504 2422 637 2487 tari,
677 2431 733 2478 et
779 2438 884 2480 non
924 2426 1172 2496 cogitari.
1213 2427 1394 2495 Quare
1436 2429 1528 2499 qui
1586 2429 1678 2461 ¹²¹¹⁵
1730 2430 1932 2498 cogitat
1980 2446 2086 2500 quo

501 2514 674 2585 majus
704 2531 810 2573 non
841 2515 1011 2588 possit
1041 2518 1298 2590 cogitari,
1333 2535 1439 2575 non
1467 2519 1668 2591 cogitat
1703 2522 1846 2590 quod
1880 2523 2083 2593 possit,

500 2608 594 2662 sed
625 2609 766 2678 quod
797 2623 903 2666 non
931 2611 1104 2680 possit
1152 2627 1259 2666 non
1302 2626 1444 2668 esse.
1479 2611 1823 2683 Quapropter
1867 2628 2089 2669 necesse

504 2709 587 2754 est
615 2715 736 2756 esse
755 2702 901 2772 quod
923 2703 1154 2773 cogitat;
1186 2703 1312 2774 quia
1335 2703 1596 2774 quidquid
1621 2719 1727 2759 non
1750 2719 1870 2760 esse
1888 2711 2086 2776 potest,

500 2806 605 2845 non
631 2800 716 2846 est
737 2792 880 2861 quod
900 2793 1120 2862 cogitat.

1029 305 1088 361 S.
1129 303 1823 378 ANSELMILCANTUAR.
1865 302 2183 360 ARCHIEP.
2226 300 2375 360 OPP.
2421 301 2599 358 PARS
2637 299 2679 357 1.
2712 332 2778 344 -
2819 300 3243 360 DOGMATICA.

492 439 616 505 cum
639 423 866 489 dicitur,
897 439 1000 492 quo
1028 422 1161 478 nihil
1202 423 1375 491 majus
1419 421 1550 476 ralet
1581 421 1800 491 cogitari
1823 438 1841 486 ;
1884 418 2073 490 procul
2105 425 2179 481 Λ.

3658 304 3788 362 κο

2798 435 3027 496 CAPUT
3070 440 3136 496 X.

2250 573 2505 630 Firmiter
2546 576 2764 630 rationis
2783 576 3047 645 prwdicta:
3073 619 3088 644 ,
3131 587 3179 632 et
3218 578 3380 634 libelli
3428 579 3706 637 clausula.

2248 710 2383 766 Puto
2420 711 2544 780 quia
2579 711 2878 766 monstravi
2923 725 3009 766 me
3045 727 3152 767 non
3191 714 3438 783 inﬁrma,
3491 717 3586 774 sed
3638 718 3792 776 satis

2181 801 2489 859 necessaria
2573 803 3042 874 argumentatione
3113 806 3372 874 probasse
3426 807 3480 862 in
3546 809 3794 879 pmfato

2182 893 2392 955 libello,
2426 892 2601 962 reipsa
2633 895 2868 948 existere
2899 893 3136 964 aliquid,
3189 911 3297 965 quo
3331 895 3506 966 majus
3542 899 3786 971 cogitari

2183 985 2273 1016 ωδ
2295 997 2401 1038 non
2431 984 2631 1053 possit;
2669 997 2769 1039 nec
2809 998 2930 1039 eam
2976 984 3203 1052 alicujus
3248 983 3573 1054 objectionis
3619 990 3786 1043 inﬁr-

2180 1075 2315 1135 mari
2340 1077 2593 1147 firmitate
2627 1075 2739 1129 ¹²²⁶.
2772 1073 3001 1131 Tantam
3047 1077 3191 1132 enim
3237 1077 3345 1132 vim
3373 1077 3532 1147 hujus
3569 1080 3793 1149 proba-

2183 1167 2344 1224 tionis
2369 1168 2458 1198 ¹³²⁷
2499 1168 2551 1222 iu
2577 1181 2634 1222 se
2660 1168 2901 1223 continet
2933 1167 3286 1240 signiﬁcatio;
3337 1178 3396 1224 ut
3441 1171 3548 1226 hoc
3593 1172 3788 1242 ipsum

2181 1257 2326 1328 quod
2357 1257 2588 1323 dicitur,
2620 1273 2683 1311 ex
2717 1258 3073 1322 necessitate,
3117 1272 3183 1313 eo
3220 1259 3339 1329 ipso
3385 1260 3529 1328 quod
3568 1260 3790 1315 intelli-

2181 1351 2329 1421 gitur
2356 1347 2440 1404 vel
2469 1350 2765 1420 cogitatur,
2796 1358 2853 1404 et
2881 1363 3071 1405 revera
3098 1351 3356 1419 probetur
3393 1351 3634 1406 existere
3660 1393 3680 1417 ,
3728 1360 3791 1407 et

2183 1440 2416 1510 idipsum
2437 1454 2558 1495 esse
2586 1439 2846 1509 quidquid
2894 1439 2961 1494 de
2992 1440 3172 1494 divina
3201 1441 3502 1496 substantia
3554 1452 3793 1512 oportet

2182 1533 2425 1586 credere.
2471 1530 2755 1586 Credimus
2805 1545 3038 1600 namque
3088 1532 3153 1586 de
3201 1531 3383 1587 divina
3429 1535 3788 1599 substantia,

2183 1621 2443 1693 quidquid
2481 1622 2730 1677 absolute
2781 1621 2872 1653 ’⁸⁸⁸
2918 1621 3143 1693 cogitari
3196 1631 3376 1692 potest
3425 1623 3624 1679 melius
3657 1640 3790 1680 esse

2187 1728 2349 1784 quam
2377 1727 2516 1768 esse.
2547 1710 2707 1767 Verbi
2736 1711 2906 1781 gratia
2939 1729 2952 1764 :
2987 1706 3179 1766 melius
3208 1721 3292 1767 est
3322 1727 3445 1768 esse
3468 1723 3746 1768 aeternum
3770 1755 3788 1778 ,

2187 1818 2348 1872 quam
2380 1816 2486 1857 non
2523 1810 2826 1866 aeternum;
2879 1803 3110 1868 bonum,
3154 1815 3314 1871 quam
3367 1819 3473 1858 non
3531 1803 3787 1867 bonum;

2189 1891 2296 1945 imo
2328 1890 2622 1945 bonitatem
2653 1889 2823 1957 ipsam
2855 1929 2870 1953 ,
2900 1905 3060 1960 quam
3103 1905 3208 1944 non
3249 1891 3546 1946 bonitatem
3579 1893 3790 1963 ipsam.

2189 1977 2329 2035 Nihil
2372 1988 2551 2034 autem
2599 1978 2904 2048 bujusmodi
2961 1996 3064 2034 non
3104 1995 3225 2036 esse
3275 1991 3451 2052 potest
3497 1981 3625 2048 ω’,
3678 1998 3792 2052 quo

2189 2068 2362 2138 majus
2391 2069 2592 2139 aliquid
2613 2069 2839 2139 cogitari
2869 2085 2972 2126 non
3003 2081 3200 2139 potest.
3227 2060 3460 2128 Necesse
3479 2073 3651 2142 igitur
3675 2083 3790 2137 est.

2189 2177 2296 2233 quo
2323 2162 2497 2232 majus
2536 2164 2759 2234 cogitari
2809 2148 3169 2232 non'potest,
3224 2177 3343 2219 esse
3391 2152 3661 2234 quidquid
3721 2167 3792 2222 de

2189 2253 2367 2308 divina
2395 2255 2630 2310 essentia
2656 2253 2804 2308 credi
2825 2261 3056 2320 oportet.
3084 2251 3298 2308 Gratias
3329 2268 3428 2325 ago
3450 2255 3790 2326 benignitati

2192 2345 2282 2378 "3°
2315 2356 2418 2402 tuae
2472 2340 2526 2402 et
2570 2347 2623 2400 in
2648 2345 3098 2417 reprehensione,
3146 2354 3204 2427 et
3238 2343 3292 2400 in
3332 2345 3489 2402 laude
3535 2347 3792 2418 opusculi

2189 2437 2316 2492 mei.
2360 2436 2493 2492 Cum
2537 2437 2680 2491 enim
2732 2450 2794 2491 ea
2826 2476 2840 2502 ,
2898 2451 3017 2506 qua:
3077 2436 3172 2491 tibi
3223 2438 3380 2508 digna
3433 2437 3797 2507 susceptione

2190 2527 2477 2594 videntur,
2511 2536 2656 2582 tanta
2683 2523 2842 2582 laude
2870 2527 3110 2583 extulisti
3141 2569 3156 2593 ,
3191 2529 3324 2586 satis
3359 2538 3588 2601 apparet
3610 2569 3627 2592 ,
3658 2529 3791 2598 quia

2191 2631 2310 2686 quae
2335 2617 2429 2671 tibi
2456 2617 2668 2671 inﬁrma
2697 2617 2809 2672 visa
2836 2625 2991 2681 sunt,
3019 2618 3422 2685 benevolentia,
3473 2635 3582 2674 non
3616 2617 3791 2674 malc‘

2193 2705 2430 2761 volentia
2457 2706 2576 2770 ω’,
2608 2707 2999 2776 reprehendisti
3029 2707 3140 2763 ¹²³¹.

1818 2885 2050 2940 νΑιιιλΕ
2092 2876 2492 2940 LECTIONES.

571 2970 668 3044 "ff
712 2969 864 3044 Quod
916 2971 1132 3044 auditur
1184 2989 1287 3044 me.
1340 2969 1501 3044 garb.
1558 2975 1701 3044 quod
1760 2990 1866 3030 non
1927 2976 2185 3044 auditurﬂ
2246 2969 2638 3044 "“__lntell_igi,
2693 2985 2800 3040 quo
2864 2969 3038 3041 majus
3078 2986 3206 3044 mss.
3261 2969 3407 3044 Tltu.
3437 2969 3575 3044 Yict.
3622 2971 3794 3030 (ἔστιν.

500 3038 726 3109 intelligi
767 3055 872 3107 qua
893 3108 900 3109 ί
919 3040 1094 3109 majus

1199 3043 1290 3114 ":7
1335 3043 1463 3114 Non
1513 3041 1634 3099 esse
1696 3044 1912 3114 aliquod
1970 3063 2097 3100 mss.
2136 3042 2281 3114 Tim.
2338 3041 2468 3096 Vict.
2497 3041 2665 3114 gert.
2719 3057 2823 3114 non
2863 3057 2985 3096 esse
3042 3041 3246 3114 aliquid
3323 3043 3414 3073 ¹²¹⁸
3457 3041 3796 3114 imprudens

503 3126 634 3211 ωτι.
695 3107 846 3211 chi.
879 3107 1195 3211 Tltug'l’ilct.
1331 3113 1639 3211 i‘m‘pu‘dens.
1665 3132 1763 3170 ms.
1789 3107 1960 3198 'Vict._
1991 3116 2078 3170 15.
2129 3113 2413 3192 insipiens.
2495 3111 2584 3142 “‘9
2617 3109 2922 3211 Intelligere
2963 3107 3274 3211 (ll’lj‘dnalCEl'l
3313 3128 3437 3166 nter.
3470 3107 3796 3211 intelligere

499 3188 596 3233 aut
643 3180 884 3255 cogitare
922 3181 1050 3250 quid
1099 3181 1244 3255 dicat
1345 3180 1438 3214 ηπ
1469 3183 1732 3249 Quoniam
1785 3185 2126 3255 negationem
2165 3180 2292 3237 mss.
2331 3195 2489 3255 quam
2541 3181 2883 3255 negationem

3004 3182 3069 3219 ἰι
3101 3179 3253 3248 Quod
3295 3196 3409 3236 non
3460 3179 3794 3249 potest'non

499 3249 782 3333 essehms.
821 3249 954 3304 Vict.
987 3252 1372 3333 quodnpolest
1427 3269 1533 3333 non
1584 3270 1708 3333 esse
1801 3249 1900 3333 ff}
1927 3255 2102 3333 blajus
2142 3267 2276 3333 vero
2315 3249 2531 3333 cogitat
2559 3249 2649 3333 qui
2681 3251 3027 3333 huc'cogita't
3061 3259 3222 3332 quam
3246 3252 3356 3333 .qui
3385 3252 3588 3320 cogitat
3634 3255 3796 3333 _quo_d

497 3321 676 3390 possit
703 3336 813 3375 non
845 3335 965 3376 esse
991 3319 1092 3376 ms.
1138 3319 1273 3377 Vict.
1309 3324 1396 3379 15.
1429 3325 1538 3378 Iure
1571 3327 1718 3378 omit.

1799 3325 1890 3358 ¹²²³
1921 3321 2180 3391 Cogilari,
2210 3326 2480 3394 cogitatur
2501 3321 2654 3394 quod
2673 3321 2845 3394 possit
2889 3321 3114 3394 cogitari
3157 3321 3328 3392 majus
3356 3339 3499 3394 mu._
3521 3323 3794 3394 cogitari,

499 3384 548 3466 si
569 3391 1010 3466 eogitaturquod
1043 3392 1216 3466 possit
1240 3408 1346 3448 non
1370 3397 1943 3466 esse,non.cogitatur
1965 3384 2074 3466 quo
2097 3384 2202 3448 non
2231 3384 2400 3463 possit
2432 3384 2656 3466 cogitari
2675 3384 2868 3466 majus
2906 3384 3006 3444 ηιξ.
3039 3384 3257 3466 Philan:
3276 3391 3522 3466 cogitari,
3555 3384 3660 3466 55.1
3691 3384 3796 3466 eo;

497 3459 706 3528 gitatur
733 3471 831 3514 etc.
866 3459 920 3513 ut
953 3461 1007 3514 in
1039 3459 1157 3516 aliis
1190 3479 1316 3516 mss.

1398 3463 1488 3534 "’7‘
1514 3463 1692 3530 Quare
1719 3463 1812 3534 q'ui
1843 3481 1944 3519 ms.
1979 3465 2136 3519 Corb.

2209 3458 2621 3531 tiapropter'qui
2682 3460 2807 3531 ff",
2832 3459 2949 3526 Quo
2982 3459 3155 3528 majus
3200 3458 3424 3531 cogitari
3474 3476 3577 3512 ms.
3615 3458 3792 3531 Corb.

498 3529 820 3600 quojnajus
845 3530 1048 3600 aliquid
1074 3532 1306 3600 cogitari
1381 3533 1475 3564 ¹²¹⁶
1505 3529 1767 3588 Inlirmari
1799 3535 2055 3588 ﬁrmitate
2073 3529 2324 3587 ms.Vict.
2350 3529 2404 3583 ὅ.
2433 3529 3038 3600 inﬁr’mariiinﬁrmitate
3115 3531 3206 3562 “‘7
3241 3529 3407 3598 Hujus
3433 3530 3798 3600 probationis

497 3613 600 3649 ms.
622 3595 753 3651 Vici.
785 3599 840 3652 ’5.
871 3595 1060 3670 ϐξᾷιθς.
1087 3595 1246 3670 hujus
1275 3602 1593 3670 prolationis
1671 3605 1762 3636 "'9
1785 3603 2045 3658 Absolute
2075 3619 2174 3655 ms.
2202 3601 2356 3655 Corb.
2388 3616 2418 3653 a
2449 3609 2523 3670 te,
2578 3599 2668 3670 ’3”
2693 3599 2810 3670 Non
2831 3614 2952 3655 esse
2979 3609 3159 3668 potest
3191 3617 3290 3654 ms.
3314 3595 3502 3655 Cistér.
3526 3613 3636 3670 non
3665 3615 3798 3655 esse

499 3681 609 3741 npn
635 3677 816 3741 potest
891 3669 984 3741 f1”
1011 3666 1342 3741 Benignitati
1367 3670 1614 3725 ms.Vict.
1644 3674 1730 3727 15.
1759 3673 1987 3727 bonitati

2067 3673 2158 3704 ¹ι³¹
2189 3669 2598 3740 Reprehendisti
2637 3686 2735 3723 ms.
2769 3669 2904 3740 Vict.
2928 3670 3021 3740 713.
3051 3670 3450 3740 deprehendisti

510 3733 660 3789 Cem'.
693 3747 743 3790 et
776 3738 837 3792 (Ι.
889 3737 978 3792 54.
1008 3749 1054 3793 et
1083 3733 1352 3794 S.'Mich.
1387 3741 1619 3810 Explicit
1664 3744 1944 3811 respOnsio
1989 3741 2231 3796 Anselmi
2271 3733 2368 3794 'ad
2400 3737 2760 3794 Gaunilouem
2786 3780 2800 3792 .
2835 3733 3395 3807 Majoris-Monasterii
3448 3740 3793 3794 monachum

1345 3959 2017 4076 εΔΝατι
2150 3957 2753 4071 Λιπειη.
2769 3959 2989 4069 Ml

1936 4153 2353 4267 LIBER

834 4354 962 4451 DE
1033 4353 1262 4453 FIDE
1336 4353 1903 4453 TRINITATIS
1973 4352 2100 4450 ET
2174 4349 2304 4448 DE
2378 4349 3115 4451 INCARNATIONE
3175 4352 3461 4452 VERBI

1283 4514 1518 4578 Contra
1552 4515 1986 4595 blasphemias
2015 4513 2316 4576 Iluzelini
2354 4514 2495 4578 sive
2526 4514 2855 4578 Roscelini
2897 4519 3011 4576 1'“.

1033 4717 1055 4747 κ
1089 4694 1192 4767 [ιι
1232 4693 1624 4752 primario.

569 4784 826 4857 Quamvis
848 4793 970 4857 post
989 4787 1284 4856 apostolos,
1314 4788 1486 4842 sancti
1516 4785 1702 4844 Patres
1737 4799 1792 4845 et
1833 4791 2084 4846 doctores

497 4878 669 4935 nostri
708 4877 861 4934 multi
894 4884 970 4933 tot
994 4887 1050 4934 et
1075 4887 1221 4934 tanta
1251 4875 1317 4932 de
1372 4876 1492 4932 ﬁdei
1546 4888 1745 4935 nostra;
1773 4882 1982 4937 ratione
2005 4883 2084 4936 di-s

495 4971 743 5026 cant‘m
762 4971 829 5025 ad
860 4971 1240 5027 confutandam
1272 4971 1363 5004 ¹²³⁸
1410 4972 1771 5042 insipientiam
1831 4983 1886 5029 et
1935 4973 2081 5029 fran-

496 5062 726 5132 gendam
779 5062 1033 5118 duritiam
1077 5062 1472 5128 inﬁdelium,et
1499 5063 1565 5118 ad
1610 5065 1936 5134 pascendum
1990 5080 2084 5120 eos

497 5152 739 5222 qui,jam
761 5156 923 5211 corde
979 5155 1082 5210 ﬁde
1129 5155 1406 5220 mundato,
1429 5153 1667 5224 ejusdem
1722 5156 1843 5213 ﬁdei
1875 5158 2084 5213 ratione

499 5245 685 5311 (quam
717 5253 839 5314 post
861 5246 977 5317 ejus
1015 5243 1394 5301 certitndiaem
1441 5246 1697 5302 debemus
1726 5246 1952 5316 esurire)
1981 5247 2077 5301 de—

2119 4705 2161 4766 C
2195 4698 2484 4765 lectantur,
2511 4709 2570 4754 ut
2608 4716 2709 4756 nec
2740 4701 2941 4756 nostris
2983 4716 3080 4758 nec
3110 4701 3305 4759 futuris
3331 4703 3665 4775 temporibus
3704 4709 3788 4764 ul-

2192 4793 2300 4847 lum
2333 4792 2436 4847 illis
2465 4807 2648 4863 parem
2683 4793 2737 4847 in
2788 4794 3034 4849 veritatis
3089 4795 3544 4866 contemplatione
3591 4813 3793 4868 spere-

2190 4897 2338 4948 mus;
2369 4881 2570 4935 nullum
2594 4891 2773 4936 tamen
2799 4883 3296 4950 reprehendendum
3319 4886 3576 4951 arbitror,
3607 4889 3650 4942 si
3681 4889 3796 4942 nde

2191 4971 2481 5038 stabilitus,
2514 4972 2564 5027 in
2588 4971 2812 5026 rationis
2833 4970 2948 5040 ejus
2978 4971 3226 5046 indagine
3271 4989 3329 5030 se
3363 4975 3597 5030 voluerit
3625 4991 3798 5032 exero

2193 5078 2336 5118 cere.
2364 5062 2495 5116 Nam
2518 5071 2572 5117 et
2597 5060 2696 5127 illi,
2727 5060 2853 5132 quia
2878 5061 3049 5116 breves
3075 5063 3186 5117 dies
3211 5074 3329 5117 sunt
3376 5062 3498 5133 (Job
3523 5079 3634 5129 xlv,
3662 5063 3792 5132 58).

2196 5168 2301 5208 non
2330 5151 2511 5208 omnia
2531 5166 2653 5221 quae
2676 5159 2917 5221 possent,
2945 5151 2991 5205 si
3023 5152 3114 5184 ¹’³⁶
3141 5152 3342 5206 diutius
3371 5152 3652 5213 vixissent,
3705 5153 3796 5206 die

2188 5263 2310 5302 cere
2337 5257 2625 5316 potuerunt
2658 5266 2669 5300 :
2700 5255 2753 5302 et
2778 5246 3021 5300 veritatis
3076 5247 3212 5301 ratio
3257 5255 3366 5300 tam
3411 5244 3613 5316 ampla,
3638 5251 3795 5297 tam-

1813 5363 2049 5420 VARIIE
2099 5361 2386 5419 LECTION
2397 5362 2495 5416 ES.

577 5453 671 5530 if“
692 5451 932 5530 pollutus
961 5467 1035 5530 est
1060 5457 1307 5530 ilibgrydei
1329 5458 1575 5530 ﬁdegttm
1609 5453 2196 5530 mss._Gent_u_teticens_i,
2219 5453 2516 5530 (forbeieusi
2531 5454 2659 5530 59],
2687 5450 3054 5530 ιιξδςιιξνδξίιηεξί,Δ
3072 5453 3443 5530 S._M_icltt1eli_s
3481 5454 3560 5530 de_
3580 5452 3792 5530 Monte,

500 5535 548 5578 et
577 5524 781 5578 duobus
815 5523 1095 5580 Victorini;
1121 5523 1408 5592 b.7913,“
1436 5526 1531 5580 RR
1565 5529 1597 5580 ’5
1621 5525 1828 5580 duobus
1872 5525 2105 5579 Thuanis
2135 5527 2204 5580 50
2244 5536 2290 5579 et
2321 5525 2441 5578 546.
2466 5557 2536 5565 -
2566 5524 2667 5578 Ms.
2701 5525 2855 5579 Corb.
2892 5525 3084 5594 Incipit
3129 5524 3662 5594 EpistolaAnselmi,
3721 5529 3795 5581 de

501 5595 882 5666 lncarnatjone
914 5595 1095 5662 Verbi,
1129 5599 1212 5653 vel
1246 5599 1349 5652 ﬁde
1379 5598 1675 5651 christiana
1718 5598 1784 5650 ad
1812 5595 2094 5653 Urbanum
2123 5611 2317 5666 papam
2349 5611 2443 5649 ms.
2474 5596 2608 5664 Tha.
2632 5595 2719 5651 90.
2744 5596 2938 5666 Incipit
2972 5593 3207 5665 I'Ipistola
3233 5593 3576 5666 Anselmiﬂde
3601 5593 3794 5650 Ineara

503 5665 718 5720 natione
749 5663 907 5720 Verbi
936 5667 1004 5720 ad
1026 5667 1314 5737 {Urbanum
1346 5668 1570 5736 Papam,
1598 5676 1787 5721 contra
1837 5663 2209 5736 blasphemias
2232 5665 2477 5720 Ruzelini
2505 5667 2635 5722 Com
2677 5663 2951 5720 endiensis
3017 5663 3029 5665 ’
3050 5667 3142 5696 ¹¹³³
3185 5666 3412 5719 Ratione
3448 5665 3634 5719 dicunt
3683 5681 3790 5718 ms.

503 5732 658 5791 (ἔοι-ό.
689 5735 896 5791 ratione
921 5737 1102 5791 dicant
1180 5738 1682 5791 ""Confutandam
1707 5754 1806 5791 ms.
1832 5736 1986 5791 Corb.
2013 5737 2448 5791 confundendam
2525 5683 2879 5791 “"Igossent.
2911 5736 2954 5791 si
2984 5753 3082 5791 ms.
3117 5735 3271 5790 Corb.
3298 5748 3515 5791 nossent
3548 5735 3677 5791 dici.
3741 5736 3790 5791 si

502 5732 658 5793 (ἔοι-ό.
689 5735 896 5792 ratione
921 5732 1102 5793 dicant
1180 5739 1270 5768 ⁸³³⁵
1288 5732 1682 5794 Confutandam
1707 5754 1806 5793 ms.
1832 5732 1986 5792 Corli.
2013 5737 2448 5794 confundendam
2525 5737 2615 5769 ¹³³⁶

2675 5747 2879 5805 essent,
2911 5736 2954 5792 si
2984 5753 3082 5792 ms.
3117 5735 3271 5790 Corb.
3297 5748 3515 5806 possent
3548 5735 3677 5791 dici.
3741 5736 3791 5791 si
