4030 6290
125 315 135 327 ’
187 332 277 394 est

1454 322 1543 379 DE
1584 320 1737 378 FIDE
1776 317 2192 398 TRINTATIS.

3344 311 3457 377 362

187 462 286 519 que
305 442 568 517 profunda
591 451 671 500 est
694 410 809 499 ιιιά
832 439 1150 497 mortalibus
1186 442 1416 507 nequeat
1458 434 1760 497 exhauriri;
1799 436 1845 496 Α
1876 441 2089 501 sumpta
2118 439 2204 485 est
2232 445 2261 484 a
2291 430 2520 498 quodam
2548 426 2750 487 clerico
2778 426 2832 483 in
2856 425 3245 483 Franciartalis
3275 441 3455 485 asser—

188 546 235 591 et
266 534 523 590 Dominus
545 548 597 586 in
629 531 869 587 Ecclesia
884 543 1004 594 sua,
1029 542 1150 582 cum
1185 540 1289 595 qua
1340 538 1400 579 se
1442 537 1563 578 esse
1593 536 1764 590 usque

190 629 251 683 ad
299 625 818 685 consummationem
868 610 1389 687 smculi‘promittit,
1419 614 1606 686 gratia:
1656 628 1767 669 sua:

189 719 323 773 dona
349 714 453 771 non
490 712 994 783 desiuitimpertiri.
1036 710 1126 775 Et,
1168 706 1347 761 utalia
1384 715 1612 766 taceam,
1642 702 1765 772 qui-

188 810 287 865 bus
331 822 488 863 sacra
535 806 727 877 pagina
775 818 873 859 nos
928 802 993 856 ad
1037 795 1459 866 investigandum
1503 796 1766 849 rationem

187 903 396 966 invitat,
426 901 513 955 ubi
545 899 713 954 dicit:
749 898 873 951 Nisi
935 883 1415 955 credideritis,’non
1468 886 1766 957 intelligetis

186 991 321 1062 (lsa.
375 1005 470 1053 vn,
500 989 577 1058 9),
609 998 794 1058 aperte
840 1001 936 1042 nos
970 993 1149 1038 monet
1184 981 1274 1012 ¹²³⁷
1307 980 1655 1036 intentionem
1698 976 1765 1031 ad

185 1081 512 1136 intellectum
542 1076 839 1133 extendere
865 1094 880 1142 ;
919 1090 1042 1141 eum
1070 1074 1226 1128 docet
1250 1070 1482 1140 qualiter
1512 1069 1580 1123 ad
1617 1066 1763 1121 illum

185 1165 474 1219 debeamus
499 1162 782 1233 prolicere.
825 1159 1065 1228 Denique
1112 1156 1365 1227 quoniam
1419 1155 1560 1207 inter
1607 1150 1765 1205 fidem

184 1259 232 1303 et
262 1247 498 1317 speciem
523 1246 875 1319 intellectum,
903 1258 1062 1313 quem
1114 1241 1167 1294 in
1215 1240 1316 1295 bac
1336 1240 1445 1294 vita
1500 1237 1763 1308 capimus,

184 1352 302 1393 esse
348 1336 583 1393 medium
614 1333 874 1406 intelligo,
897 1342 1098 1403 quanto
1128 1331 1320 1400 aliquis
1354 1328 1419 1383 ad
1450 1327 1597 1382 illum
1643 1343 1767 1398 pro-

185 1426 312 1497 licit,
346 1435 498 1481 tanto
521 1441 643 1481 eum
693 1425 1054 1495 propinquare
1103 1420 1299 1492 speciei
1332 1419 1420 1491 (ad
1458 1434 1618 1490 quam
1652 1434 1767 1473 om-

182 1533 276 1574 nes
301 1516 643 1587 anhelamus)
668 1516 936 1573 existimo.
995 1513 1106 1568 llac
1160 1514 1319 1584 igitur
1365 1527 1494 1583 ergo
1520 1511 1759 1566 conside-

182 1607 414 1673 ratione,
442 1606 568 1661 licet
592 1608 692 1660 sim
711 1606 873 1661 homo
922 1592 1101 1675 partire
1145 1602 1304 1658 nimis
1330 1602 1588 1666 scientiae,
1632 1616 1785 1657 con--

184 1697 432 1764 fortatus,
463 1697 749 1775 adcorum
782 1711 901 1766 quae
922 1695 1194 1761 credimus
1217 1734 1233 1758 ,
1266 1694 1529 1748 rationem
1554 1692 1765 1747 intuen-

1870 522 1946 577 tio
1978 539 1993 575 :
2026 519 2087 577 Si
2105 524 2156 575 in
2188 521 2314 585 Deo,
2347 521 2540 591 inquit,
2569 531 2671 577 tm
2701 534 2936 590 persona:
2965 527 3086 589 sunt
3119 534 3226 574 una
3250 527 3454 575 tantum

1869 629 1979 674 res;
2002 623 2048 666 et
2078 628 2181 666 non
2209 622 2329 666 sunt
2367 622 2472 666 tres
2496 629 2574 667 res
2607 626 2930 682 unaqua’que
2953 625 3046 679 per
3074 626 3127 664 se
3149 609 3454 680 separatim,

1866 705 1999 767 sicut
2023 715 2125 758 tres
2150 704 2341 770 angeli,
2370 714 2468 767 aut
2501 715 2603 757 tres
2624 705 2815 758 anima:
2838 719 2850 731 '
2894 702 2968 755 ita
2997 714 3169 754 tamen
3194 711 3246 753 ut
3267 709 3452 771 potere-

1868 799 1943 852 tia
1966 808 2013 851 et
2041 796 2301 851 voluntate
2326 797 2536 851 omnino
2560 797 2664 850 sint
2694 796 2827 850 idem
2846 810 2999 864 :ergo
3031 792 3190 847 Pater
3208 802 3256 847 et
3282 792 3455 862 Spiri-

1867 898 1952 942 tus
1977 897 2187 941 sanctus
2210 902 2324 939 cum
2344 881 2484 937 Filio
2505 893 2578 938 est
2607 884 2931 938 incarnatus.
2949 883 3101 950 Qqu
3124 897 3247 937 cum
3271 880 3338 935 ad
3368 895 3455 937 me

1870 977 2132 1047 perlatum
2157 988 2321 1041 esset,
2373 974 2567 1044 incmpi
2598 984 2786 1029 contra
2814 976 2957 1031 hunc
2999 989 3239 1028 errorem
3266 988 3454 1042 quam-

1869 1069 1988 1122 dam
2017 1065 2321 1136 epistolam.
2350 1080 2533 1135 quam,
2566 1074 2716 1134 parte
2762 1064 2993 1133 quadam
3021 1062 3187 1124 edita,
3226 1061 3455 1131 perlice-

1871 1176 1927 1216 re
1953 1160 2253 1229 contempsi
2304 1158 2531 1214 credens
2576 1172 2686 1213 non
2730 1173 2792 1213 ea
2823 1171 2958 1224 opus
2983 1170 3141 1220 esse;
3200 1154 3454 1225 quoniam

1867 1260 1924 1307 et
1961 1252 2071 1317 iLle,
2105 1262 2296 1309 contra
2326 1265 2486 1320 quem
2516 1250 2700 1315 (iebat,
2751 1249 2804 1303 in
2843 1248 3069 1304 consilio
3103 1263 3129 1300 a
3161 1247 3454 1302 venerabili

1872 1342 2125 1399 Remensi
2154 1341 2563 1412 archiepiscopo
2610 1339 2890 1411 Raynaldo
2922 1336 3178 1403 collecto,
3210 1354 3453 1395 errorem

1867 1431 1975 1505 42
2003 1446 2158 1486 suum
2184 1430 2527 1498 abiuraverat
2560 1440 2616 1486 et
2661 1426 2837 1485 nullus
2874 1429 3154 1485 videbatur
3191 1428 3281 1498 qui
3329 1443 3455 1482 eum

1866 1537 2049 1576 crtare
2072 1522 2380 1593 ignoraret;
2412 1529 2619 1592 partem
2650 1516 3002 1573 tamen'illam
3032 1533 3190 1588 quam
3221 1517 3453 1573 l't-ceram

1868 1610 2085 1680 quidam
2114 1606 2333 1675 fratres,
2364 1627 2449 1665 me
2473 1610 2768 1674 nesciente,
2797 1618 2977 1663 transc
3010 1607 3270 1677 ipserunl,
3292 1615 3456 1677 atque

1870 1702 1988 1757 aliis
2014 1701 2290 1773 l~gendam
2319 1702 2681 1775 tradiderunt;
2721 1702 2864 1772 q'od
2899 1686 3099 1756 idcirto
3140 1700 3261 1756 dico
3290 1707 3372 1767 ut,
3405 1696 3451 1753 si

181 1788 323 1852 dam,
352 1799 613 1856 quantum
652 1803 882 1859 superna
920 1787 1093 1859 gratia
1147 1786 1275 1840 mihi
1331 1786 1461 1841 dare
1492 1784 1764 1858 dignatur,
1800 1806 1843 1862 Β
1873 1795 1923 1849 in
1960 1795 2190 1864 alicujus
2219 1810 2410 1850 manus
2456 1810 2582 1865 pars
2610 1794 2700 1848 illa
2752 1791 2992 1855 venerit,
3042 1806 3350 1860 quznquam
3380 1789 3451 1845 ibi

185 1876 481 1948 aliquando
509 1894 679 1934 conor
700 1893 983 1948 assurgere
1015 1875 1126 1942 "",
1157 1882 1357 1931 etcum
1388 1874 1589 1945 aliquid
1624 1874 1769 1946 quod

179 1971 327 2039 prius
349 1987 456 2025 non
484 1969 730 2026 videbam
764 1969 994 2041 reperio,
1018 1967 1070 2024 id
1099 1967 1219 2022 aliis
1274 1965 1502 2021 libenter
1538 1967 1765 2040 aperio;

180 2070 446 2131 quatenus
475 2059 604 2133 quid
626 2064 815 2116 'seeure
869 2068 1053 2115 tenere
1082 2058 1326 2121 debeam,
1361 2057 1535 2113 alieno
1564 2058 1769 2133 discam

179 2148 398 2223 judicio.
430 2123 789 2222 Qtiapropler,
817 2152 888 2205 mi
918 2160 1072 2222 pater
1112 2158 1167 2205 et
1189 2148 1424 2215 domine,
1448 2123 1771 2205 Christianis

179 2244 433 2299 omnibus
454 2260 576 2298 cum
604 2234 1188 2306 reverentiaamande,
1224 2249 1279 2296 et
1320 2256 1441 2295 cum
1467 2256 1652 2295 amore
1682 2256 1772 2295 re-

180 2333 441 2396 rereude,
469 2347 607 2401 papa
638 2331 877 2397 Urbane,
920 2346 1079 2400 quem
1108 2330 1201 2385 Dei
1235 2330 1569 2399 providentia
1599 2329 1653 2385 in
1677 2346 1773 2387 sua

182 2414 426 2474 Ecclesia
477 2434 748 2475 summum
800 2418 1082 2474 constituit
1130 2418 1469 2490 pontificem,
1521 2420 1773 2488 quoniam

181 2507 309 2564 nulli
362 2510 568 2565 rectius
616 2526 861 2581 possum.
910 2519 1108 2566 vestra:
1149 2509 1457 2566 sanctitatis
1509 2520 1776 2581 praesente

180 2600 494 2670 conspectui
525 2600 799 2656 subditum
827 2602 1168 2673 opusculum,
1198 2611 1255 2656 ut
1284 2601 1399 2672 ejus
1432 2602 1772 2666 auctoritate,

180 2711 297 2766 quae
321 2695 395 2750 ibi
420 2695 758 2767 suscipienda
808 2706 953 2763 sunt,
982 2697 1352 2769 approbentur
1374 2737 1391 2762 ,
1421 2704 1476 2750 et
1505 2710 1625 2767 qua:
1655 2711 1777 2749 cor-

183 2786 408 2857 rigenda
443 2795 569 2840 sunt
597 2785 979 2842 emendentur.

181 2890 412 2949 Domino
442 2906 489 2949 et
516 2893 667 2950 Patri
692 2896 948 2951 universa:
993 2893 1246 2952 Ecclesia:
1288 2897 1343 2951 in
1371 2907 1513 2954 terra
1550 2895 1775 2967 peregri-

247 2980 451 3045 nantis,
490 2997 708 3035 summo
747 2981 985 3052 pontiﬁci
1017 2980 1237 3039 Unnaa'o
1259 3024 1274 3049 ,
1305 2984 1470 3053 frater
1494 2984 1776 3039 Amemus

247 3074 357 3127 vita
381 3082 646 3143 peccator,
665 3072 846 3126 habitu
867 3074 1291 3137 monachus,sive
1310 3073 1518 3142 iubente
1539 3075 1642 3128 sive
1664 3090 1777 3144 per-

1872 1886 2002 1942 nibil
2024 1886 2219 1942 falsum
2250 1887 2344 1950 sit,
2398 1894 2576 1941 tamen
2634 1894 2891 1955 tanquam
2924 1881 3234 1949 imperfecta
3265 1892 3318 1937 et
3349 1896 3454 1936 non

1877 1977 2145 2046 exquisita
2164 1976 2501 2045 relinquatur
2534 1992 2548 2039 ;
2580 1984 2634 2029 et
2659 1974 2748 2029 bic
2769 1973 2910 2043 quod
2960 1972 3031 2027 ili
3087 1970 3304 2041 incocpi,
3336 1968 3457 2025 dili-

1870 2067 2082 2137 gentius
2108 2066 2379 2135 inceptum
2402 2073 2454 2118 et
2495 2063 2790 2135 perlectum
2818 2060 3146 2131 requitz'tur.
3166 2059 3454 2129 Postquam

1869 2158 2013 2212 enim
2042 2157 2095 2211 in
2126 2155 2314 2228 Anglia
2341 2155 2411 2211 ad
2437 2155 2827 2225 episcopatum,
2851 2153 3033 2207 nescio
3082 2166 3187 2222 qua
3221 2150 3318 2205 Dei
3348 2150 3458 2206 dis—

1870 2247 2171 2318 positione,
2207 2255 2399 2317 captus
2448 2253 2501 2301 et
2540 2252 2784 2300 retentus
2814 2260 2965 2308 sum;
2991 2242 3168 2297 audivi
3203 2241 3293 2273 ‘“°
3320 2256 3460 2311 prte«

1875 2341 1997 2396 fata:
2022 2341 2278 2396 novitatis
2322 2345 2603 2395 auctorem
2636 2338 2706 2399 ,iu
2732 2353 2828 2393 sua
2872 2350 2940 2406 re
2972 2343 3309 2393 seerantem
3336 2348 3489 2409 seu-1

1875 2430 2037 2482 tentia
2077 2428 2255 2483 dicere
2290 2444 2474 2485 senon
2520 2429 2589 2484 ob
2633 2428 2776 2481 aliud
2831 2424 2915 2496 alj
2942 2443 3016 2481 ira
3050 2441 3109 2482 se
3134 2426 3276 2497 quod
3311 2424 3460 2480 dice-

1876 2519 1990 2587 bat,
2021 2520 2122 2573 nisi
2150 2521 2274 2588 quia
2308 2534 2337 2573 a
2371 2519 2565 2589 pepulo
2592 2518 2821 2575 interﬁci
2848 2519 3094 2573 timebat.
3149 2517 3260 2573 llac
3295 2515 3460 2588 igitur
3540 2526 3545 2531 ‘

1874 2623 2033 2665 causa
2059 2609 2275 2677 quidam
2324 2607 2517 2663 fratres
2546 2608 2798 2696 precibus
2830 2622 2858 2662 s
2879 2609 2943 2661 tis
2968 2624 3050 2662 me
3077 2614 3373 2679 coegerunt
3401 2614 3462 2659 ut

1874 2697 2135 2753 solverem
2159 2697 2528 2768 qumstionem,
2554 2713 2657 2767 qua
2690 2698 2802 2768 ipse
2822 2699 2901 2752 sic
2934 2696 3174 2753 irretitus
3219 2708 3371 2764 erat,
3401 2703 3461 2749 ut

1877 2785 2188 2843 uullomodo
2219 2802 2277 2843 se
2299 2787 2540 2858 expediri
2567 2790 2635 2841 ab
2668 2802 2732 2842 ea
2762 2802 2920 2857 pesse
2944 2786 3190 2843 crederet
3210 2780 3331 2854 "“;
3357 2787 3457 2843 nisi

1875 2890 1969 2933 aut
1998 2876 2372 2933 incarnatione
2423 2877 2516 2932 Dei
2545 2876 2722 2933 Patris
2764 2887 2819 2933 et
2866 2877 3100 2949 Spiritus
3142 2879 3337 2946 sancti,
3368 2890 3460 2932 aut

1874 2969 2098 3023 deormn
2136 2969 2230 2999 ““
2266 2968 2611 3024 multitudine
2647 2984 2705 3024 se
2737 2969 2831 3001 ¹²⁸³
2858 2969 3161 3040 impeiiret.
3193 2970 3345 3037 Quod
3368 2985 3481 3043 ro-q

1875 3079 1941 3134 go
1967 3076 2035 3117 ne
2074 3060 2194 3131 quis
2225 3075 2277 3131 pi
2303 3069 2375 3117 tet
2406 3076 2499 3129 pra
2517 3061 2718 3133 sumpsi
2750 3075 2809 3118 se
2853 3078 2884 3114 ιι
2907 3075 2939 3116 e
2986 3076 3073 3130 qu:
3094 3061 3140 3117 si
3187 3060 3464 3116 fortitudic

248 3165 489 3218 mittente
516 3162 644 3231 Deo,
676 3161 982 3217 Cantuaria:
1012 3162 1306 3231 metropolis
1341 3174 1554 3219 vocatu;
1577 3160 1776 3235 ερεεεο-
1802 3150 1845 3211 C
1877 3169 1998 3209 nem
2032 3152 2153 3207 lidei
2182 3150 2523 3217 Christianae,
2556 3167 2689 3207 meae
2747 3151 3052 3206 exirtimem
3101 3151 3342 3223 indigere
3369 3150 3491 3235 (ἰθ-⁴

251 3277 377 3330 pus,
409 3259 636 3315 debitam
690 3258 1085 3329 subjectionem,
1118 3274 1235 3313 cum
1262 3257 1448 3313 humili
1472 3259 1701 3325 servitio,
1726 3265 1773 3312 et

251 3357 456 3411 derotis
479 3356 824 3411 orationibus.

255 3467 526 3535 Quoniam
578 3467 758 3524 divina
790 3466 1135 3537 providentia
1174 3475 1409 3524 vestram
1455 3467 1618 3538 elegit
1645 3481 1774 3523 san-

187 3559 453 3625 etitatem,
486 3557 574 3614 cui
611 3558 776 3614 vitam
798 3568 856 3613 et
884 3557 1045 3617 ﬁdem
1071 3558 1436 3615 Christianam
1466 3559 1779 3616 custodien-

190 3652 334 3719 dam,
357 3660 416 3706 et
449 3650 747 3708 Ecclesiam
770 3662 921 3705 suam
952 3652 1241 3719 regendam
1266 3652 1633 3709 committeret
1661 3668 1678 3717 ;
1707 3652 1776 3708 ad

192 3740 396 3795 nullum
419 3739 586 3795 alium
625 3737 827 3794 rectius
864 3738 1118 3803 refertur,
1169 3738 1216 3794 si
1266 3739 1398 3810 quid
1449 3748 1638 3796 contra
1687 3753 1776 3796 ca-

194 3835 450 3890 tholicam
479 3834 635 3889 iidem
658 3834 830 3888 oritur
852 3833 902 3887 in
940 3832 1200 3897 Ecclesia,
1229 3841 1287 3886 ut
1313 3831 1432 3900 ejus
1453 3831 1777 3889 auctoritate

194 3927 526 3997 corrigatur;
553 3940 654 3981 nec
690 3922 781 3980 ulli
808 3924 899 3979 alii
932 3924 1097 3981 tutius
1121 3963 1137 3989 ,
1163 3923 1208 3978 si
1238 3924 1366 3994 quid
1394 3932 1580 3980 contra
1614 3938 1779 3979 erro-

195 4033 309 4074 rem
340 4018 716 4088 respondetur,
738 4015 1059 4080 ostenditur,
1092 4023 1152 4070 ut
1172 4013 1291 4083 ejus
1336 4014 1624 4087 prudentia
1651 4028 1780 4070 exa-

195 4110 449 4167 minetur.
477 4109 821 4181 Quapropter
844 4146 862 4173 ,
907 4108 1050 4164 sicut
1093 4105 1222 4161 nulli
1275 4105 1491 4175 dignius
1519 4120 1738 4175 possum
1760 4145 1774 4169 ,

198 4202 271 4258 ita
297 4202 426 4259 nulli
452 4201 1040 4271 libentiusprtesentem
1070 4196 1377 4267 epistolam,
1395 4211 1557 4267 quam
1585 4204 1782 4252 vestra:

199 4294 410 4350 destino
444 4292 757 4364 sapientiae;
821 4297 1089 4361 quatenus
1147 4288 1193 4343 si
1243 4286 1374 4357 quid
1422 4286 1477 4343 in
1503 4301 1570 4344 ea
1609 4287 1778 4343 corri-

201 4385 428 4457 gendum
455 4395 559 4448 est,
588 4390 767 4441 vestra
819 4396 1046 4439 censura
1069 4379 1389 4451 castigctur,
1418 4387 1475 4436 et
1512 4379 1657 4450 quod
1697 4393 1784 4435 re-

202 4474 375 4544 gulam
425 4472 672 4531 veritatis
718 4480 888 4536 tenet,
932 4478 1109 4527 vestra
1163 4469 1490 4527 auctoritate
1556 4470 1779 4525 robore-
1813 4489 1859 4544 ι)

204 4579 290 4624 “un
309 4569 423 4624 “5’.

700 4653 929 4713 CAPUT
973 4650 1266 4708 PRIMUM.

421 4788 692 4844 Scribendi
715 4783 943 4848 occasio,
980 4792 1028 4837 et
1052 4791 1219 4836 status
1244 4781 1563 4852 qtnestionis.

277 4903 406 4960 Cum
432 4904 609 4960 adhuc
630 4902 682 4957 in
707 4897 862 4956 Becci
884 4896 1212 4953 monasterio
1237 4911 1410 4951 essem
1433 4893 1621 4960 abbas,
1640 4910 1779 4965 prat-

1877 3245 2136 3303 fensionis
2158 3244 2379 3301 auxilio.
2413 3241 2619 3313 Quippe
2666 3243 2709 3299 s’
2756 3258 2858 3313 ego
2905 3242 3321 3313 contemp‘ibilis
3366 3240 3463 3297 bo-

1876 3338 2119 3405 muncio,
2161 3346 2239 3392 tot
2264 3336 2468 3391 sanct's
2496 3346 2543 3390 et
2578 3350 2605 3391 s
2639 3335 2707 3405 pit
2729 3336 2912 3390 n"bus
2936 3334 3136 3405 ubique
3182 3334 3267 3388 exi
3302 3333 3463 3388 tenti-

1876 3430 2002 3497 bus,
2020 3437 2085 3485 ad
2102 3429 2527 3486 conﬁrmandum
2554 3426 2676 3482 ﬁtlci
2694 3428 3015 3484 Chr'stiauic
3041 3428 3139 3481 lirn
3163 3442 3195 3483 a
3220 3422 3462 3492 ueniunt,

1876 3521 2031 3592 quasi
2062 3536 2179 3576 mea
2204 3519 2441 3592 indigeat
2466 3517 2519 3573 d.
2539 3516 2637 3591 fcit:
2654 3516 2800 3584 ionc,
2854 3516 2999 3588 til'qu
3022 3521 3057 3574 d
3080 3518 3320 3574 scribere
3349 3524 3466 3569 ten-

1879 3621 2080 3678 tarem;
2115 3617 2473 3682 pr.csumptcr
2509 3607 2692 3683 utique
2717 3606 2984 3676 iudicari,
3028 3616 3082 3660 et
3137 3606 3202 3661 t'e
3253 3604 3463 3661 d-ndus

1878 3719 2090 3774 possem
2146 3702 2339 3758 videri.
2395 3699 2452 3754 Si
2502 3699 2646 3755 enim
2679 3714 2764 3755 me
2804 3682 3049 3754 viderent
3104 3696 3350 3754 bouincs
3372 3694 3461 3750 alii

1878 3804 2131 3853 onustum
2154 3793 2389 3867 paxillis,
2422 3800 2475 3847 et
2503 3790 2725 3846 funibus
2745 3831 2759 3855 ,
2787 3799 2842 3846 et
2886 3789 3005 3845 aliis
3038 3789 3219 3855 rebus,
3270 3787 3464 3857 qubus

1879 3888 2126 3945 nutantia
2151 3886 2300 3956 ligari
2328 3894 2382 3941 et
2410 3882 2634 3940 stabiliri
2663 3881 2756 3915 ωδ
2783 3881 2897 3938 sole
2936 3889 2977 3943 t.
3005 3882 3105 3935 eYa'
3128 3894 3287 3935 orare
3318 3880 3487 3953 circa.

1880 3988 2119 4035 montem
2156 3977 2462 4047 Olympum,
2499 3982 2565 4027 ait
2594 3972 2873 4028 conﬁrmat
2897 3970 2932 4026 d
2972 3987 3022 4024 m
3074 3986 3220 4034 eum,
3262 3984 3329 4025 ne
3372 3969 3466 4023 ali-

1881 4067 2034 4136 cujus
2060 4064 2290 4135 impulsu
2322 4069 2538 4116 nutaret
2575 4069 2668 4114 aut
2699 4061 3148 4123 subverteretu';
3181 4056 3462 4123 mirum,si

1882 4174 1992 4216 sca
2026 4155 2138 4212 risu
2162 4163 2217 4210 et
2265 4152 2444 4207 derisu
2505 4151 2818 4204 contineant
2866 4146 2999 4214 ""3;
3031 4154 3233 4218 qranto
3293 4147 3464 4217 magis

1882 4267 2005 4306 eum
2031 4248 2187 4319 lapis,
2217 4246 2309 4318 qui
2350 4244 2595 4300 abcissus
2624 4240 2689 4296 de
2712 4249 2896 4297 monte
2926 4240 3018 4272 ““
3043 4239 3163 4298 sine
3191 4238 3464 4305 man'bus,

1883 4340 2149 4415 percussit
2178 4336 2269 4369 ""
2291 4343 2348 4392 et
2374 4332 2695 4393 comminuit
2748 4340 3007 4398 statuam,
3063 4347 3225 4404 quam
3256 4318 3467 4385 viditin

1885 4434 2097 4491 somnio
2125 4432 2216 4464 ηδ’*
2244 4427 2780 4491 Nabuchodonosor;
2820 4423 2933 4495 iam
2985 4423 3159 4482 factus
3188 4439 3343 4481 mons
3374 4423 3465 4455 ¹¹⁶⁰

1889 4543 2115 4601 magnus
2164 4523 2461 4594 impleverit
2487 4521 2578 4553 "5°
2632 4520 2938 4576 universam
2996 4502 3221 4582 terram,
3250 4514 3296 4572 si
3342 4528 3468 4568 eum

1888 4618 2025 4674 meis
2052 4613 2348 4671 rationibus
2399 4609 2591 4666 fulcire
2621 4617 2675 4664 et
2717 4608 2869 4680 quasi
2896 4616 3171 4662 nutantem
3224 4600 3469 4659 stabilire

1889 4710 2068 4773 nitar;
2102 4714 2176 4761 tot
2206 4702 2377 4761 sancti
2409 4712 2463 4757 et
2513 4702 2805 4774 sapientes,
2853 4714 2885 4769 q
2926 4697 3126 4774 κυρω-
3150 4692 3264 4764 ejus
3304 4701 3469 4749 tetet-

1891 4816 2012 4856 nam
2039 4770 2343 4852 lirm'tatem
2396 4794 2483 4831 ¹²³¹
2533 4770 2593 4849 se
2635 4791 2900 4847 stabilitos
2931 4770 3063 4844 {sse
3094 4786 3349 4858 gaudent,
3383 4770 3487 4857 εει-ξ

1888 4888 2097 4959 dignari
2129 4885 2259 4940 mihi
2286 4891 2539 4955 pos-unt;
2568 4890 2621 4937 et
2648 4882 2748 4936 hoc
2773 4879 3061 4949 imputue,
3085 4891 3190 4931 non
3216 4871 3468 4929 studiosa:

1489 5022 1715 5081 VARI/l3
1758 5015 2168 5079 LECTIONES.
2228 4994 2231 4999 ’

284 5131 366 5162 ¹²²⁷
397 5130 605 5198 Aperte
630 5133 941 5198 monet_ms.
967 5119 1125 5175 Corb.
1159 5125 1347 5189 aperte
1371 5131 1469 5172 nos
1498 5123 1683 5198 monet
1775 5115 1868 5198 ίίξθ
1891 5114 2073 5198 conor
2099 5122 2354 5198 assu'gere
2371 5124 2494 5198 πίε.
2529 5105 2708 5198 ,(2011),
2742 5100 3262 5198 ςρηὲξι.‹εττειιξξυξιῗὶοιζ

596 5165 1736 5250 VEsiHiIiéib'riizite
1761 5165 2059 5239 miraretur
2079 5165 2181 5235 ms.
2206 5165 2340 5233 Tim.
2370 5176 2493 5250 546.
2524 5175 2632 5229 lucc
2666 5176 2811 5228 omit.
2847 5187 2947 5224 ms.
2965 5165 3226 5250 inuam.
3251 5172 3305 5250 et
3324 5165 3466 5250 quod

214 5255 391 5341 regula
427 5255 848 5341 veritatisteuet
921 5262 1014 5294 "W
1046 5258 1267 5341 Audivi}
1291 5256 1625 5341 mss..attdivi
1706 5255 1904 5341 “illis

215 5199 281 5255 Et
298 5200 439 5278 quod
463 5212 589 5278 rego

3264 5108 3295 5148 θ
3374 5092 3465 5137 isse

1948 5235 2082 5308 ediri
2125 5250 2193 5306 ab
2237 5264 2300 5303 ea
2347 5247 2595 5302 crederet
2632 5259 2757 5297 mss.
2807 5236 3050 5308 expediri
3090 5235 3158 5308 ab
3200 5249 3466 5308 capo-se

217 5302 391 5341 πει...
434 5302 673 5324 mum...
701 5302 848 5320 wn...
1046 5302 1415 5314 .-.......-..----
1446 5302 1625 5311 ηπ.-.
1832 5302 1904 5309 -.-
1954 5302 2082 5334 ητ-
2128 5302 2186 5333 τ-
2252 5302 2255 5303 γ
2752 5312 2792 5329 μ
2880 5302 2892 5308 ,
3147 5304 3159 5317 ,
3307 5304 3337 5319 η

216 5341 456 5395 crederet
530 5336 623 5368 ⁸⁸⁸⁸
652 5339 757 5388 Aut
785 5333 1019 5387 Deorum
1046 5329 1170 5383 edit.
1216 5324 1374 5379 Gotlt.
1411 5327 1478 5379 de
1502 5341 1691 5381 eorum
1765 5324 1854 5395 “f'
1883 5302 2327 5395 bittltitudLne_§c
2349 5333 2495 5395 mg.
2542 5312 2689 5395 Gent-
2720 5310 2751 5395 Δἶ
2771 5319 2861 5395 εςξε
2984 5302 3467 5395 ἕίιφςρςέιξξιξῖς

221 5378 500 5462 ἳίιῖῗὲὶὶῑ.
530 5378 1240 5475 maintains}:‘w
1269 5396 1334 5475 Et
1376 5378 1754 5475 εοιίιιεξξξρὶξε.
1786 5393 1913 5475 G_em
1970 5392 2101 5475 vni.
2125 5389 2191 5475 _s.
2229 5387 2394 5475 una.
2428 5384 2562 5439 Tim.
2580 5378 2909 5475 ctu-stabiliri

2984 5375 3077 5407 “"'
3115 5374 3468 5431 Continerent

992 5445 1141 5526 Gem.
1172 5445 1959 5523 σοιιῖἰῆέᾶιῖἠδ”ἷλνιὶεξίξέιιε
1993 5445 2091 5534 est
2105 5464 2169 5516 de
2196 5468 2377 5534 monte
2421 5472 2543 5508 mss.
2580 5450 2711 5505 Tim.
2746 5450 2896 5534 (iam.
2931 5446 3067 5534 Vi‘c't.
3092 5445 3373 5534 abscissus
3401 5446 3469 5534 de

219 5558 398 5603 monte
471 5544 561 5580 ηδτ
595 5545 659 5598 Et
688 5542 948 5614 percussit
977 5535 1444 5614 ntss.l_6em.nl’ict.
1470 5534 1890 5614 gister._"_l'ltu.up

221 5617 310 5670 "‘3'
358 5618 552 5673 Factus
600 5605 701 5670 est'
729 5628 883 5668 tuons
929 5628 1053 5664 mss.
1089 5606 1234 5663 Gem.
1263 5605 1451 5661 Cister.
1483 5605 1615 5660 Tim.
1654 5606 1790 5662 Vict.
1813 5605 1969 5665 COrb.

1891 5516 2123 5590 ereuSsit
2193 5529 2285 5561 ¹²³⁸
2317 5527 2372 5581 ln
2404 5537 2592 5580 somno
2643 5519 2939 5590 mss._Gem.
2970 5516 3124 5590 Χία.
3152 5516 3213 5590 in
3260 5516 3467 5590 somnio

2048 5585 2140 5634 “5°
2174 5600 2239 5655 Et
2263 5593 2565 5665 impleverit
2591 5587 2931 5665 inss._Cis.'er.
2966 5586 3104 5645 Tltu.
3151 5585 3282 5642 Vict.
3316 5585 3466 5645 Gem.

220 5661 378 5743 (Io-rb:
399 5661 880 5759 Νίῖέῖ
916 5661 1028 5737 iii-6
1047 5661 1165 5748 ejus
1210 5687 1411 5734 acterna
1453 5676 1707 5733 lirtnitate
1756 5661 1881 5732 mss.
1931 5662 2097 5747 Super
2121 5672 2237 5742 ejus
2289 5661 2546 5724 teternam
2604 5661 2911 5717 ﬁrmitatem
2968 5734 2971 5737 Ἴ
