4030 6290
480 290 619 383 an]

1043 323 1104 380 ε.
1145 319 1447 378 ANSELMI
1481 319 1833 379 CANTUAR.
1871 316 2198 375 ARCIHEP.
2242 317 2393 375 OPP.
2440 296 2622 373 PARS
2657 315 2703 371 1.
2735 344 2807 357 -
2844 311 3267 372 DOGMATICA.

3660 317 3767 378 ξω

482 432 755 507 gravitati,
773 434 868 491 sed
889 408 1183 503 iactantia!
1205 434 1410 490 levitati
1439 432 1575 487 “"‘t
1615 432 1672 488 Si
1693 431 1822 503 quid
1848 444 1979 500 ergo
1999 429 2066 485 de
2098 437 2140 491 Α
2172 429 2344 485 lectus
2370 408 2641 485 defectum
2668 410 2971 501 cognantur
3014 424 3366 484 descendere.
3396 412 3587 485 Palam
3610 436 3766 487 nam-

485 528 737 584 ﬁrmitate
758 527 881 583 ﬁdei
909 536 1104 582 nostrae
1127 527 1179 580 in
1207 526 1309 581 hac
1330 525 1556 595 epistola
1582 525 1676 557 “'3
1696 524 1909 594 disputa
1920 537 2069 587 vero,

486 634 592 676 non
614 627 698 675 est
718 619 785 674 ad
818 618 1246 675 conﬁrmandam
1280 617 1447 681 illam,
1493 617 1587 672 sed
1618 616 1685 671 ad
1707 615 1937 670 fratrum
1965 616 2095 669 boc'

485 710 810 783 exigentium
838 711 1090 780 precibus
1120 698 1214 740 ωδ
1238 707 1703 763 satisfaciendum.
1756 706 1862 761 Sed
1892 706 1938 760 si
1982 703 2070 760 ille

484 802 575 872 qui
625 796 898 874 priefatam
939 800 1164 873 protulit
1203 800 1550 864 sententiam,
1601 800 1710 855 Deo
1737 798 2067 868 corrigente,

485 893 553 948 ad
573 892 855 948 veritatem
889 892 1068 958 rediit,
1109 887 1415 946 nullatenus
1439 898 1588 960 putet
1622 906 1707 945 me
1740 891 1794 945 in
1827 890 1932 944 hac
1961 890 2071 959 epi-

485 983 620 1037 stola
650 991 837 1038 contra
888 998 945 1037 se
992 982 1167 1053 loqui;
1221 982 1343 1050 quia
1368 981 1481 1050 jam
1514 996 1620 1037 non
1670 990 1754 1036 est
1779 980 1921 1051 quod
1949 979 2070 1035 fuit.

487 1073 546 1129 Si
566 1074 710 1129 enim
740 1073 1154 1144 fuitaliquando
1209 1079 1469 1139 tenebrae,
1512 1091 1656 1129 nunc
1699 1084 1878 1129 autem
1904 1073 1993 1127 lus
2022 1073 2072 1126 in

485 1162 743 1228 Domino;
773 1180 877 1216 non
914 1166 1350 1236 suntargucndm
1383 1165 1617 1219 tcuebra:
1666 1179 1786 1233 qua:
1825 1162 1936 1232 jam
1968 1178 2074 1216 non

484 1262 631 1318 sunt,
670 1252 763 1308 sed
796 1252 899 1305 lux
932 1254 1287 1323 approbanda
1316 1270 1451 1324 qua:
1478 1254 1638 1309 lucet.
1693 1253 2074 1308 Verumtamen

484 1344 600 1400 sive
625 1345 804 1400 adhuc
851 1347 919 1400 ad
967 1346 1142 1402 lucem
1173 1348 1413 1411 redierit,
1467 1346 1582 1401 sive
1620 1354 1758 1407 non;
1821 1345 2094 1415 qUOIlill'lT

486 1436 664 1492 sentio
694 1437 942 1492 laborare
970 1439 1154 1508 plures
1194 1439 1247 1493 in
1275 1439 1463 1493 eadem
1511 1437 1830 1507 quaestione,
1865 1436 2078 1491 etiamsi

487 1526 623 1582 ﬁdes
647 1527 701 1582 in
731 1527 837 1584 illis
861 1542 1088 1601 superet
1134 1533 1420 1595 rationem,
1471 1546 1591 1600 quae
1632 1531 1736 1586 illis
1787 1528 1907 1584 ﬁdei
1935 1518 2085 1583 vide-4

490 1622 578 1669 tur
625 1631 977 1688 repugnare,
1045 1634 1149 1674 non
1195 1620 1325 1675 mihi
1378 1620 1590 1677 videtur
1630 1618 1958 1691 sup‘crﬁuum
1996 1632 2074 1673 rc-

486 1710 840 1780 pugnantiam
874 1710 1033 1766 istam
1066 1711 1392 1768 dissolvere.

1113 1903 1439 1973 CAPUTIL

487 2019 643 2086 Quod
665 2035 833 2073 sacra:
873 2018 997 2088 ﬁdei
1037 2018 1371 2089 qua'stiones,
1427 2032 1558 2086 quas
1587 2016 1935 2089 disputamus,
1983 2026 2075 2089 unt

560 2089 837 2152 rimantur,
869 2084 972 2142 non
998 2084 1214 2159 quilibet
1256 2084 1518 2159 dtalectici
1538 2127 1550 2147 ,
1585 2084 1677 2159 sed
1715 2085 1767 2139 in
1792 2084 2075 2156 Scriptttris

559 2160 725 2212 sacris
753 2160 953 2227 experti
973 2157 1235 2228 suscipere
1269 2157 1536 2210 humiliter
1561 2157 1766 2210 debent.

560 2271 668 2326 Sed
711 2270 1028 2343 priusquam
1079 2272 1145 2327 de
1191 2271 1488 2343 quiestione
1535 2271 1822 2338 disseram,
1877 2271 2079 2340 aliquid

487 2362 814 2434 praemittam
864 2363 930 2417 ad
959 2363 1410 2432 compescendam
1464 2377 1650 2417 eorum
1710 2361 2081 2432 praesumptio-

488 2474 636 2520 nem,
659 2457 750 2529 qui
785 2456 1011 2512 nefanda
1062 2458 1369 2514 temeritate
1394 2457 1593 2512 audent
1629 2457 1907 2527 disputare
1954 2472 2082 2511 cou-

496 2556 575 2606 ira
612 2542 817 2621 aliquid
842 2564 1055 2615 eorum,
1095 2565 1216 2621 qua:
1246 2551 1377 2606 ﬁdes
1411 2550 1718 2607 Christiana
1769 2552 2079 2615 conﬁtetur,

489 2640 746 2710 quoniam
799 2639 850 2694 id
903 2639 1175 2696 intellectu
1221 2656 1415 2711 capere
1462 2649 1773 2713 nequeunt:
1814 2647 1869 2695 ct
1906 2641 2088 2710 p0tius'

490 2730 768 2802 ins’pienti
807 2718 1059 2800 superbia
1090 2731 1333 2802 judicant
1386 2731 1692 2787 nullatenus
1732 2746 1890 2803 posse
1939 2747 2081 2797 esse,

490 2823 636 2892 quod
668 2830 947 2894 nequeunt
1003 2823 1343 2895 intelligere;
1393 2838 1555 2894 quam
1602 2823 1794 2879 humili
1819 2811 2082 2896 sapientia

495 2912 774 2977 fateantur
802 2911 1119 2967 essetmulta
1166 2926 1326 2981 posse
1349 2952 1365 2978 ,
1422 2928 1530 2982 qua
1583 2914 1675 2947 ¹²³⁸
1704 2915 1808 2986 ipsi
1838 2931 1947 2971 non
1993 2932 2088 2973 va-

496 3000 648 3056 leant
707 3001 1187 3079 comprehendere.
1237 3002 1449 3063 Nullus.
1481 3003 1678 3075 quippe
1744 3005 2086 3063 Christianus

2174 536 2278 591 que
2314 529 2401 575 cst
2427 521 2548 589 quia
2585 520 2656 574 illi
2701 535 2817 574 non.
2847 517 3051 574 habent
3092 517 3216 572 ﬁdei
3264 517 3603 588 ﬁrmitatem,
3640 526 3764 594 qui,

2175 613 2428 682 quoniam
2457 612 2598 683 quod
2629 613 2856 668 credunt
2906 611 3209 686 intelligere
3233 629 3338 671 non
3378 623 3627 684 possunt,
3651 617 3765 673 dis-

2176 713 2373 775 putant
2399 714 2588 760 contra
2633 703 2872 773 ejusdem
2904 702 3027 761 ﬁdei
3059 721 3088 762 a
3112 707 3315 763 sanctis
3361 706 3615 763 Patrlbus
3633 725 3768 773 con-

2178 797 2448 850 ﬁrmatam
2472 795 2756 851 veritatem
2781 811 2796 862 ;
2821 795 2966 850 velut
2983 796 3028 850 si
3053 796 3459 867 vespertilioncs
3480 805 3534 854 et
3557 814 3643 851 nm
3666 808 3686 852 t
3708 814 3770 854 te

2175 887 2391 943 nonnisi
2426 888 2477 941 in
2523 895 2682 942 nocte
2709 886 2907 942 emtum
2938 887 3208 953 videntes,
3250 889 3317 943 dc
3339 889 3653 945 meridianis
3681 905 3773 946 so-

2176 979 2243 1033 lis
2265 978 2430 1032 radils
2459 972 2988 1047 disceptent‘contra
3023 979 3239 1051 aquilas
3269 977 3438 1034 solem
3481 979 3656 1049 ipsum
3700 981 3773 1034 ir-

2181 1068 2526 1123 reverberato
2553 1069 2669 1122 visu
2698 1069 2989 1123 intuentes.
3040 1064 3197 1124 Prius
3223 1083 3353 1141 ergo
3380 1068 3484 1123 ﬁde
3506 1071 3775 1127 mundan-

2180 1160 2305 1216 dum
2326 1169 2410 1215 est
2433 1177 2548 1226 cor,
2607 1159 2748 1215 sicut
2782 1160 2981 1215 dicitur
3037 1159 3104 1216 de
3148 1161 3297 1216 Deo:
3332 1160 3467 1218 Fide
3506 1164 3773 1219 mundatis

2178 1252 2339 1305 corda
2365 1267 2544 1305 eorum
2576 1250 2714 1318 (Act.
2743 1267 2834 1316 xv,
2863 1251 2951 1323 9);
2981 1261 3035 1307 ct
3082 1254 3230 1323 prius
3258 1268 3353 1324 per
3376 1263 3772 1326 pneceptorum

2180 1332 2391 1397 Domini
2416 1342 2712 1398 custodiam
2766 1343 2855 1374 ¹²⁰¹
2884 1344 3224 1400 illuminandi
3266 1354 3392 1400 sunt
3433 1347 3599 1411 oculi,
3646 1348 3775 1417 quia

2179 1420 2492 1503 p'ra'ceptunt
2518 1432 2727 1487 Domini
2757 1431 2989 1488 lucidum
3041 1434 3348 1489 illuminans
3395 1437 3574 1491 oculos
3595 1436 3775 1509 (l’sal.

2184 1537 2338 1587 xvm,
2360 1520 2453 1593 9);
2502 1530 2557 1576 et
2587 1523 2738 1592 prius
2766 1537 2864 1593 per
2913 1523 3174 1578 humilem
3217 1525 3581 1582 obedientiam
3624 1529 3779 1583 testi-

2181 1603 2485 1668 inoniorum
2530 1613 2624 1668 Dei
2649 1613 2911 1670 debemus
2958 1615 3071 1671 ﬁeri
3108 1616 3340 1686 parvuli,
3392 1626 3453 1673 ut
3497 1618 3780 1675 discamus

2182 1704 2522 1775 sapientiam,
2558 1718 2721 1774 quam
2778 1705 2872 1759 dat
2913 1707 3277 1779 testimonium
3336 1708 3550 1765 Domini
3596 1711 3776 1779 fidele,

2104 1792 2152 1852 Β
2177 1797 2490 1867 sapientiam
2517 1805 2777 1867 prmstans
2829 1797 3065 1866 parvulis
3114 1796 3288 1869 (Psal.
3332 1814 3489 1864 xvm,
3514 1800 3597 1871 8).
3623 1802 3781 1859 Unde

2178 1887 2435 1942 Dominus
2471 1904 2484 1942 :
2512 1885 2780 1955 Conﬁteor
2803 1887 2919 1953 tibi,
2980 1885 3162 1956 Pater,
3217 1888 3437 1946 Domine
3466 1893 3558 1924 ”"
3581 1894 3704 1949 caeli
3734 1906 3781 1948 et

2176 1986 2349 2041 teme,
2377 1978 2500 2048 quia
2521 1978 2841 2032 abscondisti
2893 1978 3003 2032 lucc
3050 1996 3081 2033 a
3107 1979 3425 2048 sapientibus
3459 1990 3508 2034 et
3543 1981 3783 2052 pruden-

2180 2071 2337 2132 tibus,
2368 2078 2415 2125 et
2445 2068 2681 2124 revelast’i
2705 2085 2765 2123 ea
2791 2067 3025 2139 parvulis
3067 2069 3284 2141 (Matth.
3316 2086 3392 2133 st,
3424 2070 3538 2142 25).
3595 2071 3780 2139 Prius,

2183 2162 2425 2232 inquam,
2454 2176 2517 2216 ea
2551 2176 2672 2231 qua:
2728 2160 2911 2217 carnis
2944 2171 3069 2216 sunt
3103 2158 3489 2233 poStponcntcs
3514 2164 3613 2196 ¹¹⁶⁸
3638 2207 3657 2231 ,
3690 2180 3783 2221 se-

2181 2251 2414 2305 cundum
2438 2249 2689 2317 spiritum
2722 2249 2969 2304 vivamus
2994 2266 3154 2320 quam
3181 2251 3445 2323 profunda
3472 2254 3598 2309 ﬁdei
3631 2240 3801 2324 diju?

2181 2341 2414 2398 dicando
2465 2342 2820 2398 discutiamus
2852 2357 3015 2397 :nam
3068 2345 3160 2414 qui
3201 2345 3499 2401 secundum
3555 2363 3783 2405 carnem

2182 2433 2336 2498 vivit,
2381 2432 2619 2488 carnalis
2675 2434 2792 2489 sive
2837 2434 3086 2503 animalis
3112 2444 3213 2501 cst,
3263 2437 3332 2492 de
3377 2453 3487 2508 quo
3530 2437 3780 2494 dieitur:

2182 2521 2438 2580 Auimalis
2471 2526 2626 2579 homo
2649 2542 2751 2579 non
2776 2525 2991 2596 percipit
3021 2542 3083 2581 ea
3104 2544 3220 2599 qua:
3259 2540 3377 2582 sunt
3428 2527 3667 2599 Spiritus
3691 2530 3787 2586 Dei

2185 2619 2238 2688 (Ι
2262 2617 2384 2673 Cor.
2427 2633 2488 2685 ιι,
2521 2617 2630 2689 ii).
2664 2616 2767 2686 Qui
2793 2631 2923 2673 vero
2947 2617 3141 2688 spiritu
3194 2619 3335 2675 facta
3360 2621 3545 2676 carnis
3589 2622 3803 2689 morti-i

2186 2714 2332 2779 ﬁcat,
2363 2710 2661 2781 spiritualis
2705 2711 2965 2781 eﬂicitur;
3009 2712 3075 2769 de
3096 2729 3203 2785 quo
3242 2713 3437 2785 legitur
3468 2712 3597 2784 quia
3626 2714 3790 2783 spiri-

2185 2802 2344 2876 tualis
2356 2802 2534 2858 omnia
2550 2802 2784 2874 judicat,
2807 2816 2857 2861 et
2882 2806 3036 2874 ipsea
3061 2822 3265 2860 nemine
3288 2804 3789 2877 )ttdicatur(lbid.,

2189 2895 2298 2967 lii).
2327 2893 2528 2951 Verum
2549 2895 2694 2950 enim
2724 2905 2802 2952 est
2828 2897 2953 2967 quia
3001 2905 3206 2968 quanto
3240 2896 3332 2929 "“
3357 2896 3675 2969 cpulentius
3698 2898 3805 2951 nu-‘

2190 2986 2385 3041 trimur
2416 2985 2470 3040 in
2501 3000 2656 3042 sacra
2690 2986 2971 3057 Scriptura
3004 3003 3071 3041 ex
3129 2987 3213 3043 his
3248 3003 3368 3058 quae
3405 3003 3501 3057 per
3524 2986 3792 3042 obedien-

493 3091 660 3169 dgbet
683 3092 960 3163 disputare
995 3087 1265 3164 quomodo
1286 3096 1429 3166 quod
1478 3098 1748 3154 catholica
1780 3100 1873 3132 una
1903 3101 2085 3159 Eccle-
2114 3132 2158 3193 Ο
2192 3080 2322 3138 tiam
2373 3093 2601 3193 pascun‘tl
2622 3123 2638 3148 ,
2697 3093 2846 3137 tanto
2883 3081 3166 3193 sublimius
3216 3081 3569 3181 provehimur
3602 3082 3673 3135 ad
3726 3096 3789 3135 ca

493 3181 766 3239 siacorde
793 3183 991 3250 credit,
1022 3191 1079 3240 et
1100 3199 1197 3241 ore
1218 3187 1531 3263 conﬁtetur,
1559 3204 1667 3244 non
1696 3191 1795 3258 sit;
1820 3191 1913 3251 sed
1937 3207 2052 3248 sem

494 3289 595 3345 per
625 3275 875 3331 eamdem
919 3275 1076 3331 ﬁdem
1105 3276 1478 3343 indubitanter
1530 3283 1782 3349 tenendo,
1830 3285 2083 3353 amando,

493 3374 551 3422 et
577 3367 871 3453 secundum
902 3366 1051 3423 illam
1096 3370 1348 3437 vivendo,
1390 3371 1667 3430 humiliter
1713 3386 1971 3444 quantum
1994 3394 2089 3448 po-

495 3461 623 3517 test,
641 3468 886 3522 quaerere
936 3454 1202 3513 rationem
1246 3459 1516 3526 quomodo
1553 3459 1625 3515 sit
1667 3461 1782 3516 "‘7.
1821 3460 1878 3518 Si
1911 3471 2090 3534 potest

497 3540 820 3617 intelligere,
867 3541 978 3597 Deo
1034 3542 1240 3613 gratias
1280 3555 1435 3614 agat;
1488 3547 1534 3601 si
1589 3563 1693 3603 non
1735 3558 1932 3619 potest,
1982 3567 2087 3604 non

498 3620 759 3681 immittat
810 3626 1028 3682 cornua
1080 3627 1149 3682 ad
1200 3628 1607 3705 ventilandum,
1662 3632 1757 3687 sed
1808 3622 2102 3690 submittat

499 3726 661 3787 caput
691 3712 756 3771 ad
780 3716 1171 3773 venerandum.
1199 3717 1373 3774 Citius
1404 3720 1547 3775 enim
1570 3724 1751 3791 potest
1789 3724 1843 3779 in
1871 3742 1929 3781 se
1953 3743 2084 3783 con-

499 3806 673 3862 ﬁdens
703 3807 793 3839 ¹¹⁸⁸
819 3807 1054 3885 humana
1073 3808 1336 3887 sapientia
1362 3810 1705 3883 impingendo
1733 3830 1936 3873 cornua
1986 3820 2089 3874 sibi

498 3897 760 3965 evellere,
782 3902 946 3971 quam
972 3901 1025 3956 vi
1056 3900 1279 3977 nitendo
1309 3910 1516 3973 petram
1550 3904 1690 3962 hanc
1717 3907 1950 3965 evellere
1977 3910 2089 3965 "'9.

502 3988 691 4046 Solent
720 3991 865 4066 enim
910 3991 1153 4069 quidam,
1195 4008 1317 4049 cum
1370 3995 1635 4067 coeperint
1679 3999 1835 4069 quasi
1889 4016 2089 4057 cornua

499 4080 827 4140 conﬁdentis
861 4082 953 4115 "‘°
986 4082 1091 4141 sibi
1114 4085 1364 4159 scientiae
1417 4087 1734 4156 producere,
1784 4093 2094 4152 nescientes

499 4173 646 4243 quod
664 4172 712 4247 si
733 4172 858 4245 quis
900 4173 1134 4231 testimat
1190 4189 1248 4229 se
1278 4175 1419 4230 scire
1455 4175 1687 4248 aliquid,
1731 4183 1964 4239 nondmn
1999 4201 2094 4240 co-

500 4262 690 4332 gnovit
711 4250 1168 4332 quemadmodum
1184 4273 1432 4335 oporteat
1457 4280 1580 4320 eum
1610 4268 1773 4332 scire,
1801 4278 2090 4342 antequam

503 4351 739 4408 habeant
762 4367 861 4424 per
899 4344 1237 4429 soliditatem
1271 4353 1390 4409 ﬁdei
1421 4355 1536 4415 alas
1553 4354 1855 4435 'spiritales,
1886 4379 2093 4434 praesu-

504 4441 705 4498 mendo
742 4442 1139 4500 in.altissimas
1182 4442 1250 4499 de
1296 4443 1399 4501 ﬁde
1433 4448 1758 4517 qumstiones
1788 4467 2089 4524 assurgere.

508 4530 663 4607 [inde
685 4532 743 4587 ﬁt
766 4541 845 4598 ut,
870 4534 997 4589 dum
1030 4535 1097 4590 ad
1137 4533 1248 4600 illa,
1280 4551 1399 4604 qua:
1420 4539 1570 4609 prius
1598 4539 1719 4615 ﬁdei
1751 4543 1951 4599 scalam
1974 4544 2093 4600 exi-

502 4622 658 4694 gu’nt,
680 4625 818 4682 sicut
839 4626 1101 4699 scriptum
1120 4639 1203 4685 est
1232 4647 1244 4684 :
1280 4628 1402 4695 Nisi
1424 4631 1747 4688 credideritis
1766 4673 1782 4699 ,
1815 4649 1918 4689 non
1945 4636 2097 4691 intel-

502 4708 675 4786 ligetis
706 4713 845 4789 (Isa.
898 4708 1095 4794 vrug,
1121 4729 1450 4792 praepostere
1473 4721 1623 4791 prius
1651 4737 1745 4794 per
1762 4722 2090 4781 intellectum

503 4813 773 4863 conantur
797 4810 1122 4878 ascendei'e.
1158 4811 1501 4867 multimodos
1553 4827 1768 4870 errores
1814 4831 1910 4886 per
1939 4816 2093 4871 iulcl~

2124 4503 2173 4564 ι)

2189 3188 2309 3244 qua:
2331 3188 2427 3243 per
2452 3172 2786 3228 intellectum
2815 3171 3019 3226 satiant
3048 3187 3061 3222 :
3098 3169 3297 3224 frustra
3325 3170 3521 3240 quippe
3551 3181 3793 3224 ets-aur

2190 3264 2411 3321 dicere:
2447 3263 2619 3335 Super
2680 3278 2858 3317 omnes
2896 3262 3136 3316 docentes
3182 3276 3265 3315 me
3308 3260 3545 3316 intellexi
3603 3257 3788 3329 (Psaf.

2188 3354 2448 3425 cvm,99)
2473 3395 2488 3419 ,
2526 3354 2618 3424 qui
2650 3351 2897 3422 proferre
2939 3366 3042 3407 non
3094 3352 3284 3415 audet;
3318 3351 3443 3421 quia
3484 3351 3793 3406 testimonia

2189 3455 2281 3500 tua
2298 3445 2566 3501 meditatio
2582 3460 2698 3498 mea
2724 3454 2797 3498 est
2822 3442 3035 3514 (Ibid).
3059 3442 3127 3498 Et
3175 3442 3511 3498 mendaciter
3538 3456 3794 3512 pranun-

2192 3537 2524 3608 tiat:Super
2572 3553 2717 3593 senes
2754 3537 3020 3603 intellexi,
3067 3538 3176 3593 cui
3217 3551 3323 3591 non
3374 3544 3458 3592 est
3517 3535 3805 3591 familiare

2191 3631 2333 3701 quod
2356 3630 2608 3701 sequitur
2634 3646 2650 3686 :
2706 3629 2846 3696 Quia
2890 3630 3143 3683 mandata
3179 3629 3272 3661 ¹¹⁶⁸
3300 3638 3394 3682 tua
3426 3629 3669 3698 numiui.
3701 3630 3798 3685 Ni-

2184 3721 2392 3777 mirum
2437 3721 2540 3776 hoe
2590 3717 2767 3791 ipsum
2810 3721 2952 3790 quod
2991 3720 3135 3785 dico,
3188 3719 3280 3790 qui
3320 3732 3425 3775 non
3462 3721 3795 3786 crediderit,

2194 3828 2299 3869 nou
2332 3812 2617 3883 intelliget.
2660 3811 2794 3866 Nam
2820 3812 2911 3883 qui
2971 3826 3079 3866 non
3128 3811 3442 3876 creliderit,
3473 3827 3581 3866 non
3622 3827 3803 3884 expe—

2194 3908 2480 3973 rietur;et
2506 3908 2597 3977 qui
2645 3916 2903 3977 expertus
2950 3919 3057 3960 non
3125 3902 3309 3971 fuerit,
3364 3916 3473 3959 non
3522 3905 3805 3976 intelliget

2197 3999 2309 4052 ωε.
2333 3997 2468 4053 Nam
2496 4006 2758 4068 quantum
2790 3997 2867 4051 rei
2897 3998 3139 4051 auditum
3186 4004 3407 4067 superat
3426 3996 3801 4065 experientia;

2196 4100 2405 4146 tantum
2454 4089 2629 4145 vincit
2693 4088 2963 4143 audientis
3029 4087 3394 4156 cognitionem
3451 4086 3805 4158 experientis

2194 4181 2458 4237 scicntia:
2491 4187 2547 4235 et
2575 4194 2681 4234 non
2703 4179 2880 4235 solum
2903 4180 2971 4234 ad
2997 4179 3405 4252 intelligendum
3435 4177 3631 4234 altiora
3659 4194 3795 4250 pro-

2196 4272 2412 4327 hibetur
2438 4286 2592 4327 mens
2619 4264 2915 4326 inscendere
2927 4271 3045 4327 sine
3073 4272 3178 4328 ﬁde
3205 4272 3297 4305 ⁸³⁸⁷
3320 4279 3378 4327 et
3404 4269 3799 4326 mandatorum

2196 4361 2293 4417 Dei
2327 4361 2772 4427 obedientia,scd
2801 4362 2966 4416 etiam
2982 4361 3272 4432 aliquando
3298 4362 3457 4418 datus
3480 4360 3805 4416 intellectas

2197 4453 2553 4515 subtrahitur,
2581 4462 2636 4508 et
2654 4482 2657 4487 -
2677 4453 2809 4508 ﬁdes
2838 4452 2953 4523 ipsa
2989 4454 3345 4520 subvertitur,
3369 4452 3613 4525 neglecta
3647 4452 3799 4524 bona

2200 4543 2555 4599 conscientia.
2578 4541 2671 4599 Ait
2692 4544 2836 4598 enim
2884 4545 2986 4578 ⁸³⁸⁸
3014 4545 3081 4599 de
3101 4544 3420 4615 quibusdam
3452 4543 3757 4614 Apostolus
3781 4550 3803 4599 ἐ

2201 4635 2336 4691 Cum
2372 4634 2730 4707 cognovissent
2779 4635 2968 4700 Deum,
3010 4652 3117 4691 non
3161 4637 3294 4691 sicut
3326 4636 3494 4692 Deum
3523 4634 3802 4704 gloriﬁca-

2201 4738 2509 4793 rerunt,aut
2533 4729 2734 4799 gratias
2756 4738 3003 4798 egerunt;
3029 4729 3122 4784 sed
3147 4737 3474 4783 evanuerunt
3498 4727 3553 4781 in
3588 4729 3801 4796 cogita-

2204 4820 2431 4874 tionibus
2475 4820 2609 4885 suis,
2633 4829 2679 4873 et
2707 4819 3041 4873 obscuratum
3070 4829 3145 4873 est
3192 4819 3442 4888 insipiens
3470 4832 3560 4871 cor
3606 4832 3801 4870 eorum

1762 4968 1991 5026 VARle
2025 4969 2426 5028 LECTIONES.

579 5105 1681 5184 ""iactabundze'l‘evitatimsszjactantye
1703 5108 1908 5184 levitati
1983 5111 2149 5168 “"ln
2164 5109 2852 5184 epistolamss.41_'h_tt.Corb.
2897 5110 3031 5167 Vict.
3059 5109 3207 5167 Gem.
3232 5113 3389 5184 editio
3414 5111 3572 5184 Goth.
3599 5112 3651 5167 in
3687 5115 3801 5172 bac

598 5178 772 5253 stola__
794 5178 897 5253 ﬁt“
921 5176 1178 5253 Precibus
1206 5196 1331 5234 mss.
1366 5176 1555 5235 Cister.
1600 5179 1749 5253 Gem.
1794 5180 1931 5253 T_Itu_.
1981 5176 2337 5252 petitionibus
2410 5182 2507 5253 ff”
2529 5180 2717 5244 Multa,
2749 5196 2870 5253 qua!
2902 5198 3028 5238 mss.
3069 5184 3194 5238 edit.
3221 5181 3380 5239 Gotlt.
3413 5183 3578 5253 multa

3602 5197 3799 5253 posse,

511 5259 632 5315 qua:
681 5239 1236 5323 meuotiCatbolica
1262 5267 1388 5323 mss.
1403 5250 1676 5321 quomodo
1690 5239 2168 5323 ‘quoducat'holica
2207 5252 2366 5307 editio
2394 5251 2552 5307 Goth.
2584 5239 2841 5322 quoniam
2863 5254 3008 5323 quod
3033 5253 3310 5309 Catholica
3384 5254 3475 5286 "’7
3504 5239 3803 5320 Quomodo

510 5331 618 5394 non
651 5317 723 5394 sit
749 5330 873 5374 mss.
906 5318 1052 5394 lfdit.
1082 5317 1440 5394 GothLomill'.
1467 5317 1739 5394 quomodo
1765 5390 1775 5394 _
1813 5321 1908 5394 “fi
1940 5321 2000 5376 In
2031 5338 2090 5378 se
2118 5334 2295 5394 potest
2343 5317 2622 5379 conﬁdens
2650 5339 2778 5378 mss.
2811 5317 2990 5394 potest
3020 5324 3072 5379 in
3118 5339 3178 5379 se
3221 5325 3502 5394 conﬁdens
3529 5317 3547 5320 θ
3578 5325 3674 5394 “f’
3708 5325 3801 5380 ln-

513 5386 787 5442 nitendo..
817 5387 1048 5445 evellere
1068 5407 1195 5446 mss.
1230 5388 1439 5446 Thuan.

1529 5393 1621 5446 ict.
1650 5390 1806 5445 Corb.
1833 5387 1983 5446 Gem.
2018 5387 2259 5448 nitendo.
2280 5431 2294 5447 .
2325 5395 2577 5448 evolvere
2653 5394 2747 5427 ¹²⁸⁰

2824 5394 3134 5450 cnﬁdentia
3180 5411 3309 5450 mss.
3353 5391 3485 5448 Vict.
3512 5395 3566 5450 5.
3594 5392 3799 5453 Cister.

513 5456 577 5513 S.
604 5456 779 5535 Hic-lt.
808 5458 1169 5535 ,σαίρω-(ἔσω.
1201 5459 1524 5517 conﬁdentis
1558 5478 1683 5535 mss.
1729 5460 1864 5535 lfict.
1911 5463 1999 5517 15.
2043 5473 2091 5535 et
2139 5461 2298 5518 Corb.
2339 5464 2646 5535 conﬁtentis
2719 5465 2808 5501 ¹⁸⁶¹
2847 5465 3247 5535 Prteceptorum
3288 5464 3799 5535 Dominicustodia

513 5543 642 5582 mss.
693 5528 853 5583 editio
883 5525 1037 5605 Cotti.
1070 5544 1166 5600 per
1194 5541 1584 5602 praeceptorum
1614 5531 1826 5605 Domini
1869 5533 2179 5605 custodiam
2257 5535 2350 5569 ¹¹⁶³
2379 5534 2593 5590 Domini
2623 5533 2805 5604 Pater,
2827 5552 2954 5590 mss.
2999 5525 3180 5598 P'ater,
3212 5536 3437 5591 Domine
3510 5534 3605 5605 ²Ἶ⁶³
3631 5535 3803 5591 Post-

512 5606 774 5677 poneutes
827 5614 927 5677 _ms.
977 5596 1124 5677 Getis.
1183 5596 1547 5677 proponentes
1619 5602 1713 5677 "ff
1745 5603 1946 5677 verum
1988 5604 2145 5677 enim
2198 5612 2285 5661 est
2330 5605 2456 5677 quia
2498 5615 2707 5677 quanto
2742 5596 2881 5677 mss.
2908 5605 3025 5677 ἸξΙῃι
3069 5596 3241 5677 omitt.
3269 5606 3397 5677 quia
3473 5603 3567 5638 ¹¹⁶⁸
3590 5605 3804 5677 Sequi-

515 5675 607 5723 tur
638 5686 653 5723 :
682 5668 875 5725 manda
909 5685 1035 5723 mss.
1064 5668 1210 5725 Geni.

1300 5673 1392 5727 ict.
1421 5672 1579 5748 Coro.
1625 5672 1754 5748 edit.
1791 5669 2283 5748 Gothusequitur:
2316 5669 2467 5748 q'uia
2490 5669 2745 5732 mandata
2806 5674 3072 5748 A““_Nam
3098 5669 3364 5748 intellig'et
3388 5693 3515 5733 mss.
3557 5692 3665 5733 non
3684 5669 3800 5733 ἐο-

514 5748 739 5810 gnoscet
810 5739 902 5773 ""
931 5738 1061 5798 Sine
1093 5740 1217 5798 vitae
1257 5758 1385 5798 nm.
1446 5744 1574 5799 edit.
1614 5741 1771 5800 Gotlt.
1810 5744 1928 5801 sine
1957 5738 2089 5803 ﬁde‘
2140 5748 2247 5810 ,ηδ’
2275 5738 2351 5804 Αἱ
2382 5745 2530 5804 enim
2578 5762 2707 5802 mss.
2751 5746 2878 5804 edit.
2905 5745 3066 5804 Goth.
3097 5746 3187 5803 Ait
3220 5738 3364 5804 enim

3664 5900 3737 5918 Κ
