4030 6290
173 316 272 374 263

1459 318 1547 376 DE
1586 318 1743 375 FIDE
1775 317 2195 376 TRINITATIS.

3349 328 3456 384 εδδ

170 433 341 505 (Rom.
375 447 414 501 ι,
442 431 556 505 ﬁl).
588 432 799 490 Etcum
826 432 1146 505 prtcciperet
1194 430 1479 488 Timotheo
1522 431 1756 489 militare
1782 435 1831 496 Α
1866 430 2070 501 Pagani
2091 430 2377 501 defendunt
2403 432 2566 505 legent
2587 450 2738 491 suam
2764 453 2783 491 :
2809 436 2989 492 Juda'i
3042 438 3328 509 defendunt
3382 442 3453 496 Ie-

167 523 406 576 rnilitiam
447 521 659 589 bonum,
690 521 769 577 ait
823 522 1020 577 habens
1074 521 1330 591 fidem,et
1377 521 1568 577 bonam
1633 539 1759 578 con-

166 614 458 679 scientiam,
513 628 673 684 quam
728 613 947 683 quidam
1012 612 1317 684 repellentes
1344 652 1360 680 ,
1408 613 1551 670 circa
1596 615 1757 683 ﬁdem

167 702 613 772 naufragaverunt
637 700 690 773 (1
718 702 853 758 Tim.
880 718 921 769 ι,
960 702 1070 774 i9).
1101 701 1272 759 Nemo
1299 719 1427 777 ergo
1450 719 1510 760 se
1553 712 1759 761 temere

165 794 451 864 immergat
477 795 532 849 in
576 795 669 826 ¹³⁶⁹
699 796 975 851 condensa
1033 795 1340 852 divinarum
1377 797 1468 828 “7°
1497 798 1755 868 quaestio-

164 901 284 938 num
310 924 327 950 ,
366 885 473 941 nisi
518 900 669 955 prius
709 886 761 941 in
810 886 1082 943 soliditate
1102 886 1259 955 ﬁdei,
1289 888 1597 959 conquisita
1646 905 1759 945 mo.

164 990 276 1029 rum
314 985 375 1030 et
403 976 684 1047 sapientize
720 977 996 1047 gravitate
1053 994 1124 1035 ne
1166 995 1263 1049 per
1297 980 1619 1051 multiplicia
1669 997 1758 1037 so-

168 1069 500 1139 pbismatum
527 1070 848 1125 diverticula
872 1072 1088 1127 incauta
1149 1070 1240 1104 “7‘
1296 1072 1516 1131 levitate
1546 1073 1756 1130 discur—

178 1172 322 1227 rens,
382 1163 563 1233 aliqua
620 1164 795 1219 tenaci
836 1164 1165 1234 illaqueatur
1200 1165 1457 1221 falsitate.
1513 1164 1757 1237 Cumque

162 1268 370 1319 omnes,
399 1264 458 1308 ut
477 1254 795 1311 cautissime
855 1256 925 1310 ad
965 1272 1133 1312 sacra:
1180 1257 1389 1328 pagina:
1428 1258 1757 1329 qurestiones

160 1349 448 1415 accedant,
500 1349 613 1404 sint
664 1350 1045 1407 commonendi
1092 1350 1216 1416 “7';
1259 1350 1334 1405 illi
1362 1350 1549 1421 utique
1584 1352 1755 1408 nostri

162 1440 420 1511 temporis
471 1440 739 1496 dialectici
790 1442 926 1512 (imo
983 1441 1268 1498 dialectice
1340 1442 1433 1474 ""
1488 1443 1753 1509 hazretici,

159 1533 248 1601 qui
285 1542 395 1589 nun
432 1532 527 1565 ““
551 1532 655 1590 nisi
688 1532 875 1589 ﬂatum
912 1534 1063 1590 vocis
1090 1542 1282 1605 putant
1304 1549 1428 1591 esse
1475 1535 1755 1591 universa-

161 1625 235 1681 les
268 1626 628 1692 substantias,
683 1635 740 1681 et
785 1627 877 1697 qui
908 1626 1149 1683 colorem
1206 1643 1312 1683 non
1357 1626 1503 1682 aliud
1549 1636 1754 1698 queunt

160 1716 471 1788 intelligere
522 1732 687 1788 quam
711 1732 913 1788 corpus
944 1719 1061 1785 ³³⁷⁸,
1089 1734 1191 1774 nec
1225 1718 1553 1789 sapientiam
1579 1720 1753 1775 homi-

158 1805 236 1861 nis
262 1786 414 1860 aliud
447 1786 607 1876 quam
632 1786 891 1879 animam)
909 1823 1130 1880 prorsus
1154 1822 1185 1864 a
1210 1786 1574 1880 spiritualium
1600 1825 1750 1882 qum-
1782 1786 1829 1847 Β

158 1898 395 1953 stionum
426 1900 790 1970 disputatione
818 1910 946 1958 sunt
970 1890 1313 1958 exsumandi.
1344 1902 1400 1957 In
1424 1901 1534 1976 ω
1562 1917 1751 1960 eorum

157 1991 357 2061 quippe
380 1992 668 2050 animabus
704 1994 864 2059 ratio,
915 2010 1038 2064 qua:
1089 2004 1147 2051 et
1177 1996 1432 2067 princeps
1460 1997 1555 2029 ¹¹⁷⁶
1584 2006 1641 2052 ει
1655 1998 1751 2068 ju-

157 2082 253 2136 de:
282 2083 531 2137 omnium
566 2083 730 2141 debet
757 2100 880 2142 esse
899 2102 1021 2159 qua:
1049 2096 1179 2143 sunt
1209 2087 1262 2143 in
1301 2088 1540 2156 homine,
1566 2090 1645 2146 sic
1669 2099 1755 2146 est

155 2170 202 2225 in
218 2171 709 2243 imaginationibus
736 2176 827 2208 “"
865 2176 1244 2247 corporalibus
1267 2177 1553 2245 obvoluta,
1605 2188 1664 2235 ut
1684 2194 1752 2235 ex

154 2263 222 2320 eis
242 2279 312 2319 se
334 2280 445 2321 non
474 2268 647 2337 possit
675 2268 947 2334 evolvere,
986 2286 1089 2326 nec
1112 2272 1187 2327 ab
1218 2272 1349 2343 ipsis
1387 2282 1474 2340 ea,
1505 2275 1752 2346 quteipsa

154 2356 257 2411 sola
285 2366 348 2412 et
371 2373 511 2427 pura
554 2359 650 2393 ⁸³⁷⁸
694 2362 1072 2433 comtemplari
1120 2364 1300 2430 debet,
1328 2366 1505 2421 valeat
1552 2368 1756 2422 discer-

156 2462 304 2505 nere.
339 2438 452 2517 Qui
481 2450 628 2507 enim
668 2455 914 2511 nondum
956 2456 1212 2528 intelligit
1257 2460 1530 2529 quomodo
1573 2460 1758 2531 plures

158 2546 410 2602 homines
468 2547 522 2602 in
551 2548 735 2617 specie
764 2550 877 2606 sint
904 2568 1046 2609 unus
1084 2543 1281 2619 homo;
1319 2555 1554 2626 qualiter
1588 2556 1643 2612 in
1666 2556 1779 2619 illa.

156 2638 525 2694 secretissima
547 2648 604 2695 et
623 2640 895 2697 altissima
925 2653 1119 2700 natura
1162 2648 1588 2717 comprehendet
1617 2663 1759 2719 quu-

157 2729 321 2783 modo
338 2728 526 2799 plures
557 2738 827 2801 persentis.
877 2741 1109 2804 Quarum
1139 2737 1353 2806 singula
1398 2752 1628 2809 qucque
1673 2746 1759 2795 est

157 2816 435 2885 perfectus
490 2818 657 2886 Deus,
720 2821 833 2877 sint
876 2838 1020 2879 unus
1072 2825 1255 2882 Deus?
1308 2827 1376 2882 Et
1424 2828 1578 2899 cujus
1606 2844 1757 2886 mens

155 2908 390 2966 obscura
420 2919 503 2966 est
526 2911 617 2946 ¹²⁷⁹
638 2912 709 2967 ad
758 2914 1171 2971 discernendum
1230 2918 1323 2951 “3°
1378 2918 1521 2974 inter
1549 2933 1767 2989 equum.

156 3017 319 3061 suum
386 3014 443 3061 et
502 3006 738 3062 colorem
785 3006 941 3076 ejus;
997 3009 1232 3079 qualiter
1294 3012 1569 3067 discernet
1614 3013 1758 3069 inter

158 3111 327 3150 unum
355 3096 525 3152 Deum
549 3106 605 3153 et
631 3097 814 3168 plures
873 3098 1166 3157 relationes
1183 3099 1300 3170 ejus
1322 3102 1347 3157 ἲ
1394 3101 1639 3173 Denique
1660 3104 1753 3174 qui

158 3208 257 3248 non
318 3201 499 3263 potest
554 3193 858 3266 intelligere
911 3194 1118 3266 aliquid
1172 3210 1295 3252 esse
1320 3196 1616 3265 hominem,
1650 3199 1753 3256 nisi

160 3284 527 3353 individuum;
588 3287 894 3344 nullatenus
949 3288 1216 3361 intelliget
1271 3291 1585 3358 hominem,
1648 3293 1753 3349 nisi

158 3377 458 3432 humanam
488 3392 800 3448 personam.
830 3378 1023 3436 Omnis
1048 3382 1196 3437 enim
1230 3381 1541 3437 individuus
1569 3383 1753 3448 homo,

158 3480 395 3535 persona
426 3476 533 3523 est.
559 3470 839 3535 Quomodo
868 3486 1001 3542 ergo
1054 3471 1157 3528 iste
1182 3472 1444 3544 intelliget
1478 3474 1753 3530 hominem

159 3571 499 3633 assumptum
555 3578 676 3619 esse
711 3579 744 3617 a
785 3563 984 3631 Verbo,
1039 3580 1147 3620 non
1202 3580 1519 3635 personam,
1565 3566 1621 3621 id
1670 3574 1758 3622 est

158 3654 322 3707 aliam
345 3662 620 3721 naturam,
653 3670 762 3709 non
828 3655 990 3710 aliam
1054 3670 1343 3726 personam
1379 3670 1503 3713 esse
1543 3670 1757 3715 assum-

159 3752 303 3810 ptant
324 3743 348 3796 2
372 3741 499 3799 liae
530 3744 642 3799 dixi
667 3784 685 3812 ,
713 3759 783 3799 ne
807 3745 932 3814 quis
970 3753 1260 3818 antequam
1288 3747 1362 3802 sit
1396 3747 1642 3814 idoneus,
1672 3748 1753 3803 al-

160 3835 403 3891 tissimas
445 3835 514 3891 de
560 3836 667 3892 ﬁde
721 3838 1052 3909 qtuestiones
1098 3849 1392 3909 praesumat
1443 3841 1752 3908 discutere;

159 3936 268 3996 aut,
296 3928 349 3983 si
377 3932 804 3999 praesumpserit,
850 3929 999 3986 nulla
1053 3930 1341 3987 difﬁcultas
1388 3933 1757 4004 autimpossi-

159 4020 343 4077 bilitas
372 4022 706 4094 intelligendi
770 4024 950 4079 valeat
1002 4024 1150 4079 illum
1199 4027 1500 4091 averitatc,
1528 4028 1613 4081 cui
1659 4041 1757 4097 per

159 4114 324 4171 ﬁdem
352 4118 603 4184 adhaesit,
653 4128 910 4175 excutere
963 4120 1081 4175 ml.
1142 4119 1265 4175 dum
1313 4120 1639 4176 veniendum
1669 4128 1759 4176 est

157 4210 223 4264 sd
252 4211 308 4266 id
340 4222 564 4284 propter
584 4213 726 4284 quod
755 4212 1098 4284 inctepimus.

779 4320 1011 4378 CAPUT
1049 4321 1133 4377 lli.

160 4410 316 4478 Quod
348 4428 449 4467 non
478 4424 602 4468 sunt
631 4424 733 4469 tres
755 4415 830 4468 dii
872 4429 892 4467 ς
923 4424 971 4469 et
1014 4426 1315 4485 quanquam
1369 4417 1476 4471 sint
1523 4427 1627 4471 tres
1672 4432 1753 4473 res

339 4486 666 4552 personata;
697 4502 803 4539 una
828 4495 1001 4540 tamen
1027 4497 1103 4540 est
1146 4503 1227 4539 res
1266 4489 1580 4545 essentialis.

224 4572 378 4629 Dicit
408 4575 573 4646 (sicut
601 4575 785 4644 audio)
809 4574 918 4641 ille,
957 4576 1048 4646 qui
1087 4585 1199 4631 tres
1244 4590 1509 4645 personas
1552 4578 1753 4635 dicitur

157 4678 412 4722 asserere
440 4680 564 4723 esse
587 4666 733 4724 velut
761 4675 873 4723 tres
904 4667 1149 4737 angelos,
1196 4676 1293 4723 aut
1346 4679 1457 4725 tres
1514 4670 1745 4724 animas.

1858 540 1973 594 gem
1999 540 2151 578 suam
2176 540 2196 579 :
2226 540 2349 595 ergo
2373 535 2421 579 et
2447 543 2540 581 nos
2566 523 2855 582 Christiani
2878 529 3124 583 debemus
3176 530 3455 600 defendere

1856 614 2017 682 ﬁdem
2040 626 2297 670 nostram.
2335 618 2635 674 Audiamus
2663 621 2936 690 quomodo
2970 621 3072 679 iste
3106 620 3455 680 Christianus

1859 704 2112 761 defendat
2144 705 2306 762 ﬁdem
2336 723 2512 763 suam.
2543 708 2627 775 Si,
2662 710 2857 782 inquit,
2912 721 3017 767 tm
3048 729 3284 783 persona:
3333 727 3453 771 sunt

1858 811 1966 850 una
1986 806 2191 851 tantum
2216 814 2319 864 res,
2344 807 2391 854 et
2417 816 2521 854 non
2548 812 2667 855 sunt
2694 811 2799 856 tres
2820 819 2924 868 res,
2948 820 3271 875 unaqua'atte
3291 822 3379 864 ncr
3400 823 3456 861 δε

1856 889 2162 959 separatim,
2184 891 2318 945 sicut
2349 900 2453 946 tres
2478 894 2651 963 angeli
2684 904 2777 947 aut
2807 904 2911 950 tres
2936 897 3158 962 animm;
3183 900 3256 952 ita
3278 907 3455 953 tamen

1858 992 1912 1037 ut
1951 982 2216 1038 voluntate
2235 991 2284 1038 et
2316 985 2547 1055 potentia
2573 986 2785 1040 omnino
2810 988 2913 1041 sint
2940 988 3076 1041 idem
3102 1002 3121 1040 :
3144 1005 3265 1060 ergo
3292 989 3455 1045 Pater

1856 1084 1905 1128 et
1928 1073 2157 1144 Spiritus
2180 1086 2393 1131 sanctus
2425 1084 2545 1130 cum
2586 1075 2729 1132 Filio
2784 1078 3091 1135 incarnatus
3122 1090 3219 1135 est.
3263 1082 3455 1140 Vitlete

1855 1167 1985 1239 quid
2015 1167 2160 1223 dicat
2189 1168 2292 1224 iste
2320 1168 2511 1236 homo;
2545 1170 2817 1241 quomodo
2859 1158 3114 1227 defendat
3159 1173 3261 1227 iste
3295 1173 3456 1230 Chri-

1857 1255 2067 1312 stianus
2102 1257 2262 1313 ﬁdem
2295 1272 2470 1314 suam.
2526 1258 2688 1315 Certe
2731 1268 2826 1315 aut
2877 1260 2993 1315 vult
3043 1262 3290 1318 contueri
3344 1273 3455 1318 tres

1857 1347 2007 1414 deos,
2044 1358 2139 1404 aut
2164 1364 2271 1404 non
2310 1350 2561 1423 intelligit
2592 1352 2737 1422 quod
2761 1353 2914 1408 dicit.
2964 1353 3071 1409 Sed
3104 1356 3147 1410 si
3184 1364 3294 1411 tres
3322 1358 3454 1412 deos

1855 1446 2165 1513 coiiiitetur,
2190 1464 2298 1502 non
2326 1451 2411 1505 est
2459 1448 2837 1517 Christianus;
2890 1450 2935 1508 si
2986 1463 3167 1507 autem
3220 1451 3457 1509 aﬂirmat

1856 1538 2000 1608 quod
2030 1554 2137 1593 non
2172 1538 2465 1611 intelligit,
2500 1556 2606 1595 non
2656 1541 2731 1596 illi
2781 1542 3112 1598 credendum
3159 1554 3264 1600 est.
3316 1545 3457 1605 Huic

1856 1630 2062 1685 homini
2120 1642 2225 1686 nun
2286 1641 2369 1687 est
2417 1632 2851 1703 respondendum
2907 1637 3233 1692 auctoritate
3282 1653 3456 1694 sacra:

1857 1719 2182 1791 Scriptum;
2214 1722 2339 1793 quia
2372 1732 2464 1778 aut
2491 1724 2539 1779 ei
2568 1740 2674 1779 non
2702 1726 2898 1791 credit,
2926 1737 3020 1782 aut
3044 1742 3165 1782 eam
3196 1744 3456 1799 perverso

1856 1813 2451 1883 sensuintcrpretatur.
2480 1814 2619 1883 Quid
2642 1816 2787 1872 enim
2834 1818 3075 1888 apertius
3121 1818 3255 1875 dicit
3300 1819 3455 1875 Scri-

1855 1913 2012 1974 ptura
2035 1921 2214 1971 sacra,
2244 1923 2405 1978 qttatn
2437 1908 2582 1978 quod
2606 1909 2751 1965 Deus
2780 1908 2870 1941 ¹²⁸²
2898 1926 3040 1966 unus
3068 1920 3125 1967 et
3151 1912 3298 1969 solus
3323 1921 3408 1970 est
3431 1914 3455 1968 2

1857 1997 2088 2054 llatione
2116 1999 2297 2070 igitur,
2330 2014 2436 2070 qua
2467 2015 2525 2055 se
2557 1999 2851 2056 defendere
2881 2002 3099 2068 nititur,
3131 2001 3251 2072 ejus
3299 2012 3461 2060 error

1856 2090 2316 2148 demonstrandus
2343 2101 2448 2149 est.
2484 2092 2555 2147 Ut
2581 2104 2763 2148 autem
2794 2093 3009 2149 facilius
3023 2104 3079 2150 et
3108 2095 3327 2151 brevius
3351 2097 3455 2153 hoc

1856 2181 2078 2249 faciam,
2106 2182 2524 2253 loquartantum
2556 2185 2623 2240 de
2653 2184 2816 2240 Patre
2857 2196 2911 2240 et
2968 2185 3139 2252 Filio;
3195 2188 3455 2258 quoniam

1857 2273 1940 2329 lite
1966 2273 2085 2329 dum
2108 2288 2353 2344 persona:
2382 2274 2497 2331 suis
2519 2276 2755 2346 propriis
2772 2275 2996 2332 vocibus
3022 2276 3143 2332 alia:
3198 2276 3268 2333 ab
3318 2278 3458 2333 invi-

1856 2376 1976 2417 cem
2010 2372 2197 2433 aperte
2216 2363 2591 2434 designantur.
2618 2363 2753 2418 Nam
2782 2379 2979 2422 nomen
3014 2364 3254 2435 Spiritus
3278 2366 3454 2421 sancti

1860 2469 1966 2511 non
1997 2463 2085 2510 est
2115 2454 2351 2510 alienum
2378 2470 2409 2509 a
2440 2454 2602 2512 Patre
2630 2464 2685 2511 et
2714 2455 2851 2511 Filio
2874 2498 2891 2523 ,
2928 2455 3055 2527 quia
3100 2465 3331 2527 uterque
3373 2466 3461 2513 est

1857 2552 1913 2599 et
1941 2542 2204 2614 Spiritus,
2225 2553 2282 2600 et
2309 2554 2550 2600 sanctus.
2593 2544 2750 2612 Quod
2780 2556 2965 2601 autem
3011 2546 3065 2600 in
3088 2544 3253 2601 Patre
3282 2555 3338 2602 et
3364 2545 3460 2601 Fi-

1858 2634 1933 2692 lio
1957 2636 2023 2692 de
2047 2636 2256 2692 unitate
2276 2635 2616 2702 substantia),
2643 2635 3067 2706 vel-pluralitate
3096 2653 3459 2709 personarum

1860 2727 2220 2795 inveniemus,
2260 2728 2364 2784 hoc
2394 2728 2445 2784 iu
2480 2728 2657 2785 tribus
2682 2728 2892 2799 absque
2938 2728 3107 2785 dubio
3157 2745 3458 2802 cognosces

1860 2836 1980 2877 tuus
2009 2821 2125 2875 ""3.
2151 2822 2307 2877 Dicat
2340 2836 2473 2892 ergo
2506 2838 2520 2875 :
2554 2819 2613 2876 Si
2632 2821 2753 2875 dm
2783 2836 3041 2891 personat,
3096 2817 3263 2876 Pater
3285 2831 3334 2877 et
3362 2820 3462 2875 Fi-

1858 2916 1981 2980 lius,
2010 2931 2113 2969 non
2141 2923 2261 2969 sunt
2290 2914 2412 2968 dua:
2434 2929 2535 2967 res.
2570 2912 2890 2981 Quaeramus
2914 2912 3147 2983 primum
3173 2913 3305 2984 quid
3328 2911 3462 2969 velit

1858 3009 1947 3065 hic
1968 3010 2150 3067 dicere
2169 3009 2305 3064 duas
2333 3026 2437 3065 res.
2468 3008 2605 3065 Nam
2665 3024 3110 3081 unamquamque
3165 3022 3461 3082 personam

1857 3099 2131 3157 credimus
2158 3115 2280 3156 esse
2307 3100 2432 3167 hoc,
2463 3100 2607 3172 quod
2628 3116 2917 3158 commune
2959 3112 3046 3159 est
3072 3103 3370 3170 ambobus;
3402 3112 3460 3159 et

1858 3208 1979 3250 esse
2005 3192 2129 3257 boc,
2161 3193 2304 3263 quod
2332 3193 2609 3264 proprium
2638 3201 2723 3249 est
2745 3194 2872 3250 sibi.
2913 3194 3149 3251 Persona
3174 3194 3320 3250 enim
3352 3195 3459 3250 Pa-

1859 3286 1977 3349 tris,
2004 3294 2060 3341 et
2094 3285 2236 3341 Deus
2268 3294 2374 3350 est,
2396 3290 2542 3355 quod
2578 3300 2867 3341 commune
2918 3294 3003 3341 est
3030 3284 3103 3341 illi
3135 3300 3259 3342 cum
3282 3286 3457 3351 Filio;

1856 3376 2095 3435 etPatcr
2140 3387 2244 3441 est,
2298 3377 2442 3446 quod
2499 3376 2548 3432 ei
2604 3376 2884 3446 proprium
2914 3376 3005 3407 ’³⁸⁸
3036 3386 3138 3431 εει.
3187 3376 3461 3433 Similiter

1858 3486 2089 3541 persona
2135 3470 2278 3533 Filii,
2316 3477 2389 3527 et;
2415 3470 2557 3524 Deus
2598 3478 2704 3536 est,
2734 3468 2876 3539 quod
2912 3482 3199 3525 commune
3255 3479 3340 3525 est
3378 3470 3457 3525 illi

1858 3578 1982 3617 cum
2011 3561 2202 3626 Patre;
2234 3569 2289 3616 et
2318 3559 2493 3615 Filius
2519 3568 2625 3625 est,
2662 3560 2807 3631 quod
2833 3560 3051 3616 nonnisi
3104 3561 3173 3617 de
3207 3561 3311 3617 hac
3340 3563 3457 3618 sola

1857 3667 2086 3724 persona
2118 3652 2335 3709 dicitur.
2367 3652 2423 3707 In
2454 3652 2539 3707 his
2559 3650 2724 3721 igitur
2741 3650 2951 3708 duabus
2987 3653 3239 3724 personis
3286 3670 3455 3710 unum

1856 3752 1940 3799 est
1967 3758 2274 3807 commune,
2304 3742 2357 3797 id
2406 3751 2489 3799 est
2513 3742 2604 3774 ³³⁸³
2627 3741 2771 3798 Deus
2804 3760 2817 3796 :
2843 3752 2900 3798 et
2926 3743 3032 3799 duo
3054 3744 3296 3815 propria,
3336 3761 3459 3815 qua:

1857 3846 1982 3892 sunt
2014 3835 2178 3893 Pater
2193 3844 2249 3891 et
2270 3834 2458 3890 Filius.
2488 3833 2835 3904 Quaecunque
2854 3836 3003 3891 enim
3030 3836 3134 3893 illis
3159 3846 3287 3893 sunt
3308 3853 3458 3893 com—

1858 3928 2062 3991 munia,
2094 3936 2154 3981 ut
2182 3926 2550 3995 omnipotens,
2582 3935 2849 3992 :eternus,
2897 3928 2949 3982 in
2987 3928 3091 3983 hoc
3140 3930 3258 3984 solo
3307 3945 3460 3983 com-

1859 4020 2005 4074 muni
2043 4018 2437 4087 intelligunlttr.
2469 4018 2534 4073 Et
2566 4034 2687 4090 qum
2709 4030 2838 4073 sunt
2862 4020 3093 4089 singulis
3120 4022 3369 4090 propria,
3396 4033 3458 4076 ut

1857 4120 1941 4167 est
1965 4109 2111 4164 Patri
2139 4111 2354 4180 genitor
2387 4108 2503 4169 ¹¹¹¹⁸.
2526 4109 2611 4165 vel
2643 4108 2907 4180 gignens;
2937 4118 2995 4163 ει
3023 4108 3164 4165 Filio
3188 4108 3450 4173 Verbum,

1858 4203 1939 4258 vel
1968 4202 2222 4273 genitus;
2262 4201 2349 4257 his
2372 4200 2585 4256 duobus
2633 4200 2968 4264 nominibus,
3018 4200 3199 4257 Patris
3240 4201 3467 4259 scilicet

1855 4305 1912 4351 et
1934 4294 2056 4351 Filii
2078 4293 2477 4366 signiﬁcantur.
2518 4291 2653 4349 Cum
2686 4292 2851 4365 igitur
2871 4292 3004 4349 dicit
3033 4294 3135 4351 has
3182 4295 3315 4351 duas
3338 4311 3453 4366 per-

1857 4402 2021 4443 sonas
2040 4402 2161 4443 esse
2192 4386 2327 4442 duas
2358 4402 2469 4453 res,
2507 4400 2695 4457 quaero
2716 4385 2843 4458 quid
2873 4386 3021 4442 dicat
3042 4386 3117 4443 ibi
3166 4401 3289 4444 esse
3318 4389 3454 4443 duas

1786 4499 1841 4560 υ
1865 4480 1954 4511 ι²³⁷
1988 4492 2117 4535 res:
2148 4494 2216 4534 an
2251 4480 2302 4535 id
2336 4479 2479 4550 quod
2507 4494 2795 4535 commune
2815 4488 2898 4535 est
2941 4478 3080 4535 illis?
3106 4495 3176 4537 an
3226 4496 3291 4537 ea
3332 4497 3455 4553 qua:

1859 4573 2074 4644 propria
2099 4579 2226 4627 sunt
2245 4570 2455 4642 singula
2486 4571 2747 4641 singulis?
2771 4572 2876 4628 Sed
2909 4571 2955 4627 si
3003 4571 3142 4629 duas
3196 4587 3286 4629 res
3329 4588 3454 4629 esse

1858 4666 1991 4723 dicit
2015 4665 2123 4720 duo
2150 4664 2393 4736 propria,
2424 4664 2474 4718 id
2500 4675 2582 4720 est
2609 4664 2822 4720 l‘atrem
2844 4674 2901 4721 ct
2936 4665 3161 4733 Filium;
3181 4675 3241 4723 ut
3269 4675 3449 4724 tamen

1485 4878 1716 4947 VARIIE
1748 4882 2155 4948 LECTIONES.

220 5048 316 5080 ¹¹⁸⁹
339 5040 752 5117 Met‘g‘atinmss.
770 5036 915 5105 Edit.
936 5041 1091 5103 Colit.
1112 5051 1305 5105 immer
1344 5051 1469 5105 alin
1548 5052 1642 5091 "1°
1666 5050 2109 5106 Dillicillimarum
2140 5044 2429 5103 mss.Gent.
2454 5044 2590 5103 Vict.
2614 5046 2674 5104 ε.
2702 5049 3200 5105 Mich.Divinarum
3280 5050 3370 5081 ¹²⁷¹
3389 5048 3445 5103 In

220 5126 313 5171 nta
346 5118 963 5173 mss.Gem.Vict.Corb.
994 5119 1173 5173 Editin
1205 5068 1661 5173 Gotﬁicaincauta
1739 5123 1832 5154 “7'
1863 5118 2390 5173 Suntcommonendi
2428 5130 2555 5173 nm.
2587 5120 2693 5173 sint
2718 5121 3096 5173 commonendi
3194 5120 3289 5151 ³³⁷⁸
3318 5118 3445 5173 Dia.

161 5124 313 5171 tanta
346 5118 963 5174 niss.Gem.Vict.Corb.
994 5119 1173 5174 Editio
1205 5118 1303 5174 σοι

159 5187 374 5259 lectica:
402 5205 531 5244 mu.
563 5188 901 5259 EditLGoth.
942 5190 1221 5245 dialectice
1299 5189 1393 5223 “7‘
1426 5193 1527 5259 Qui

1600 5193 1778 5247 uident
1811 5209 1919 5248 non
1945 5207 2069 5245 mss.
2114 5188 2303 5244 Cister.
2334 5188 2471 5244 Vict.
2492 5188 2649 5245 Corb.
2676 5190 2813 5245 Tim.
2850 5192 3016 5244 omitt.

1346 5122 1661 5177 icaincauta
1739 5123 1832 5154 “7'
1863 5118 2390 5177 Suntcommonendi
2428 5130 2555 5173 nm.
2587 5120 2693 5175 sint
2718 5121 3096 5176 commonendi
3194 5120 3289 5151 ’³⁷³
3318 5118 3446 5173 Βίει

3052 5189 3274 5260 quidem
3353 5191 3447 5223 ¹²⁷⁸

159 5209 374 5244 ιεσιιεευ
402 5209 531 5244 mu.
563 5209 707 5244 Ball.
742 5209 901 5244 (ποια.
942 5209 1221 5245 αιιυεειιεε
1300 5209 1393 5223 ""
1426 5209 1527 5259 ψη
1559 5209 1778 5301 Ίιιιαεηι
1811 5209 1919 5248 non
1945 5209 2069 5245 ηιεις.
2114 5209 2303 5244 (ΑΜΒΓ.
2337 5209 2471 5273 ψει.
2492 5209 2649 5275 (dare.
2678 5209 2813 5272 luit:
2850 5209 3016 5273 ornat.
3052 5209 3274 5260 quidem
3353 5209 3447 5274 ’.⁸”

159 5256 289 5365 ,ίῖῗέἷ
306 5257 1508 5365 °°.'.'31'i.~"i”o;.f§i.'.2.ffi?.:.1"‘ffl‘.°°§?."s.-
1554 5263 1646 5365 ἒίῖ
1669 5263 1813 5365 22³3.
1824 5259 3451 5365 :Bii;'1?.ipii"‘fr‘..y"éiacii”§:.fﬁifztiff"'“£353,953:

158 5343 292 5397 ceps
375 5328 467 5401 ’πῖ
494 5330 593 5386 Est
632 5328 1109 5401 imaginationibus
1139 5348 1264 5386 mss.
1312 5328 1397 5385 est
1455 5333 1508 5387 in
1557 5328 2047 5401 imaginationibus
2080 5347 2178 5384 ms.
2212 5330 2254 5383 Τ
2257 5331 2348 5383 Im.
2380 5330 2486 5383 546
2513 5331 2564 5384 in
2620 5331 2967 5401 imaginibus.
3047 5333 3061 5363 ¹

3160 5331 3312 5400 Qum'
3330 5336 3448 5389 sola

156 5406 209 5476 et
257 5415 401 5469 pura
451 5400 567 5476 ipsa
606 5398 1097 5476 mss.'Ge_m._Yiet.
1130 5401 1287 5476 Corb.
1319 5418 1441 5472 qum
1474 5404 1584 5476 ipsa
1615 5398 1728 5458 sola
1756 5415 1821 5476 et
1852 5419 1983 5476 pura
2051 5403 2155 5476 _“"
2188 5401 2491 5476 obscurata
2542 5409 2628 5455 est
2678 5398 3054 5476 misuobsura
3083 5398 3209 5460 est"
3246 5404 3339 5438 m'
3363 5404 3448 5476 Aid

156 5468 587 5542 discernendum
636 5487 763 5525 mss.
794 5473 859 5524 ad
909 5471 1313 5542 dijudicandum
1337 5468 1452 5527 'ms.
1483 5468 1672 5529 Cister.
1708 5475 1775 5529 ad
1803 5468 2161 5542 jtidicandum
2239 5472 2331 5505 ⁸³⁸⁸
2358 5471 2625 5525 Excutere
2661 5488 2761 5542 ms.
2803 5468 2954 5527 Gem.
3005 5473 3281 5533 discutere
3354 5475 3447 5508 ¹¹⁸⁸

155 5536 339 5623 Quam
392 5542 537 5621 quod
573 5543 715 5623 Deus
767 5536 1151 5623 memmi/mali.
1188 5557 1367 5623 quam
1402 5546 1526 5623 quia
1552 5546 1701 5623 Deus
1763 5536 1856 5623 δ’δ’
1888 5543 2470 5623 Dubio_eognoscimus
2517 5557 2644 5623 mss:
2677 5541 2841 5623 dubio
2882 5558 3279 5616 cognOscemus
3352 5545 3453 5623 "ff

156 5609 319 5676 Quod
364 5609 421 5665 e't’
446 5614 723 5685 proprium
750 5628 876 5665 mss.
910 5611 1044 5667 Vict.
1074 5609 1237 5668 Cora:
1257 5609 1445 5669 Cistef.
1479 5616 1627 5671 fidit.
1651 5616 1810 5671 Galli.
1858 5618 2000 5685 quod
2034 5609 2479 5685 ejus'proprium
2554 5613 2645 5643 ¹’⁸⁸
2681 5612 2857 5685 linum
2884 5609 2985 5685 Nes't
3030 5632 3341 5682 commune,
3394 5618 3449 5672 id

158 5692 277 5753 est,
303 5698 437 5735 mss.
464 5681 601 5753 Titii.
637 5698 801 5737 unum
827 5692 928 5748 est,
961 5685 1104 5753 quod
1137 5700 1445 5751 commune,
1473 5688 1524 5740 id
1546 5695 1630 5741 est
1733 5688 1824 5720 ’³⁸⁸
1858 5681 1925 5742 Ut
1946 5694 2031 5741 cst
2056 5681 2236 5744 Pater,

457 5752 548 5787 ⁸³⁸⁷
575 5753 726 5808 Dicat
748 5753 820 5809 ibi
860 5752 995 5808 duas
1022 5771 1147 5808 mss.
1174 5756 1360 5812 Cister.
1386 5757 1446 5812 S.
1493 5757 1655 5813 Mirlt.
1680 5755 1828 5814 Gem.
1870 5756 2001 5811 Vict.
2038 5755 2177 5809 fidit.
2222 5752 2379 5810 Cotlt.
2424 5754 2572 5809 dicat
2622 5756 2690 5810 ibi
2718 5771 2841 5813 esse
2864 5760 3018 5815 duas.

155 5752 387 5821 genitor

583 5849 859 5911 Ρηιιοι..
904 5848 1152 5913 CLVlll

2275 5683 2490 5752 genitor
2519 5698 2643 5738 mss.
2685 5683 2831 5739 Edit.
2866 5684 3023 5741 Galli.
3063 5698 3123 5744 ut
3160 5702 3243 5747 est
3299 5686 3449 5745 Patri

3120 5856 3157 5915 9
