4030 6290
542 338 648 408 16‘?

1083 336 1142 394 S.
1191 322 1491 394 ΑΝεειιιι
1525 327 1879 389 CANTHAR.
1920 314 2264 385 ARCHHEP.
2297 316 2459 382 OPP.
2480 317 2671 378 PARS
2700 316 2742 374 l.
2780 344 2848 359 --
2879 310 3296 375 DOGMATICA.

544 463 621 531 id,
653 456 799 532 quod
819 463 1109 515 commune
1138 454 1245 519 est,
1278 458 1384 507 non
1413 440 1483 507 sit
1507 446 1691 520 plures
1717 460 1850 532 res,
1904 443 1998 501 sed
2028 458 2133 499 una
2164 448 2211 508 Α
2239 439 2422 532 Deus:
2452 445 2508 494 et
2537 434 2723 532 tamen
2761 428 2863 490 nec
2876 430 3168 488 ‘eredimus
3187 440 3312 532 nec
3362 421 3598 483 dicimus

543 529 614 609 et-
632 529 859 608 soleres
884 566 898 603 :
925 542 1200 618 superﬂue
1223 538 1504 607 huc'dlcit;
1530 537 1659 610 quia
1679 529 1843 592 nemo
1869 533 2139 591 Chtistia-

541 660 649 701 nus
676 641 966 700 conﬁtetur
989 635 1204 692 Patrem
1228 640 1281 687 et
1311 629 1530 696 Filium,
1562 626 1857 685 secundum
1881 624 1997 681 inec
2032 624 2142 681 duo

543 735 791 809 propria,
806 746 965 788 unam
996 743 1112 784 rem
1147 723 1405 791 esse,'sed
1424 720 1579 778 duas.
1601 717 2013 777 Solemuscnim
2037 731 2140 772 usu

543 807 728 883 dicere
756 832 892 887 rem,
926 815 1187 890 quidquid
1219 814 1401 884 aliquo
1430 813 1593 868 modo
1620 809 1854 867 dicimus
1879 822 2002 864 esse
2031 807 2153 863 ali-

541 915 694 988 quid.
723 913 827 982 Qui
854 920 1035 968 autem
1064 906 1284 963 dicitde
1316 905 1427 961 Deo
1476 902 1693 959 Patrem
1747 909 1841 957 aut
1879 898 2086 957 Filium
2118 917 2150 968 ,‘

542 1005 747 1079 aliquid
770 1004 836 1060 de
871 992 936 1059 eo
971 1000 1131 1066 dicit;
1169 1007 1223 1053 et
1257 1011 1445 1053 omnes
1474 996 1656 1052 sciunt
1695 990 1749 1050 in
1779 994 1889 1049 Deo
1910 992 2133 1049 Patrem

543 1113 651 1154 non
677 1111 798 1153 esse
821 1093 1039 1159 Filium,
1076 1100 1132 1147 et
1152 1088 1351 1145 Filium
1372 1103 1478 1143 non
1510 1101 1634 1143 esse
1654 1086 1903 1151 Patrem;
1944 1098 2149 1156 quamv

542 1188 627 1245 vis
657 1188 710 1244 in
743 1196 852 1243 uno
873 1184 1091 1241 homine
1109 1190 1272 1255 pater
1298 1180 1369 1237 sit
1406 1179 1569 1247 filius,
1601 1187 1657 1234 et
1683 1177 1829 1234 ﬁlius
1852 1176 1925 1233 sit
1954 1185 2133 1247 pater,

542 1279 589 1336 si
612 1278 754 1335 idem
792 1277 1058 1333 ltorho'est
1091 1281 1251 1346 pater
1271 1281 1326 1328 et
1352 1270 1495 1327 illius
1521 1269 1704 1341 :‘quod
1734 1268 1855 1325 ideo
1888 1266 1971 1335 lit,
2007 1268 2135 1340 quia

541 1372 599 1428 in
627 1368 741 1427 Deo
768 1370 1023 1426 dicuntur
1049 1364 1407 1438 opposite;ln
1439 1370 1546 1418 uno
1568 1376 1699 1418 vero
1748 1359 1975 1416 homine
2026 1374 2134 1415 non

544 1462 613 1518 ad
639 1461 910 1529 invicem;
942 1459 1037 1517 sed
1066 1442 1135 1515 iu
1157 1457 1323 1514 alium
1357 1452 1728 1527 liliumpa'ter,
1769 1460 1824 1509 ct
1846 1452 1916 1508 ad
1966 1452 2134 1508 alium

543 1562 754 1625 patrem
782 1553 924 1610 illius
952 1552 1168 1609 dicitur.
1200 1550 1314 1606 Hoc
1332 1560 1472 1621 ergo
1513 1547 1677 1604 modo
1709 1546 1846 1603 nihil
1881 1545 2138 1619 prohibet

544 1645 728 1701 dicere
756 1644 889 1700 duas
924 1658 1210 1716 personas,
1238 1640 1460 1698 Patrem
1502 1634 1777 1696 etFiliu‘m
1827 1652 1949 1695 esse
1999 1638 2137 1695 duas

544 1737 729 1803 res;si
758 1747 936 1793 tamen
991 1735 1325 1807 intelligatur
1373 1731 1677 1804 cuiusmodi
1725 1730 1835 1788 sint
1884 1744 1980 1788 res
2014 1729 2129 1785 ¹¹⁸⁸.

2241 530 2543 597 essedeos;
2584 527 2786 585 s‘ed‘tta
2815 538 2982 580 unum
3025 536 3149 579 esse
3187 521 3357 577 Deum
3395 529 3646 586 numero,
3692 518 3833 574 sicut

2240 632 2459 691 natura,
2492 619 2744 694 quamvis
2777 618 2952 693 ‘Pater
2983 625 3039 673 et
3059 615 3230 671 Filius
3256 624 3367 671 non
3395 611 3506 669 sint
3531 623 3697 678 unus,
3733 608 3837 667 sed

2241 714 2367 772 duo.
2398 713 2665 787 Angelum
2697 712 2843 769 enim
2874 718 2930 765 et
2955 707 3197 765 animam
3234 706 3533 763 secundum
3580 704 3838 761 substan-

2240 803 2370 859 tiam
2399 802 2652 870 dicimus,
2674 816 2783 857 non
2821 798 3120 856 secundum
3143 797 3491 853 reiationém.
3521 793 3679 862 Nam,
3705 794 3836 851 licet

2238 893 2419 964 angeli
2444 907 2642 950 nomen
2678 893 2747 949 ab
2771 889 2954 949 omcio
2979 897 3256 960 sumptum
3288 887 3362 943 sit
3411 884 3506 919 “"
3552 884 3683 957 quia
3732 894 3838 940 an-

2237 982 2388 1055 gelus
2416 984 2639 1040 nuntius
2663 982 2901 1050 dicitur;
2922 968 3295 1045 tamen,'sicut
3313 977 3494 1035 anima
3517 990 3619 1048 pro
3649 977 3837 1048 specie

2236 1073 2872 1146 substantize‘accipitu'r',
2901 1074 3061 1130 ita'et
3091 1064 3337 1143 angelus.
3385 1069 3544 1138 Quod
3589 1068 3709 1139 ipse
3752 1064 3839 1123 in:

2236 1167 2484 1239 telligcre
2518 1182 2578 1240 se
2597 1174 2883 1233 monstrat,
2922 1182 3045 1223 cum
3076 1166 3285 1238 pariter
3310 1163 3490 1218 dicit:
3532 1159 3683 1218 Sicut
3712 1168 3833 1215 sunt

2235 1269 2340 1315 tres
2366 1258 2560 1331 angeli,
2586 1268 2677 1314 aut
2707 1259 3046 1315 treslaaimw.
3076 1258 3263 1314 Talem
3291 1257 3475 1327 itaque
3501 1256 3600 1290 ’⁸⁸⁸
3627 1254 3843 1325 signif-

2236 1360 2325 1409 cat
2347 1351 2717 1421 pluralitatem
2734 1350 2829 1386 ³²⁸⁶
2857 1360 2913 1406 et
2944 1350 3365 1421 separationem,
3392 1347 3608 1420 qualem
3633 1348 3841 1403 habent

2234 1442 2419 1514 plures
2446 1442 2621 1515 angeli
2644 1450 2740 1498 aut
2762 1441 2982 1510 anima,
3005 1442 3058 1497 id
3091 1450 3175 1497 est
3196 1434 3415 1511 qualem
3466 1438 3671 1493 habent
3715 1435 3841 1507 plus»

2235 1549 2326 1591 res
2346 1534 2687 1592 substantiae.
2725 1533 2881 1602 Quod
2911 1533 3090 1589 adhuc
3115 1541 3300 1603 aperte
3321 1539 3636 1586 monmrare
3681 1526 3838 1584 vide-

2236 1637 2348 1697 tur,
2373 1645 2500 1686 cum
2532 1629 2717 1686 subdit
2744 1646 2761 1684 :
2784 1628 2872 1684 Ita
2896 1637 3075 1684 tamen
3097 1637 3153 1683 ut
3191 1626 3452 1683 uoluntate
3496 1633 3545 1680 et
3582 1630 3844 1696 potestate

2235 1720 2447 1775 omnino
2477 1721 2580 1776 sint
2606 1720 2769 1775 idem.
2799 1718 2897 1777 Sic
2922 1708 3069 1775 enim
3096 1718 3351 1790 intelligit
3392 1716 3732 1773 voluntatem
3783 1723 3841 1770 ct

540 1800 663 1883 Non
693 1827 837 1884 enim
873 1827 953 1884 sic
982 1836 1108 1884 sunt
1135 1800 1300 1882 Pater
1333 1835 1389 1881 et
1412 1800 1584 1881 Filius
1608 1825 1726 1880 dum
1755 1838 1864 1892 res,
1897 1831 1956 1878 ut
1979 1824 2033 1879 in
2047 1823 2137 1879 his
2168 1800 2212 1862 Β
2240 1819 2562 1886 Mosi-Mem
2597 1812 2651 1867 in
2675 1811 2785 1869 illis
2812 1810 3061 1882 pluribus
3085 1811 3269 1876 rebus,
3296 1807 3760 1881 quemadmodum
3787 1808 3847 1863 iu

543 1916 754 1973 duabus
785 1918 949 1973 rebus
972 1916 1309 1988 intelligatur
1342 1929 1533 1971 eorum
1569 1912 1895 1983 substantia,
1924 1914 2023 1969 sed
2048 1928 2143 1969 eo-

542 2020 664 2062 rum
696 2006 1018 2079 relationes;
1042 2006 1293 2078 quamvis
1320 2005 1411 2061 ille
1435 2019 1531 2077 per
1546 2019 1629 2071 ea,
1672 2019 1793 2075 qua:
1840 2000 2145 2074 subiungit,

490 2120 503 2131 -
542 2106 734 2169 aperte
753 2099 1007 2153 ostendat
1034 2113 1093 2153 sc
1134 2113 1239 2153 non
1287 2090 1592 2168 intelligere
1643 2096 1749 2153 hoc
1797 2093 1961 2151 modo
2005 2094 2141 2150 duas

541 2205 807 2262 personas
830 2205 953 2247 esse
986 2176 1250 2247 dnas‘res.
1278 2188 1416 2245 Nam
1446 2205 1570 2269 cum
1602 2188 1735 2245 dicit
1763 2206 1775 2244 :
1811 2186 1872 2244 Si
1896 2198 2000 2243 tres
2020 2204 2141 2259 per-

542 2294 689 2334 sona:
723 2279 827 2334 sint
850 2293 955 2334 una
977 2285 1182 2334 tantum
1213 2296 1316 2345 res,
1344 2287 1393 2334 et
1420 2296 1523 2334 nou
1545 2286 1649 2334 tres
1683 2294 1783 2344 res,
1840 2276 2137 2349 subiungit,

540 2380 637 2438 per
663 2386 717 2425 se
744 2370 1050 2440 separatim.
1075 2368 1290 2441 Quippe
1321 2368 1486 2424 talem
1513 2368 1732 2425 videtur
1778 2366 2141 2439 pronuntiare

542 2461 980 2532 separationein,
1006 2473 1133 2530 qua:
1153 2458 1589 2531 prohibeat‘esse
1630 2456 1794 2515 simul
1840 2457 1895 2513 in
1944 2456 2137 2512 eodem

540 2551 763 2607 homine
781 2538 997 2623 patrem
1021 2559 1076 2606 et
1102 2549 1292 2605 lilium.
1342 2549 1454 2606 Per
1488 2549 1633 2605 hanc
1676 2560 1918 2621 namque
1962 2547 2137 2604 solam

539 2646 698 2710 putat
723 2653 783 2698 se
812 2647 971 2712 posse
1010 2639 1252 2697 liberare
1307 2640 1399 2673 “"
1443 2640 1663 2697 Patrem
1694 2656 1724 2695 a
1756 2640 2136 2697 communione

540 2734 937 2815 incarnationis
962 2751 1087 2793 cum
1110 2724 1287 2792 Filio.
1322 2734 1461 2792 Nam
1510 2750 1609 2807 per
1636 2734 1783 2790 illam
1833 2734 2138 2805 separatio-

539 2841 693 2898 nem,
732 2844 839 2911 qua
865 2826 1012 2887 aliud
1035 2832 1264 2886 estesse
1291 2829 1512 2885 Patrem
1543 2869 1559 2895 ,
1608 2837 1665 2885 et
1691 2828 1837 2883 aliud
1868 2832 1991 2885 esse
2036 2828 2135 2883 Fi-

542 2916 676 2972 lium
703 2917 796 2951 η’*
824 2918 1101 2989 (quoniam
1132 2917 1253 2973 alia:
1275 2929 1402 2974 sunt
1426 2916 1518 2950 ¹²⁹¹
1552 2916 1624 2971 ab
1667 2915 1902 2971 invicem
1947 2924 2135 2987 pater-

542 3010 689 3065 nitas
715 3018 772 3065 et
799 3008 1012 3083 tiliatio)
1049 3010 1096 3066 si
1114 3009 1301 3066 credit
1320 3018 1488 3065 unum
1510 3018 1569 3063 et
1594 3009 1771 3065 solum
1795 3022 1919 3064 esse
1940 3009 2131 3078 Deum,

542 3100 637 3172 qui
663 3107 747 3157 est
765 3099 927 3157 Pater
960 3108 1016 3158 et
1036 3099 1229 3167 Filius,
1257 3114 1364 3156 non
1396 3099 1545 3157 videt
1566 3098 1785 3155 Patrem
1839 3108 1897 3156 et
1937 3099 2136 3156 Filium

549 3151 636 3172 ττ-
766 3151 787 3154 -
810 3151 917 3157 m—
964 3151 1014 3158 --
1037 3151 1062 3157 -
1184 3151 1229 3167 -,
1258 3151 1364 3156 --νη
1409 3151 1544 3157 --ην
1566 3151 1587 3155 -
1845 3151 1895 3156 ς-
1937 3151 1959 3155 -

542 3206 706 3262 posse
729 3193 994 3262 separari,
1044 3192 1175 3263 quin
1223 3192 1331 3248 sint
1364 3192 1426 3247 in
1479 3191 1672 3248 eodem
1702 3190 1922 3248 homine
1952 3192 2133 3248 simul.
2163 3151 2210 3214 Ο

540 3283 648 3337 Ant
675 3297 807 3353 ergo
833 3282 993 3338 aliam
1015 3283 1424 3355 separationcm
1454 3296 1818 3354 personarum
1874 3283 2054 3341 Patris
2082 3292 2140 3341 et

541 3372 664 3428 lt‘ilii
693 3373 955 3445 loquitur,
986 3384 1155 3446 qaam
1182 3375 1349 3442 illaut,
1380 3389 1513 3446 qua,
1558 3374 1861 3431 secundum
1893 3373 2135 3449 propria;

542 3460 633 3518 alii
663 3475 787 3519 sunt
814 3466 881 3520 ab
907 3466 1141 3521 invicem
1156 3465 1326 3525 Pater
1350 3474 1406 3521 et
1434 3464 1632 3532 Filius;
1686 3465 1819 3536 quia
1852 3479 1953 3536 per
1998 3464 2139 3519 hanc

539 3569 649 3608 non
701 3554 1414 3625 intelligitincarnationem
1443 3555 1689 3611 alienam
1717 3568 1840 3611 esse
1865 3571 1897 3610 a
1934 3554 2133 3623 Patre;

540 3643 655 3697 imo
676 3643 720 3697 si
752 3644 914 3700 simul
947 3652 1078 3699 sunt
1106 3644 1268 3700 Pater
1294 3654 1348 3700 et
1370 3642 1563 3711 Filius,
1595 3644 1851 3715 opinatur
1875 3645 2138 3715 consequi

540 3735 764 3791 Patrem
806 3751 943 3793 esse
989 3737 1311 3809 participem
1362 3736 1755 3793 incarnationis
1803 3752 1929 3792 cum
1976 3737 2135 3793 Filio.

539 3829 651 3883 Aut
675 3828 720 3883 si
745 3828 892 3883 illam
921 3828 1072 3895 dicit,
1100 3828 1298 3884 frustra
1344 3828 1575 3897 laborat,
1624 3828 1779 3884 sicut
1811 3828 1928 3899 jam
1976 3831 2087 3886 dixi
2120 3871 2138 3897 ,

542 3920 671 3991 quia
694 3920 1010 3976 Christiana
1042 3919 1179 3976 lidcs
1203 3922 1308 3981 hoc
1333 3921 1495 3978 modo
1525 3920 1783 3993 intelligit
1831 3920 2048 3977 Patrem
2079 3932 2138 3978 et

540 4011 737 4067 Filium
754 4027 882 4070 esse
911 4012 1047 4071 duas
1076 4028 1183 4069 res.
1226 4012 1333 4070 Sed
1363 4028 1487 4069 cum
1535 4012 1824 4070 ait:Sictu
1873 4026 1992 4071 sunt
2033 4025 2136 4072 tres

539 4103 741 4176 angeli,
802 4114 894 4159 aut
928 4115 1033 4160 tres
1067 4106 1286 4173 aninue,
1319 4114 1508 4178 aperte
1532 4114 1802 4162 monstrat
1822 4121 1883 4163 se
1909 4107 2001 4139 ⁸³⁸³
2029 4121 2135 4163 non

538 4196 607 4251 de
630 4194 947 4265 pluralitate
975 4196 1063 4253 vel
1089 4198 1440 4268 separatione
1466 4197 1556 4253 illa
1587 4197 1757 4271 loqui,
1789 4213 1912 4270 quae
1942 4198 1995 4254 in
2028 4198 2137 4256 illis

537 4296 626 4342 est
653 4287 748 4319 ¹¹⁹⁸
773 4289 1024 4357 personis
1043 4291 1342 4347 secundum
1364 4293 1614 4363 propria.
1672 4291 1876 4362 Nempe
1897 4293 1965 4348 de
1989 4290 2133 4347 nulla

518 4392 645 4433 'nna
672 4378 974 4452 eademque
1000 4396 1230 4438 numero
1253 4398 1312 4438 re
1341 4383 1450 4455 duo
1500 4382 1675 4455 angeli
1718 4383 1998 4451 dicuntur,
2041 4393 2138 4440 aut

2242 1903 2491 1976 pluribus
2510 1890 2719 1975 angelis
2752 1911 2848 1959 aut
2881 1902 3207 1958 auinrabus:
3240 1901 3387 1972 quod
3436 1897 3666 1971 intelligi
3721 1912 3843 1954 non

2242 2002 2442 2067 potest,
2467 1995 2512 2049 si
2536 1992 2642 2051 illis
2662 1994 2848 2067 plures
2871 1996 2963 2050 res
2976 2001 3252 2064 putantur
3272 1991 3573 2049 secundum
3586 1990 3847 2062 proprie-

2244 2095 2387 2143 tates
2422 2079 2798 2158 personart'nn’
2823 2100 2971 2152 esse,
3023 2094 3145 2142 non
3194 2084 3492 2142 secundum
3538 2084 3645 2140 hoc
3694 2083 3843 2155 quod

2242 2176 2603 2233 communiter
2635 2166 3043 2250 dicuntur“.
3073 2174 3398 2231 Nullatenus
3442 2184 3686 2245 namque
3732 2172 3851 2229 Pas

2243 2273 2342 2328 tris
2367 2280 2423 2328 et
2447 2271 2591 2341 Filii,
2619 2272 2919 2329 secundum
2939 2272 3089 2342 ipsas
3108 2270 3505 2345 proprietates,
3556 2268 3613 2324 id
3641 2275 3731 2323 est
3757 2274 3845 2322 se-

2240 2364 2476 2421 cundum
2505 2365 2890 2436 paternitatem
2922 2372 2978 2420 et
3022 2362 3341 2418 dilationem
3382 2352 3485 2393 ""
3514 2358 3625 2415 ulla
3653 2358 3849 2414 Volun-

2241 2461 2327 2510 tas
2348 2462 2443 2510 aut
2465 2454 2707 2521 potentia
2735 2463 2857 2521 est;
2903 2453 3000 2510 sed
3026 2452 3325 2511 secundum
3359 2449 3668 2507 divinitatis
3715 2448 3850 2507 sub-

2238 2548 2522 2614 stantiam,
2565 2562 2690 2619 qua:
2712 2546 3022 2603 communis
3064 2554 3155 2602 est
3201 2544 3328 2602 illis.
3380 2544 3562 2613 Quare
3605 2543 3653 2598 si
3710 2541 3849 2598 dicit

2240 2646 2354 2695 tres
2373 2652 2641 2711 personas
2670 2653 2796 2696 esse
2825 2646 2941 2694 tres
2962 2650 3072 2702 res,
3105 2634 3402 2693 secundum
3426 2634 3544 2705 ipsa
3566 2632 3798 2704 propria
3816 2647 3841 2699 ς

2238 2729 2417 2801 palam
2438 2739 2523 2787 est
2545 2744 2710 2802 quam
2745 2728 3020 2801 superﬂue
3047 2729 3151 2785 hoc
3181 2728 3351 2796 dicat,
3376 2741 3541 2797 quam
3568 2723 3743 2781 etiam
3766 2722 3847 2779 iu-

2237 2822 2648 2892 conveniettler,
2674 2836 2805 2879 cum
2840 2822 2990 2878 addit
3019 2838 3034 2876 :
3066 2819 3218 2876 Sicut
3243 2820 3336 2853 ⁸³⁸⁸
3360 2828 3483 2874 sunt
3508 2827 3619 2872 tres
3639 2815 3845 2888 angeli,

2238 2921 2330 2968 aut
2358 2921 2462 2969 tres
2487 2914 2702 2971 auiam.
2730 2914 2801 2970 At
2835 2913 2879 2970 si
2906 2913 3040 2970 dicit
3061 2912 3154 2945 Μ’
3175 2912 3396 2968 easdem
3422 2922 3693 2983 personas
3707 2909 3848 2965 duas

2237 3017 2361 3061 osse
2380 3019 2493 3073 res,
2517 3005 2824 3062 secundum
2852 3005 2958 3061 hoc
2987 3004 3132 3075 quod
3161 3016 3459 3061 commune
3483 3012 3572 3057 est
3598 3000 3736 3065 illis,
3787 3000 3846 3055 id

2239 3110 2327 3159 est
2340 3102 2647 3159 secundum
2669 3099 2817 3172 'quud
2847 3099 3059 3172 singula
3086 3110 3339 3170 quicque,
3361 3106 3412 3155 ct
3442 3096 3628 3168 plures
3650 3094 3842 3164 simul,

2243 3210 2381 3252 unus
2400 3191 2680 3267 perfectus
2710 3196 2851 3251 Deus
2878 3192 3254 3253 est._Primnni
3270 3209 3457 3266 quaero
3482 3206 3552 3247 an
3576 3191 3654 3247 sit
3672 3190 3848 3247 Chri-

2240 3285 2473 3344 stianus.
2497 3285 2891 3357 Respondebit,
2930 3294 2994 3341 ut
3016 3285 3248 3350 aestimo.
3301 3299 3363 3339 se
3391 3283 3497 3339 hoc
3532 3296 3673 3339 esse
3724 3279 3844 3334 ¹⁹⁶⁶.

2240 3377 2385 3450 Ergo
2435 3379 2613 3436 credit
2662 3376 2829 3434 unum
2864 3391 2988 3435 esse
3033 3377 3202 3434 Deum
3227 3413 3245 3445 ,
3277 3384 3331 3432 et
3356 3376 3533 3445 ipsum
3732 3381 3853 3431 tm

2239 3483 2536 3539 personas,
2583 3469 2635 3524 id
2674 3477 2760 3524 est
2806 3467 3048 3535 Patrem,
3088 3476 3148 3523 et
3197 3466 3418 3533 Filium,
3464 3473 3523 3521 ct
3567 3463 3847 3536 Spiritum

2239 3569 2522 3624 sanctum;
2547 3569 2604 3615 ct
2620 3559 2741 3615 Filii
2766 3572 3062 3630 personam
3093 3556 3264 3613 solam
3294 3556 3669 3625 incantatam,
3718 3556 3847 3613 aliis

2242 3660 2424 3708 tamen
2457 3652 2672 3707 duabus
2695 3650 3142 3722 cooperantibus:
3163 3649 3271 3718 Qui
3294 3658 3480 3705 autem
3514 3647 3593 3704 ita
3636 3648 3846 3714 credit,

2239 3740 2474 3797 aliirmat
2501 3757 2628 3797 eum
2660 3755 2772 3797 non
2795 3755 2920 3796 esse
2939 3740 3338 3806 Christianum,
3364 3738 3457 3809 qui
3487 3738 3699 3808 aliquid
3727 3738 3853 3795 ruit

2239 3849 2492 3891 asserere
2519 3844 2713 3892 contra
2739 3833 2945 3904 aliquid
2971 3834 3193 3889 horum.
3224 3831 3287 3891 Si
3311 3845 3443 3903 ergo
3464 3831 3569 3887 iste
3608 3831 3692 3886 ita
3726 3844 3851 3887 crus

2237 3925 2338 3993 dit,
2363 3932 2526 3996 negat
2544 3938 2669 3979 eum
2689 3937 2816 3979 esse
2840 3921 3239 3989 Christianum,
3267 3922 3361 3993 qui
3381 3929 3571 3977 contra
3597 3918 3725 3978 habe
3752 3918 3849 3953 ““

2237 4014 2493 4086 disputat.
2533 4013 2725 4070 Utrum
2753 4022 2937 4069 autem
2974 4013 3116 4067 hanc
3145 4010 3314 4066 tidem
3338 4010 3669 4066 subvertere
3725 4009 3849 4080 ipse

2237 4108 2462 4175 nitatur,
2494 4107 2795 4164 videamus.
2817 4104 2952 4162 Gum
2981 4105 3150 4176 igitur
3177 4102 3332 4170 dicit,
3388 4111 3451 4158 ut
3496 4102 3568 4157 de
3618 4102 3855 4160 duabus

2235 4199 2486 4269 personis
2518 4198 2717 4263 dicam,
2745 4198 2889 4252 sicut
2920 4195 3145 4266 inempi,
3173 4195 3320 4265 quod
3345 4193 3418 4250 de
3449 4191 3629 4269 tribus
3677 4192 3852 4249 intel~

2238 4291 2468 4361 ligatur;
2504 4304 2649 4353 cum,
2688 4289 2931 4358 inquam,
2954 4287 3108 4353 dicit,
3137 4286 3184 4341 si
3236 4286 3357 4341 dum
3415 4296 3671 4354 persona:
3712 4294 3852 4339 sunt

2236 4397 2343 4437 una
2385 4395 2496 4453 res,
2521 4389 2708 4435 etnon
2731 4378 2850 4434 dua:
2879 4381 3019 4434 sicut
3044 4386 3171 4434 sunt
3213 4378 3320 4433 duo
3349 4374 3526 4446 angeli
3583 4381 3686 4431 aut
3723 4376 3855 4432 dum

540 4469 662 4525 dum
696 4470 923 4538 animae;
977 4485 1081 4528 nec
1108 4487 1277 4527 unum
1305 4453 1508 4544 aliquid
1561 4453 1786 4529 numero
1808 4475 1875 4529 de
1926 4476 2135 4531 duobus
2164 4497 2212 4556 ι)
2236 4473 2452 4540 animae,
2481 4471 2742 4542 consequi
2771 4469 2989 4526 Patrem
3013 4486 3231 4541 quoque
3275 4485 3404 4528 esse
3458 4471 3849 4538 incarnatum,

541 4560 750 4631 angelis
788 4562 1008 4631 dicitur,
1036 4572 1131 4619 aut
1155 4564 1223 4618 de
1252 4564 1461 4621 duabus
1501 4566 1820 4635 animabus;
1860 4568 2004 4624 sicut
2029 4567 2134 4625 Pa-

542 4662 682 4709 trem
724 4669 779 4711 Cl.
818 4655 1015 4711 Filium
1065 4657 1300 4715 dicimus
1353 4657 1422 4715 de
1458 4659 1567 4715 Deo
1614 4674 1724 4715 uno
1775 4675 2026 4728 numero,
2076 4669 2136 4718 et

542 4759 707 4800 unum
740 4760 968 4801 numero
996 4747 1164 4803 Deum
1207 4748 1274 4804 de
1324 4747 1487 4805 Patre
1541 4758 1595 4806 ct
1638 4750 1795 4807 Filio.
1851 4751 2136 4816 Credimus

539 4838 685 4892 enim
720 4847 773 4894 ct
808 4836 1040 4895 dicimus
1066 4840 1193 4911 quia
1225 4842 1366 4896 Deus
1409 4853 1493 4899 est
1517 4842 1704 4911 Pater,
1750 4854 1805 4901 et
1848 4844 1994 4903 Deus
2049 4855 2135 4904 est

538 4926 741 4998 Filius;
772 4938 828 4987 et
853 4930 1181 4999 conversim,
1234 4929 1397 4989 Pater
1440 4942 1524 4991 est
1561 4933 1729 5005 Deus,
1759 4942 1814 4992 et
1847 4920 2021 4994 Filius
2048 4943 2135 4993 est

2236 4566 2282 4621 si
2318 4563 2487 4620 Filius
2521 4574 2609 4620 est
2641 4563 2960 4620 incarnatus
2983 4582 2998 4618 :
3020 4574 3153 4636 puto
3183 4564 3315 4636 quia
3340 4565 3420 4620 sic
3465 4563 3853 4620 ratiocinator

2236 4672 2424 4716 secum
2449 4656 2541 4689 ⁸³⁸⁸
2570 4673 2588 4711 :
2621 4655 2680 4711 Si
2709 4669 2817 4711 una
2843 4642 2897 4711 et
2923 4658 3115 4711 eadem
3138 4669 3370 4712 numero
3398 4670 3489 4711 res
3527 4655 3678 4710 Deus
3735 4667 3863 4721 est;

2233 4759 2287 4807 et
2311 4750 2425 4822 ipsa
2452 4747 2644 4805 eadem
2666 4755 2753 4805 est
2790 4746 2975 4816 Pater,
3025 4756 3081 4805 et
3116 4748 3289 4804 Filius
3335 4746 3459 4815 ¹³⁰²ς
3493 4763 3621 4804 cum
3660 4748 3858 4806 Filius

2236 4842 2310 4899 sit
2337 4841 2674 4905 incarnatus,
2703 4840 2977 4910 quomodo
3007 4854 3114 4895 non
3143 4848 3200 4895 et
3224 4838 3386 4894 Pater
3433 4846 3521 4894 est
3569 4837 3853 4895 incarna-

2242 4929 2362 4992 tus?
2389 4934 2466 4992 De
2494 4949 2599 4990 una
2622 4933 2823 5006 quippe
2846 4941 2902 4990 ct
2929 4934 3123 4993 eadem
3151 4949 3212 4990 re
3234 4949 3342 4992 non
3365 4942 3449 4991 est
3478 4948 3612 4989 vera
3666 4934 3856 4991 simul

1849 5116 2087 5176 VARIE
2123 5116 2527 5177 LECTlONES.

608 5222 1031 5310 cuiusmodi
1057 5236 1437 5310 suntlespus.
1461 5228 1607 5310 lidit.
1640 5212 2393 5310 Callircujusmodi_sint_res
2468 5226 2562 5265 “'9
2581 5231 2653 5310 Se
2677 5232 2838 5310 posse
2858 5231 3089 5310 liberare
3117 5249 3245 5310 mss.
3271 5222 3576 5310 lieenlfict.
3615 5222 3853 5310 Τρεςαιι.

540 5289 845 5380 ξιμέςιιὲθ
865 5298 1097 5380 liberare
1140 5344 1145 5349 .
1171 5289 1498 5359 ωδιειξιιίιιιι
1515 5311 1599 5380 est
1620 5289 1928 5380 esscgliliutt't
1953 5289 2229 5380 transiliet.
2253 5302 2442 5358 Gistcr.
2465 5314 2520 5360 et
2544 5289 2694 5358 aliud
2710 5289 2833 5380 esse
2857 5303 3024 5380 [illum
3041 5289 3141 5359 ius.
3158 5302 3634 5380 Corb.a|it_td__es_se
3656 5289 3854 5380 lilium

540 5365 632 5451 ‘f’f
669 5365 807 5421 Nam
866 5369 987 5450 alia:
1022 5379 1149 5451 sunt
1204 5365 1963 5451 muLﬁquottiam'aliatsum
2034 5369 2127 5451 ’f"
2162 5373 2428 5451 Monstrat
2466 5389 2532 5451 se
2566 5374 3352 5451 tusc.“Thrnhdemonstratfe
3424 5373 3517 5405 “”
3540 5373 3683 5439 Quin
3735 5376 3857 5451 illis

538 5443 919 5514 est_n_t_ss_.qu:n
951 5439 1003 5513 in
1030 5440 1136 5511 illis
1168 5452 1255 5498 est
1319 5434 1516 5514 ίηδξΑι)
1546 5444 1725 5501 oliitiu
1757 5445 1985 5514 dictum
2022 5446 2095 5502 sit
2122 5454 2250 5500 mss.
2294 5438 2445 5499 Com.
2490 5442 2648 5499 Corb.
2683 5445 2818 5500 Vict.
2858 5443 3045 5501 (ἕξεων.
3101 5446 3171 5502 ab
3215 5443 3391 5502 ollieio
3435 5434 3729 5514 sumptum
3774 5449 3857 5504 sit

541 5506 635 5588 "f5
671 5505 857 5588 Talem
887 5517 942 5563 et
970 5506 1204 5588 palinure
1236 5529 1377 5588 ptis.
1398 5508 1557 5571 Gorb.
1581 5514 1733 5571 Geni.
1756 5512 1904 5588 _Vict.
1936 5513 2324 5588 Cister._talent
2358 5516 2547 5587 itaque
2594 5515 2717 5588 _“’f
2740 5516 2934 5588 Signat
2978 5516 3345 5588 pluralitatem
3378 5505 3855 5588 magns-igniﬁcat

538 5577 903 5648 pluralitatetn
986 5579 1077 5612 ηπ

1156 5594 1175 5638 t
1228 5584 1544 5641 liliationent
1590 5602 1687 5640 ms.
1741 5584 1933 5643 Cister.
1977 5598 2072 5643 aut
2119 5584 2469 5643 liliationetn'
2518 5585 2613 5620 ¹¹⁹⁸
2648 5584 2841 5652 addit;
2880 5584 3024 5642 sicut
3067 5603 3195 5643 mss.
3246 5601 3371 5642 cum
3418 5584 3590 5641 addit.
3608 5584 3640 5652 7;
3692 5589 3855 5643 sicut

539 5650 745 5733 :3qu
768 5649 986 5733 si_dicat
1019 5667 1146 5708 mss.
1174 5663 1230 5709 at
1267 5656 1480 5733 sidicit
1554 5656 1644 5733 ¹ἶ⁰⁰
1669 5656 1770 5714 llic
1795 5673 1856 5714 se
1882 5673 2012 5733 esse
2026 5674 2159 5733 inst.
2197 5672 2259 5713 se
2289 5659 2394 5733 hoc
2434 5672 2578 5715 csse.
2656 5658 2747 5689 ¹³⁰¹
2778 5649 2978 5733 Contra
3016 5659 3272 5733 hoc‘mss.
3300 5666 3490 5733 contra
3532 5649 3652 5714 hinc
3749 5660 3854 5692 ’κ’

538 5720 913 5779 Ratiocinatur
935 5736 1118 5782 secum
1144 5739 1242 5783 ait.
1276 5724 1466 5793 οἰοιοῖ.
1490 5728 1640 5784 omit.
1685 5744 1870 5788 secum
1947 5729 2043 5763 ¹³⁹³
2069 5728 2168 5788 Est
2194 5738 2250 5787 ct
2278 5728 2422 5787 illius
2448 5746 2579 5787 mss.
2605 5738 2662 5787 et
2695 5738 2778 5787 est
2808 5728 2953 5785 titius
2974 5744 3073 5786 ms.
3110 5726 3267 5786 Core.
3296 5736 3352 5785 et
3378 5726 3545 5784 ﬁlius.
