4030 6290
231 295 324 357 ξω
1454 290 1542 348 DE
1592 285 1751 347 FIDE
1790 289 2204 354 TRINI'I‘ATIS.
2970 366 2974 370 Α
3244 242 3257 253 ο
3318 360 3321 365 ,
3365 302 3474 362 270

230 405 513 473 altirmatio,
542 414 596 462 ει
625 402 742 476 ejus
769 404 1012 477 negatio;
1046 404 1141 461 sed
1170 404 1236 492 de
1262 404 1367 461 alia
1401 419 1459 461 re
1506 400 1775 462 aliirmare
1804 413 1847 471 Α
1878 417 2024 464 tanta
2063 398 2322 481 sequetur
2348 390 2637 477 conlusio,
2692 418 2752 466 ut
2807 408 3066 484 quidquid
3122 414 3191 471 de
3247 416 3479 492 singulis

226 498 424 572 aliquid,
451 507 507 554 et
551 498 617 554 de
647 494 750 552 alia
782 497 922 553 idem
969 496 1144 569 ipsum
1201 490 1400 569 negare
1447 498 1608 555 simul
1645 499 1777 556 nihil
1883 501 2102 571 proprie
2133 502 2352 570 dicitur,
2386 503 2452 559 de
2482 504 2740 561 omnibus
2789 502 3075 561 dicendum
3113 490 3475 570 communiter

224 588 305 624 ⁸⁸⁸⁸
330 586 586 661 prohibet.
605 586 722 643 Non
754 587 901 643 enim
943 588 1085 644 idem
1119 588 1312 645 Petrus
1370 590 1644 660 apostolus
1672 599 1777 657 est,
1881 591 1970 646 sit.
2012 591 2373 661 Quamobrem
2406 602 2511 650 non
2543 596 2649 652 erit
2681 595 2823 652 unde
2847 596 3033 667 Pater,
3076 609 3131 655 et
3177 600 3367 671 Filius,
3422 612 3477 661 ει

221 692 266 740 et
288 697 385 737 non
412 689 491 737 εει
512 680 812 751 apostolus.
831 681 938 738 Sed
966 690 1022 737 et
1040 681 1086 737 si
1109 682 1217 738 alio
1246 682 1464 738 nomine
1487 682 1632 738 idem
1657 681 1778 753 ipse
1884 679 2119 750 Spiritus
2144 695 2367 740 sanctus
2399 687 2704 755 procedens
2757 703 2787 742 a
2833 688 2999 746 Patre
3044 700 3100 746 ει
3144 691 3281 748 Filio
3311 733 3327 760 ,
3367 694 3476 750 sint

220 774 492 831 allirmetnr
516 772 812 844 apostolus,
844 782 900 831 et
928 774 1037 830 alio
1060 780 1288 846 negetur
1322 792 1337 829 :
1363 782 1444 845 ut,
1474 772 1671 831 Petrus
1696 783 1780 830 εει
1882 771 1972 827 alii
2013 773 2081 828 ab
2111 773 2364 842 invicem,
2395 776 2537 833 sicut
2568 778 2778 835 ostendi
2805 779 2858 835 in
2881 780 3043 838 Patre
3059 783 3477 853 ctFilio.Quare

218 865 487 938 apostolus;
526 874 580 922 ει
611 865 799 923 Simon
823 882 928 923 non
955 874 1041 924 est
1064 866 1366 939 apostolus;
1399 880 1505 923 non
1522 875 1604 923 est
1634 874 1779 921 utra-
1881 872 1981 921 nec
2008 864 2117 921 ulla
2151 868 2255 922 erit
2282 867 2352 923 ibi
2383 856 2598 936 relatio,
2635 882 2755 942 qua:
2802 871 3111 930 nullatenus
3140 874 3213 930 ibi
3241 880 3344 943 est,
3371 876 3474 933 nisi

215 973 308 1031 que
329 972 445 1014 vera
473 958 797 1023 enuntiatio.
831 959 927 1015 sed
962 974 1070 1014 una
1098 959 1305 1035 barum~
1333 956 1500 1031 l‘alsa.
1552 956 1776 1013 Petrum
1881 958 2179 1012 secundum
2212 950 2337 1025 hoc,
2376 961 2676 1017 secundum
2704 961 2848 1032 quod
2880 961 2972 995 “"
2999 964 3092 1019 alii
3121 975 3252 1021 sunt
3297 968 3366 1022 ab
3392 966 3475 1022 in-

216 1057 375 1104 autem
396 1062 516 1103 esse
550 1046 877 1118 apostolum,
913 1055 967 1104 et
996 1046 1334 1120 Stephanum
1360 1047 1469 1105 non
1496 1060 1617 1104 esse
1649 1060 1780 1119 apes
1879 1047 2077 1103 \‘icem.
2114 1047 2258 1120 Ergo
2286 1062 2385 1106 nec
2424 1050 2609 1121 plures
2636 1060 2797 1107 erunt
2821 1064 3088 1122 personae.
3115 1053 3301 1112 Posito
3325 1072 3479 1111 nam-

215 1137 701 1219 stolum;quoniam
739 1139 878 1196 alius
901 1147 984 1196 est
1013 1130 1232 1208 Petrus,
1263 1150 1317 1197 et
1341 1141 1483 1198 alius
1524 1150 1609 1201 est
1655 1139 1779 1196 Ste-
1880 1153 1986 1209 que
2020 1156 2181 1195 unam
2219 1157 2333 1197 rem
2372 1156 2495 1199 esse
2545 1152 2655 1199 tres
2700 1148 2964 1213 personas
3001 1160 3016 1212 ;
3058 1155 3150 1200 aut
3189 1145 3319 1201 illud
3370 1157 3478 1202 non

212 1235 418 1305 pilanus,
454 1230 717 1302 possibile
753 1239 840 1287 εει
887 1246 1076 1288 verum
1107 1240 1248 1289 εεεε.
1307 1231 1367 1288 Si
1408 1246 1541 1304 ergo
1585 1232 1775 1289 eadem
1879 1244 2248 1305 consequetur
2277 1238 2421 1305 quod
2454 1230 2551 1268 ¹³¹⁸
2578 1236 2741 1302 dicit;
2799 1245 2895 1291 aut
2925 1237 3108 1291 omnia
3156 1236 3247 1292 illa
3292 1238 3476 1305 simul,

211 1338 416 1379 numero
442 1331 497 1378 et
533 1336 640 1378 non
672 1322 785 1378 alia
816 1336 904 1379 res
931 1331 1013 1380 est
1035 1323 1200 1379 Pater
1220 1336 1382 1394 quam
1423 1322 1633 1390 Filius,
1668 1339 1775 1380 non
1879 1334 2001 1398 qua:
2022 1328 2150 1391 dixi,
2179 1330 2618 1399 consequentur:
2648 1329 2841 1385 similis
2869 1334 3102 1400 namque
3123 1338 3208 1385 est
3265 1330 3319 1385 in
3360 1346 3478 1388 om-

210 1429 281 1474 est
303 1434 483 1475 verum
511 1415 770 1474 afﬂrmari
793 1417 990 1475 debere
1017 1416 1221 1488 aliquid
1244 1417 1310 1472 de
1337 1415 1495 1482 Filio,
1520 1423 1575 1472 ει
1592 1416 1777 1489 negari
1880 1418 2042 1474 nibus
2072 1417 2154 1475 Vis
2179 1419 2603 1490 consequentiae.
2629 1418 2736 1481 Cur
2762 1424 2893 1493 ergo
2927 1422 3107 1492 pergit
3133 1420 3198 1474 ad
3226 1421 3477 1478 ineat-na-

209 1508 468 1576 chatre;
504 1517 600 1565 aut
623 1507 882 1565 allirmari
916 1509 1115 1567 debere
1162 1511 1228 1566 de
1270 1509 1431 1565 Patre
1483 1506 1600 1579 ηδ’,
1629 1520 1682 1565 ει
1713 1511 1781 1569 de
1818 1513 1837 1526 ‘
1882 1506 2111 1573 tionem,
2144 1510 2301 1580 quasi
2328 1510 2443 1581 ipsa
2475 1509 2588 1565 sola
2613 1503 2780 1566 faciat
2821 1513 3216 1582 quzes‘ti’onem;
3269 1520 3324 1570 et
3365 1526 3472 1568 non

208 1598 324 1654 Filio
350 1600 558 1670 negari.
595 1600 867 1672 Quidquid
899 1601 1067 1673 igitur
1085 1611 1169 1658 εει
1191 1599 1373 1666 Pater,
1403 1607 1562 1657 estet
1584 1600 1773 1667 Filius;
1880 1603 2057 1671 potius
2083 1603 2234 1668 dicit,
2263 1606 2306 1657 si
2343 1611 2453 1658 tres
2486 1594 2731 1673 personae
2777 1611 2906 1663 sunt
2936 1620 3041 1659 una
3074 1618 3183 1672 res,
3211 1618 3317 1659 non
3347 1613 3475 1660 sunt

207 1699 249 1744 et
274 1693 405 1763 quod
436 1693 639 1749 dicitur
664 1695 730 1750 de
755 1693 913 1762 Filio,
944 1696 1048 1748 non
1074 1693 1231 1750 debet
1259 1693 1447 1764 negari
1480 1693 1547 1749 de
1590 1691 1772 1748 Patre.
1808 1762 1830 1765 _
1881 1690 1992 1753 tres
2015 1695 2294 1765 personae?
2319 1692 2453 1750 Nam
2486 1710 2593 1751 non
2623 1695 2803 1753 minus
2856 1705 2983 1752 ante
3020 1696 3473 1764 incarnationem,

205 1778 484 1836 Est-amem
538 1782 855 1839 incarnatus
900 1782 1099 1851 Filius;
1150 1791 1237 1840 εει
1282 1762 1776 1855 ergo‘incarnatus
1807 1762 1851 1823 Β
1881 1762 2043 1855 quam
2072 1792 2198 1857 post
2223 1784 2403 1843 facere
2441 1786 2583 1841 hanc
2612 1785 2971 1857 qurestionem
3003 1793 3202 1857 potest.
3267 1785 3327 1841 Si
3378 1762 3477 1841 att-

206 1883 397 1941 quoque
428 1872 607 1930 Pater.
652 1873 758 1931 Sed
787 1875 905 1931 haec
936 1876 1282 1933 ratiocinatio
1318 1878 1363 1935 si
1397 1892 1524 1933 vera
1573 1886 1627 1933 et
1654 1887 1773 1933 rata
1838 1868 1839 1873 “
1879 1880 1986 1932 tem
2017 1876 2121 1931 hoc
2144 1876 2368 1933 ontuino
2403 1875 2518 1931 vult
2548 1866 2820 1944 asserere,
2872 1886 2985 1953 tres
3031 1877 3244 1933 scilieet
3283 1891 3475 1948 perso-

205 1975 276 2020 est
295 1966 403 2035 ¹³⁰⁶,
432 1983 562 2025 vera
592 1977 678 2026 est
705 1968 933 2027 lueresis
953 1969 1192 2028 Sabellii.
1226 1970 1284 2027 Si
1330 1971 1480 2027 enim
1511 1971 1776 2043 quidquid
1876 1986 1997 2039 nas,
2021 1971 2320 2026 secundum
2353 1974 2496 2042 quod
2521 1985 2861 2042 unaqnzeque
2888 1956 3032 2051 Deus
3059 1979 3179 2051 est,
3214 1984 3322 2027 non
3352 1984 3479 2047 esse

205 2054 384 2111 dicitur
420 2059 489 2115 de
523 2074 629 2114 una
665 2072 922 2131 persona,
951 2061 1153 2118 dicitur
1176 2069 1231 2118 ει
1255 2061 1323 2119 de
1353 2061 1547 2129 altera,
1570 2060 1775 2120 idcirco
1877 2070 2042 2119 “unam
2072 2070 2209 2129 rem,
2251 2062 2493 2126 ‘sedtres
2532 2077 2643 2130 res,
2682 2062 3124 2133 unamquamque
3152 2050 3251 2133 per
3285 2077 3362 2128 se,
3403 2063 3476 2118 si-

204 2147 434 2214 quouiam
467 2165 572 2203 una
607 2165 693 2207 res
728 2150 847 2206 duae
877 2149 1006 2208 Sunt
1033 2167 1316 2224 personze;
1358 2162 1491 2227 ergo
1535 2155 1678 2212 sicut
1705 2155 1774 2212 de
1875 2162 1969 2211 cut
1997 2148 2271 2212 suht'trcs
2325 2152 2499 2227 angeli
2535 2169 2552 2222 ;
2613 2152 3020 2224 apertissimum
3058 2160 3141 2208 est
3183 2153 3311 2222 quia
3363 2162 3476 2207 tres

204 2235 317 2294 Filio
343 2240 546 2296 dicitur
573 2240 843 2311 Filius,et
870 2243 1127 2316 Verbum,
1160 2255 1211 2300 et
1259 2246 1503 2315 genitus;
1545 2236 1621 2303 ita
1657 2249 1775 2305 htcc
1876 2247 2007 2304 deos
2035 2245 2338 2303 constituit.
2405 2247 2515 2303 Sed
2544 2245 2774 2302 forsitan
2799 2244 2913 2317 ipse
2935 2259 3043 2300 non
3086 2243 3217 2300 dicit
3260 2262 3273 2297 :
3323 2242 3473 2300 Sicut

206 2327 437 2386 dicentur
466 2331 534 2387 de
559 2330 723 2409 Patre
754 2350 767 2386 :
796 2340 853 2389 et
902 2334 1359 2404 quemadmodum
1402 2336 1566 2392 Pater
1600 2346 1683 2393 cst
1714 2347 1771 2409 et
1875 2344 1992 2394 tum
2017 2347 2121 2394 tres
2150 2339 2365 2405 animm,
2390 2347 2482 2392 aut
2513 2345 2618 2392 (res
2669 2335 2864 2408 angeli,
2916 2334 3012 2392 sed
3056 2333 3168 2402 ille,
3215 2333 3309 2405 qui
3341 2335 3473 2391 mihi

204 2417 365 2488 Pater,
399 2430 459 2477 et
479 2422 714 2495 genitor,
744 2432 800 2480 et
826 2424 1130 2495 ingenitus;
1177 2425 1261 2483 sic
1288 2426 1406 2483 haec
1435 2427 1502 2483 de
1528 2426 1667 2483 Filio
1695 2428 1772 2483 di.
1876 2426 1995 2496 ejus
2023 2429 2302 2484 mandavit
2331 2428 2710 2499 quaestionum
2735 2427 2878 2484 hanc
2901 2431 2967 2483 ex
2993 2440 3092 2482 suo
3117 2426 3296 2497 pesuit
3322 2425 3474 2495 simi-

203 2518 349 2570 εοεαε
377 2523 531 2571 ειιηι.
556 2502 649 2582 At,
689 2514 733 2571 si
760 2514 831 2595 ita
863 2524 950 2573 est
980 2516 1102 2595 "9";
1156 2532 1266 2581 non
1312 2508 1398 2574 εει
1429 2517 1566 2575 alius
1615 2517 1776 2576 Pater

1884 2515 2189 2584 litudiuem;
2214 2519 2309 2574 sed
2331 2516 2671 2575 soltttnmodo
2704 2527 2815 2574 tres
2837 2530 3100 2590 personas
3129 2512 3220 2550 ⁸³η
3243 2515 3475 2574 alllrmat

203 2620 342 2677 quam
369 2606 574 2672 Filius;
632 2622 732 2665 nec
774 2593 945 2665 Filius
989 2593 1129 2679 alius
1155 2624 1186 2665 a
1214 2609 1377 2667 Patre
1424 2597 1538 2666 ηδε.
1596 2611 1776 2679 Quare
1875 2619 1998 2662 esse
2026 2615 2136 2662 tres
2160 2621 2272 2674 res,
2297 2607 2416 2662 sine
2445 2607 2817 2685 additamenta
2872 2599 3125 2677 alicujus
3154 2608 3471 2664 similitudi-

204 2712 293 2754 που
316 2706 442 2755 sunt
469 2700 591 2757 duae
613 2714 882 2774 personae,
912 2700 1010 2758 sed
1035 2717 1139 2758 una
1171 2717 1436 2775 persona;
1465 2703 1588 2760 ideo
1618 2719 1775 2761 nam-
1876 2694 1981 2751 nis.
2020 2694 2130 2751 Cur
2153 2706 2284 2768 ergo
2318 2695 2533 2751 fallitur
2558 2704 2652 2751 aut
2687 2695 2829 2751 fallit
2849 2697 2949 2753 sub
2970 2697 3190 2753 nomine
3212 2697 3310 2764 rei,
3347 2712 3471 2754 cum

204 2802 290 2857 que
309 2789 567 2846 dicuntur
589 2806 837 2863 persona:
864 2792 1001 2858 dum,
1030 2793 1158 2866 quia
1208 2792 1301 2849 alii
1357 2780 1656 2850 creduntur
1704 2793 1774 2851 ab
1874 2785 2107 2858 ἰιηρειιηι
2137 2786 2478 2859 signiﬁcetur
2521 2787 2623 2844 sub
2671 2788 2894 2845 nomine
2928 2787 3077 2859 Dei?
3123 2787 3331 2861 Nempe
3379 2796 3475 2845 aut

204 2878 414 2960 invicem
440 2881 609 2940 Pater
635 2893 692 2941 et
721 2883 892 2942 Filius
922 2902 937 2940 :
965 2885 1012 2942 si
1044 2894 1220 2942 tamen
1245 2886 1388 2942 Deus
1407 2886 1513 2942 erit
1534 2884 1699 2943 Pater
1719 2893 1774 2944 ct
1875 2877 2044 2935 Deum
2065 2894 2186 2936 csse
2206 2889 2321 2935 rem
2346 2879 2491 2935 illam
2516 2880 2756 2952 negabit.
2806 2880 2861 2936 in
2894 2894 3000 2952 qua
3041 2888 3153 2938 tres
3183 2896 3468 2953 personas,

202 2968 366 3028 Filius.
406 2972 547 3030 Nam
570 2990 784 3047 semper
806 2975 971 3032 Pater
996 2985 1082 3033 est
1104 2962 1337 3048 alicujus
1385 2974 1548 3033 Pater
1571 2984 1627 3033 et
1673 2975 1771 3033 Fi-
1873 2972 1984 3030 imo
2013 2967 2175 3045 quam
2214 2981 2326 3029 tres
2368 2966 2605 3028 fatemur
2643 2984 2766 3030 esse
2799 2982 3083 3046 personas.
3127 2974 3236 3031 Aut
3274 2975 3322 3032 si
3365 2975 3471 3032 hoc

202 3060 291 3120 lius
307 3064 535 3137 alicujus
557 3066 753 3145 Filius;
782 3082 883 3124 nec
905 3083 1143 3140 unquam
1175 3066 1339 3124 Pater
1376 3067 1571 3124 suimet
1602 3066 1772 3140 ipsius
1798 3113 1844 3178 Ο
1876 3071 1983 3122 ubn
2014 3073 2195 3138 negat,
2221 3073 2562 3138 consequens
2592 3065 2782 3134 estut,
2813 3067 2955 3123 sicut
2982 3067 3100 3139 ipse
3130 3068 3328 3125 asserit
3348 3067 3467 3137 ⁸⁸⁸⁸,

205 3166 264 3178 ιι...
290 3153 441 3178 ἤια-..
499 3164 586 3178 ---ι
620 3153 785 3178 ﬁt"-.-
834 3158 1023 3178 ---ε.---.
1071 3157 1237 3178 ε--ε,--
1284 3154 1451 3178 ne"---
1512 3166 1619 3178 -_._
1679 3159 1770 3178 --ι
1875 3173 2025 3178 -----
2051 3174 2131 3178 ---
2164 3169 2271 3178 .---
2298 3164 2396 3178 ,Α-ρ-
2434 3167 2594 3178 ----.--
2658 3157 2747 3178 --.1
2773 3160 2880 3178 ιέ---
2918 3172 3029 3178 ----
3066 3168 3183 3178 _-__-_
3221 3160 3287 3178 ς.-
3346 3174 3436 3178 --κ-

202 3153 466 3221 eStPater,
497 3164 592 3212 aut
619 3153 789 3213 Filius
831 3158 1028 3235 suimet
1070 3157 1241 3223 ipsius
1284 3154 1454 3216 Filius
1504 3166 1620 3235 est;
1675 3159 1771 3217 sed
1799 3153 1844 3178 υ
1874 3173 2137 3230 personas
2164 3169 2275 3215 tres
2296 3164 2403 3214 neu
2434 3167 2621 3225 unam,
2655 3157 2748 3234 sed
2773 3160 2884 3215 tres
2910 3172 3034 3215 esse
3065 3168 3186 3228 res;
3220 3160 3295 3215 ita
3335 3174 3471 3232 quo-

203 3242 318 3299 alius
345 3245 424 3303 εει
458 3260 636 3319 pater,
672 3258 729 3305 et
751 3232 890 3305 alius
912 3235 1067 3321 cujus
1088 3259 1172 3306 est
1192 3258 1379 3321 pater,
1412 3257 1468 3306 et
1512 3234 1772 3308 similiter
1872 3255 1978 3321 que
2004 3249 2240 3305 afﬁrmet
2265 3249 2480 3305 easdem
2512 3232 2776 3318 personas
2806 3262 2911 3303 non
2961 3264 3152 3315 unum,
3205 3249 3303 3305 sed
3355 3259 3470 3306 tros

178 3335 322 3396 alius
347 3349 428 3397 est
456 3330 624 3406 illius,
653 3354 709 3397 et
746 3325 888 3422 alius
914 3340 1069 3412 cujus
1096 3354 1180 3399 est
1205 3343 1364 3398 tilius.
1425 3342 1606 3411 Quare
1632 3343 1678 3399 si
1714 3326 1771 3399 in
1873 3339 2004 3396 deos
2025 3353 2166 3395 esse.
2208 3338 2341 3406 Quae
2364 3336 2457 3407 ίείτ
2485 3354 2648 3409 quam
2677 3338 2841 3409 impia
2883 3339 3013 3404 sint,
3040 3339 3285 3410 judicent
3309 3337 3471 3395 Chri-

203 3420 297 3483 Dco
321 3445 422 3497 non
461 3441 550 3486 est
578 3431 717 3509 alius
745 3420 926 3500 Pater,
949 3442 1004 3489 ει
1029 3434 1168 3491 alius
1192 3433 1347 3504 cujus
1374 3444 1454 3491 εει
1478 3434 1767 3506 Pater"°’,
1871 3422 2059 3487 sitiani.
2095 3430 2204 3487 Sed
2237 3431 2401 3513 dicet,
2438 3443 2544 3485 non
2569 3430 2881 3500 cogitquod
2913 3429 3037 3485 dico
3082 3435 3194 3486 tres
3247 3440 3335 3486 res
3387 3430 3470 3485 fa-

204 3533 286 3597 ncy.
310 3521 478 3579 Filius
509 3523 761 3580 ml’alius
789 3533 895 3592 est,
944 3533 999 3581 et
1026 3525 1165 3582 alius
1215 3526 1371 3597 cujus
1421 3534 1504 3582 est
1552 3518 1765 3594 Filius;
1816 3582 1828 3594 ,
1873 3526 1974 3583 teri
2001 3534 2111 3584 tres
2139 3523 2233 3560 ’³⁸⁸
2267 3526 2426 3594 deos;
2452 3525 2712 3598 quoniam
2740 3535 2852 3581 tres
2889 3524 2994 3581 illa:
3027 3534 3118 3583 res
3140 3524 3302 3581 simul
3337 3532 3468 3580 sunt

206 3600 546 3693 hilsudicitur
574 3613 661 3645 "“
691 3614 837 3671 Deus
874 3600 1038 3673 Pater
1083 3623 1177 3670 aut
1221 3599 1408 3671 Filius.
1449 3603 1506 3671 Si
1535 3617 1680 3673 enim
1712 3616 1767 3673 in
1870 3620 2012 3674 unus
2039 3617 2202 3673 Deus.
2233 3616 2300 3693 Et
2322 3631 2423 3672 nos
2462 3602 2745 3671 dicimus:
2779 3614 2922 3687 Ergo
2966 3613 3185 3689 .siugula
3237 3629 3467 3687 quaeque

204 3684 295 3759 lien
338 3718 442 3758 non
506 3714 584 3759 εει
646 3695 785 3761 alius
821 3720 849 3760 a
878 3705 1043 3762 Patre
1076 3698 1258 3776 cujus
1314 3707 1476 3765 Pater
1512 3698 1604 3775 sit,
1659 3722 1765 3763 non
1868 3721 1959 3763 res
1986 3706 2159 3764 dc“"
2183 3690 2357 3762 tribus
2388 3704 2516 3771 illis,
2542 3704 2594 3761 id
2620 3713 2705 3761 est
2732 3684 2944 3779 singula
2998 3684 3229 3777 qua:tu
3254 3684 3467 3778 perso-

201 3801 354 3860 potest
377 3810 502 3851 esse
531 3788 722 3864 Pater;
748 3805 796 3851 et
832 3794 1092 3855 similiter
1118 3799 1164 3855 si
1200 3815 1305 3855 non
1338 3807 1422 3856 est
1466 3798 1518 3855 in
1542 3814 1607 3856 eo
1629 3790 1765 3856 ali-ts
1867 3802 1958 3869 na,
1996 3809 2209 3858 nonest
2241 3800 2413 3862 Deus;
2456 3800 2549 3856 scd
2596 3812 2662 3855 ex
2724 3800 2901 3856 tribus
2954 3803 3120 3858 rebus
3173 3799 3467 3858 coniicitur

203 3897 228 3936 a
258 3878 402 3953 Filio,
433 3890 589 3958 cujus
614 3889 682 3945 sit
705 3880 894 3951 Filius.
924 3906 1032 3947 non
1070 3884 1211 3948 valet
1251 3906 1373 3950 esse
1401 3878 1590 3948 Filius.
1622 3886 1765 3960 Qua:
1866 3891 2051 3949 Deus:
2085 3886 2247 3949 Pater
2277 3891 2443 3962 igitur
2490 3903 2596 3946 non
2632 3898 2717 3946 εει
2769 3892 2932 3957 Deus,
2983 3890 3155 3947 Filius
3213 3906 3321 3948 non
3377 3900 3465 3948 εει

203 3988 398 4049 propter
424 3986 531 4036 non
562 3982 668 4036 erit
702 3982 843 4037 unde
867 3970 968 4039 illa:
991 3983 1111 4038 diue
1159 3998 1403 4052 personae
1430 3981 1680 4038 dicantur
1710 3984 1763 4039 in
1865 3983 2029 4053 Dens,
2063 3981 2300 4055 Spiritds
2332 3986 2553 4037 sanctus
2574 3996 2682 4036 non
2714 3991 2800 4036 est
2824 3982 3000 4061 Deus;
3042 3981 3303 4052 quoniam
3358 3997 3461 4039 nec

202 4068 464 4149 Deo;qnac
490 4077 610 4132 ideo
648 4067 923 4144 dicuntur,
975 4078 1103 4148 quia
1165 4069 1308 4134 Deus
1353 4088 1438 4134 est
1478 4077 1675 4153 Pater,
1709 4087 1760 4136 et
1865 4077 1933 4133 de
1957 4074 2203 4149 singulis,
2235 4089 2336 4130 nec
2357 4074 2422 4128 de
2445 4072 2675 4139 duobus,
2703 4072 2798 4127 sed
2821 4071 2997 4127 solum
3049 4072 3117 4126 de
3168 4072 3346 4128 tribus
3395 4067 3463 4127 si:

201 4159 323 4221 Deus
349 4177 433 4223 εει
457 4167 649 4238 Filius,
680 4178 733 4225 et
762 4183 977 4241 semper
1022 4169 1160 4247 alius
1180 4179 1262 4225 est
1290 4162 1472 4238 Pater,
1510 4159 1648 4226 alius
1678 4177 1765 4226 est
1865 4160 1974 4226 mul
2021 4165 2319 4225 nominatis
2372 4163 2633 4220 dicendus
2674 4170 2758 4218 est
2794 4162 2975 4218 Deus:
3008 4162 3152 4233 quod
3209 4161 3463 4219 similiter

203 4248 369 4311 Filius.
410 4256 619 4314 Videtis
645 4258 736 4291 ¹²¹¹
790 4273 921 4331 ergo
951 4247 1221 4330 quomodo
1274 4260 1584 4317 destruatur
1629 4259 1761 4315 ﬁdes
1864 4266 1948 4318 est
1979 4260 2221 4337 impium.
2250 4255 2409 4324 Nam,
2452 4256 2496 4312 si
2523 4254 2596 4313 ita
2623 4265 2729 4323 est,
2765 4259 2875 4311 non
2900 4262 2985 4310 est
3004 4253 3239 4327 simplex
3261 4265 3457 4311 natura

203 4355 365 4429 nostra
397 4351 690 4405 secundum
717 4365 935 4429 sensum
984 4348 1121 4420 ejus,
1165 4350 1255 4422 qui
1302 4357 1458 4422 putat
1501 4351 1760 4423 'consequi
1867 4350 1959 4383 ³³¹⁰
1985 4351 2078 4406 εεά
2110 4347 2354 4420 partibus
2388 4345 2708 4419 composita.
2738 4343 2844 4402 Sed
2876 4344 2922 4401 si
2962 4344 3262 4417 simplicem
3290 4345 3461 4404 habet

201 4431 396 4495 Patrem
433 4457 554 4497 esse
582 4459 703 4497 cunt
734 4442 873 4522 Filio
895 4428 1271 4511 incarnatum;
1307 4442 1352 4499 si
1387 4434 1513 4509 una,
1558 4451 1612 4499 et
1651 4459 1757 4498 non
1790 4461 1839 4522 ο
1867 4440 2220 4508 intellectum,
2269 4438 2328 4495 ει
2375 4450 2482 4495 non
2549 4435 2951 4508 multiplicitate
3012 4438 3453 4507 pbantasmatum

203 4526 363 4593 plures
396 4542 517 4590 sunt
549 4550 635 4591 res
666 4535 717 4591 in
755 4521 865 4591 Deo
893 4549 1138 4605 persona:
1166 4534 1372 4607 plures.
1390 4534 1446 4591 Si
1474 4535 1619 4590 enim
1658 4550 1753 4591 ve-
1794 4521 1808 4522 ί
1863 4533 2148 4601 obrutum;
2193 4526 2445 4601 intelligit
2473 4528 2737 4601 simplicia
2770 4523 2860 4561 ““
2896 4536 3156 4600 praestare
3184 4531 3454 4601 composi—

203 4631 251 4670 ta
285 4634 360 4677 cst
398 4625 513 4680 lucc
551 4612 667 4694 ejus
697 4616 1107 4697 consequentia,
1146 4639 1259 4689 non
1287 4624 1460 4697 solum
1488 4625 1590 4681 hoc
1613 4625 1756 4696 quod
1864 4626 1955 4691 tis,
1983 4632 2244 4696 quantum
2286 4621 2354 4677 ad
2385 4619 2783 4692 simplicitatem
2816 4627 2872 4674 et
2901 4618 3353 4691 compositionem
3373 4629 3456 4676 at-

201 4705 435 4773 daPatre
470 4727 525 4773 ει
546 4715 707 4786 Filio,
738 4718 833 4777 sed
887 4719 946 4785 in
988 4705 1244 4779 omnibus
1296 4708 1472 4776 tribus
1514 4719 1763 4791 personis
1867 4716 2033 4781 tinet;
2069 4711 2323 4786 qtioniam
2354 4723 2515 4767 omne
2560 4709 2919 4782 compositum
2959 4722 3181 4767 necesse
3235 4717 3321 4767 est
3361 4718 3457 4765 aut

1494 4917 1725 4975 mum;
1764 4902 2167 4975 LECTIONES.

257 5076 341 5110 ““
357 5079 587 5153 Negare,
605 5070 738 5153 nihil
757 5096 881 5135 mss.
899 5086 1095 5148 negare
1110 5074 1291 5147 simul,
1312 5078 1442 5153 nihil
1519 5074 1611 5153 "_°'
1627 5074 1894 5132 Allirmari
1915 5074 2112 5153 debere
2136 5073 2201 5153 de
2224 5081 2378 5153 p_atre
2398 5089 2528 5153 mss.
2541 5071 2583 5126 Τ
2584 5071 2824 5153 Ιηρζχὶςι.
2840 5070 2987 5153 Geni.
3015 5071 3172 5153 Co‘rb.
3189 5070 3446 5153 alli‘nmari

199 5140 255 5198 de
276 5139 466 5216 patre"
493 5139 587 5182 ⁸⁸⁶⁴
613 5149 677 5205 Si
697 5164 821 5205 vera
845 5159 899 5205 et
938 5139 1050 5204 rata
1073 5160 1158 5205 est
1182 5139 1494 5204 msICister.
1521 5148 1565 5202 si
1593 5162 1721 5216 vera
1747 5154 1852 5212 est,
1883 5160 1984 5200 ms.
2029 5143 2186 5216 garb.
2220 5139 2416 5216 sirata
2452 5152 2568 5201 est.
2598 5143 2723 5216 _“"
2754 5144 2992 5216 Argiuus
3020 5150 3106 5198 est
3127 5157 3226 5196 ms.
3251 5139 3446 5216 Cister.

197 5210 292 5269 θυι
310 5220 352 5273 si
389 5220 462 5276 ita
497 5230 585 5276 est
655 5221 753 5256 ³³⁸⁸
780 5222 889 5276 Νεε
910 5220 1079 5275 Filius
1108 5221 1248 5274 alius
1272 5235 1300 5273 a
1330 5219 1489 5273 Patre
1524 5235 1622 5272 ms.
1675 5210 1864 5271 Cistcr.
1897 5229 1999 5272 nec
2030 5213 2197 5270 Filius
2239 5214 2376 5271 alius
2401 5224 2487 5270 est
2537 5229 2566 5268 a
2593 5213 2757 5269 Patre
2800 5255 2806 5261 .
2832 5210 2923 5243 ιω
2954 5210 3050 5266 Est
3099 5223 3273 5280 pater,
3303 5213 3449 5271 alius

195 5284 344 5366 9:15.":
362 5300 444 5366 est
469 5291 632 5366 Pater
692 5309 791 5347 mt-
821 5292 1006 5366 σείειν·
1042 5299 1136 5366 est
1169 5290 1444 5366 Paleas!
1471 5288 1612 5366 alius
1677 5284 1828 5366 callis
1863 5296 1959 5366 es}.
1986 5286 2155 5366 We"
2226 5283 2463 5366 ⁸³11⁸θο
2504 5280 3116 5366 ξίωὲἒίιθς..β¹ίυ⁸.πιέ³;.
3150 5282 3448 5366 malitias

197 5348 277 5387 ⁸³⁸⁷⁸
308 5358 459 5416 False
480 5362 684 5417 dicitur
710 5379 836 5417 mss.
868 5361 1005 5416 falso
1032 5361 1233 5416 dicitur
1304 5348 1397 5401 ’δι’
1419 5361 1574 5416 Alius
1588 5368 1672 5415 est
1697 5348 1858 5414 illius.
1901 5355 2107 5415 Videtis
2138 5372 2237 5411 ms.
2266 5354 2455 5412 Cister.
2483 5362 2539 5409 et
2571 5353 2709 5408 alius
2740 5351 2904 5408 illius.
2941 5348 3151 5410 Videtis
3223 5353 3316 5386 ¹³¹³
3340 5354 3445 5410 Se-

194 5429 407 5485 cundum
437 5432 538 5488 hoc
566 5435 708 5502 quod
736 5449 859 5487 mu.
895 5432 1026 5487 Vici.
1058 5429 1264 5486 Thumt.
1292 5431 1363 5487 .S.
1408 5431 1570 5487 Mich.
1592 5428 1888 5486 secundum
1931 5426 2073 5502 hoc,_
2104 5427 2399 5502 secundum
2455 5422 2597 5495 quod
2702 5422 2796 5455 ““
2829 5420 2972 5502 gon
2998 5425 3271 5502 sequitnr_
3297 5427 3443 5496 quod

194 5508 308 5574 ῃρι.
339 5515 439 5555 non
469 5492 834 5574 consequetur
854 5504 997 5574 quod
1067 5502 1165 5574 f3“
1195 5502 1380 5557 Solum
1406 5514 1518 5557 tres
1545 5514 1964 5574 pet'sgnas‘mss.
1996 5497 2338 5574 solummodo
2361 5492 2768 5574 tres'persona‘sn
2802 5493 2926 5574 ’,ξω
2955 5492 3437 5574 Ipse‘asserit‘ms.

194 5564 565 5643 “ingenuum:
596 5562 711 5643 ipse
785 5562 1036 5627 """Tres
1064 5573 1227 5638 Deos,
1256 5589 1377 5640 qme
1414 5562 1616 5627 mss-et
1643 5568 1963 5643 Edit.GotI_t.
1994 5577 2105 5625 tres
2141 5568 2279 5643 DeOs
2309 5580 2453 5643 esse,
2480 5562 2601 5633 qua:
2675 5562 2770 5597 ¹³¹⁸
2795 5562 3123 5643 _'l‘res__l‘ate_ri
3171 5576 3280 5623 tres
3299 5583 3436 5643 pits.

191 5647 233 5713 ες
262 5636 395 5713 Edit.
424 5640 579 5699 ϐοαί.
614 5635 728 5700 tres
758 5659 867 5711 res,
898 5643 1052 5698 fateri
1096 5635 1221 5698 tres
1278 5635 1371 5676 3’"
1400 5643 1619 5713 Singula
1649 5656 1875 5713 qumque
1905 5639 1971 5713 de
2003 5637 2370 5713 mss._sii_igula
2399 5649 2627 5713 quiaque
2658 5651 2747 5713 res
2777 5635 2847 5713 de
2922 5635 3159 5713 "’°_Non_
3188 5647 3270 5713 est
3296 5637 3439 5694 Deus

192 5704 395 5779 simplex
426 5725 617 5771 natura
647 5731 773 5773 mss.
803 5704 911 5775 nun
936 5723 1019 5771 est
1055 5714 1280 5785 simplex
1311 5704 1528 5788 natura"
1573 5704 1955 5783 im'lntelligit
2000 5704 2271 5781 simplicia
2308 5704 2429 5766 nm
2452 5704 2638 5769 (Σίδην.
2678 5707 2939 5782 intelliget
2985 5706 3249 5779 simplicia
