  <div class='ocr_page' id='page_1' title='image "/cluster/home/n/w/nwhite01/storage/ocr_20150623/158/hvd.32044024236689/145.png"; bbox 0 0 4030 6290; ppageno 0'>
   <div class='ocr_carea' id='block_1_1' title="bbox 478 347 575 404">
    <p class='ocr_par' dir='ltr' id='par_1_1' title="bbox 478 347 575 404">
     <span class='ocr_line' id='line_1_1' title="bbox 478 347 575 404; baseline -0.01 0"><span class='ocrx_word' id='word_1_1' title='bbox 478 347 575 404; x_wconf 71' lang='grc'><strong>271</strong></span> 
     </span>
    </p>
   </div>
   <div class='ocr_carea' id='block_1_2' title="bbox 976 326 3227 400">
    <p class='ocr_par' dir='ltr' id='par_1_2' title="bbox 976 326 3227 400">
     <span class='ocr_line' id='line_1_2' title="bbox 976 326 3227 400; baseline -0 -1"><span class='ocrx_word' id='word_1_2' title='bbox 976 342 1036 400; x_wconf 88' lang='lat' dir='ltr'><strong>s.</strong></span> <span class='ocrx_word' id='word_1_3' title='bbox 1078 334 1377 399; x_wconf 74' lang='lat' dir='ltr'><strong>ANSEL‘MI</strong></span> <span class='ocrx_word' id='word_1_4' title='bbox 1427 326 1780 397; x_wconf 66' lang='lat' dir='ltr'><strong>Camnae.</strong></span> <span class='ocrx_word' id='word_1_5' title='bbox 1822 330 2144 395; x_wconf 71' lang='lat' dir='ltr'><strong>meumr.</strong></span> <span class='ocrx_word' id='word_1_6' title='bbox 2195 336 2347 395; x_wconf 67' lang='lat' dir='ltr'><strong>ore.</strong></span> <span class='ocrx_word' id='word_1_7' title='bbox 2392 338 2573 395; x_wconf 63' lang='lat' dir='ltr'><strong>rans</strong></span> <span class='ocrx_word' id='word_1_8' title='bbox 2609 340 2648 395; x_wconf 83' lang='grc' dir='ltr'><strong>ι.</strong></span> <span class='ocrx_word' id='word_1_9' title='bbox 2690 369 2759 382; x_wconf 86' lang='lat'><strong>-—-</strong></span> <span class='ocrx_word' id='word_1_10' title='bbox 2800 327 3227 399; x_wconf 66' lang='lat' dir='ltr'><strong>pecuarios.</strong></span> 
     </span>
    </p>
   </div>
   <div class='ocr_carea' id='block_1_3' title="bbox 3663 347 3787 405">
    <p class='ocr_par' dir='ltr' id='par_1_3' title="bbox 3663 347 3787 405">
     <span class='ocr_line' id='line_1_3' title="bbox 3663 347 3787 405; baseline 0.032 -4"><span class='ocrx_word' id='word_1_11' title='bbox 3663 347 3787 405; x_wconf 62' lang='lat'><strong>27‘:</strong></span> 
     </span>
    </p>
   </div>
   <div class='ocr_carea' id='block_1_4' title="bbox 479 452 3783 533">
    <p class='ocr_par' dir='ltr' id='par_1_4' title="bbox 479 452 3783 533">
     <span class='ocr_line' id='line_1_4' title="bbox 479 452 3783 533; baseline 0 -12"><span class='ocrx_word' id='word_1_12' title='bbox 479 471 625 529; x_wconf 87' lang='lat' dir='ltr'><strong>actu,</strong></span> <span class='ocrx_word' id='word_1_13' title='bbox 661 467 755 516; x_wconf 84' lang='lat' dir='ltr'><strong>aut</strong></span> <span class='ocrx_word' id='word_1_14' title='bbox 778 455 1052 515; x_wconf 87' lang='lat' dir='ltr'><strong>intellectu</strong></span> <span class='ocrx_word' id='word_1_15' title='bbox 1083 470 1238 528; x_wconf 83' lang='lat' dir='ltr'><strong>posse</strong></span> <span class='ocrx_word' id='word_1_16' title='bbox 1266 454 1522 526; x_wconf 82' lang='lat' dir='ltr'><strong>disjungi,</strong></span> <span class='ocrx_word' id='word_1_17' title='bbox 1560 454 1707 525; x_wconf 91' lang='lat' dir='ltr'><strong>quod</strong></span> <span class='ocrx_word' id='word_1_18' title='bbox 1731 453 1820 484; x_wconf 80' lang='grc'>¹³²²</span> <span class='ocrx_word' id='word_1_19' title='bbox 1848 452 1914 507; x_wconf 90' lang='lat' dir='ltr'><strong>de</strong></span> <span class='ocrx_word' id='word_1_20' title='bbox 1938 452 2070 508; x_wconf 90' lang='lat' dir='ltr'><strong>sim-</strong></span> <span class='ocrx_word' id='word_1_21' title='bbox 2098 462 2145 519; x_wconf 84' lang='grc' dir='ltr'><strong>Α</strong></span> <span class='ocrx_word' id='word_1_22' title='bbox 2174 454 2318 510; x_wconf 87' lang='lat' dir='ltr'><strong>sicut</strong></span> <span class='ocrx_word' id='word_1_23' title='bbox 2363 454 2528 511; x_wconf 87' lang='lat' dir='ltr'><strong>homo</strong></span> <span class='ocrx_word' id='word_1_24' title='bbox 2561 454 2763 512; x_wconf 80' lang='lat' dir='ltr'><strong>dicitur</strong></span> <span class='ocrx_word' id='word_1_25' title='bbox 2800 471 2889 511; x_wconf 84' lang='lat' dir='ltr'><strong>rex</strong></span> <span class='ocrx_word' id='word_1_26' title='bbox 2921 464 3019 528; x_wconf 86' lang='lat' dir='ltr'><strong>per</strong></span> <span class='ocrx_word' id='word_1_27' title='bbox 3046 459 3248 528; x_wconf 84' lang='lat' dir='ltr'><strong>regiam</strong></span> <span class='ocrx_word' id='word_1_28' title='bbox 3274 454 3783 533; x_wconf 12' lang='lat' dir='ltr'><strong>potestatem,V-non</strong></span> 
     </span>
    </p>
   </div>
   <div class='ocr_carea' id='block_1_5' title="bbox 478 545 2072 626">
    <p class='ocr_par' dir='ltr' id='par_1_5' title="bbox 478 545 2072 626">
     <span class='ocr_line' id='line_1_5' title="bbox 478 545 2072 626; baseline -0.009 -15"><span class='ocrx_word' id='word_1_29' title='bbox 478 554 710 626; x_wconf 88' lang='lat' dir='ltr'><strong>plicihus</strong></span> <span class='ocrx_word' id='word_1_30' title='bbox 738 551 962 619; x_wconf 74' lang='lat' dir='ltr'><strong>intelligi</strong></span> <span class='ocrx_word' id='word_1_31' title='bbox 990 550 1178 619; x_wconf 90' lang='lat' dir='ltr'><strong>nequit</strong></span> <span class='ocrx_word' id='word_1_32' title='bbox 1208 567 1221 603; x_wconf 87' lang='lat'><strong>:</strong></span> <span class='ocrx_word' id='word_1_33' title='bbox 1254 545 1406 616; x_wconf 82' lang='lat' dir='ltr'><strong>cujus</strong></span> <span class='ocrx_word' id='word_1_34' title='bbox 1437 547 1583 601; x_wconf 87' lang='lat' dir='ltr'><strong>enim</strong></span> <span class='ocrx_word' id='word_1_35' title='bbox 1635 553 1821 616; x_wconf 87' lang='lat' dir='ltr'><strong>partes</strong></span> <span class='ocrx_word' id='word_1_36' title='bbox 1848 545 2072 615; x_wconf 88' lang='lat' dir='ltr'><strong>cogitari</strong></span> 
     </span>
    </p>
   </div>
   <div class='ocr_carea' id='block_1_6' title="bbox 478 635 2081 715">
    <p class='ocr_par' dir='ltr' id='par_1_6' title="bbox 478 635 2081 715">
     <span class='ocr_line' id='line_1_6' title="bbox 478 635 2081 715; baseline -0.007 -14"><span class='ocrx_word' id='word_1_37' title='bbox 478 660 588 701; x_wconf 87' lang='lat' dir='ltr'><strong>non</strong></span> <span class='ocrx_word' id='word_1_38' title='bbox 619 650 867 715; x_wconf 85' lang='lat' dir='ltr'><strong>possunt,</strong></span> <span class='ocrx_word' id='word_1_39' title='bbox 898 641 1030 695; x_wconf 82' lang='lat' dir='ltr'><strong>idin</strong></span> <span class='ocrx_word' id='word_1_40' title='bbox 1076 648 1261 709; x_wconf 88' lang='lat' dir='ltr'><strong>partes</strong></span> <span class='ocrx_word' id='word_1_41' title='bbox 1302 637 1479 692; x_wconf 88' lang='lat' dir='ltr'><strong>nullus</strong></span> <span class='ocrx_word' id='word_1_42' title='bbox 1527 635 1834 691; x_wconf 84' lang='lat' dir='ltr'><strong>intellectus</strong></span> <span class='ocrx_word' id='word_1_43' title='bbox 1886 635 2081 691; x_wconf 84' lang='lat' dir='ltr'><strong>dissol-</strong></span> 
     </span>
    </p>
   </div>
   <div class='ocr_carea' id='block_1_7' title="bbox 478 725 2076 806">
    <p class='ocr_par' dir='ltr' id='par_1_7' title="bbox 478 725 2076 806">
     <span class='ocr_line' id='line_1_7' title="bbox 478 725 2076 806; baseline -0.006 -16"><span class='ocrx_word' id='word_1_44' title='bbox 478 750 608 791; x_wconf 89' lang='lat' dir='ltr'><strong>vere</strong></span> <span class='ocrx_word' id='word_1_45' title='bbox 631 742 825 806; x_wconf 77' lang='lat' dir='ltr'><strong>potest.</strong></span> <span class='ocrx_word' id='word_1_46' title='bbox 862 732 917 787; x_wconf 90' lang='lat' dir='ltr'><strong>Si</strong></span> <span class='ocrx_word' id='word_1_47' title='bbox 948 746 1079 801; x_wconf 88' lang='lat' dir='ltr'><strong>ergo</strong></span> <span class='ocrx_word' id='word_1_48' title='bbox 1104 732 1245 784; x_wconf 87' lang='lat' dir='ltr'><strong>Deus</strong></span> <span class='ocrx_word' id='word_1_49' title='bbox 1277 729 1453 783; x_wconf 83' lang='lat' dir='ltr'><strong>tribus</strong></span> <span class='ocrx_word' id='word_1_50' title='bbox 1497 742 1564 783; x_wconf 85' lang='lat' dir='ltr'><strong>cx</strong></span> <span class='ocrx_word' id='word_1_51' title='bbox 1594 726 1754 781; x_wconf 86' lang='lat' dir='ltr'><strong>rebus</strong></span> <span class='ocrx_word' id='word_1_52' title='bbox 1804 725 2076 797; x_wconf 79' lang='lat' dir='ltr'><strong>composi—</strong></span> 
     </span>
    </p>
   </div>
   <div class='ocr_carea' id='block_1_8' title="bbox 481 817 2077 892">
    <p class='ocr_par' dir='ltr' id='par_1_8' title="bbox 481 817 2077 892">
     <span class='ocr_line' id='line_1_8' title="bbox 481 817 2077 892; baseline -0.006 -11"><span class='ocrx_word' id='word_1_53' title='bbox 481 838 570 883; x_wconf 90' lang='lat' dir='ltr'><strong>tns</strong></span> <span class='ocrx_word' id='word_1_54' title='bbox 608 823 1007 892; x_wconf 85' lang='lat' dir='ltr'><strong>est,autnuila</strong></span> <span class='ocrx_word' id='word_1_55' title='bbox 1062 831 1257 875; x_wconf 88' lang='lat' dir='ltr'><strong>natura</strong></span> <span class='ocrx_word' id='word_1_56' title='bbox 1312 818 1540 889; x_wconf 91' lang='lat' dir='ltr'><strong>simplex</strong></span> <span class='ocrx_word' id='word_1_57' title='bbox 1591 826 1695 885; x_wconf 86' lang='lat' dir='ltr'><strong>est,</strong></span> <span class='ocrx_word' id='word_1_58' title='bbox 1751 825 1845 871; x_wconf 88' lang='lat' dir='ltr'><strong>aut</strong></span> <span class='ocrx_word' id='word_1_59' title='bbox 1898 817 2077 888; x_wconf 87' lang='lat' dir='ltr'><strong>aliqua</strong></span> 
     </span>
    </p>
   </div>
   <div class='ocr_carea' id='block_1_9' title="bbox 482 909 2077 982">
    <p class='ocr_par' dir='ltr' id='par_1_9' title="bbox 482 909 2077 982">
     <span class='ocr_line' id='line_1_9' title="bbox 482 909 2077 982; baseline -0.005 -10"><span class='ocrx_word' id='word_1_60' title='bbox 482 926 677 972; x_wconf 89' lang='lat' dir='ltr'><strong>natura</strong></span> <span class='ocrx_word' id='word_1_61' title='bbox 716 924 797 970; x_wconf 88' lang='lat' dir='ltr'><strong>est</strong></span> <span class='ocrx_word' id='word_1_62' title='bbox 826 914 953 978; x_wconf 90' lang='lat' dir='ltr'><strong>alia,</strong></span> <span class='ocrx_word' id='word_1_63' title='bbox 986 928 1105 982; x_wconf 77' lang='lat' dir='ltr'><strong>qua:</strong></span> <span class='ocrx_word' id='word_1_64' title='bbox 1130 912 1182 966; x_wconf 93' lang='lat' dir='ltr'><strong>in</strong></span> <span class='ocrx_word' id='word_1_65' title='bbox 1207 909 1391 981; x_wconf 88' lang='lat' dir='ltr'><strong>aliquo</strong></span> <span class='ocrx_word' id='word_1_66' title='bbox 1413 909 1862 979; x_wconf 69' lang='lat' dir='ltr'><strong>estprmsta‘ntior</strong></span> <span class='ocrx_word' id='word_1_67' title='bbox 1882 914 2077 964; x_wconf 83' lang='lat' dir='ltr'><strong>natura</strong></span> 
     </span>
    </p>
   </div>
   <div class='ocr_carea' id='block_1_10' title="bbox 482 1000 2078 1079">
    <p class='ocr_par' dir='ltr' id='par_1_10' title="bbox 482 1000 2078 1079">
     <span class='ocr_line' id='line_1_10' title="bbox 482 1000 2078 1079; baseline -0.008 -13"><span class='ocrx_word' id='word_1_68' title='bbox 482 1010 577 1065; x_wconf 86' lang='lat' dir='ltr'><strong>Dei</strong></span> <span class='ocrx_word' id='word_1_69' title='bbox 612 1028 624 1062; x_wconf 90' lang='lat'><strong>:</strong></span> <span class='ocrx_word' id='word_1_70' title='bbox 652 1023 770 1079; x_wconf 74' lang='lat' dir='ltr'><strong>qua:</strong></span> <span class='ocrx_word' id='word_1_71' title='bbox 797 1015 1030 1077; x_wconf 89' lang='lat' dir='ltr'><strong>utraque</strong></span> <span class='ocrx_word' id='word_1_72' title='bbox 1061 1020 1221 1075; x_wconf 87' lang='lat' dir='ltr'><strong>quam</strong></span> <span class='ocrx_word' id='word_1_73' title='bbox 1249 1003 1383 1057; x_wconf 82' lang='lat' dir='ltr'><strong>falsa</strong></span> <span class='ocrx_word' id='word_1_74' title='bbox 1408 1002 1540 1067; x_wconf 89' lang='lat' dir='ltr'><strong>sint,</strong></span> <span class='ocrx_word' id='word_1_75' title='bbox 1593 1017 1700 1056; x_wconf 87' lang='lat' dir='ltr'><strong>non</strong></span> <span class='ocrx_word' id='word_1_76' title='bbox 1752 1010 1837 1056; x_wconf 92' lang='lat' dir='ltr'><strong>est</strong></span> <span class='ocrx_word' id='word_1_77' title='bbox 1887 1000 2078 1057; x_wconf 82' lang='lat' dir='ltr'><strong>obscu-</strong></span> 
     </span>
    </p>
   </div>
   <div class='ocr_carea' id='block_1_11' title="bbox 482 1092 2076 1165">
    <p class='ocr_par' dir='ltr' id='par_1_11' title="bbox 482 1092 2076 1165">
     <span class='ocr_line' id='line_1_11' title="bbox 482 1092 2076 1165; baseline -0.003 -14"><span class='ocrx_word' id='word_1_78' title='bbox 482 1113 626 1152; x_wconf 90' lang='lat' dir='ltr'><strong>rum.</strong></span> <span class='ocrx_word' id='word_1_79' title='bbox 653 1098 807 1165; x_wconf 92' lang='lat' dir='ltr'><strong>Quod</strong></span> <span class='ocrx_word' id='word_1_80' title='bbox 845 1097 889 1150; x_wconf 89' lang='lat' dir='ltr'><strong>si</strong></span> <span class='ocrx_word' id='word_1_81' title='bbox 922 1097 1025 1151; x_wconf 90' lang='lat' dir='ltr'><strong>iste</strong></span> <span class='ocrx_word' id='word_1_82' title='bbox 1055 1096 1120 1150; x_wconf 90' lang='lat' dir='ltr'><strong>de</strong></span> <span class='ocrx_word' id='word_1_83' title='bbox 1149 1095 1252 1149; x_wconf 91' lang='lat' dir='ltr'><strong>illis</strong></span> <span class='ocrx_word' id='word_1_84' title='bbox 1304 1092 1605 1149; x_wconf 76' lang='lat' dir='ltr'><strong>dialecticis</strong></span> <span class='ocrx_word' id='word_1_85' title='bbox 1657 1092 1932 1149; x_wconf 82' lang='lat' dir='ltr'><strong>modernis</strong></span> <span class='ocrx_word' id='word_1_86' title='bbox 1973 1103 2076 1159; x_wconf 87' lang='lat' dir='ltr'><strong>est,</strong></span> 
     </span>
    </p>
   </div>
   <div class='ocr_carea' id='block_1_12' title="bbox 482 1183 2079 1259">
    <p class='ocr_par' dir='ltr' id='par_1_12' title="bbox 482 1183 2079 1259">
     <span class='ocr_line' id='line_1_12' title="bbox 482 1183 2079 1259; baseline -0.001 -18"><span class='ocrx_word' id='word_1_87' title='bbox 482 1190 573 1259; x_wconf 90' lang='lat' dir='ltr'><strong>qui</strong></span> <span class='ocrx_word' id='word_1_88' title='bbox 604 1188 738 1242; x_wconf 79' lang='lat' dir='ltr'><strong>nihil</strong></span> <span class='ocrx_word' id='word_1_89' title='bbox 776 1202 899 1243; x_wconf 92' lang='lat' dir='ltr'><strong>esse</strong></span> <span class='ocrx_word' id='word_1_90' title='bbox 932 1186 1199 1250; x_wconf 88' lang='lat' dir='ltr'><strong>credunt,</strong></span> <span class='ocrx_word' id='word_1_91' title='bbox 1252 1185 1355 1239; x_wconf 90' lang='lat' dir='ltr'><strong>nisi</strong></span> <span class='ocrx_word' id='word_1_92' title='bbox 1410 1184 1554 1254; x_wconf 91' lang='lat' dir='ltr'><strong>quod</strong></span> <span class='ocrx_word' id='word_1_93' title='bbox 1599 1183 2079 1253; x_wconf 72' lang='lat' dir='ltr'><strong>imaginationibus</strong></span> 
     </span>
    </p>
   </div>
   <div class='ocr_carea' id='block_1_13' title="bbox 491 1274 2077 1349">
    <p class='ocr_par' dir='ltr' id='par_1_13' title="bbox 491 1274 2077 1349">
     <span class='ocr_line' id='line_1_13' title="bbox 491 1274 2077 1349; baseline -0.003 -14"><span class='ocrx_word' id='word_1_94' title='bbox 491 1278 960 1349; x_wconf 89' lang='lat' dir='ltr'><strong>comprehendere</strong></span> <span class='ocrx_word' id='word_1_95' title='bbox 991 1284 1239 1347; x_wconf 86' lang='lat' dir='ltr'><strong>possunt,</strong></span> <span class='ocrx_word' id='word_1_96' title='bbox 1272 1283 1557 1345; x_wconf 71' lang='lat' dir='ltr'><strong>necp‘utat</strong></span> <span class='ocrx_word' id='word_1_97' title='bbox 1584 1274 1677 1304; x_wconf 80' lang='grc'>¹³¹³</span> <span class='ocrx_word' id='word_1_98' title='bbox 1694 1274 1907 1343; x_wconf 85' lang='lat' dir='ltr'><strong>aliquid</strong></span> <span class='ocrx_word' id='word_1_99' title='bbox 1935 1286 2077 1341; x_wconf 75' lang='lat' dir='ltr'><strong>esse,</strong></span> 
     </span>
    </p>
   </div>
   <div class='ocr_carea' id='block_1_14' title="bbox 482 1364 2078 1442">
    <p class='ocr_par' dir='ltr' id='par_1_14' title="bbox 482 1364 2078 1442">
     <span class='ocr_line' id='line_1_14' title="bbox 482 1364 2078 1442; baseline -0.003 -15"><span class='ocrx_word' id='word_1_100' title='bbox 482 1372 540 1427; x_wconf 91' lang='lat' dir='ltr'><strong>in</strong></span> <span class='ocrx_word' id='word_1_101' title='bbox 576 1386 683 1442; x_wconf 86' lang='lat' dir='ltr'><strong>quo</strong></span> <span class='ocrx_word' id='word_1_102' title='bbox 706 1380 890 1440; x_wconf 88' lang='lat' dir='ltr'><strong>partes</strong></span> <span class='ocrx_word' id='word_1_103' title='bbox 920 1369 1077 1424; x_wconf 67' lang='lat' dir='ltr'><strong>nulla:</strong></span> <span class='ocrx_word' id='word_1_104' title='bbox 1103 1379 1257 1435; x_wconf 89' lang='lat' dir='ltr'><strong>sunt;</strong></span> <span class='ocrx_word' id='word_1_105' title='bbox 1284 1367 1368 1424; x_wconf 90' lang='lat' dir='ltr'><strong>vel</strong></span> <span class='ocrx_word' id='word_1_106' title='bbox 1396 1383 1502 1422; x_wconf 90' lang='lat' dir='ltr'><strong>non</strong></span> <span class='ocrx_word' id='word_1_107' title='bbox 1530 1366 1749 1437; x_wconf 90' lang='lat' dir='ltr'><strong>negabit</strong></span> <span class='ocrx_word' id='word_1_108' title='bbox 1771 1364 2078 1437; x_wconf 82' lang='lat' dir='ltr'><strong>intelligere</strong></span> 
     </span>
    </p>
   </div>
   <div class='ocr_carea' id='block_1_15' title="bbox 491 1459 2079 1532">
    <p class='ocr_par' dir='ltr' id='par_1_15' title="bbox 491 1459 2079 1532">
     <span class='ocr_line' id='line_1_15' title="bbox 491 1459 2079 1532; baseline -0.003 -15"><span class='ocrx_word' id='word_1_109' title='bbox 491 1477 550 1517; x_wconf 91' lang='lat' dir='ltr'><strong>se</strong></span> <span class='ocrx_word' id='word_1_110' title='bbox 584 1462 709 1532; x_wconf 87' lang='lat' dir='ltr'><strong>quia</strong></span> <span class='ocrx_word' id='word_1_111' title='bbox 740 1462 785 1516; x_wconf 90' lang='lat' dir='ltr'><strong>si</strong></span> <span class='ocrx_word' id='word_1_112' title='bbox 823 1469 967 1517; x_wconf 89' lang='lat' dir='ltr'><strong>esset</strong></span> <span class='ocrx_word' id='word_1_113' title='bbox 994 1459 1216 1531; x_wconf 89' lang='lat' dir='ltr'><strong>aliquid,</strong></span> <span class='ocrx_word' id='word_1_114' title='bbox 1244 1460 1387 1529; x_wconf 91' lang='lat' dir='ltr'><strong>quod</strong></span> <span class='ocrx_word' id='word_1_115' title='bbox 1416 1474 1517 1514; x_wconf 92' lang='lat' dir='ltr'><strong>nec</strong></span> <span class='ocrx_word' id='word_1_116' title='bbox 1541 1470 1685 1526; x_wconf 88' lang='lat' dir='ltr'><strong>actu,</strong></span> <span class='ocrx_word' id='word_1_117' title='bbox 1746 1474 1848 1515; x_wconf 91' lang='lat' dir='ltr'><strong>nec</strong></span> <span class='ocrx_word' id='word_1_118' title='bbox 1913 1460 2079 1515; x_wconf 88' lang='lat' dir='ltr'><strong>intel-</strong></span> 
     </span>
    </p>
   </div>
   <div class='ocr_carea' id='block_1_16' title="bbox 494 1550 2083 1623">
    <p class='ocr_par' dir='ltr' id='par_1_16' title="bbox 494 1550 2083 1623">
     <span class='ocr_line' id='line_1_16' title="bbox 494 1550 2083 1623; baseline 0 -17"><span class='ocrx_word' id='word_1_119' title='bbox 494 1555 636 1609; x_wconf 90' lang='lat' dir='ltr'><strong>lectu</strong></span> <span class='ocrx_word' id='word_1_120' title='bbox 665 1553 881 1608; x_wconf 75' lang='lat' dir='ltr'><strong>dissolvi</strong></span> <span class='ocrx_word' id='word_1_121' title='bbox 911 1561 1123 1623; x_wconf 89' lang='lat' dir='ltr'><strong>posset;</strong></span> <span class='ocrx_word' id='word_1_122' title='bbox 1155 1550 1329 1620; x_wconf 83' lang='lat' dir='ltr'><strong>majus</strong></span> <span class='ocrx_word' id='word_1_123' title='bbox 1377 1559 1543 1619; x_wconf 89' lang='lat' dir='ltr'><strong>esset,</strong></span> <span class='ocrx_word' id='word_1_124' title='bbox 1595 1566 1758 1621; x_wconf 90' lang='lat' dir='ltr'><strong>quam</strong></span> <span class='ocrx_word' id='word_1_125' title='bbox 1805 1553 1949 1622; x_wconf 92' lang='lat' dir='ltr'><strong>quod</strong></span> <span class='ocrx_word' id='word_1_126' title='bbox 1998 1551 2083 1608; x_wconf 90' lang='lat' dir='ltr'><strong>vel</strong></span> 
     </span>
    </p>
   </div>
   <div class='ocr_carea' id='block_1_17' title="bbox 486 1643 2084 1715">
    <p class='ocr_par' dir='ltr' id='par_1_17' title="bbox 486 1643 2084 1715">
     <span class='ocr_line' id='line_1_17' title="bbox 486 1643 2084 1715; baseline -0.001 -15"><span class='ocrx_word' id='word_1_127' title='bbox 486 1646 763 1701; x_wconf 86' lang='lat' dir='ltr'><strong>intellectu</strong></span> <span class='ocrx_word' id='word_1_128' title='bbox 790 1644 1229 1701; x_wconf 87' lang='lat' dir='ltr'><strong>cstdissoluhile.</strong></span> <span class='ocrx_word' id='word_1_129' title='bbox 1295 1643 1486 1714; x_wconf 86' lang='lat' dir='ltr'><strong>Itaque</strong></span> <span class='ocrx_word' id='word_1_130' title='bbox 1508 1644 1552 1699; x_wconf 93' lang='lat' dir='ltr'><strong>si</strong></span> <span class='ocrx_word' id='word_1_131' title='bbox 1604 1658 1768 1699; x_wconf 88' lang='lat' dir='ltr'><strong>omne</strong></span> <span class='ocrx_word' id='word_1_132' title='bbox 1815 1644 2084 1715; x_wconf 88' lang='lat' dir='ltr'><strong>composi-</strong></span> 
     </span>
    </p>
   </div>
   <div class='ocr_carea' id='block_1_18' title="bbox 487 1735 2085 1806">
    <p class='ocr_par' dir='ltr' id='par_1_18' title="bbox 487 1735 2085 1806">
     <span class='ocr_line' id='line_1_18' title="bbox 487 1735 2085 1806; baseline -0.001 -14"><span class='ocrx_word' id='word_1_133' title='bbox 487 1746 605 1792; x_wconf 89' lang='lat' dir='ltr'><strong>tum</strong></span> <span class='ocrx_word' id='word_1_134' title='bbox 631 1739 825 1792; x_wconf 88' lang='lat' dir='ltr'><strong>saltem</strong></span> <span class='ocrx_word' id='word_1_135' title='bbox 882 1736 1213 1806; x_wconf 77' lang='lat' dir='ltr'><strong>cogitatione</strong></span> <span class='ocrx_word' id='word_1_136' title='bbox 1264 1735 1484 1791; x_wconf 87' lang='lat' dir='ltr'><strong>dissolvi</strong></span> <span class='ocrx_word' id='word_1_137' title='bbox 1523 1742 1727 1804; x_wconf 85' lang='lat' dir='ltr'><strong>potest,</strong></span> <span class='ocrx_word' id='word_1_138' title='bbox 1775 1752 1898 1791; x_wconf 91' lang='lat' dir='ltr'><strong>cum</strong></span> <span class='ocrx_word' id='word_1_139' title='bbox 1954 1736 2085 1791; x_wconf 86' lang='lat' dir='ltr'><strong>dicit</strong></span> 
     </span>
    </p>
   </div>
   <div class='ocr_carea' id='block_1_19' title="bbox 2179 546 3786 615">
    <p class='ocr_par' dir='ltr' id='par_1_19' title="bbox 2179 546 3786 615">
     <span class='ocr_line' id='line_1_19' title="bbox 2179 546 3786 615; baseline 0.01 -16"><span class='ocrx_word' id='word_1_140' title='bbox 2179 552 2262 599; x_wconf 90' lang='lat' dir='ltr'><strong>est</strong></span> <span class='ocrx_word' id='word_1_141' title='bbox 2302 546 2446 601; x_wconf 87' lang='lat' dir='ltr'><strong>Deus</strong></span> <span class='ocrx_word' id='word_1_142' title='bbox 2475 560 2676 602; x_wconf 88' lang='lat' dir='ltr'><strong>nomen</strong></span> <span class='ocrx_word' id='word_1_143' title='bbox 2716 546 3077 615; x_wconf 65' lang='lat' dir='ltr'><strong>substantiae;</strong></span> <span class='ocrx_word' id='word_1_144' title='bbox 3111 551 3206 605; x_wconf 90' lang='lat' dir='ltr'><strong>sed</strong></span> <span class='ocrx_word' id='word_1_145' title='bbox 3241 551 3657 613; x_wconf 74' lang='lat' dir='ltr'><strong>accidentaliter</strong></span> <span class='ocrx_word' id='word_1_146' title='bbox 3692 561 3786 615; x_wconf 82' lang='lat' dir='ltr'><strong>di-</strong></span> 
     </span>
    </p>
   </div>
   <div class='ocr_carea' id='block_1_20' title="bbox 2179 637 3789 717">
    <p class='ocr_par' dir='ltr' id='par_1_20' title="bbox 2179 637 3789 717">
     <span class='ocr_line' id='line_1_20' title="bbox 2179 637 3789 717; baseline 0.009 -24"><span class='ocrx_word' id='word_1_147' title='bbox 2179 645 2381 693; x_wconf 88' lang='lat' dir='ltr'><strong>cuntur</strong></span> <span class='ocrx_word' id='word_1_148' title='bbox 2419 637 2523 692; x_wconf 69' lang='lat' dir='ltr'><strong>illae</strong></span> <span class='ocrx_word' id='word_1_149' title='bbox 2559 638 2769 711; x_wconf 91' lang='lat' dir='ltr'><strong>(nescio</strong></span> <span class='ocrx_word' id='word_1_150' title='bbox 2801 639 2944 711; x_wconf 72' lang='lat' dir='ltr'><strong>quae)</strong></span> <span class='ocrx_word' id='word_1_151' title='bbox 2978 648 3088 697; x_wconf 90' lang='lat' dir='ltr'><strong>tres</strong></span> <span class='ocrx_word' id='word_1_152' title='bbox 3118 656 3205 698; x_wconf 88' lang='lat' dir='ltr'><strong>res</strong></span> <span class='ocrx_word' id='word_1_153' title='bbox 3237 651 3350 700; x_wconf 85' lang='lat' dir='ltr'><strong>tres</strong></span> <span class='ocrx_word' id='word_1_154' title='bbox 3372 645 3444 700; x_wconf 90' lang='lat' dir='ltr'><strong>dii</strong></span> <span class='ocrx_word' id='word_1_155' title='bbox 3470 646 3595 717; x_wconf 78' lang='grc'><strong>’⁸³⁸⁸,</strong></span> <span class='ocrx_word' id='word_1_156' title='bbox 3627 650 3789 707; x_wconf 83' lang='lat' dir='ltr'><strong>sicut</strong></span> 
     </span>
    </p>
   </div>
   <div class='ocr_carea' id='block_1_21' title="bbox 2163 731 3789 815">
    <p class='ocr_par' dir='ltr' id='par_1_21' title="bbox 2163 731 3789 815">
     <span class='ocr_line' id='line_1_21' title="bbox 2163 731 3789 815; baseline 0.01 -30"><span class='ocrx_word' id='word_1_157' title='bbox 2163 737 2291 786; x_wconf 70' lang='lat' dir='ltr'><strong>‘tres</strong></span> <span class='ocrx_word' id='word_1_158' title='bbox 2330 731 2579 787; x_wconf 89' lang='lat' dir='ltr'><strong>homines</strong></span> <span class='ocrx_word' id='word_1_159' title='bbox 2609 733 2855 789; x_wconf 89' lang='lat' dir='ltr'><strong>eamdem</strong></span> <span class='ocrx_word' id='word_1_160' title='bbox 2872 731 3148 793; x_wconf 67' lang='lat' dir='ltr'><strong>‘habentes</strong></span> <span class='ocrx_word' id='word_1_161' title='bbox 3187 739 3789 815; x_wconf 31' lang='lat' dir='ltr'><strong>regiamipotestatem,</strong></span> 
     </span>
    </p>
   </div>
   <div class='ocr_carea' id='block_1_22' title="bbox 2183 824 3787 894">
    <p class='ocr_par' dir='ltr' id='par_1_22' title="bbox 2183 824 3787 894">
     <span class='ocr_line' id='line_1_22' title="bbox 2183 824 3787 894; baseline 0.011 -17"><span class='ocrx_word' id='word_1_162' title='bbox 2183 831 2292 879; x_wconf 87' lang='lat' dir='ltr'><strong>tres</strong></span> <span class='ocrx_word' id='word_1_163' title='bbox 2321 837 2477 894; x_wconf 89' lang='lat' dir='ltr'><strong>reges</strong></span> <span class='ocrx_word' id='word_1_164' title='bbox 2520 824 2813 881; x_wconf 89' lang='lat' dir='ltr'><strong>dicuntur:</strong></span> <span class='ocrx_word' id='word_1_165' title='bbox 2858 835 2968 883; x_wconf 86' lang='lat' dir='ltr'><strong>tres</strong></span> <span class='ocrx_word' id='word_1_166' title='bbox 3009 828 3153 884; x_wconf 88' lang='lat' dir='ltr'><strong>enim</strong></span> <span class='ocrx_word' id='word_1_167' title='bbox 3196 830 3445 889; x_wconf 82' lang='lat' dir='ltr'><strong>homines</strong></span> <span class='ocrx_word' id='word_1_168' title='bbox 3485 850 3627 892; x_wconf 83' lang='lat' dir='ltr'><strong>unus</strong></span> <span class='ocrx_word' id='word_1_169' title='bbox 3676 853 3787 894; x_wconf 80' lang='lat' dir='ltr'><strong>rex</strong></span> 
     </span>
    </p>
   </div>
   <div class='ocr_carea' id='block_1_23' title="bbox 2180 920 3793 993">
    <p class='ocr_par' dir='ltr' id='par_1_23' title="bbox 2180 920 3793 993">
     <span class='ocr_line' id='line_1_23' title="bbox 2180 920 3793 993; baseline 0.011 -23"><span class='ocrx_word' id='word_1_170' title='bbox 2180 926 2301 972; x_wconf 85' lang='lat' dir='ltr'><strong>esse</strong></span> <span class='ocrx_word' id='word_1_171' title='bbox 2328 926 2644 987; x_wconf 86' lang='lat' dir='ltr'><strong>nequeunt:</strong></span> <span class='ocrx_word' id='word_1_172' title='bbox 2698 920 2841 990; x_wconf 90' lang='lat' dir='ltr'><strong>quod</strong></span> <span class='ocrx_word' id='word_1_173' title='bbox 2873 935 3034 990; x_wconf 90' lang='lat' dir='ltr'><strong>quam</strong></span> <span class='ocrx_word' id='word_1_174' title='bbox 3071 921 3365 979; x_wconf 81' lang='lat' dir='ltr'><strong>nefandum</strong></span> <span class='ocrx_word' id='word_1_175' title='bbox 3412 926 3515 993; x_wconf 88' lang='lat' dir='ltr'><strong>sit,</strong></span> <span class='ocrx_word' id='word_1_176' title='bbox 3548 943 3660 985; x_wconf 90' lang='lat' dir='ltr'><strong>non</strong></span> <span class='ocrx_word' id='word_1_177' title='bbox 3696 940 3793 987; x_wconf 78' lang='lat' dir='ltr'><strong>cst</strong></span> 
     </span>
    </p>
   </div>
   <div class='ocr_carea' id='block_1_24' title="bbox 2181 1008 3792 1087">
    <p class='ocr_par' dir='ltr' id='par_1_24' title="bbox 2181 1008 3792 1087">
     <span class='ocr_line' id='line_1_24' title="bbox 2181 1008 3792 1087; baseline 0.011 -26"><span class='ocrx_word' id='word_1_178' title='bbox 2181 1021 2318 1079; x_wconf 91' lang='lat' dir='ltr'><strong>opus</strong></span> <span class='ocrx_word' id='word_1_179' title='bbox 2357 1008 2558 1064; x_wconf 85' lang='lat' dir='ltr'><strong>dicere.</strong></span> <span class='ocrx_word' id='word_1_180' title='bbox 2602 1008 2787 1067; x_wconf 84' lang='lat' dir='ltr'><strong>Codex</strong></span> <span class='ocrx_word' id='word_1_181' title='bbox 2828 1020 3059 1084; x_wconf 84' lang='lat' dir='ltr'><strong>magnus</strong></span> <span class='ocrx_word' id='word_1_182' title='bbox 3092 1014 3401 1086; x_wconf 70' lang='lat' dir='ltr'><strong>implendas</strong></span> <span class='ocrx_word' id='word_1_183' title='bbox 3436 1027 3555 1087; x_wconf 86' lang='lat' dir='ltr'><strong>est,</strong></span> <span class='ocrx_word' id='word_1_184' title='bbox 3597 1022 3646 1077; x_wconf 71' lang='lat' dir='ltr'><strong>Si</strong></span> <span class='ocrx_word' id='word_1_185' title='bbox 3674 1030 3792 1079; x_wconf 60' lang='grc' dir='ltr'><strong>Ὺοά</strong></span> 
     </span>
    </p>
   </div>
   <div class='ocr_carea' id='block_1_25' title="bbox 2182 1098 3791 1183">
    <p class='ocr_par' dir='ltr' id='par_1_25' title="bbox 2182 1098 3791 1183">
     <span class='ocr_line' id='line_1_25' title="bbox 2182 1098 3791 1183; baseline 0.011 -30"><span class='ocrx_word' id='word_1_186' title='bbox 2182 1098 2334 1155; x_wconf 90' lang='lat' dir='ltr'><strong>luero</strong></span> <span class='ocrx_word' id='word_1_187' title='bbox 2386 1101 2628 1157; x_wconf 83' lang='lat' dir='ltr'><strong>scribere</strong></span> <span class='ocrx_word' id='word_1_188' title='bbox 2672 1103 3039 1162; x_wconf 88' lang='lat' dir='ltr'><strong>absurditates</strong></span> <span class='ocrx_word' id='word_1_189' title='bbox 3084 1115 3139 1162; x_wconf 90' lang='lat' dir='ltr'><strong>et</strong></span> <span class='ocrx_word' id='word_1_190' title='bbox 3170 1108 3497 1178; x_wconf 88' lang='lat' dir='ltr'><strong>impietates,</strong></span> <span class='ocrx_word' id='word_1_191' title='bbox 3528 1128 3654 1183; x_wconf 67' lang='lat' dir='ltr'><strong>quae</strong></span> <span class='ocrx_word' id='word_1_192' title='bbox 3691 1127 3791 1170; x_wconf 60' lang='lat' dir='ltr'><strong>sc:-</strong></span> 
     </span>
    </p>
   </div>
   <div class='ocr_carea' id='block_1_26' title="bbox 2182 1197 3790 1273">
    <p class='ocr_par' dir='ltr' id='par_1_26' title="bbox 2182 1197 3790 1273">
     <span class='ocr_line' id='line_1_26' title="bbox 2182 1197 3790 1273; baseline 0.009 -25"><span class='ocrx_word' id='word_1_193' title='bbox 2182 1201 2449 1266; x_wconf 90' lang='lat' dir='ltr'><strong>quuntur,</strong></span> <span class='ocrx_word' id='word_1_194' title='bbox 2489 1197 2534 1251; x_wconf 91' lang='lat' dir='ltr'><strong>si</strong></span> <span class='ocrx_word' id='word_1_195' title='bbox 2556 1212 2744 1253; x_wconf 90' lang='lat' dir='ltr'><strong>verum</strong></span> <span class='ocrx_word' id='word_1_196' title='bbox 2777 1207 2878 1264; x_wconf 87' lang='lat' dir='ltr'><strong>cst,</strong></span> <span class='ocrx_word' id='word_1_197' title='bbox 2917 1214 3023 1254; x_wconf 89' lang='lat' dir='ltr'><strong>una</strong></span> <span class='ocrx_word' id='word_1_198' title='bbox 3054 1198 3147 1254; x_wconf 90' lang='lat' dir='ltr'><strong>Dei</strong></span> <span class='ocrx_word' id='word_1_199' title='bbox 3183 1216 3417 1271; x_wconf 87' lang='lat' dir='ltr'><strong>persona</strong></span> <span class='ocrx_word' id='word_1_200' title='bbox 3459 1204 3790 1273; x_wconf 85' lang='lat' dir='ltr'><strong>incarnata,</strong></span> 
     </span>
    </p>
   </div>
   <div class='ocr_carea' id='block_1_27' title="bbox 2183 1289 3794 1368">
    <p class='ocr_par' dir='ltr' id='par_1_27' title="bbox 2183 1289 3794 1368">
     <span class='ocr_line' id='line_1_27' title="bbox 2183 1289 3794 1368; baseline 0.008 -25"><span class='ocrx_word' id='word_1_201' title='bbox 2183 1289 2422 1360; x_wconf 84' lang='lat' dir='ltr'><strong>reliquas</strong></span> <span class='ocrx_word' id='word_1_202' title='bbox 2465 1290 2599 1345; x_wconf 87' lang='lat' dir='ltr'><strong>duas</strong></span> <span class='ocrx_word' id='word_1_203' title='bbox 2646 1292 2904 1364; x_wconf 85' lang='lat' dir='ltr'><strong>consequi</strong></span> <span class='ocrx_word' id='word_1_204' title='bbox 2949 1308 3070 1349; x_wconf 88' lang='lat' dir='ltr'><strong>esse</strong></span> <span class='ocrx_word' id='word_1_205' title='bbox 3116 1292 3467 1362; x_wconf 26' lang='lat' dir='ltr'><strong>incarnatas.;</strong></span> <span class='ocrx_word' id='word_1_206' title='bbox 3497 1299 3629 1368; x_wconf 87' lang='lat' dir='ltr'><strong>quia</strong></span> <span class='ocrx_word' id='word_1_207' title='bbox 3668 1310 3794 1356; x_wconf 87' lang='lat' dir='ltr'><strong>tres</strong></span> 
     </span>
    </p>
   </div>
   <div class='ocr_carea' id='block_1_28' title="bbox 2185 1378 3793 1458">
    <p class='ocr_par' dir='ltr' id='par_1_28' title="bbox 2185 1378 3793 1458">
     <span class='ocr_line' id='line_1_28' title="bbox 2185 1378 3793 1458; baseline 0.008 -25"><span class='ocrx_word' id='word_1_208' title='bbox 2185 1378 2292 1434; x_wconf 74' lang='lat' dir='ltr'><strong>illa:</strong></span> <span class='ocrx_word' id='word_1_209' title='bbox 2320 1391 2569 1451; x_wconf 69' lang='lat' dir='ltr'><strong>persona:</strong></span> <span class='ocrx_word' id='word_1_210' title='bbox 2600 1388 2725 1437; x_wconf 88' lang='lat' dir='ltr'><strong>sunt</strong></span> <span class='ocrx_word' id='word_1_211' title='bbox 2752 1397 2858 1437; x_wconf 88' lang='lat' dir='ltr'><strong>una</strong></span> <span class='ocrx_word' id='word_1_212' title='bbox 2889 1398 3000 1450; x_wconf 89' lang='lat' dir='ltr'><strong>res,</strong></span> <span class='ocrx_word' id='word_1_213' title='bbox 3029 1385 3327 1441; x_wconf 87' lang='lat' dir='ltr'><strong>secundum</strong></span> <span class='ocrx_word' id='word_1_214' title='bbox 3352 1386 3419 1441; x_wconf 81' lang='lat' dir='ltr'><strong>id</strong></span> <span class='ocrx_word' id='word_1_215' title='bbox 3448 1389 3594 1458; x_wconf 86' lang='lat' dir='ltr'><strong>quod</strong></span> <span class='ocrx_word' id='word_1_216' title='bbox 3626 1405 3793 1445; x_wconf 80' lang='lat' dir='ltr'><strong>conr-</strong></span> 
     </span>
    </p>
   </div>
   <div class='ocr_carea' id='block_1_29' title="bbox 2185 1471 3797 1542">
    <p class='ocr_par' dir='ltr' id='par_1_29' title="bbox 2185 1471 3797 1542">
     <span class='ocr_line' id='line_1_29' title="bbox 2185 1471 3797 1542; baseline 0.008 -17"><span class='ocrx_word' id='word_1_217' title='bbox 2185 1471 2423 1527; x_wconf 89' lang='lat' dir='ltr'><strong>muniter</strong></span> <span class='ocrx_word' id='word_1_218' title='bbox 2457 1471 2525 1527; x_wconf 89' lang='lat' dir='ltr'><strong>de</strong></span> <span class='ocrx_word' id='word_1_219' title='bbox 2553 1472 2729 1529; x_wconf 87' lang='lat' dir='ltr'><strong>tribus</strong></span> <span class='ocrx_word' id='word_1_220' title='bbox 2768 1474 3002 1530; x_wconf 90' lang='lat' dir='ltr'><strong>dicimus</strong></span> <span class='ocrx_word' id='word_1_221' title='bbox 3035 1474 3160 1542; x_wconf 77' lang='grc' dir='ltr'>¹³³¹ς</span> <span class='ocrx_word' id='word_1_222' title='bbox 3191 1484 3288 1531; x_wconf 92' lang='lat' dir='ltr'><strong>aut</strong></span> <span class='ocrx_word' id='word_1_223' title='bbox 3316 1477 3362 1533; x_wconf 92' lang='lat' dir='ltr'><strong>si</strong></span> <span class='ocrx_word' id='word_1_224' title='bbox 3390 1489 3517 1533; x_wconf 87' lang='lat' dir='ltr'><strong>sunt</strong></span> <span class='ocrx_word' id='word_1_225' title='bbox 3545 1488 3665 1536; x_wconf 86' lang='lat' dir='ltr'><strong>tres</strong></span> <span class='ocrx_word' id='word_1_226' title='bbox 3695 1498 3797 1537; x_wconf 68' lang='lat' dir='ltr'><strong>res</strong></span> 
     </span>
    </p>
   </div>
   <div class='ocr_carea' id='block_1_30' title="bbox 2184 1564 3792 1641">
    <p class='ocr_par' dir='ltr' id='par_1_30' title="bbox 2184 1564 3792 1641">
     <span class='ocr_line' id='line_1_30' title="bbox 2184 1564 3792 1641; baseline 0.006 -24"><span class='ocrx_word' id='word_1_227' title='bbox 2184 1570 2471 1633; x_wconf 77' lang='lat' dir='ltr'><strong>separatae,</strong></span> <span class='ocrx_word' id='word_1_228' title='bbox 2509 1564 2966 1633; x_wconf 86' lang='lat' dir='ltr'><strong>quemadmodum</strong></span> <span class='ocrx_word' id='word_1_229' title='bbox 3017 1565 3106 1621; x_wconf 91' lang='lat' dir='ltr'><strong>ille</strong></span> <span class='ocrx_word' id='word_1_230' title='bbox 3149 1575 3325 1636; x_wconf 87' lang='lat' dir='ltr'><strong>potat,</strong></span> <span class='ocrx_word' id='word_1_231' title='bbox 3369 1578 3563 1624; x_wconf 81' lang='lat' dir='ltr'><strong>contra</strong></span> <span class='ocrx_word' id='word_1_232' title='bbox 3613 1585 3792 1641; x_wconf 85' lang='lat' dir='ltr'><strong>quem</strong></span> 
     </span>
    </p>
   </div>
   <div class='ocr_carea' id='block_1_31' title="bbox 2185 1655 3793 1726">
    <p class='ocr_par' dir='ltr' id='par_1_31' title="bbox 2185 1655 3793 1726">
     <span class='ocr_line' id='line_1_31' title="bbox 2185 1655 3793 1726; baseline 0.007 -17"><span class='ocrx_word' id='word_1_233' title='bbox 2185 1655 2290 1710; x_wconf 92' lang='lat' dir='ltr'><strong>ista</strong></span> <span class='ocrx_word' id='word_1_234' title='bbox 2338 1656 2479 1722; x_wconf 85' lang='lat' dir='ltr'><strong>dixi,</strong></span> <span class='ocrx_word' id='word_1_235' title='bbox 2512 1658 2771 1726; x_wconf 87' lang='lat' dir='ltr'><strong>quoniam</strong></span> <span class='ocrx_word' id='word_1_236' title='bbox 2815 1658 2963 1714; x_wconf 89' lang='lat' dir='ltr'><strong>solus</strong></span> <span class='ocrx_word' id='word_1_237' title='bbox 2990 1660 3081 1694; x_wconf 82' lang='grc'>¹³³²</span> <span class='ocrx_word' id='word_1_238' title='bbox 3114 1659 3284 1715; x_wconf 87' lang='lat' dir='ltr'><strong>Filius</strong></span> <span class='ocrx_word' id='word_1_239' title='bbox 3312 1668 3397 1716; x_wconf 88' lang='lat' dir='ltr'><strong>est</strong></span> <span class='ocrx_word' id='word_1_240' title='bbox 3436 1662 3793 1720; x_wconf 82' lang='lat' dir='ltr'><strong>incarnatus.</strong></span> 
     </span>
    </p>
   </div>
   <div class='ocr_carea' id='block_1_32' title="bbox 2189 1748 3800 1825">
    <p class='ocr_par' dir='ltr' id='par_1_32' title="bbox 2189 1748 3800 1825">
     <span class='ocr_line' id='line_1_32' title="bbox 2189 1748 3800 1825; baseline 0.004 -23"><span class='ocrx_word' id='word_1_241' title='bbox 2189 1748 2374 1803; x_wconf 89' lang='lat' dir='ltr'><strong>Palam</strong></span> <span class='ocrx_word' id='word_1_242' title='bbox 2405 1764 2533 1820; x_wconf 90' lang='lat' dir='ltr'><strong>ergo</strong></span> <span class='ocrx_word' id='word_1_243' title='bbox 2567 1758 2651 1804; x_wconf 92' lang='lat' dir='ltr'><strong>est</strong></span> <span class='ocrx_word' id='word_1_244' title='bbox 2680 1751 2822 1819; x_wconf 86' lang='lat' dir='ltr'><strong>quod</strong></span> <span class='ocrx_word' id='word_1_245' title='bbox 2856 1766 2960 1806; x_wconf 92' lang='lat' dir='ltr'><strong>non</strong></span> <span class='ocrx_word' id='word_1_246' title='bbox 2990 1751 3187 1807; x_wconf 77' lang='lat' dir='ltr'><strong>debeat</strong></span> <span class='ocrx_word' id='word_1_247' title='bbox 3218 1752 3312 1783; x_wconf 85' lang='grc'><strong>¹³³³</strong></span> <span class='ocrx_word' id='word_1_248' title='bbox 3346 1765 3800 1825; x_wconf 63' lang='grc' dir='ltr'><strong>εεεειρνοηιριιιε</strong></span> 
     </span>
    </p>
   </div>
   <div class='ocr_carea' id='block_1_33' title="bbox 483 1819 2082 1913">
    <p class='ocr_par' dir='ltr' id='par_1_33' title="bbox 483 1826 2082 1899">
     <span class='ocr_line' id='line_1_33' title="bbox 483 1826 2082 1899; baseline 0 -16"><span class='ocrx_word' id='word_1_249' title='bbox 483 1829 652 1884; x_wconf 89' lang='lat' dir='ltr'><strong>Deum</strong></span> <span class='ocrx_word' id='word_1_250' title='bbox 691 1845 811 1884; x_wconf 89' lang='lat' dir='ltr'><strong>esse</strong></span> <span class='ocrx_word' id='word_1_251' title='bbox 834 1829 1209 1898; x_wconf 90' lang='lat' dir='ltr'><strong>compositum,</strong></span> <span class='ocrx_word' id='word_1_252' title='bbox 1237 1827 1368 1882; x_wconf 87' lang='lat' dir='ltr'><strong>dicit</strong></span> <span class='ocrx_word' id='word_1_253' title='bbox 1397 1828 1507 1883; x_wconf 88' lang='lat' dir='ltr'><strong>Deo</strong></span> <span class='ocrx_word' id='word_1_254' title='bbox 1550 1826 1751 1899; x_wconf 89' lang='lat' dir='ltr'><strong>aliquid</strong></span> <span class='ocrx_word' id='word_1_255' title='bbox 1799 1828 1973 1899; x_wconf 74' lang='lat' dir='ltr'><strong>majus</strong></span> <span class='ocrx_word' id='word_1_256' title='bbox 2026 1843 2082 1883; x_wconf 90' lang='lat' dir='ltr'><strong>se</strong></span> 
     </span>
    </p>
   </div>
   <div class='ocr_carea' id='block_1_34' title="bbox 2189 1819 3796 1913">
    <p class='ocr_par' dir='ltr' id='par_1_34' title="bbox 2192 1819 3796 1913">
     <span class='ocr_line' id='line_1_34' title="bbox 2192 1819 3796 1913; baseline 0.002 -16"><span class='ocrx_word' id='word_1_257' title='bbox 2192 1842 2260 1897; x_wconf 90' lang='lat' dir='ltr'><strong>ad</strong></span> <span class='ocrx_word' id='word_1_258' title='bbox 2290 1819 2675 1912; x_wconf 81' lang='lat' dir='ltr'><strong>disputandum</strong></span> <span class='ocrx_word' id='word_1_259' title='bbox 2707 1842 2775 1897; x_wconf 93' lang='lat' dir='ltr'><strong>de</strong></span> <span class='ocrx_word' id='word_1_260' title='bbox 2810 1844 2969 1897; x_wconf 86' lang='lat' dir='ltr'><strong>rebus</strong></span> <span class='ocrx_word' id='word_1_261' title='bbox 2995 1842 3310 1913; x_wconf 75' lang='lat' dir='ltr'><strong>profundis;</strong></span> <span class='ocrx_word' id='word_1_262' title='bbox 3346 1855 3402 1900; x_wconf 85' lang='lat' dir='ltr'><strong>et</strong></span> <span class='ocrx_word' id='word_1_263' title='bbox 3446 1819 3692 1903; x_wconf 44' lang='lat' dir='ltr'><strong>In-axime</strong></span> <span class='ocrx_word' id='word_1_264' title='bbox 3722 1848 3796 1902; x_wconf 77' lang='lat' dir='ltr'><strong>de</strong></span> 
     </span>
    </p>
   </div>
   <div class='ocr_carea' id='block_1_35' title="bbox 488 1917 2081 1991">
    <p class='ocr_par' dir='ltr' id='par_1_35' title="bbox 488 1917 2081 1991">
     <span class='ocr_line' id='line_1_35' title="bbox 488 1917 2081 1991; baseline -0.002 -15"><span class='ocrx_word' id='word_1_265' title='bbox 488 1935 652 1990; x_wconf 86' lang='lat' dir='ltr'><strong>posse</strong></span> <span class='ocrx_word' id='word_1_266' title='bbox 678 1920 981 1991; x_wconf 82' lang='lat' dir='ltr'><strong>intelligere</strong></span> <span class='ocrx_word' id='word_1_267' title='bbox 1010 1933 1025 1973; x_wconf 92' lang='lat'><strong>:</strong></span> <span class='ocrx_word' id='word_1_268' title='bbox 1062 1919 1257 1974; x_wconf 89' lang='lat' dir='ltr'><strong>transit</strong></span> <span class='ocrx_word' id='word_1_269' title='bbox 1288 1919 1475 1989; x_wconf 88' lang='lat' dir='ltr'><strong>itaque</strong></span> <span class='ocrx_word' id='word_1_270' title='bbox 1503 1917 1620 1989; x_wconf 89' lang='lat' dir='ltr'><strong>ejus</strong></span> <span class='ocrx_word' id='word_1_271' title='bbox 1642 1919 1947 1975; x_wconf 83' lang='lat' dir='ltr'><strong>intellectus</strong></span> <span class='ocrx_word' id='word_1_272' title='bbox 1999 1918 2081 1973; x_wconf 89' lang='lat' dir='ltr'><strong>ul-</strong></span> 
     </span>
    </p>
   </div>
   <div class='ocr_carea' id='block_1_36' title="bbox 483 2008 2085 2081">
    <p class='ocr_par' dir='ltr' id='par_1_36' title="bbox 483 2008 2085 2081">
     <span class='ocr_line' id='line_1_36' title="bbox 483 2008 2085 2081; baseline 0.001 -17"><span class='ocrx_word' id='word_1_273' title='bbox 483 2021 565 2065; x_wconf 82' lang='lat' dir='ltr'><strong>tra</strong></span> <span class='ocrx_word' id='word_1_274' title='bbox 589 2013 757 2067; x_wconf 90' lang='lat' dir='ltr'><strong>Deum</strong></span> <span class='ocrx_word' id='word_1_275' title='bbox 786 2029 799 2065; x_wconf 88' lang='lat'><strong>:</strong></span> <span class='ocrx_word' id='word_1_276' title='bbox 832 2012 975 2080; x_wconf 89' lang='lat' dir='ltr'><strong>quod</strong></span> <span class='ocrx_word' id='word_1_277' title='bbox 1006 2010 1186 2066; x_wconf 91' lang='lat' dir='ltr'><strong>nullus</strong></span> <span class='ocrx_word' id='word_1_278' title='bbox 1217 2008 1398 2066; x_wconf 88' lang='lat' dir='ltr'><strong>facere</strong></span> <span class='ocrx_word' id='word_1_279' title='bbox 1424 2018 1604 2081; x_wconf 91' lang='lat' dir='ltr'><strong>potest</strong></span> <span class='ocrx_word' id='word_1_280' title='bbox 1624 2009 1954 2066; x_wconf 88' lang='lat' dir='ltr'><strong>intellectus.</strong></span> <span class='ocrx_word' id='word_1_281' title='bbox 1979 2010 2085 2066; x_wconf 83' lang='lat' dir='ltr'><strong>Sed</strong></span> 
     </span>
    </p>
   </div>
   <div class='ocr_carea' id='block_1_37' title="bbox 482 2102 2084 2173">
    <p class='ocr_par' dir='ltr' id='par_1_37' title="bbox 482 2102 2084 2173">
     <span class='ocr_line' id='line_1_37' title="bbox 482 2102 2084 2173; baseline 0.003 -19"><span class='ocrx_word' id='word_1_282' title='bbox 482 2104 771 2158; x_wconf 82' lang='lat' dir='ltr'><strong>videamus</strong></span> <span class='ocrx_word' id='word_1_283' title='bbox 799 2102 928 2173; x_wconf 89' lang='lat' dir='ltr'><strong>quid</strong></span> <span class='ocrx_word' id='word_1_284' title='bbox 958 2102 1121 2158; x_wconf 82' lang='lat' dir='ltr'><strong>addat</strong></span> <span class='ocrx_word' id='word_1_285' title='bbox 1148 2102 1238 2135; x_wconf 64' lang='lat'><strong>‘3“</strong></span> <span class='ocrx_word' id='word_1_286' title='bbox 1288 2103 1442 2173; x_wconf 90' lang='lat' dir='ltr'><strong>quasi</strong></span> <span class='ocrx_word' id='word_1_287' title='bbox 1474 2104 1543 2157; x_wconf 87' lang='lat' dir='ltr'><strong>ad</strong></span> <span class='ocrx_word' id='word_1_288' title='bbox 1595 2104 2084 2159; x_wconf 69' lang='lat' dir='ltr'><strong>inconvenientiam</strong></span> 
     </span>
    </p>
   </div>
   <div class='ocr_carea' id='block_1_38' title="bbox 483 2194 2085 2266">
    <p class='ocr_par' dir='ltr' id='par_1_38' title="bbox 483 2194 2085 2266">
     <span class='ocr_line' id='line_1_38' title="bbox 483 2194 2085 2266; baseline 0.002 -18"><span class='ocrx_word' id='word_1_289' title='bbox 483 2194 871 2264; x_wconf 86' lang='lat' dir='ltr'><strong>repellendam,</strong></span> <span class='ocrx_word' id='word_1_290' title='bbox 906 2211 1027 2265; x_wconf 69' lang='lat' dir='ltr'><strong>qua:</strong></span> <span class='ocrx_word' id='word_1_291' title='bbox 1067 2195 1283 2250; x_wconf 87' lang='lat' dir='ltr'><strong>videtur</strong></span> <span class='ocrx_word' id='word_1_292' title='bbox 1334 2195 1508 2262; x_wconf 88' lang='lat' dir='ltr'><strong>nasci,</strong></span> <span class='ocrx_word' id='word_1_293' title='bbox 1557 2196 1602 2251; x_wconf 91' lang='lat' dir='ltr'><strong>si</strong></span> <span class='ocrx_word' id='word_1_294' title='bbox 1654 2205 1767 2253; x_wconf 90' lang='lat' dir='ltr'><strong>tres</strong></span> <span class='ocrx_word' id='word_1_295' title='bbox 1810 2196 1915 2251; x_wconf 66' lang='lat' dir='ltr'><strong>illac</strong></span> <span class='ocrx_word' id='word_1_296' title='bbox 1964 2212 2085 2266; x_wconf 88' lang='lat' dir='ltr'><strong>pcr-</strong></span> 
     </span>
    </p>
   </div>
   <div class='ocr_carea' id='block_1_39' title="bbox 484 2287 2086 2359">
    <p class='ocr_par' dir='ltr' id='par_1_39' title="bbox 484 2287 2086 2359">
     <span class='ocr_line' id='line_1_39' title="bbox 484 2287 2086 2359; baseline 0.003 -20"><span class='ocrx_word' id='word_1_297' title='bbox 484 2300 633 2342; x_wconf 76' lang='lat' dir='ltr'><strong>sona:</strong></span> <span class='ocrx_word' id='word_1_298' title='bbox 660 2296 784 2341; x_wconf 92' lang='lat' dir='ltr'><strong>sunt</strong></span> <span class='ocrx_word' id='word_1_299' title='bbox 814 2295 923 2341; x_wconf 88' lang='lat' dir='ltr'><strong>tres</strong></span> <span class='ocrx_word' id='word_1_300' title='bbox 954 2302 1059 2343; x_wconf 86' lang='lat' dir='ltr'><strong>res.</strong></span> <span class='ocrx_word' id='word_1_301' title='bbox 1093 2287 1181 2341; x_wconf 83' lang='lat' dir='ltr'><strong>Sic</strong></span> <span class='ocrx_word' id='word_1_302' title='bbox 1206 2296 1400 2354; x_wconf 84' lang='lat' dir='ltr'><strong>tamen,</strong></span> <span class='ocrx_word' id='word_1_303' title='bbox 1433 2287 1627 2359; x_wconf 86' lang='lat' dir='ltr'><strong>inquit,</strong></span> <span class='ocrx_word' id='word_1_304' title='bbox 1682 2297 1737 2342; x_wconf 87' lang='lat' dir='ltr'><strong>ut</strong></span> <span class='ocrx_word' id='word_1_305' title='bbox 1783 2304 1885 2342; x_wconf 83' lang='lat' dir='ltr'><strong>una</strong></span> <span class='ocrx_word' id='word_1_306' title='bbox 1927 2291 2086 2344; x_wconf 80' lang='lat' dir='ltr'><strong>trium</strong></span> 
     </span>
    </p>
   </div>
   <div class='ocr_carea' id='block_1_40' title="bbox 483 2379 2083 2452">
    <p class='ocr_par' dir='ltr' id='par_1_40' title="bbox 483 2379 2083 2452">
     <span class='ocr_line' id='line_1_40' title="bbox 483 2379 2083 2452; baseline 0.003 -21"><span class='ocrx_word' id='word_1_307' title='bbox 483 2394 668 2432; x_wconf 83' lang='lat' dir='ltr'><strong>earum</strong></span> <span class='ocrx_word' id='word_1_308' title='bbox 700 2394 877 2432; x_wconf 86' lang='lat' dir='ltr'><strong>rerum</strong></span> <span class='ocrx_word' id='word_1_309' title='bbox 904 2380 968 2432; x_wconf 83' lang='lat' dir='ltr'><strong>sit</strong></span> <span class='ocrx_word' id='word_1_310' title='bbox 1022 2379 1260 2433; x_wconf 79' lang='lat' dir='ltr'><strong>voluntas</strong></span> <span class='ocrx_word' id='word_1_311' title='bbox 1295 2390 1343 2434; x_wconf 84' lang='lat' dir='ltr'><strong>et</strong></span> <span class='ocrx_word' id='word_1_312' title='bbox 1391 2389 1641 2447; x_wconf 73' lang='lat' dir='ltr'><strong>potestas.</strong></span> <span class='ocrx_word' id='word_1_313' title='bbox 1699 2380 1797 2436; x_wconf 88' lang='lat' dir='ltr'><strong>llic</strong></span> <span class='ocrx_word' id='word_1_314' title='bbox 1833 2396 2083 2452; x_wconf 67' lang='lat' dir='ltr'><strong>quaeren-</strong></span> 
     </span>
    </p>
   </div>
   <div class='ocr_carea' id='block_1_41' title="bbox 483 2469 2085 2544">
    <p class='ocr_par' dir='ltr' id='par_1_41' title="bbox 483 2469 2085 2544">
     <span class='ocr_line' id='line_1_41' title="bbox 483 2469 2085 2544; baseline 0.004 -20"><span class='ocrx_word' id='word_1_315' title='bbox 483 2470 615 2526; x_wconf 86' lang='lat' dir='ltr'><strong>dum</strong></span> <span class='ocrx_word' id='word_1_316' title='bbox 646 2478 731 2526; x_wconf 87' lang='lat' dir='ltr'><strong>est</strong></span> <span class='ocrx_word' id='word_1_317' title='bbox 762 2480 827 2525; x_wconf 85' lang='lat' dir='ltr'><strong>an</strong></span> <span class='ocrx_word' id='word_1_318' title='bbox 858 2469 962 2525; x_wconf 78' lang='lat' dir='ltr'><strong>illa:</strong></span> <span class='ocrx_word' id='word_1_319' title='bbox 996 2479 1104 2526; x_wconf 91' lang='lat' dir='ltr'><strong>tres</strong></span> <span class='ocrx_word' id='word_1_320' title='bbox 1138 2485 1227 2526; x_wconf 89' lang='lat' dir='ltr'><strong>res</strong></span> <span class='ocrx_word' id='word_1_321' title='bbox 1256 2472 1551 2528; x_wconf 87' lang='lat' dir='ltr'><strong>secundum</strong></span> <span class='ocrx_word' id='word_1_322' title='bbox 1586 2473 1712 2540; x_wconf 88' lang='lat' dir='ltr'><strong>hoc,</strong></span> <span class='ocrx_word' id='word_1_323' title='bbox 1759 2475 1901 2543; x_wconf 89' lang='lat' dir='ltr'><strong>quod</strong></span> <span class='ocrx_word' id='word_1_324' title='bbox 1926 2481 2085 2544; x_wconf 81' lang='lat' dir='ltr'><strong>sepa—</strong></span> 
     </span>
    </p>
   </div>
   <div class='ocr_carea' id='block_1_42' title="bbox 382 2556 2089 2633">
    <p class='ocr_par' dir='ltr' id='par_1_42' title="bbox 382 2556 2089 2633">
     <span class='ocr_line' id='line_1_42' title="bbox 382 2556 2089 2633; baseline 0.004 -18"><span class='ocrx_word' id='word_1_325' title='bbox 382 2556 385 2559; x_wconf 32' lang='grc' dir='ltr'><strong><em>λ</em></strong></span> <span class='ocrx_word' id='word_1_326' title='bbox 482 2561 647 2616; x_wconf 88' lang='lat' dir='ltr'><strong>ratim</strong></span> <span class='ocrx_word' id='word_1_327' title='bbox 677 2561 744 2616; x_wconf 88' lang='lat' dir='ltr'><strong>ab</strong></span> <span class='ocrx_word' id='word_1_328' title='bbox 775 2561 1008 2617; x_wconf 79' lang='lat' dir='ltr'><strong>invicem</strong></span> <span class='ocrx_word' id='word_1_329' title='bbox 1040 2561 1456 2633; x_wconf 85' lang='lat' dir='ltr'><strong>intelliguntur;</strong></span> <span class='ocrx_word' id='word_1_330' title='bbox 1507 2578 1574 2618; x_wconf 88' lang='lat' dir='ltr'><strong>an</strong></span> <span class='ocrx_word' id='word_1_331' title='bbox 1605 2566 1907 2621; x_wconf 88' lang='lat' dir='ltr'><strong>secundum</strong></span> <span class='ocrx_word' id='word_1_332' title='bbox 1935 2582 2089 2622; x_wconf 85' lang='lat' dir='ltr'><strong>com-</strong></span> 
     </span>
    </p>
   </div>
   <div class='ocr_carea' id='block_1_43' title="bbox 480 2656 2086 2731">
    <p class='ocr_par' dir='ltr' id='par_1_43' title="bbox 480 2656 2086 2731">
     <span class='ocr_line' id='line_1_43' title="bbox 480 2656 2086 2731; baseline 0.004 -21"><span class='ocrx_word' id='word_1_333' title='bbox 480 2670 706 2711; x_wconf 90' lang='lat' dir='ltr'><strong>munem</strong></span> <span class='ocrx_word' id='word_1_334' title='bbox 766 2656 1099 2712; x_wconf 77' lang='lat' dir='ltr'><strong>voluntatem</strong></span> <span class='ocrx_word' id='word_1_335' title='bbox 1140 2666 1195 2713; x_wconf 91' lang='lat' dir='ltr'><strong>et</strong></span> <span class='ocrx_word' id='word_1_336' title='bbox 1239 2664 1604 2728; x_wconf 90' lang='lat' dir='ltr'><strong>potestatem;</strong></span> <span class='ocrx_word' id='word_1_337' title='bbox 1660 2673 1730 2713; x_wconf 90' lang='lat' dir='ltr'><strong>an</strong></span> <span class='ocrx_word' id='word_1_338' title='bbox 1781 2675 1959 2731; x_wconf 88' lang='lat' dir='ltr'><strong>neque</strong></span> <span class='ocrx_word' id='word_1_339' title='bbox 2000 2675 2086 2716; x_wconf 91' lang='lat' dir='ltr'><strong>se-</strong></span> 
     </span>
    </p>
   </div>
   <div class='ocr_carea' id='block_1_44' title="bbox 484 2748 2082 2820">
    <p class='ocr_par' dir='ltr' id='par_1_44' title="bbox 484 2748 2082 2820">
     <span class='ocr_line' id='line_1_44' title="bbox 484 2748 2082 2820; baseline 0.001 -16"><span class='ocrx_word' id='word_1_340' title='bbox 484 2748 722 2804; x_wconf 90' lang='lat' dir='ltr'><strong>cundum</strong></span> <span class='ocrx_word' id='word_1_341' title='bbox 794 2748 924 2802; x_wconf 91' lang='lat' dir='ltr'><strong>illud</strong></span> <span class='ocrx_word' id='word_1_342' title='bbox 992 2748 1214 2815; x_wconf 89' lang='lat' dir='ltr'><strong>solum,</strong></span> <span class='ocrx_word' id='word_1_343' title='bbox 1278 2749 1423 2820; x_wconf 92' lang='lat' dir='ltr'><strong>quod</strong></span> <span class='ocrx_word' id='word_1_344' title='bbox 1483 2750 1777 2820; x_wconf 88' lang='lat' dir='ltr'><strong>separatim</strong></span> <span class='ocrx_word' id='word_1_345' title='bbox 1840 2751 2082 2816; x_wconf 85' lang='lat' dir='ltr'><strong>habent,</strong></span> 
     </span>
    </p>
   </div>
   <div class='ocr_carea' id='block_1_45' title="bbox 481 2837 2086 2907">
    <p class='ocr_par' dir='ltr' id='par_1_45' title="bbox 481 2837 2086 2907">
     <span class='ocr_line' id='line_1_45' title="bbox 481 2837 2086 2907; baseline 0.001 -15"><span class='ocrx_word' id='word_1_346' title='bbox 481 2852 661 2905; x_wconf 87' lang='lat' dir='ltr'><strong>neque</strong></span> <span class='ocrx_word' id='word_1_347' title='bbox 699 2838 995 2893; x_wconf 90' lang='lat' dir='ltr'><strong>secundum</strong></span> <span class='ocrx_word' id='word_1_348' title='bbox 1033 2838 1137 2893; x_wconf 92' lang='lat' dir='ltr'><strong>hoc</strong></span> <span class='ocrx_word' id='word_1_349' title='bbox 1175 2837 1321 2907; x_wconf 89' lang='lat' dir='ltr'><strong>quod</strong></span> <span class='ocrx_word' id='word_1_350' title='bbox 1360 2852 1649 2893; x_wconf 89' lang='lat' dir='ltr'><strong>commune</strong></span> <span class='ocrx_word' id='word_1_351' title='bbox 1684 2846 1769 2893; x_wconf 90' lang='lat' dir='ltr'><strong>est</strong></span> <span class='ocrx_word' id='word_1_352' title='bbox 1810 2838 1943 2904; x_wconf 90' lang='lat' dir='ltr'><strong>illis;</strong></span> <span class='ocrx_word' id='word_1_353' title='bbox 1993 2840 2086 2894; x_wconf 87' lang='lat' dir='ltr'><strong>sed</strong></span> 
     </span>
    </p>
   </div>
   <div class='ocr_carea' id='block_1_46' title="bbox 488 2924 2083 2999">
    <p class='ocr_par' dir='ltr' id='par_1_46' title="bbox 488 2924 2083 2999">
     <span class='ocr_line' id='line_1_46' title="bbox 488 2924 2083 2999; baseline 0.001 -18"><span class='ocrx_word' id='word_1_354' title='bbox 488 2925 597 2999; x_wconf 62' lang='grc'><strong>45</strong></span> <span class='ocrx_word' id='word_1_355' title='bbox 627 2927 923 2981; x_wconf 84' lang='lat' dir='ltr'><strong>secundum</strong></span> <span class='ocrx_word' id='word_1_356' title='bbox 962 2936 1252 2995; x_wconf 89' lang='lat' dir='ltr'><strong>utrumque</strong></span> <span class='ocrx_word' id='word_1_357' title='bbox 1296 2924 1455 2981; x_wconf 86' lang='lat' dir='ltr'><strong>simul</strong></span> <span class='ocrx_word' id='word_1_358' title='bbox 1490 2927 1599 2980; x_wconf 90' lang='lat' dir='ltr'><strong>sint</strong></span> <span class='ocrx_word' id='word_1_359' title='bbox 1634 2926 1829 2981; x_wconf 88' lang='lat' dir='ltr'><strong>divinae</strong></span> <span class='ocrx_word' id='word_1_360' title='bbox 1855 2937 2083 2983; x_wconf 72' lang='lat' dir='ltr'><strong>natum.</strong></span> 
     </span>
    </p>
   </div>
   <div class='ocr_carea' id='block_1_47' title="bbox 490 3015 2086 3088">
    <p class='ocr_par' dir='ltr' id='par_1_47' title="bbox 490 3015 2086 3088">
     <span class='ocr_line' id='line_1_47' title="bbox 490 3015 2086 3088; baseline 0.001 -17"><span class='ocrx_word' id='word_1_361' title='bbox 490 3016 703 3087; x_wconf 88' lang='lat' dir='ltr'><strong>Quippe</strong></span> <span class='ocrx_word' id='word_1_362' title='bbox 728 3016 772 3071; x_wconf 92' lang='lat' dir='ltr'><strong>si</strong></span> <span class='ocrx_word' id='word_1_363' title='bbox 802 3016 1113 3072; x_wconf 90' lang='lat' dir='ltr'><strong>secundum</strong></span> <span class='ocrx_word' id='word_1_364' title='bbox 1147 3015 1298 3084; x_wconf 90' lang='lat' dir='ltr'><strong>illud,</strong></span> <span class='ocrx_word' id='word_1_365' title='bbox 1332 3016 1474 3086; x_wconf 89' lang='lat' dir='ltr'><strong>quod</strong></span> <span class='ocrx_word' id='word_1_366' title='bbox 1496 3024 1622 3071; x_wconf 91' lang='lat' dir='ltr'><strong>sunt</strong></span> <span class='ocrx_word' id='word_1_367' title='bbox 1642 3019 1958 3088; x_wconf 88' lang='lat' dir='ltr'><strong>separatim,</strong></span> <span class='ocrx_word' id='word_1_368' title='bbox 1993 3020 2086 3074; x_wconf 72' lang='lat' dir='ltr'><strong>Ina-</strong></span> 
     </span>
    </p>
   </div>
   <div class='ocr_carea' id='block_1_48' title="bbox 487 3108 2081 3182">
    <p class='ocr_par' dir='ltr' id='par_1_48' title="bbox 487 3108 2081 3182">
     <span class='ocr_line' id='line_1_48' title="bbox 487 3108 2081 3182; baseline 0.001 -19"><span class='ocrx_word' id='word_1_369' title='bbox 487 3108 623 3163; x_wconf 86' lang='lat' dir='ltr'><strong>bent</strong></span> <span class='ocrx_word' id='word_1_370' title='bbox 652 3108 992 3172; x_wconf 85' lang='lat' dir='ltr'><strong>divinitatem</strong></span> <span class='ocrx_word' id='word_1_371' title='bbox 1020 3149 1035 3175; x_wconf 90' lang='lat'><strong>,</strong></span> <span class='ocrx_word' id='word_1_372' title='bbox 1088 3117 1250 3164; x_wconf 90' lang='lat' dir='ltr'><strong>erunt</strong></span> <span class='ocrx_word' id='word_1_373' title='bbox 1303 3117 1414 3164; x_wconf 90' lang='lat' dir='ltr'><strong>tres</strong></span> <span class='ocrx_word' id='word_1_374' title='bbox 1450 3108 1557 3174; x_wconf 91' lang='lat' dir='ltr'><strong>dii;</strong></span> <span class='ocrx_word' id='word_1_375' title='bbox 1595 3118 1650 3164; x_wconf 90' lang='lat' dir='ltr'><strong>et</strong></span> <span class='ocrx_word' id='word_1_376' title='bbox 1686 3109 1829 3165; x_wconf 91' lang='lat' dir='ltr'><strong>idem</strong></span> <span class='ocrx_word' id='word_1_377' title='bbox 1860 3110 2081 3182; x_wconf 85' lang='lat' dir='ltr'><strong>intelligi</strong></span> 
     </span>
    </p>
   </div>
   <div class='ocr_carea' id='block_1_49' title="bbox 2188 1932 3457 2006">
    <p class='ocr_par' dir='ltr' id='par_1_49' title="bbox 2188 1932 3457 2006">
     <span class='ocr_line' id='line_1_49' title="bbox 2188 1932 3457 2006; baseline 0.002 -18"><span class='ocrx_word' id='word_1_378' title='bbox 2188 1932 2318 1999; x_wconf 85' lang='lat' dir='ltr'><strong>illis,</strong></span> <span class='ocrx_word' id='word_1_379' title='bbox 2350 1933 2402 1987; x_wconf 92' lang='lat' dir='ltr'><strong>in</strong></span> <span class='ocrx_word' id='word_1_380' title='bbox 2433 1932 2633 2002; x_wconf 88' lang='lat' dir='ltr'><strong>quibus</strong></span> <span class='ocrx_word' id='word_1_381' title='bbox 2663 1948 2768 1988; x_wconf 89' lang='lat' dir='ltr'><strong>non</strong></span> <span class='ocrx_word' id='word_1_382' title='bbox 2802 1944 3020 1988; x_wconf 87' lang='lat' dir='ltr'><strong>erratur</strong></span> <span class='ocrx_word' id='word_1_383' title='bbox 3048 1934 3165 1991; x_wconf 92' lang='lat' dir='ltr'><strong>siue</strong></span> <span class='ocrx_word' id='word_1_384' title='bbox 3192 1936 3457 2006; x_wconf 89' lang='lat' dir='ltr'><strong>periculo.</strong></span> 
     </span>
    </p>
   </div>
   <div class='ocr_carea' id='block_1_50' title="bbox 2812 2024 3168 2082">
    <p class='ocr_par' dir='ltr' id='par_1_50' title="bbox 2812 2024 3168 2082">
     <span class='ocr_line' id='line_1_50' title="bbox 2812 2024 3168 2082; baseline 0.003 -1"><span class='ocrx_word' id='word_1_385' title='bbox 2812 2024 3040 2081; x_wconf 69' lang='lat' dir='ltr'><strong>CAPUT</strong></span> <span class='ocrx_word' id='word_1_386' title='bbox 3063 2025 3168 2082; x_wconf 73' lang='lat' dir='ltr'><strong>‘IV.</strong></span> 
     </span>
    </p>
   </div>
   <div class='ocr_carea' id='block_1_51' title="bbox 2191 2115 3798 2185">
    <p class='ocr_par' dir='ltr' id='par_1_51' title="bbox 2191 2115 3798 2185">
     <span class='ocr_line' id='line_1_51' title="bbox 2191 2115 3798 2185; baseline 0.005 -15"><span class='ocrx_word' id='word_1_387' title='bbox 2191 2115 2317 2170; x_wconf 81' lang='lat' dir='ltr'><strong>Tres</strong></span> <span class='ocrx_word' id='word_1_388' title='bbox 2344 2130 2595 2184; x_wconf 77' lang='lat' dir='ltr'><strong>personas</strong></span> <span class='ocrx_word' id='word_1_389' title='bbox 2636 2133 2747 2172; x_wconf 79' lang='lat' dir='ltr'><strong>esse</strong></span> <span class='ocrx_word' id='word_1_390' title='bbox 2785 2118 3121 2183; x_wconf 78' lang='lat' dir='ltr'><strong>incarnatas.</strong></span> <span class='ocrx_word' id='word_1_391' title='bbox 3158 2118 3309 2175; x_wconf 77' lang='lat' dir='ltr'><strong>Filio</strong></span> <span class='ocrx_word' id='word_1_392' title='bbox 3339 2121 3654 2185; x_wconf 73' lang='lat' dir='ltr'><strong>incuruata,</strong></span> <span class='ocrx_word' id='word_1_393' title='bbox 3683 2124 3798 2178; x_wconf 80' lang='lat' dir='ltr'><strong>im-</strong></span> 
     </span>
    </p>
   </div>
   <div class='ocr_carea' id='block_1_52' title="bbox 2260 2185 3795 2259">
    <p class='ocr_par' dir='ltr' id='par_1_52' title="bbox 2260 2185 3795 2259">
     <span class='ocr_line' id='line_1_52' title="bbox 2260 2185 3795 2259; baseline 0.006 -21"><span class='ocrx_word' id='word_1_394' title='bbox 2260 2186 2506 2259; x_wconf 73' lang='lat' dir='ltr'><strong>possibile</strong></span> <span class='ocrx_word' id='word_1_395' title='bbox 2535 2197 2609 2240; x_wconf 84' lang='lat' dir='ltr'><strong>est</strong></span> <span class='ocrx_word' id='word_1_396' title='bbox 2625 2205 2654 2259; x_wconf 85' lang='lat'><strong>_:</strong></span> <span class='ocrx_word' id='word_1_397' title='bbox 2688 2185 2831 2240; x_wconf 80' lang='lat' dir='ltr'><strong>Filio</strong></span> <span class='ocrx_word' id='word_1_398' title='bbox 2862 2198 3035 2259; x_wconf 66' lang='lat' dir='ltr'><strong>tamen</strong></span> <span class='ocrx_word' id='word_1_399' title='bbox 3067 2191 3294 2259; x_wconf 78' lang='lat' dir='ltr'><strong>amplius</strong></span> <span class='ocrx_word' id='word_1_400' title='bbox 3334 2196 3572 2247; x_wconf 80' lang='lat' dir='ltr'><strong>convenit</strong></span> <span class='ocrx_word' id='word_1_401' title='bbox 3604 2196 3795 2249; x_wconf 73' lang='lat' dir='ltr'><strong>incar-</strong></span> 
     </span>
    </p>
   </div>
   <div class='ocr_carea' id='block_1_53' title="bbox 2260 2255 3325 2330">
    <p class='ocr_par' dir='ltr' id='par_1_53' title="bbox 2260 2255 3325 2330">
     <span class='ocr_line' id='line_1_53' title="bbox 2260 2255 3325 2330; baseline 0.006 -21"><span class='ocrx_word' id='word_1_402' title='bbox 2260 2255 2399 2318; x_wconf 77' lang='lat' dir='ltr'><strong>nari,</strong></span> <span class='ocrx_word' id='word_1_403' title='bbox 2429 2273 2588 2327; x_wconf 86' lang='lat' dir='ltr'><strong>quam</strong></span> <span class='ocrx_word' id='word_1_404' title='bbox 2612 2255 2770 2311; x_wconf 82' lang='lat' dir='ltr'><strong>Patri</strong></span> <span class='ocrx_word' id='word_1_405' title='bbox 2795 2269 2844 2312; x_wconf 88' lang='lat' dir='ltr'><strong>et</strong></span> <span class='ocrx_word' id='word_1_406' title='bbox 2871 2257 3091 2328; x_wconf 77' lang='lat' dir='ltr'><strong>Spiritui</strong></span> <span class='ocrx_word' id='word_1_407' title='bbox 3120 2255 3325 2330; x_wconf 70' lang='lat' dir='ltr'><strong>sancto.</strong></span> 
     </span>
    </p>
   </div>
   <div class='ocr_carea' id='block_1_54' title="bbox 2246 2348 3797 2433">
    <p class='ocr_par' dir='ltr' id='par_1_54' title="bbox 2246 2348 3797 2433">
     <span class='ocr_line' id='line_1_54' title="bbox 2246 2348 3797 2433; baseline 0.006 -31"><span class='ocrx_word' id='word_1_408' title='bbox 2246 2348 2369 2403; x_wconf 79' lang='lat' dir='ltr'><strong>~Sed</strong></span> <span class='ocrx_word' id='word_1_409' title='bbox 2402 2348 2632 2404; x_wconf 80' lang='lat' dir='ltr'><strong>forsitan</strong></span> <span class='ocrx_word' id='word_1_410' title='bbox 2663 2350 2804 2406; x_wconf 90' lang='lat' dir='ltr'><strong>dicet</strong></span> <span class='ocrx_word' id='word_1_411' title='bbox 2834 2350 2938 2406; x_wconf 91' lang='lat' dir='ltr'><strong>iste</strong></span> <span class='ocrx_word' id='word_1_412' title='bbox 2953 2350 3223 2433; x_wconf 56' lang='lat' dir='ltr'><strong>fmsnihi</strong></span> <span class='ocrx_word' id='word_1_413' title='bbox 3250 2367 3267 2407; x_wconf 90' lang='lat'><strong>:</strong></span> <span class='ocrx_word' id='word_1_414' title='bbox 3302 2351 3455 2409; x_wconf 89' lang='lat' dir='ltr'><strong>Sicut</strong></span> <span class='ocrx_word' id='word_1_415' title='bbox 3490 2365 3657 2425; x_wconf 82' lang='lat' dir='ltr'><strong>putas</strong></span> <span class='ocrx_word' id='word_1_416' title='bbox 3682 2355 3797 2412; x_wconf 82' lang='lat' dir='ltr'><strong>ista</strong></span> 
     </span>
    </p>
   </div>
   <div class='ocr_carea' id='block_1_55' title="bbox 2188 2440 3796 2514">
    <p class='ocr_par' dir='ltr' id='par_1_55' title="bbox 2188 2440 3796 2514">
     <span class='ocr_line' id='line_1_55' title="bbox 2188 2440 3796 2514; baseline 0.007 -21"><span class='ocrx_word' id='word_1_417' title='bbox 2188 2441 2394 2509; x_wconf 86' lang='lat' dir='ltr'><strong>pariter</strong></span> <span class='ocrx_word' id='word_1_418' title='bbox 2427 2440 2689 2511; x_wconf 81' lang='lat' dir='ltr'><strong>consequi</strong></span> <span class='ocrx_word' id='word_1_419' title='bbox 2717 2455 2782 2495; x_wconf 84' lang='lat' dir='ltr'><strong>ex</strong></span> <span class='ocrx_word' id='word_1_420' title='bbox 2798 2441 3157 2510; x_wconf 59' lang='lat' dir='ltr'><strong>necessitate,</strong></span> <span class='ocrx_word' id='word_1_421' title='bbox 3189 2459 3310 2514; x_wconf 71' lang='lat' dir='ltr'><strong>qum</strong></span> <span class='ocrx_word' id='word_1_422' title='bbox 3338 2445 3502 2514; x_wconf 90' lang='lat' dir='ltr'><strong>dicis,</strong></span> <span class='ocrx_word' id='word_1_423' title='bbox 3540 2446 3623 2503; x_wconf 88' lang='lat' dir='ltr'><strong>sic</strong></span> <span class='ocrx_word' id='word_1_424' title='bbox 3650 2462 3796 2504; x_wconf 86' lang='lat' dir='ltr'><strong>con—</strong></span> 
     </span>
    </p>
   </div>
   <div class='ocr_carea' id='block_1_56' title="bbox 2188 2531 3801 2602">
    <p class='ocr_par' dir='ltr' id='par_1_56' title="bbox 2188 2531 3801 2602">
     <span class='ocr_line' id='line_1_56' title="bbox 2188 2531 3801 2602; baseline 0.005 -16"><span class='ocrx_word' id='word_1_425' title='bbox 2188 2532 2435 2602; x_wconf 87' lang='lat' dir='ltr'><strong>sequitur</strong></span> <span class='ocrx_word' id='word_1_426' title='bbox 2464 2531 2619 2602; x_wconf 37' lang='lat' dir='ltr'><strong>‘quod</strong></span> <span class='ocrx_word' id='word_1_427' title='bbox 2664 2532 2786 2587; x_wconf 92' lang='lat' dir='ltr'><strong>dico</strong></span> <span class='ocrx_word' id='word_1_428' title='bbox 2871 2532 2945 2588; x_wconf 89' lang='lat' dir='ltr'><strong>ita</strong></span> <span class='ocrx_word' id='word_1_429' title='bbox 2991 2534 3124 2589; x_wconf 90' lang='lat' dir='ltr'><strong>mihi</strong></span> <span class='ocrx_word' id='word_1_430' title='bbox 3160 2536 3471 2591; x_wconf 86' lang='lat' dir='ltr'><strong>necessaria</strong></span> <span class='ocrx_word' id='word_1_431' title='bbox 3520 2553 3652 2594; x_wconf 84' lang='lat' dir='ltr'><strong>mea</strong></span> <span class='ocrx_word' id='word_1_432' title='bbox 3694 2538 3801 2572; x_wconf 77' lang='grc'>⁸⁸⁸⁸</span> 
     </span>
    </p>
   </div>
   <div class='ocr_carea' id='block_1_57' title="bbox 2187 2624 3797 2703">
    <p class='ocr_par' dir='ltr' id='par_1_57' title="bbox 2187 2624 3797 2703">
     <span class='ocr_line' id='line_1_57' title="bbox 2187 2624 3797 2703; baseline 0.007 -28"><span class='ocrx_word' id='word_1_433' title='bbox 2187 2624 2405 2679; x_wconf 86' lang='lat' dir='ltr'><strong>videtur</strong></span> <span class='ocrx_word' id='word_1_434' title='bbox 2445 2625 2854 2695; x_wconf 81' lang='lat' dir='ltr'><strong>consequentia.</strong></span> <span class='ocrx_word' id='word_1_435' title='bbox 2889 2624 3032 2696; x_wconf 86' lang='lat' dir='ltr'><strong>Ergo</strong></span> <span class='ocrx_word' id='word_1_436' title='bbox 3067 2627 3294 2682; x_wconf 84' lang='lat' dir='ltr'><strong>ostende</strong></span> <span class='ocrx_word' id='word_1_437' title='bbox 3340 2642 3452 2683; x_wconf 86' lang='lat' dir='ltr'><strong>non</strong></span> <span class='ocrx_word' id='word_1_438' title='bbox 3478 2632 3797 2703; x_wconf 81' lang='lat' dir='ltr'><strong>consequi.</strong></span> 
     </span>
    </p>
   </div>
   <div class='ocr_carea' id='block_1_58' title="bbox 2187 2716 3803 2786">
    <p class='ocr_par' dir='ltr' id='par_1_58' title="bbox 2187 2716 3803 2786">
     <span class='ocr_line' id='line_1_58' title="bbox 2187 2716 3803 2786; baseline 0.006 -17"><span class='ocrx_word' id='word_1_439' title='bbox 2187 2732 2307 2785; x_wconf 78' lang='lat' dir='ltr'><strong>qua:</strong></span> <span class='ocrx_word' id='word_1_440' title='bbox 2327 2716 2449 2771; x_wconf 91' lang='lat' dir='ltr'><strong>dico</strong></span> <span class='ocrx_word' id='word_1_441' title='bbox 2473 2734 2489 2781; x_wconf 87' lang='lat'><strong>;</strong></span> <span class='ocrx_word' id='word_1_442' title='bbox 2515 2727 2570 2772; x_wconf 93' lang='lat' dir='ltr'><strong>et</strong></span> <span class='ocrx_word' id='word_1_443' title='bbox 2592 2717 2802 2773; x_wconf 86' lang='lat' dir='ltr'><strong>fatebor</strong></span> <span class='ocrx_word' id='word_1_444' title='bbox 2823 2731 2925 2786; x_wconf 85' lang='lat' dir='ltr'><strong>ego</strong></span> <span class='ocrx_word' id='word_1_445' title='bbox 2951 2727 3129 2773; x_wconf 82' lang='lat' dir='ltr'><strong>tecum</strong></span> <span class='ocrx_word' id='word_1_446' title='bbox 3149 2718 3364 2774; x_wconf 85' lang='lat' dir='ltr'><strong>nullum</strong></span> <span class='ocrx_word' id='word_1_447' title='bbox 3390 2721 3803 2779; x_wconf 80' lang='lat' dir='ltr'><strong>inconveniens</strong></span> 
     </span>
    </p>
   </div>
   <div class='ocr_carea' id='block_1_59' title="bbox 2188 2809 3799 2887">
    <p class='ocr_par' dir='ltr' id='par_1_59' title="bbox 2188 2809 3799 2887">
     <span class='ocr_line' id='line_1_59' title="bbox 2188 2809 3799 2887; baseline 0.005 -24"><span class='ocrx_word' id='word_1_448' title='bbox 2188 2809 2362 2879; x_wconf 87' lang='lat' dir='ltr'><strong>sequi.</strong></span> <span class='ocrx_word' id='word_1_449' title='bbox 2394 2810 2439 2865; x_wconf 92' lang='lat' dir='ltr'><strong>si</strong></span> <span class='ocrx_word' id='word_1_450' title='bbox 2468 2809 2616 2866; x_wconf 89' lang='lat' dir='ltr'><strong>solus</strong></span> <span class='ocrx_word' id='word_1_451' title='bbox 2643 2810 2812 2866; x_wconf 84' lang='lat' dir='ltr'><strong>Filius</strong></span> <span class='ocrx_word' id='word_1_452' title='bbox 2832 2819 2915 2866; x_wconf 91' lang='lat' dir='ltr'><strong>est</strong></span> <span class='ocrx_word' id='word_1_453' title='bbox 2945 2811 3281 2878; x_wconf 81' lang='lat' dir='ltr'><strong>incarnatus,</strong></span> <span class='ocrx_word' id='word_1_454' title='bbox 3317 2821 3413 2867; x_wconf 87' lang='lat' dir='ltr'><strong>aut</strong></span> <span class='ocrx_word' id='word_1_455' title='bbox 3438 2814 3483 2868; x_wconf 89' lang='lat' dir='ltr'><strong>si</strong></span> <span class='ocrx_word' id='word_1_456' title='bbox 3514 2822 3633 2870; x_wconf 86' lang='lat' dir='ltr'><strong>tres</strong></span> <span class='ocrx_word' id='word_1_457' title='bbox 3659 2829 3799 2887; x_wconf 85' lang='lat' dir='ltr'><strong>per-</strong></span> 
     </span>
    </p>
   </div>
   <div class='ocr_carea' id='block_1_60' title="bbox 2188 2902 3800 2974">
    <p class='ocr_par' dir='ltr' id='par_1_60' title="bbox 2188 2902 3800 2974">
     <span class='ocr_line' id='line_1_60' title="bbox 2188 2902 3800 2974; baseline 0.007 -19"><span class='ocrx_word' id='word_1_458' title='bbox 2188 2917 2335 2956; x_wconf 79' lang='lat' dir='ltr'><strong>sona:</strong></span> <span class='ocrx_word' id='word_1_459' title='bbox 2356 2912 2483 2957; x_wconf 89' lang='lat' dir='ltr'><strong>sunt</strong></span> <span class='ocrx_word' id='word_1_460' title='bbox 2510 2919 2614 2958; x_wconf 90' lang='lat' dir='ltr'><strong>una</strong></span> <span class='ocrx_word' id='word_1_461' title='bbox 2634 2917 2738 2957; x_wconf 88' lang='lat' dir='ltr'><strong>res.</strong></span> <span class='ocrx_word' id='word_1_462' title='bbox 2762 2902 2915 2970; x_wconf 85' lang='lat' dir='ltr'><strong>Quod</strong></span> <span class='ocrx_word' id='word_1_463' title='bbox 2943 2904 2987 2957; x_wconf 92' lang='lat' dir='ltr'><strong>si</strong></span> <span class='ocrx_word' id='word_1_464' title='bbox 3017 2904 3087 2959; x_wconf 86' lang='lat' dir='ltr'><strong>ab</strong></span> <span class='ocrx_word' id='word_1_465' title='bbox 3105 2904 3210 2960; x_wconf 86' lang='lat' dir='ltr'><strong>hac</strong></span> <span class='ocrx_word' id='word_1_466' title='bbox 3230 2906 3543 2963; x_wconf 86' lang='lat' dir='ltr'><strong>ostensione</strong></span> <span class='ocrx_word' id='word_1_467' title='bbox 3570 2909 3800 2974; x_wconf 82' lang='lat' dir='ltr'><strong>delicis,</strong></span> 
     </span>
    </p>
   </div>
   <div class='ocr_carea' id='block_1_61' title="bbox 2190 2993 3799 3066">
    <p class='ocr_par' dir='ltr' id='par_1_61' title="bbox 2190 2993 3799 3066">
     <span class='ocr_line' id='line_1_61' title="bbox 2190 2993 3799 3066; baseline 0.006 -19"><span class='ocrx_word' id='word_1_468' title='bbox 2190 3009 2296 3047; x_wconf 91' lang='lat' dir='ltr'><strong>non</strong></span> <span class='ocrx_word' id='word_1_469' title='bbox 2342 2994 2529 3059; x_wconf 88' lang='lat' dir='ltr'><strong>solvis,</strong></span> <span class='ocrx_word' id='word_1_470' title='bbox 2582 2993 2677 3049; x_wconf 88' lang='lat' dir='ltr'><strong>sed</strong></span> <span class='ocrx_word' id='word_1_471' title='bbox 2727 2995 2900 3064; x_wconf 87' lang='lat' dir='ltr'><strong>magis</strong></span> <span class='ocrx_word' id='word_1_472' title='bbox 2944 2993 3079 3066; x_wconf 80' lang='lat' dir='ltr'><strong>ligas</strong></span> <span class='ocrx_word' id='word_1_473' title='bbox 3132 2996 3529 3066; x_wconf 66' lang='lat' dir='ltr'><strong>quaestionem;</strong></span> <span class='ocrx_word' id='word_1_474' title='bbox 3566 3014 3704 3055; x_wconf 90' lang='lat' dir='ltr'><strong>cum</strong></span> <span class='ocrx_word' id='word_1_475' title='bbox 3734 3011 3799 3057; x_wconf 83' lang='lat' dir='ltr'><strong>tu</strong></span> 
     </span>
    </p>
   </div>
   <div class='ocr_carea' id='block_1_62' title="bbox 2187 3084 3803 3156">
    <p class='ocr_par' dir='ltr' id='par_1_62' title="bbox 2187 3084 3803 3156">
     <span class='ocr_line' id='line_1_62' title="bbox 2187 3084 3803 3156; baseline 0.007 -18"><span class='ocrx_word' id='word_1_476' title='bbox 2187 3084 2305 3155; x_wconf 90' lang='lat' dir='ltr'><strong>ipse</strong></span> <span class='ocrx_word' id='word_1_477' title='bbox 2358 3101 2571 3142; x_wconf 88' lang='lat' dir='ltr'><strong>meeum</strong></span> <span class='ocrx_word' id='word_1_478' title='bbox 2618 3087 2817 3156; x_wconf 86' lang='lat' dir='ltr'><strong>probas</strong></span> <span class='ocrx_word' id='word_1_479' title='bbox 2863 3086 3147 3143; x_wconf 84' lang='lat' dir='ltr'><strong>innumera</strong></span> <span class='ocrx_word' id='word_1_480' title='bbox 3194 3089 3345 3144; x_wconf 90' lang='lat' dir='ltr'><strong>nasci</strong></span> <span class='ocrx_word' id='word_1_481' title='bbox 3400 3090 3803 3149; x_wconf 63' lang='lat' dir='ltr'><strong>&quot;&quot;iuconvca-</strong></span> 
     </span>
    </p>
   </div>
   <div class='ocr_carea' id='block_1_63' title="bbox 486 3173 3805 3275">
    <p class='ocr_par' dir='ltr' id='par_1_63' title="bbox 486 3173 3805 3275">
     <span class='ocr_line' id='line_1_63' title="bbox 486 3173 3805 3275; baseline 0 -17"><span class='ocrx_word' id='word_1_482' title='bbox 486 3208 760 3271; x_wconf 84' lang='lat' dir='ltr'><strong>poterunt</strong></span> <span class='ocrx_word' id='word_1_483' title='bbox 778 3201 898 3256; x_wconf 91' lang='lat' dir='ltr'><strong>sine</strong></span> <span class='ocrx_word' id='word_1_484' title='bbox 929 3173 1206 3255; x_wconf 82' lang='lat' dir='ltr'><strong>voluntate</strong></span> <span class='ocrx_word' id='word_1_485' title='bbox 1251 3210 1306 3256; x_wconf 92' lang='lat' dir='ltr'><strong>et</strong></span> <span class='ocrx_word' id='word_1_486' title='bbox 1335 3201 1639 3271; x_wconf 64' lang='lat' dir='ltr'><strong>fpotestate.</strong></span> <span class='ocrx_word' id='word_1_487' title='bbox 1676 3202 1901 3275; x_wconf 87' lang='lat' dir='ltr'><strong>Semper</strong></span> <span class='ocrx_word' id='word_1_488' title='bbox 1939 3173 2082 3260; x_wconf 73' lang='lat' dir='ltr'><strong>enim</strong></span> <span class='ocrx_word' id='word_1_489' title='bbox 2112 3173 2153 3231; x_wconf 50' lang='grc' dir='ltr'><strong>(ἶ</strong></span> <span class='ocrx_word' id='word_1_490' title='bbox 2189 3176 2392 3231; x_wconf 48' lang='lat' dir='ltr'><strong>&quot;lentia</strong></span> <span class='ocrx_word' id='word_1_491' title='bbox 2417 3193 2582 3275; x_wconf 41' lang='lat' dir='ltr'><strong>{mm</strong></span> <span class='ocrx_word' id='word_1_492' title='bbox 2611 3178 2655 3233; x_wconf 70' lang='lat' dir='ltr'><strong>Si</strong></span> <span class='ocrx_word' id='word_1_493' title='bbox 2688 3179 2933 3249; x_wconf 64' lang='lat' dir='ltr'><strong>neganda</strong></span> <span class='ocrx_word' id='word_1_494' title='bbox 2962 3188 3109 3246; x_wconf 58' lang='lat' dir='ltr'><strong>sum,</strong></span> <span class='ocrx_word' id='word_1_495' title='bbox 3155 3181 3315 3236; x_wconf 63' lang='lat' dir='ltr'><strong>amb&quot;</strong></span> <span class='ocrx_word' id='word_1_496' title='bbox 3337 3183 3604 3238; x_wconf 60' lang='lat' dir='ltr'><strong>debemus</strong></span> <span class='ocrx_word' id='word_1_497' title='bbox 3639 3186 3805 3255; x_wconf 76' lang='grc' dir='ltr'><strong>Ρ³¹¹ί⁶</strong></span> 
     </span>
    </p>
   </div>
   <div class='ocr_carea' id='block_1_64' title="bbox 485 3292 2086 3365">
    <p class='ocr_par' dir='ltr' id='par_1_64' title="bbox 485 3292 2086 3365">
     <span class='ocr_line' id='line_1_64' title="bbox 485 3292 2086 3365; baseline 0.001 -17"><span class='ocrx_word' id='word_1_498' title='bbox 485 3295 704 3365; x_wconf 88' lang='lat' dir='ltr'><strong>propria</strong></span> <span class='ocrx_word' id='word_1_499' title='bbox 726 3293 959 3349; x_wconf 89' lang='lat' dir='ltr'><strong>discrete</strong></span> <span class='ocrx_word' id='word_1_500' title='bbox 986 3292 1364 3363; x_wconf 86' lang='lat' dir='ltr'><strong>intelliguntur</strong></span> <span class='ocrx_word' id='word_1_501' title='bbox 1386 3308 1416 3348; x_wconf 91' lang='lat' dir='ltr'><strong>a</strong></span> <span class='ocrx_word' id='word_1_502' title='bbox 1442 3295 1844 3361; x_wconf 80' lang='lat' dir='ltr'><strong>communibus,</strong></span> <span class='ocrx_word' id='word_1_503' title='bbox 1862 3305 1919 3350; x_wconf 91' lang='lat' dir='ltr'><strong>et</strong></span> <span class='ocrx_word' id='word_1_504' title='bbox 1940 3312 2086 3351; x_wconf 80' lang='lat' dir='ltr'><strong>com-</strong></span> 
     </span>
    </p>
   </div>
   <div class='ocr_carea' id='block_1_65' title="bbox 479 3384 2086 3448">
    <p class='ocr_par' dir='ltr' id='par_1_65' title="bbox 479 3384 2086 3448">
     <span class='ocr_line' id='line_1_65' title="bbox 479 3384 2086 3448; baseline 0.001 -7"><span class='ocrx_word' id='word_1_505' title='bbox 479 3387 677 3448; x_wconf 83' lang='lat' dir='ltr'><strong>munia</strong></span> <span class='ocrx_word' id='word_1_506' title='bbox 704 3403 733 3441; x_wconf 90' lang='lat' dir='ltr'><strong>a</strong></span> <span class='ocrx_word' id='word_1_507' title='bbox 769 3386 1038 3443; x_wconf 90' lang='lat' dir='ltr'><strong>discretis.</strong></span> <span class='ocrx_word' id='word_1_508' title='bbox 1084 3385 1192 3441; x_wconf 89' lang='lat' dir='ltr'><strong>Sed</strong></span> <span class='ocrx_word' id='word_1_509' title='bbox 1223 3384 1405 3441; x_wconf 87' lang='lat' dir='ltr'><strong>divina</strong></span> <span class='ocrx_word' id='word_1_510' title='bbox 1436 3394 1630 3441; x_wconf 90' lang='lat' dir='ltr'><strong>natura</strong></span> <span class='ocrx_word' id='word_1_511' title='bbox 1659 3387 1779 3441; x_wconf 84' lang='lat' dir='ltr'><strong>sine</strong></span> <span class='ocrx_word' id='word_1_512' title='bbox 1811 3388 2086 3442; x_wconf 83' lang='lat' dir='ltr'><strong>voluntate</strong></span> 
     </span>
    </p>
   </div>
   <div class='ocr_carea' id='block_1_66' title="bbox 478 3476 2084 3548">
    <p class='ocr_par' dir='ltr' id='par_1_66' title="bbox 478 3476 2084 3548">
     <span class='ocr_line' id='line_1_66' title="bbox 478 3476 2084 3548; baseline 0 -16"><span class='ocrx_word' id='word_1_513' title='bbox 478 3485 843 3548; x_wconf 29' lang='lat' dir='ltr'><strong>‘et-potestate</strong></span> <span class='ocrx_word' id='word_1_514' title='bbox 877 3477 1187 3533; x_wconf 86' lang='lat' dir='ltr'><strong>nullatenus</strong></span> <span class='ocrx_word' id='word_1_515' title='bbox 1237 3476 1328 3509; x_wconf 79' lang='grc'>¹³¹⁸</span> <span class='ocrx_word' id='word_1_516' title='bbox 1373 3477 1601 3548; x_wconf 82' lang='lat' dir='ltr'><strong>intelligi</strong></span> <span class='ocrx_word' id='word_1_517' title='bbox 1643 3478 1807 3534; x_wconf 88' lang='lat' dir='ltr'><strong>valet.</strong></span> <span class='ocrx_word' id='word_1_518' title='bbox 1844 3479 1998 3547; x_wconf 86' lang='lat' dir='ltr'><strong>Quod</strong></span> <span class='ocrx_word' id='word_1_519' title='bbox 2037 3479 2084 3533; x_wconf 91' lang='lat' dir='ltr'><strong>si</strong></span> 
     </span>
    </p>
   </div>
   <div class='ocr_carea' id='block_1_67' title="bbox 486 3569 2086 3640">
    <p class='ocr_par' dir='ltr' id='par_1_67' title="bbox 486 3569 2086 3640">
     <span class='ocr_line' id='line_1_67' title="bbox 486 3569 2086 3640; baseline 0 -15"><span class='ocrx_word' id='word_1_520' title='bbox 486 3569 793 3625; x_wconf 82' lang='lat' dir='ltr'><strong>secundum</strong></span> <span class='ocrx_word' id='word_1_521' title='bbox 816 3584 982 3623; x_wconf 88' lang='lat' dir='ltr'><strong>unam</strong></span> <span class='ocrx_word' id='word_1_522' title='bbox 1029 3576 1085 3624; x_wconf 90' lang='lat' dir='ltr'><strong>et</strong></span> <span class='ocrx_word' id='word_1_523' title='bbox 1119 3583 1462 3624; x_wconf 89' lang='lat' dir='ltr'><strong>communem</strong></span> <span class='ocrx_word' id='word_1_524' title='bbox 1492 3569 1823 3624; x_wconf 88' lang='lat' dir='ltr'><strong>voluntatem</strong></span> <span class='ocrx_word' id='word_1_525' title='bbox 1850 3578 1904 3625; x_wconf 90' lang='lat' dir='ltr'><strong>et</strong></span> <span class='ocrx_word' id='word_1_526' title='bbox 1935 3584 2086 3640; x_wconf 81' lang='lat' dir='ltr'><strong>pate-</strong></span> 
     </span>
    </p>
   </div>
   <div class='ocr_carea' id='block_1_68' title="bbox 482 3658 2082 3729">
    <p class='ocr_par' dir='ltr' id='par_1_68' title="bbox 482 3658 2082 3729">
     <span class='ocr_line' id='line_1_68' title="bbox 482 3658 2082 3729; baseline 0.001 -13"><span class='ocrx_word' id='word_1_527' title='bbox 482 3668 695 3716; x_wconf 67' lang='lat' dir='ltr'><strong>‘statem</strong></span> <span class='ocrx_word' id='word_1_528' title='bbox 722 3667 850 3715; x_wconf 89' lang='lat' dir='ltr'><strong>sunt</strong></span> <span class='ocrx_word' id='word_1_529' title='bbox 877 3668 932 3715; x_wconf 91' lang='lat' dir='ltr'><strong>et</strong></span> <span class='ocrx_word' id='word_1_530' title='bbox 960 3658 1279 3729; x_wconf 66' lang='lat' dir='ltr'><strong>singulm,et</strong></span> <span class='ocrx_word' id='word_1_531' title='bbox 1305 3658 1467 3726; x_wconf 82' lang='lat' dir='ltr'><strong>bime,</strong></span> <span class='ocrx_word' id='word_1_532' title='bbox 1493 3668 1551 3717; x_wconf 92' lang='lat' dir='ltr'><strong>et</strong></span> <span class='ocrx_word' id='word_1_533' title='bbox 1575 3670 1686 3716; x_wconf 90' lang='lat' dir='ltr'><strong>tres</strong></span> <span class='ocrx_word' id='word_1_534' title='bbox 1702 3659 1883 3726; x_wconf 81' lang='lat' dir='ltr'><strong>simul,</strong></span> <span class='ocrx_word' id='word_1_535' title='bbox 1901 3660 2082 3729; x_wconf 64' lang='lat' dir='ltr'><strong>&#39;Deus;</strong></span> 
     </span>
    </p>
   </div>
   <div class='ocr_carea' id='block_1_69' title="bbox 495 3749 2085 3823">
    <p class='ocr_par' dir='ltr' id='par_1_69' title="bbox 495 3749 2085 3823">
     <span class='ocr_line' id='line_1_69' title="bbox 495 3749 2085 3823; baseline 0.001 -17"><span class='ocrx_word' id='word_1_536' title='bbox 495 3752 627 3823; x_wconf 90' lang='lat' dir='ltr'><strong>quid</strong></span> <span class='ocrx_word' id='word_1_537' title='bbox 657 3750 731 3806; x_wconf 89' lang='lat' dir='ltr'><strong>ibi</strong></span> <span class='ocrx_word' id='word_1_538' title='bbox 755 3750 964 3806; x_wconf 88' lang='lat' dir='ltr'><strong>faciunt</strong></span> <span class='ocrx_word' id='word_1_539' title='bbox 988 3749 1092 3805; x_wconf 79' lang='lat' dir='ltr'><strong>illae</strong></span> <span class='ocrx_word' id='word_1_540' title='bbox 1120 3760 1230 3805; x_wconf 90' lang='lat' dir='ltr'><strong>tres</strong></span> <span class='ocrx_word' id='word_1_541' title='bbox 1267 3750 1547 3807; x_wconf 83' lang='lat' dir='ltr'><strong>discordes</strong></span> <span class='ocrx_word' id='word_1_542' title='bbox 1574 3765 1685 3818; x_wconf 90' lang='lat' dir='ltr'><strong>res,</strong></span> <span class='ocrx_word' id='word_1_543' title='bbox 1710 3766 1833 3821; x_wconf 76' lang='lat' dir='ltr'><strong>qua:</strong></span> <span class='ocrx_word' id='word_1_544' title='bbox 1860 3766 1962 3808; x_wconf 90' lang='lat' dir='ltr'><strong>nec</strong></span> <span class='ocrx_word' id='word_1_545' title='bbox 1982 3752 2085 3807; x_wconf 83' lang='lat' dir='ltr'><strong>nisi</strong></span> 
     </span>
    </p>
   </div>
   <div class='ocr_carea' id='block_1_70' title="bbox 488 3842 2080 3915">
    <p class='ocr_par' dir='ltr' id='par_1_70' title="bbox 488 3842 2080 3915">
     <span class='ocr_line' id='line_1_70' title="bbox 488 3842 2080 3915; baseline 0 -16"><span class='ocrx_word' id='word_1_546' title='bbox 488 3859 597 3915; x_wconf 82' lang='lat' dir='ltr'><strong>per</strong></span> <span class='ocrx_word' id='word_1_547' title='bbox 631 3843 779 3898; x_wconf 89' lang='lat' dir='ltr'><strong>aliud</strong></span> <span class='ocrx_word' id='word_1_548' title='bbox 829 3843 883 3897; x_wconf 91' lang='lat' dir='ltr'><strong>in</strong></span> <span class='ocrx_word' id='word_1_549' title='bbox 916 3842 1181 3898; x_wconf 90' lang='lat' dir='ltr'><strong>unitatem</strong></span> <span class='ocrx_word' id='word_1_550' title='bbox 1208 3842 1545 3899; x_wconf 89' lang='lat' dir='ltr'><strong>concordare</strong></span> <span class='ocrx_word' id='word_1_551' title='bbox 1573 3851 1803 3914; x_wconf 91' lang='lat' dir='ltr'><strong>possunt</strong></span> <span class='ocrx_word' id='word_1_552' title='bbox 1834 3842 2080 3907; x_wconf 88' lang='lat' dir='ltr'><strong>Deitatis,</strong></span> 
     </span>
    </p>
   </div>
   <div class='ocr_carea' id='block_1_71' title="bbox 484 3933 2089 4005">
    <p class='ocr_par' dir='ltr' id='par_1_71' title="bbox 484 3933 2089 4005">
     <span class='ocr_line' id='line_1_71' title="bbox 484 3933 2089 4005; baseline 0.001 -16"><span class='ocrx_word' id='word_1_553' title='bbox 484 3949 600 3991; x_wconf 84' lang='lat' dir='ltr'><strong>nec</strong></span> <span class='ocrx_word' id='word_1_554' title='bbox 634 3935 702 3990; x_wconf 91' lang='lat' dir='ltr'><strong>ad</strong></span> <span class='ocrx_word' id='word_1_555' title='bbox 732 3934 1125 4005; x_wconf 79' lang='lat' dir='ltr'><strong>perfectionem</strong></span> <span class='ocrx_word' id='word_1_556' title='bbox 1149 3975 1163 3999; x_wconf 92' lang='lat'><strong>,</strong></span> <span class='ocrx_word' id='word_1_557' title='bbox 1212 3949 1313 3990; x_wconf 91' lang='lat' dir='ltr'><strong>nec</strong></span> <span class='ocrx_word' id='word_1_558' title='bbox 1348 3934 1416 3989; x_wconf 90' lang='lat' dir='ltr'><strong>ad</strong></span> <span class='ocrx_word' id='word_1_559' title='bbox 1452 3934 1714 3989; x_wconf 83' lang='lat' dir='ltr'><strong>auxilium</strong></span> <span class='ocrx_word' id='word_1_560' title='bbox 1745 3933 1983 4005; x_wconf 87' lang='lat' dir='ltr'><strong>aliquod,</strong></span> <span class='ocrx_word' id='word_1_561' title='bbox 2029 3945 2089 3990; x_wconf 90' lang='lat' dir='ltr'><strong>ut</strong></span> 
     </span>
    </p>
   </div>
   <div class='ocr_carea' id='block_1_72' title="bbox 482 4026 2089 4097">
    <p class='ocr_par' dir='ltr' id='par_1_72' title="bbox 482 4026 2089 4097">
     <span class='ocr_line' id='line_1_72' title="bbox 482 4026 2089 4097; baseline -0.001 -13"><span class='ocrx_word' id='word_1_562' title='bbox 482 4028 640 4085; x_wconf 38' lang='lat' dir='ltr'><strong>‘Deus</strong></span> <span class='ocrx_word' id='word_1_563' title='bbox 669 4028 971 4097; x_wconf 84' lang='lat' dir='ltr'><strong>sit,valent</strong></span> <span class='ocrx_word' id='word_1_564' title='bbox 1001 4028 1132 4082; x_wconf 77' lang='lat' dir='ltr'><strong>&quot;&quot;‘I</strong></span> <span class='ocrx_word' id='word_1_565' title='bbox 1158 4027 1293 4082; x_wconf 86' lang='lat' dir='ltr'><strong>Nam</strong></span> <span class='ocrx_word' id='word_1_566' title='bbox 1317 4026 1362 4083; x_wconf 94' lang='lat' dir='ltr'><strong>si</strong></span> <span class='ocrx_word' id='word_1_567' title='bbox 1392 4042 1494 4082; x_wconf 91' lang='lat' dir='ltr'><strong>una</strong></span> <span class='ocrx_word' id='word_1_568' title='bbox 1524 4027 1721 4083; x_wconf 82' lang='lat' dir='ltr'><strong>suﬂicit</strong></span> <span class='ocrx_word' id='word_1_569' title='bbox 1750 4026 1996 4083; x_wconf 88' lang='lat' dir='ltr'><strong>voluntas</strong></span> <span class='ocrx_word' id='word_1_570' title='bbox 2032 4032 2089 4083; x_wconf 79' lang='lat' dir='ltr'><strong>et</strong></span> 
     </span>
    </p>
   </div>
   <div class='ocr_carea' id='block_1_73' title="bbox 490 4119 2088 4195">
    <p class='ocr_par' dir='ltr' id='par_1_73' title="bbox 490 4119 2088 4195">
     <span class='ocr_line' id='line_1_73' title="bbox 490 4119 2088 4195; baseline -0.003 -16"><span class='ocrx_word' id='word_1_571' title='bbox 490 4131 734 4195; x_wconf 87' lang='lat' dir='ltr'><strong>potestas</strong></span> <span class='ocrx_word' id='word_1_572' title='bbox 753 4124 820 4178; x_wconf 90' lang='lat' dir='ltr'><strong>ad</strong></span> <span class='ocrx_word' id='word_1_573' title='bbox 842 4119 1353 4194; x_wconf 39' lang='lat' dir='ltr'><strong>perfectionem’vDei</strong></span> <span class='ocrx_word' id='word_1_574' title='bbox 1387 4136 1401 4175; x_wconf 88' lang='lat'><strong>:</strong></span> <span class='ocrx_word' id='word_1_575' title='bbox 1425 4132 1545 4192; x_wconf 81' lang='lat' dir='ltr'><strong>quae</strong></span> <span class='ocrx_word' id='word_1_576' title='bbox 1566 4129 1693 4175; x_wconf 92' lang='lat' dir='ltr'><strong>sunt</strong></span> <span class='ocrx_word' id='word_1_577' title='bbox 1712 4120 1817 4175; x_wconf 87' lang='lat' dir='ltr'><strong>illae</strong></span> <span class='ocrx_word' id='word_1_578' title='bbox 1844 4129 1953 4176; x_wconf 91' lang='lat' dir='ltr'><strong>tres</strong></span> <span class='ocrx_word' id='word_1_579' title='bbox 1976 4135 2088 4189; x_wconf 88' lang='lat' dir='ltr'><strong>res,</strong></span> 
     </span>
    </p>
   </div>
   <div class='ocr_carea' id='block_1_74' title="bbox 498 4210 2087 4285">
    <p class='ocr_par' dir='ltr' id='par_1_74' title="bbox 498 4210 2087 4285">
     <span class='ocr_line' id='line_1_74' title="bbox 498 4210 2087 4285; baseline -0.003 -16"><span class='ocrx_word' id='word_1_580' title='bbox 498 4214 699 4285; x_wconf 88' lang='lat' dir='ltr'><strong>quibus</strong></span> <span class='ocrx_word' id='word_1_581' title='bbox 728 4214 932 4283; x_wconf 82' lang='lat' dir='ltr'><strong>indiget</strong></span> <span class='ocrx_word' id='word_1_582' title='bbox 968 4212 1111 4268; x_wconf 89' lang='lat' dir='ltr'><strong>Deus</strong></span> <span class='ocrx_word' id='word_1_583' title='bbox 1134 4254 1150 4278; x_wconf 88' lang='lat'><strong>,</strong></span> <span class='ocrx_word' id='word_1_584' title='bbox 1184 4221 1277 4266; x_wconf 89' lang='lat' dir='ltr'><strong>aut</strong></span> <span class='ocrx_word' id='word_1_585' title='bbox 1306 4212 1371 4265; x_wconf 91' lang='lat' dir='ltr'><strong>ad</strong></span> <span class='ocrx_word' id='word_1_586' title='bbox 1399 4211 1526 4282; x_wconf 90' lang='lat' dir='ltr'><strong>quid</strong></span> <span class='ocrx_word' id='word_1_587' title='bbox 1560 4211 1667 4267; x_wconf 91' lang='lat' dir='ltr'><strong>illis</strong></span> <span class='ocrx_word' id='word_1_588' title='bbox 1690 4212 1854 4283; x_wconf 83' lang='lat' dir='ltr'><strong>eget?</strong></span> <span class='ocrx_word' id='word_1_589' title='bbox 1900 4210 2087 4266; x_wconf 88' lang='lat' dir='ltr'><strong>Credi-</strong></span> 
     </span>
    </p>
   </div>
   <div class='ocr_carea' id='block_1_75' title="bbox 494 4304 2085 4375">
    <p class='ocr_par' dir='ltr' id='par_1_75' title="bbox 494 4304 2085 4375">
     <span class='ocr_line' id='line_1_75' title="bbox 494 4304 2085 4375; baseline -0.001 -14"><span class='ocrx_word' id='word_1_590' title='bbox 494 4322 620 4362; x_wconf 85' lang='lat' dir='ltr'><strong>mus</strong></span> <span class='ocrx_word' id='word_1_591' title='bbox 647 4306 791 4361; x_wconf 88' lang='lat' dir='ltr'><strong>enim</strong></span> <span class='ocrx_word' id='word_1_592' title='bbox 823 4306 991 4360; x_wconf 90' lang='lat' dir='ltr'><strong>Deum</strong></span> <span class='ocrx_word' id='word_1_593' title='bbox 1022 4304 1169 4359; x_wconf 88' lang='lat' dir='ltr'><strong>nullo</strong></span> <span class='ocrx_word' id='word_1_594' title='bbox 1199 4304 1444 4373; x_wconf 89' lang='lat' dir='ltr'><strong>indigere</strong></span> <span class='ocrx_word' id='word_1_595' title='bbox 1473 4322 1484 4358; x_wconf 90' lang='lat'><strong>:</strong></span> <span class='ocrx_word' id='word_1_596' title='bbox 1533 4304 1737 4359; x_wconf 80' lang='lat' dir='ltr'><strong>frustra</strong></span> <span class='ocrx_word' id='word_1_597' title='bbox 1796 4305 1957 4375; x_wconf 83' lang='lat' dir='ltr'><strong>igitur</strong></span> <span class='ocrx_word' id='word_1_598' title='bbox 1991 4320 2085 4359; x_wconf 91' lang='lat' dir='ltr'><strong>co-</strong></span> 
     </span>
    </p>
   </div>
   <div class='ocr_carea' id='block_1_76' title="bbox 498 4393 2089 4470">
    <p class='ocr_par' dir='ltr' id='par_1_76' title="bbox 498 4393 2089 4470">
     <span class='ocr_line' id='line_1_76' title="bbox 498 4393 2089 4470; baseline -0.001 -18"><span class='ocrx_word' id='word_1_599' title='bbox 498 4397 742 4470; x_wconf 77' lang='lat' dir='ltr'><strong>gitantur</strong></span> <span class='ocrx_word' id='word_1_600' title='bbox 769 4395 872 4450; x_wconf 85' lang='lat' dir='ltr'><strong>illae</strong></span> <span class='ocrx_word' id='word_1_601' title='bbox 902 4403 1009 4449; x_wconf 89' lang='lat' dir='ltr'><strong>tres</strong></span> <span class='ocrx_word' id='word_1_602' title='bbox 1041 4410 1129 4450; x_wconf 90' lang='lat' dir='ltr'><strong>res</strong></span> <span class='ocrx_word' id='word_1_603' title='bbox 1163 4394 1216 4448; x_wconf 92' lang='lat' dir='ltr'><strong>in</strong></span> <span class='ocrx_word' id='word_1_604' title='bbox 1252 4393 1382 4449; x_wconf 86' lang='lat' dir='ltr'><strong>Deo.</strong></span> <span class='ocrx_word' id='word_1_605' title='bbox 1413 4393 1483 4448; x_wconf 87' lang='lat' dir='ltr'><strong>At</strong></span> <span class='ocrx_word' id='word_1_606' title='bbox 1512 4395 1558 4449; x_wconf 92' lang='lat' dir='ltr'><strong>si</strong></span> <span class='ocrx_word' id='word_1_607' title='bbox 1584 4410 1685 4450; x_wconf 91' lang='lat' dir='ltr'><strong>nec</strong></span> <span class='ocrx_word' id='word_1_608' title='bbox 1707 4395 1795 4426; x_wconf 82' lang='grc'><strong>¹³²⁷</strong></span> <span class='ocrx_word' id='word_1_609' title='bbox 1819 4395 1948 4451; x_wconf 63' lang='lat' dir='ltr'><strong>sola:</strong></span> <span class='ocrx_word' id='word_1_610' title='bbox 1978 4405 2089 4451; x_wconf 90' lang='lat' dir='ltr'><strong>tres</strong></span> 
     </span>
    </p>
   </div>
   <div class='ocr_carea' id='block_1_77' title="bbox 497 4483 2085 4554">
    <p class='ocr_par' dir='ltr' id='par_1_77' title="bbox 497 4483 2085 4554">
     <span class='ocr_line' id='line_1_77' title="bbox 497 4483 2085 4554; baseline 0.002 -16"><span class='ocrx_word' id='word_1_611' title='bbox 497 4485 604 4539; x_wconf 71' lang='lat' dir='ltr'><strong>illae</strong></span> <span class='ocrx_word' id='word_1_612' title='bbox 630 4499 719 4540; x_wconf 89' lang='lat' dir='ltr'><strong>res</strong></span> <span class='ocrx_word' id='word_1_613' title='bbox 749 4484 863 4549; x_wconf 65' lang='lat'><strong>’3&quot;,</strong></span> <span class='ocrx_word' id='word_1_614' title='bbox 906 4499 1006 4539; x_wconf 91' lang='lat' dir='ltr'><strong>nec</strong></span> <span class='ocrx_word' id='word_1_615' title='bbox 1036 4483 1149 4538; x_wconf 90' lang='lat' dir='ltr'><strong>sola</strong></span> <span class='ocrx_word' id='word_1_616' title='bbox 1178 4483 1427 4538; x_wconf 88' lang='lat' dir='ltr'><strong>voluntas</strong></span> <span class='ocrx_word' id='word_1_617' title='bbox 1456 4492 1510 4539; x_wconf 90' lang='lat' dir='ltr'><strong>ct</strong></span> <span class='ocrx_word' id='word_1_618' title='bbox 1535 4493 1807 4554; x_wconf 86' lang='lat' dir='ltr'><strong>potestas;</strong></span> <span class='ocrx_word' id='word_1_619' title='bbox 1837 4485 1930 4539; x_wconf 90' lang='lat' dir='ltr'><strong>sed</strong></span> <span class='ocrx_word' id='word_1_620' title='bbox 1973 4487 2085 4541; x_wconf 84' lang='lat' dir='ltr'><strong>haec</strong></span> 
     </span>
    </p>
   </div>
   <div class='ocr_carea' id='block_1_78' title="bbox 499 4571 2083 4646">
    <p class='ocr_par' dir='ltr' id='par_1_78' title="bbox 499 4571 2083 4646">
     <span class='ocr_line' id='line_1_78' title="bbox 499 4571 2083 4646; baseline 0.001 -17"><span class='ocrx_word' id='word_1_621' title='bbox 499 4573 681 4630; x_wconf 90' lang='lat' dir='ltr'><strong>omnia</strong></span> <span class='ocrx_word' id='word_1_622' title='bbox 710 4572 872 4629; x_wconf 89' lang='lat' dir='ltr'><strong>simul</strong></span> <span class='ocrx_word' id='word_1_623' title='bbox 902 4572 1197 4628; x_wconf 79' lang='lat' dir='ltr'><strong>coniiciunt</strong></span> <span class='ocrx_word' id='word_1_624' title='bbox 1226 4571 1437 4626; x_wconf 58' lang='lat' dir='ltr'><strong>Deum»:</strong></span> <span class='ocrx_word' id='word_1_625' title='bbox 1463 4573 1659 4628; x_wconf 88' lang='lat' dir='ltr'><strong>iterum</strong></span> <span class='ocrx_word' id='word_1_626' title='bbox 1692 4574 1813 4630; x_wconf 84' lang='lat' dir='ltr'><strong>dico</strong></span> <span class='ocrx_word' id='word_1_627' title='bbox 1838 4575 1927 4606; x_wconf 80' lang='grc'>¹³¹⁹</span> <span class='ocrx_word' id='word_1_628' title='bbox 1959 4576 2083 4646; x_wconf 80' lang='lat' dir='ltr'><strong>quia</strong></span> 
     </span>
    </p>
   </div>
   <div class='ocr_carea' id='block_1_79' title="bbox 498 4666 2082 4739">
    <p class='ocr_par' dir='ltr' id='par_1_79' title="bbox 498 4666 2082 4739">
     <span class='ocr_line' id='line_1_79' title="bbox 498 4666 2082 4739; baseline 0.001 -16"><span class='ocrx_word' id='word_1_629' title='bbox 498 4666 836 4735; x_wconf 87' lang='lat' dir='ltr'><strong>compositus</strong></span> <span class='ocrx_word' id='word_1_630' title='bbox 860 4673 983 4730; x_wconf 89' lang='lat' dir='ltr'><strong>est;</strong></span> <span class='ocrx_word' id='word_1_631' title='bbox 1015 4674 1070 4719; x_wconf 92' lang='lat' dir='ltr'><strong>et</strong></span> <span class='ocrx_word' id='word_1_632' title='bbox 1108 4680 1195 4732; x_wconf 91' lang='lat' dir='ltr'><strong>ea,</strong></span> <span class='ocrx_word' id='word_1_633' title='bbox 1232 4680 1353 4735; x_wconf 75' lang='lat' dir='ltr'><strong>qua:</strong></span> <span class='ocrx_word' id='word_1_634' title='bbox 1380 4681 1485 4720; x_wconf 92' lang='lat' dir='ltr'><strong>non</strong></span> <span class='ocrx_word' id='word_1_635' title='bbox 1523 4676 1647 4722; x_wconf 89' lang='lat' dir='ltr'><strong>sunt</strong></span> <span class='ocrx_word' id='word_1_636' title='bbox 1680 4681 1778 4739; x_wconf 89' lang='lat' dir='ltr'><strong>per</strong></span> <span class='ocrx_word' id='word_1_637' title='bbox 1812 4683 1880 4724; x_wconf 87' lang='lat' dir='ltr'><strong>se</strong></span> <span class='ocrx_word' id='word_1_638' title='bbox 1917 4667 2082 4736; x_wconf 88' lang='lat' dir='ltr'><strong>Deus,</strong></span> 
     </span>
    </p>
   </div>
   <div class='ocr_carea' id='block_1_80' title="bbox 499 4755 2085 4829">
    <p class='ocr_par' dir='ltr' id='par_1_80' title="bbox 499 4755 2085 4829">
     <span class='ocr_line' id='line_1_80' title="bbox 499 4755 2085 4829; baseline 0.001 -16"><span class='ocrx_word' id='word_1_639' title='bbox 499 4767 595 4813; x_wconf 89' lang='lat' dir='ltr'><strong>aut</strong></span> <span class='ocrx_word' id='word_1_640' title='bbox 617 4757 691 4812; x_wconf 89' lang='lat' dir='ltr'><strong>dii</strong></span> <span class='ocrx_word' id='word_1_641' title='bbox 720 4756 928 4812; x_wconf 84' lang='lat' dir='ltr'><strong>faciunt</strong></span> <span class='ocrx_word' id='word_1_642' title='bbox 955 4755 1147 4811; x_wconf 79' lang='lat' dir='ltr'><strong>Deum.</strong></span> <span class='ocrx_word' id='word_1_643' title='bbox 1180 4756 1290 4811; x_wconf 83' lang='lat' dir='ltr'><strong>Aut</strong></span> <span class='ocrx_word' id='word_1_644' title='bbox 1318 4756 1363 4811; x_wconf 90' lang='lat' dir='ltr'><strong>si</strong></span> <span class='ocrx_word' id='word_1_645' title='bbox 1398 4756 1531 4812; x_wconf 91' lang='lat' dir='ltr'><strong>dicit</strong></span> <span class='ocrx_word' id='word_1_646' title='bbox 1558 4758 1684 4829; x_wconf 89' lang='lat' dir='ltr'><strong>quia</strong></span> <span class='ocrx_word' id='word_1_647' title='bbox 1724 4758 1828 4814; x_wconf 73' lang='lat' dir='ltr'><strong>illa:</strong></span> <span class='ocrx_word' id='word_1_648' title='bbox 1861 4768 1972 4815; x_wconf 90' lang='lat' dir='ltr'><strong>tres</strong></span> <span class='ocrx_word' id='word_1_649' title='bbox 1998 4774 2085 4815; x_wconf 85' lang='lat' dir='ltr'><strong>res</strong></span> 
     </span>
    </p>
   </div>
   <div class='ocr_carea' id='block_1_81' title="bbox 494 4847 2081 4919">
    <p class='ocr_par' dir='ltr' id='par_1_81' title="bbox 494 4847 2081 4919">
     <span class='ocr_line' id='line_1_81' title="bbox 494 4847 2081 4919; baseline 0.001 -17"><span class='ocrx_word' id='word_1_650' title='bbox 494 4852 567 4904; x_wconf 91' lang='lat' dir='ltr'><strong>ita</strong></span> <span class='ocrx_word' id='word_1_651' title='bbox 594 4863 790 4905; x_wconf 91' lang='lat' dir='ltr'><strong>nomen</strong></span> <span class='ocrx_word' id='word_1_652' title='bbox 820 4847 914 4904; x_wconf 94' lang='lat' dir='ltr'><strong>Dei</strong></span> <span class='ocrx_word' id='word_1_653' title='bbox 941 4847 1140 4904; x_wconf 86' lang='lat' dir='ltr'><strong>habent</strong></span> <span class='ocrx_word' id='word_1_654' title='bbox 1165 4861 1262 4919; x_wconf 87' lang='lat' dir='ltr'><strong>per</strong></span> <span class='ocrx_word' id='word_1_655' title='bbox 1291 4856 1614 4918; x_wconf 82' lang='lat' dir='ltr'><strong>potestatem</strong></span> <span class='ocrx_word' id='word_1_656' title='bbox 1642 4858 1698 4905; x_wconf 93' lang='lat' dir='ltr'><strong>ct</strong></span> <span class='ocrx_word' id='word_1_657' title='bbox 1721 4850 2081 4912; x_wconf 87' lang='lat' dir='ltr'><strong>voluntatem.</strong></span> 
     </span>
    </p>
   </div>
   <div class='ocr_carea' id='block_1_82' title="bbox 2191 3269 3801 3345">
    <p class='ocr_par' dir='ltr' id='par_1_82' title="bbox 2191 3269 3801 3345">
     <span class='ocr_line' id='line_1_82' title="bbox 2191 3269 3801 3345; baseline 0.009 -24"><span class='ocrx_word' id='word_1_658' title='bbox 2191 3278 2271 3323; x_wconf 92' lang='lat' dir='ltr'><strong>ter</strong></span> <span class='ocrx_word' id='word_1_659' title='bbox 2295 3269 2622 3325; x_wconf 85' lang='lat' dir='ltr'><strong>concludere</strong></span> <span class='ocrx_word' id='word_1_660' title='bbox 2651 3280 2760 3326; x_wconf 90' lang='lat' dir='ltr'><strong>tres</strong></span> <span class='ocrx_word' id='word_1_661' title='bbox 2789 3284 3053 3340; x_wconf 88' lang='lat' dir='ltr'><strong>personas</strong></span> <span class='ocrx_word' id='word_1_662' title='bbox 3077 3286 3185 3327; x_wconf 93' lang='lat' dir='ltr'><strong>non</strong></span> <span class='ocrx_word' id='word_1_663' title='bbox 3212 3288 3334 3330; x_wconf 90' lang='lat' dir='ltr'><strong>esse</strong></span> <span class='ocrx_word' id='word_1_664' title='bbox 3363 3290 3525 3329; x_wconf 83' lang='lat' dir='ltr'><strong>unam</strong></span> <span class='ocrx_word' id='word_1_665' title='bbox 3563 3292 3715 3345; x_wconf 88' lang='lat' dir='ltr'><strong>rem,</strong></span> <span class='ocrx_word' id='word_1_666' title='bbox 3752 3279 3801 3335; x_wconf 90' lang='lat' dir='ltr'><strong>si</strong></span> 
     </span>
    </p>
   </div>
   <div class='ocr_carea' id='block_1_83' title="bbox 2186 3362 3805 3439">
    <p class='ocr_par' dir='ltr' id='par_1_83' title="bbox 2186 3362 3805 3439">
     <span class='ocr_line' id='line_1_83' title="bbox 2186 3362 3805 3439; baseline 0.007 -22"><span class='ocrx_word' id='word_1_667' title='bbox 2186 3362 2334 3418; x_wconf 89' lang='lat' dir='ltr'><strong>solus</strong></span> <span class='ocrx_word' id='word_1_668' title='bbox 2383 3363 2557 3418; x_wconf 88' lang='lat' dir='ltr'><strong>Filius</strong></span> <span class='ocrx_word' id='word_1_669' title='bbox 2601 3372 2685 3418; x_wconf 90' lang='lat' dir='ltr'><strong>est</strong></span> <span class='ocrx_word' id='word_1_670' title='bbox 2732 3364 3090 3432; x_wconf 71' lang='lat' dir='ltr'><strong>incarnatus;</strong></span> <span class='ocrx_word' id='word_1_671' title='bbox 3133 3374 3227 3421; x_wconf 84' lang='lat' dir='ltr'><strong>aut</strong></span> <span class='ocrx_word' id='word_1_672' title='bbox 3271 3369 3316 3422; x_wconf 92' lang='lat' dir='ltr'><strong>si</strong></span> <span class='ocrx_word' id='word_1_673' title='bbox 3359 3376 3481 3422; x_wconf 89' lang='lat' dir='ltr'><strong>sunt</strong></span> <span class='ocrx_word' id='word_1_674' title='bbox 3516 3385 3626 3425; x_wconf 89' lang='lat' dir='ltr'><strong>una</strong></span> <span class='ocrx_word' id='word_1_675' title='bbox 3678 3388 3805 3439; x_wconf 61' lang='lat' dir='ltr'><strong>res,</strong></span> 
     </span>
    </p>
   </div>
   <div class='ocr_carea' id='block_1_84' title="bbox 2187 3453 3801 3531">
    <p class='ocr_par' dir='ltr' id='par_1_84' title="bbox 2187 3453 3801 3531">
     <span class='ocr_line' id='line_1_84' title="bbox 2187 3453 3801 3531; baseline 0.007 -24"><span class='ocrx_word' id='word_1_676' title='bbox 2187 3469 2378 3509; x_wconf 87' lang='lat' dir='ltr'><strong>omnes</strong></span> <span class='ocrx_word' id='word_1_677' title='bbox 2390 3470 2453 3525; x_wconf 88' lang='lat' dir='ltr'><strong>pa</strong></span> <span class='ocrx_word' id='word_1_678' title='bbox 2462 3456 2505 3508; x_wconf 91' lang='lat' dir='ltr'><strong>ri</strong></span> <span class='ocrx_word' id='word_1_679' title='bbox 2517 3465 2595 3509; x_wconf 91' lang='lat' dir='ltr'><strong>ter</strong></span> <span class='ocrx_word' id='word_1_680' title='bbox 2608 3469 2730 3509; x_wconf 85' lang='lat' dir='ltr'><strong>esse</strong></span> <span class='ocrx_word' id='word_1_681' title='bbox 2746 3453 2969 3511; x_wconf 91' lang='lat' dir='ltr'><strong>incarna</strong></span> <span class='ocrx_word' id='word_1_682' title='bbox 2979 3465 3080 3511; x_wconf 88' lang='lat' dir='ltr'><strong>tas.</strong></span> <span class='ocrx_word' id='word_1_683' title='bbox 3104 3455 3511 3513; x_wconf 86' lang='lat' dir='ltr'><strong>Ostendendum</strong></span> <span class='ocrx_word' id='word_1_684' title='bbox 3526 3474 3668 3531; x_wconf 86' lang='lat' dir='ltr'><strong>ergo</strong></span> <span class='ocrx_word' id='word_1_685' title='bbox 3681 3473 3801 3527; x_wconf 87' lang='lat' dir='ltr'><strong>est.</strong></span> 
     </span>
    </p>
   </div>
   <div class='ocr_carea' id='block_1_85' title="bbox 2188 3546 3803 3620">
    <p class='ocr_par' dir='ltr' id='par_1_85' title="bbox 2188 3546 3803 3620">
     <span class='ocr_line' id='line_1_85' title="bbox 2188 3546 3803 3620; baseline 0.007 -19"><span class='ocrx_word' id='word_1_686' title='bbox 2188 3547 2242 3601; x_wconf 89' lang='lat' dir='ltr'><strong>in</strong></span> <span class='ocrx_word' id='word_1_687' title='bbox 2273 3563 2381 3618; x_wconf 92' lang='lat' dir='ltr'><strong>quo</strong></span> <span class='ocrx_word' id='word_1_688' title='bbox 2409 3548 2511 3603; x_wconf 90' lang='lat' dir='ltr'><strong>iste</strong></span> <span class='ocrx_word' id='word_1_689' title='bbox 2537 3546 2778 3613; x_wconf 84' lang='lat' dir='ltr'><strong>fallitur;</strong></span> <span class='ocrx_word' id='word_1_690' title='bbox 2808 3556 2863 3604; x_wconf 89' lang='lat' dir='ltr'><strong>et</strong></span> <span class='ocrx_word' id='word_1_691' title='bbox 2893 3563 3001 3620; x_wconf 87' lang='lat' dir='ltr'><strong>quo</strong></span> <span class='ocrx_word' id='word_1_692' title='bbox 3028 3550 3192 3605; x_wconf 85' lang='lat' dir='ltr'><strong>modo</strong></span> <span class='ocrx_word' id='word_1_693' title='bbox 3219 3549 3668 3609; x_wconf 79' lang='lat' dir='ltr'><strong>incarnationem</strong></span> <span class='ocrx_word' id='word_1_694' title='bbox 3705 3571 3803 3611; x_wconf 47' lang='lat' dir='ltr'><strong>soz</strong></span> 
     </span>
    </p>
   </div>
   <div class='ocr_carea' id='block_1_86' title="bbox 2177 3639 3807 3715">
    <p class='ocr_par' dir='ltr' id='par_1_86' title="bbox 2177 3639 3807 3715">
     <span class='ocr_line' id='line_1_86' title="bbox 2177 3639 3807 3715; baseline 0.006 -20"><span class='ocrx_word' id='word_1_695' title='bbox 2177 3639 2291 3698; x_wconf 70' lang='lat' dir='ltr'><strong>iius</strong></span> <span class='ocrx_word' id='word_1_696' title='bbox 2335 3642 2461 3699; x_wconf 89' lang='lat' dir='ltr'><strong>Filii</strong></span> <span class='ocrx_word' id='word_1_697' title='bbox 2504 3659 2612 3699; x_wconf 91' lang='lat' dir='ltr'><strong>non</strong></span> <span class='ocrx_word' id='word_1_698' title='bbox 2652 3644 2908 3714; x_wconf 79' lang='lat' dir='ltr'><strong>sequitur</strong></span> <span class='ocrx_word' id='word_1_699' title='bbox 2941 3654 3054 3701; x_wconf 86' lang='lat' dir='ltr'><strong>tres</strong></span> <span class='ocrx_word' id='word_1_700' title='bbox 3092 3659 3357 3715; x_wconf 78' lang='lat' dir='ltr'><strong>personas</strong></span> <span class='ocrx_word' id='word_1_701' title='bbox 3394 3660 3515 3703; x_wconf 89' lang='lat' dir='ltr'><strong>esse</strong></span> <span class='ocrx_word' id='word_1_702' title='bbox 3555 3655 3678 3703; x_wconf 88' lang='lat' dir='ltr'><strong>tres</strong></span> <span class='ocrx_word' id='word_1_703' title='bbox 3709 3664 3807 3705; x_wconf 86' lang='lat' dir='ltr'><strong>res</strong></span> 
     </span>
    </p>
   </div>
   <div class='ocr_carea' id='block_1_87' title="bbox 2184 3738 3809 3810">
    <p class='ocr_par' dir='ltr' id='par_1_87' title="bbox 2184 3738 3809 3810">
     <span class='ocr_line' id='line_1_87' title="bbox 2184 3738 3809 3810; baseline 0.004 -17"><span class='ocrx_word' id='word_1_704' title='bbox 2184 3746 2496 3808; x_wconf 83' lang='lat' dir='ltr'><strong>separatas;</strong></span> <span class='ocrx_word' id='word_1_705' title='bbox 2531 3745 2643 3803; x_wconf 85' lang='lat' dir='ltr'><strong>aut,</strong></span> <span class='ocrx_word' id='word_1_706' title='bbox 2668 3738 2712 3793; x_wconf 86' lang='lat' dir='ltr'><strong>si</strong></span> <span class='ocrx_word' id='word_1_707' title='bbox 2742 3747 2870 3794; x_wconf 87' lang='lat' dir='ltr'><strong>sunt</strong></span> <span class='ocrx_word' id='word_1_708' title='bbox 2899 3753 3003 3794; x_wconf 86' lang='lat' dir='ltr'><strong>una</strong></span> <span class='ocrx_word' id='word_1_709' title='bbox 3035 3754 3123 3795; x_wconf 88' lang='lat' dir='ltr'><strong>res</strong></span> <span class='ocrx_word' id='word_1_710' title='bbox 3147 3749 3257 3797; x_wconf 90' lang='lat' dir='ltr'><strong>tres</strong></span> <span class='ocrx_word' id='word_1_711' title='bbox 3286 3755 3558 3810; x_wconf 66' lang='lat' dir='ltr'><strong>personae,</strong></span> <span class='ocrx_word' id='word_1_712' title='bbox 3589 3756 3809 3798; x_wconf 82' lang='lat' dir='ltr'><strong>omnes</strong></span> 
     </span>
    </p>
   </div>
   <div class='ocr_carea' id='block_1_88' title="bbox 2187 3833 3802 3905">
    <p class='ocr_par' dir='ltr' id='par_1_88' title="bbox 2187 3833 3802 3905">
     <span class='ocr_line' id='line_1_88' title="bbox 2187 3833 3802 3905; baseline 0.002 -17"><span class='ocrx_word' id='word_1_713' title='bbox 2187 3848 2282 3889; x_wconf 89' lang='lat' dir='ltr'><strong>eas</strong></span> <span class='ocrx_word' id='word_1_714' title='bbox 2307 3848 2427 3888; x_wconf 91' lang='lat' dir='ltr'><strong>esse</strong></span> <span class='ocrx_word' id='word_1_715' title='bbox 2466 3833 2795 3889; x_wconf 89' lang='lat' dir='ltr'><strong>incarnatas.</strong></span> <span class='ocrx_word' id='word_1_716' title='bbox 2837 3833 2990 3901; x_wconf 85' lang='lat' dir='ltr'><strong>Quod</strong></span> <span class='ocrx_word' id='word_1_717' title='bbox 3019 3833 3205 3905; x_wconf 90' lang='lat' dir='ltr'><strong>utique</strong></span> <span class='ocrx_word' id='word_1_718' title='bbox 3234 3834 3378 3890; x_wconf 87' lang='lat' dir='ltr'><strong>Deus</strong></span> <span class='ocrx_word' id='word_1_719' title='bbox 3406 3851 3510 3891; x_wconf 86' lang='lat' dir='ltr'><strong>una</strong></span> <span class='ocrx_word' id='word_1_720' title='bbox 3548 3843 3611 3890; x_wconf 87' lang='lat' dir='ltr'><strong>et</strong></span> <span class='ocrx_word' id='word_1_721' title='bbox 3637 3837 3802 3903; x_wconf 85' lang='lat' dir='ltr'><strong>sola.</strong></span> 
     </span>
    </p>
   </div>
   <div class='ocr_carea' id='block_1_89' title="bbox 2187 3923 3806 3997">
    <p class='ocr_par' dir='ltr' id='par_1_89' title="bbox 2187 3923 3806 3997">
     <span class='ocr_line' id='line_1_89' title="bbox 2187 3923 3806 3997; baseline 0 -15"><span class='ocrx_word' id='word_1_722' title='bbox 2187 3935 2243 3982; x_wconf 87' lang='lat' dir='ltr'><strong>et</strong></span> <span class='ocrx_word' id='word_1_723' title='bbox 2267 3925 2562 3985; x_wconf 77' lang='lat' dir='ltr'><strong>indivrdua.</strong></span> <span class='ocrx_word' id='word_1_724' title='bbox 2589 3932 2645 3978; x_wconf 89' lang='lat' dir='ltr'><strong>et</strong></span> <span class='ocrx_word' id='word_1_725' title='bbox 2670 3923 2895 3995; x_wconf 76' lang='lat' dir='ltr'><strong>simplex</strong></span> <span class='ocrx_word' id='word_1_726' title='bbox 2926 3924 2998 3980; x_wconf 88' lang='lat' dir='ltr'><strong>sit</strong></span> <span class='ocrx_word' id='word_1_727' title='bbox 3028 3934 3220 3979; x_wconf 90' lang='lat' dir='ltr'><strong>natura</strong></span> <span class='ocrx_word' id='word_1_728' title='bbox 3239 3966 3255 3991; x_wconf 92' lang='lat'><strong>,</strong></span> <span class='ocrx_word' id='word_1_729' title='bbox 3283 3935 3339 3981; x_wconf 91' lang='lat' dir='ltr'><strong>et</strong></span> <span class='ocrx_word' id='word_1_730' title='bbox 3368 3935 3477 3981; x_wconf 87' lang='lat' dir='ltr'><strong>tres</strong></span> <span class='ocrx_word' id='word_1_731' title='bbox 3502 3942 3806 3997; x_wconf 66' lang='lat' dir='ltr'><strong>personas,</strong></span> 
     </span>
    </p>
   </div>
   <div class='ocr_carea' id='block_1_90' title="bbox 2188 4014 3809 4089">
    <p class='ocr_par' dir='ltr' id='par_1_90' title="bbox 2188 4014 3809 4089">
     <span class='ocr_line' id='line_1_90' title="bbox 2188 4014 3809 4089; baseline 0.004 -19"><span class='ocrx_word' id='word_1_732' title='bbox 2188 4025 2502 4072; x_wconf 81' lang='lat' dir='ltr'><strong>sanetorum</strong></span> <span class='ocrx_word' id='word_1_733' title='bbox 2530 4014 2776 4081; x_wconf 82' lang='lat' dir='ltr'><strong>Patrum,</strong></span> <span class='ocrx_word' id='word_1_734' title='bbox 2804 4024 2863 4070; x_wconf 89' lang='lat' dir='ltr'><strong>et</strong></span> <span class='ocrx_word' id='word_1_735' title='bbox 2894 4015 3132 4072; x_wconf 81' lang='lat' dir='ltr'><strong>maxime</strong></span> <span class='ocrx_word' id='word_1_736' title='bbox 3160 4016 3306 4072; x_wconf 81' lang='lat' dir='ltr'><strong>beati</strong></span> <span class='ocrx_word' id='word_1_737' title='bbox 3338 4018 3630 4089; x_wconf 77' lang='lat' dir='ltr'><strong>Augustini</strong></span> <span class='ocrx_word' id='word_1_738' title='bbox 3670 4030 3809 4089; x_wconf 83' lang='lat' dir='ltr'><strong>post</strong></span> 
     </span>
    </p>
   </div>
   <div class='ocr_carea' id='block_1_91' title="bbox 2190 4087 3809 4176">
    <p class='ocr_par' dir='ltr' id='par_1_91' title="bbox 2190 4087 3809 4176">
     <span class='ocr_line' id='line_1_91' title="bbox 2190 4087 3809 4176; baseline 0.004 -17"><span class='ocrx_word' id='word_1_739' title='bbox 2190 4103 2467 4176; x_wconf 91' lang='lat' dir='ltr'><strong>apostolos</strong></span> <span class='ocrx_word' id='word_1_740' title='bbox 2507 4113 2560 4160; x_wconf 90' lang='lat' dir='ltr'><strong>et</strong></span> <span class='ocrx_word' id='word_1_741' title='bbox 2593 4104 2956 4173; x_wconf 88' lang='lat' dir='ltr'><strong>evangelistas</strong></span> <span class='ocrx_word' id='word_1_742' title='bbox 2997 4087 3513 4176; x_wconf 80' lang='lat' dir='ltr'><strong>inexpugnabilibus</strong></span> <span class='ocrx_word' id='word_1_743' title='bbox 3551 4087 3809 4165; x_wconf 73' lang='lat' dir='ltr'><strong>rationi-</strong></span> 
     </span>
    </p>
   </div>
   <div class='ocr_carea' id='block_1_92' title="bbox 2190 4194 3810 4268">
    <p class='ocr_par' dir='ltr' id='par_1_92' title="bbox 2190 4194 3810 4268">
     <span class='ocr_line' id='line_1_92' title="bbox 2190 4194 3810 4268; baseline 0.001 -17"><span class='ocrx_word' id='word_1_744' title='bbox 2190 4197 2290 4253; x_wconf 89' lang='lat' dir='ltr'><strong>bus</strong></span> <span class='ocrx_word' id='word_1_745' title='bbox 2319 4197 2654 4268; x_wconf 82' lang='lat' dir='ltr'><strong>disputatum</strong></span> <span class='ocrx_word' id='word_1_746' title='bbox 2692 4203 2794 4250; x_wconf 89' lang='lat' dir='ltr'><strong>est.</strong></span> <span class='ocrx_word' id='word_1_747' title='bbox 2827 4194 2933 4251; x_wconf 89' lang='lat' dir='ltr'><strong>Sed</strong></span> <span class='ocrx_word' id='word_1_748' title='bbox 2979 4204 3035 4250; x_wconf 89' lang='lat' dir='ltr'><strong>et</strong></span> <span class='ocrx_word' id='word_1_749' title='bbox 3064 4197 3108 4251; x_wconf 90' lang='lat' dir='ltr'><strong>si</strong></span> <span class='ocrx_word' id='word_1_750' title='bbox 3156 4197 3278 4265; x_wconf 86' lang='lat' dir='ltr'><strong>quis</strong></span> <span class='ocrx_word' id='word_1_751' title='bbox 3314 4196 3492 4266; x_wconf 83' lang='lat' dir='ltr'><strong>legere</strong></span> <span class='ocrx_word' id='word_1_752' title='bbox 3528 4197 3810 4268; x_wconf 81' lang='lat' dir='ltr'><strong>dignabi-</strong></span> 
     </span>
    </p>
   </div>
   <div class='ocr_carea' id='block_1_93' title="bbox 2192 4283 3811 4356">
    <p class='ocr_par' dir='ltr' id='par_1_93' title="bbox 2192 4283 3811 4356">
     <span class='ocr_line' id='line_1_93' title="bbox 2192 4283 3811 4356; baseline 0.002 -15"><span class='ocrx_word' id='word_1_753' title='bbox 2192 4296 2280 4341; x_wconf 91' lang='lat' dir='ltr'><strong>tur</strong></span> <span class='ocrx_word' id='word_1_754' title='bbox 2308 4286 2413 4341; x_wconf 90' lang='lat' dir='ltr'><strong>doo</strong></span> <span class='ocrx_word' id='word_1_755' title='bbox 2441 4300 2606 4354; x_wconf 87' lang='lat' dir='ltr'><strong>parva</strong></span> <span class='ocrx_word' id='word_1_756' title='bbox 2637 4283 2896 4355; x_wconf 89' lang='lat' dir='ltr'><strong>opuscula</strong></span> <span class='ocrx_word' id='word_1_757' title='bbox 2937 4299 3078 4350; x_wconf 87' lang='lat' dir='ltr'><strong>mea,</strong></span> <span class='ocrx_word' id='word_1_758' title='bbox 3112 4284 3450 4356; x_wconf 81' lang='lat' dir='ltr'><strong>Monologion</strong></span> <span class='ocrx_word' id='word_1_759' title='bbox 3479 4286 3709 4343; x_wconf 85' lang='lat' dir='ltr'><strong>scilicet</strong></span> <span class='ocrx_word' id='word_1_760' title='bbox 3747 4299 3811 4345; x_wconf 87' lang='lat' dir='ltr'><strong>et</strong></span> 
     </span>
    </p>
   </div>
   <div class='ocr_carea' id='block_1_94' title="bbox 2188 4374 3809 4446">
    <p class='ocr_par' dir='ltr' id='par_1_94' title="bbox 2188 4374 3809 4446">
     <span class='ocr_line' id='line_1_94' title="bbox 2188 4374 3809 4446; baseline 0.002 -14"><span class='ocrx_word' id='word_1_761' title='bbox 2188 4376 2530 4446; x_wconf 77' lang='lat' dir='ltr'><strong>Prosiogion,</strong></span> <span class='ocrx_word' id='word_1_762' title='bbox 2571 4391 2690 4445; x_wconf 79' lang='lat' dir='ltr'><strong>qua:</strong></span> <span class='ocrx_word' id='word_1_763' title='bbox 2732 4374 2799 4430; x_wconf 90' lang='lat' dir='ltr'><strong>ad</strong></span> <span class='ocrx_word' id='word_1_764' title='bbox 2848 4375 2951 4429; x_wconf 89' lang='lat' dir='ltr'><strong>hoc</strong></span> <span class='ocrx_word' id='word_1_765' title='bbox 2986 4376 3221 4430; x_wconf 80' lang='lat' dir='ltr'><strong>maxime</strong></span> <span class='ocrx_word' id='word_1_766' title='bbox 3252 4376 3343 4407; x_wconf 76' lang='lat'><strong>&quot;”</strong></span> <span class='ocrx_word' id='word_1_767' title='bbox 3371 4376 3511 4431; x_wconf 86' lang='lat' dir='ltr'><strong>facta</strong></span> <span class='ocrx_word' id='word_1_768' title='bbox 3534 4387 3707 4444; x_wconf 84' lang='lat' dir='ltr'><strong>sunt,</strong></span> <span class='ocrx_word' id='word_1_769' title='bbox 3743 4391 3809 4436; x_wconf 90' lang='lat' dir='ltr'><strong>ut</strong></span> 
     </span>
    </p>
   </div>
   <div class='ocr_carea' id='block_1_95' title="bbox 2190 4467 3807 4541">
    <p class='ocr_par' dir='ltr' id='par_1_95' title="bbox 2190 4467 3807 4541">
     <span class='ocr_line' id='line_1_95' title="bbox 2190 4467 3807 4541; baseline 0.002 -17"><span class='ocrx_word' id='word_1_770' title='bbox 2190 4470 2333 4541; x_wconf 90' lang='lat' dir='ltr'><strong>quod</strong></span> <span class='ocrx_word' id='word_1_771' title='bbox 2372 4468 2479 4524; x_wconf 81' lang='lat' dir='ltr'><strong>ﬁde</strong></span> <span class='ocrx_word' id='word_1_772' title='bbox 2513 4477 2759 4523; x_wconf 85' lang='lat' dir='ltr'><strong>tenemus</strong></span> <span class='ocrx_word' id='word_1_773' title='bbox 2799 4468 2865 4523; x_wconf 92' lang='lat' dir='ltr'><strong>de</strong></span> <span class='ocrx_word' id='word_1_774' title='bbox 2891 4467 3076 4522; x_wconf 85' lang='lat' dir='ltr'><strong>divina</strong></span> <span class='ocrx_word' id='word_1_775' title='bbox 3107 4476 3303 4522; x_wconf 90' lang='lat' dir='ltr'><strong>natura</strong></span> <span class='ocrx_word' id='word_1_776' title='bbox 3344 4477 3399 4523; x_wconf 91' lang='lat' dir='ltr'><strong>et</strong></span> <span class='ocrx_word' id='word_1_777' title='bbox 3436 4468 3554 4539; x_wconf 85' lang='lat' dir='ltr'><strong>ejus</strong></span> <span class='ocrx_word' id='word_1_778' title='bbox 3586 4484 3807 4540; x_wconf 82' lang='lat' dir='ltr'><strong>perso-</strong></span> 
     </span>
    </p>
   </div>
   <div class='ocr_carea' id='block_1_96' title="bbox 2193 4560 3820 4633">
    <p class='ocr_par' dir='ltr' id='par_1_96' title="bbox 2193 4560 3820 4633">
     <span class='ocr_line' id='line_1_96' title="bbox 2193 4560 3820 4633; baseline 0.001 -15"><span class='ocrx_word' id='word_1_779' title='bbox 2193 4564 2280 4619; x_wconf 89' lang='lat' dir='ltr'><strong>nis</strong></span> <span class='ocrx_word' id='word_1_780' title='bbox 2336 4571 2539 4633; x_wconf 75' lang='lat' dir='ltr'><strong>praetcr</strong></span> <span class='ocrx_word' id='word_1_781' title='bbox 2587 4560 3052 4629; x_wconf 81' lang='lat' dir='ltr'><strong>incarnationem,</strong></span> <span class='ocrx_word' id='word_1_782' title='bbox 3096 4562 3422 4617; x_wconf 84' lang='lat' dir='ltr'><strong>necessariis</strong></span> <span class='ocrx_word' id='word_1_783' title='bbox 3474 4563 3820 4625; x_wconf 80' lang='lat' dir='ltr'><strong>rationibus</strong></span> 
     </span>
    </p>
   </div>
   <div class='ocr_carea' id='block_1_97' title="bbox 2192 4651 3818 4723">
    <p class='ocr_par' dir='ltr' id='par_1_97' title="bbox 2192 4651 3818 4723">
     <span class='ocr_line' id='line_1_97' title="bbox 2192 4651 3818 4723; baseline 0.001 -13"><span class='ocrx_word' id='word_1_784' title='bbox 2192 4654 2310 4710; x_wconf 87' lang='lat' dir='ltr'><strong>sine</strong></span> <span class='ocrx_word' id='word_1_785' title='bbox 2342 4653 2641 4723; x_wconf 68' lang='lat' dir='ltr'><strong>Scriptura!</strong></span> <span class='ocrx_word' id='word_1_786' title='bbox 2698 4651 2791 4684; x_wconf 82' lang='grc'><strong>¹³³⁸</strong></span> <span class='ocrx_word' id='word_1_787' title='bbox 2836 4652 3164 4707; x_wconf 85' lang='lat' dir='ltr'><strong>auctoritate</strong></span> <span class='ocrx_word' id='word_1_788' title='bbox 3202 4652 3423 4721; x_wconf 90' lang='lat' dir='ltr'><strong>probari</strong></span> <span class='ocrx_word' id='word_1_789' title='bbox 3462 4654 3679 4722; x_wconf 86' lang='lat' dir='ltr'><strong>possit;</strong></span> <span class='ocrx_word' id='word_1_790' title='bbox 3741 4659 3818 4722; x_wconf 89' lang='lat' dir='ltr'><strong>si,</strong></span> 
     </span>
    </p>
   </div>
   <div class='ocr_carea' id='block_1_98' title="bbox 2190 4743 3816 4819">
    <p class='ocr_par' dir='ltr' id='par_1_98' title="bbox 2190 4743 3816 4819">
     <span class='ocr_line' id='line_1_98' title="bbox 2190 4743 3816 4819; baseline -0.002 -15"><span class='ocrx_word' id='word_1_791' title='bbox 2190 4749 2435 4819; x_wconf 89' lang='lat' dir='ltr'><strong>inquam,</strong></span> <span class='ocrx_word' id='word_1_792' title='bbox 2469 4761 2534 4801; x_wconf 89' lang='lat' dir='ltr'><strong>ea</strong></span> <span class='ocrx_word' id='word_1_793' title='bbox 2567 4745 2766 4815; x_wconf 85' lang='lat' dir='ltr'><strong>aliquis</strong></span> <span class='ocrx_word' id='word_1_794' title='bbox 2794 4744 2978 4813; x_wconf 87' lang='lat' dir='ltr'><strong>legere</strong></span> <span class='ocrx_word' id='word_1_795' title='bbox 3010 4743 3265 4810; x_wconf 85' lang='lat' dir='ltr'><strong>voluerit,</strong></span> <span class='ocrx_word' id='word_1_796' title='bbox 3296 4753 3427 4814; x_wconf 90' lang='lat' dir='ltr'><strong>puto</strong></span> <span class='ocrx_word' id='word_1_797' title='bbox 3462 4744 3589 4813; x_wconf 87' lang='lat' dir='ltr'><strong>quia</strong></span> <span class='ocrx_word' id='word_1_798' title='bbox 3620 4755 3690 4801; x_wconf 86' lang='lat' dir='ltr'><strong>et</strong></span> <span class='ocrx_word' id='word_1_799' title='bbox 3730 4747 3816 4803; x_wconf 78' lang='lat' dir='ltr'><strong>ibi</strong></span> 
     </span>
    </p>
   </div>
   <div class='ocr_carea' id='block_1_99' title="bbox 2190 4837 3817 4909">
    <p class='ocr_par' dir='ltr' id='par_1_99' title="bbox 2190 4837 3817 4909">
     <span class='ocr_line' id='line_1_99' title="bbox 2190 4837 3817 4909; baseline 0.001 -13"><span class='ocrx_word' id='word_1_800' title='bbox 2190 4841 2431 4897; x_wconf 89' lang='lat' dir='ltr'><strong>inveniet</strong></span> <span class='ocrx_word' id='word_1_801' title='bbox 2467 4841 2534 4895; x_wconf 91' lang='lat' dir='ltr'><strong>de</strong></span> <span class='ocrx_word' id='word_1_802' title='bbox 2583 4840 2686 4894; x_wconf 87' lang='lat' dir='ltr'><strong>hoc</strong></span> <span class='ocrx_word' id='word_1_803' title='bbox 2724 4838 2869 4908; x_wconf 90' lang='lat' dir='ltr'><strong>quod</strong></span> <span class='ocrx_word' id='word_1_804' title='bbox 2905 4853 3014 4894; x_wconf 90' lang='lat' dir='ltr'><strong>non</strong></span> <span class='ocrx_word' id='word_1_805' title='bbox 3064 4837 3377 4907; x_wconf 87' lang='lat' dir='ltr'><strong>improbare</strong></span> <span class='ocrx_word' id='word_1_806' title='bbox 3412 4838 3643 4909; x_wconf 89' lang='lat' dir='ltr'><strong>poterit,</strong></span> <span class='ocrx_word' id='word_1_807' title='bbox 3694 4857 3817 4897; x_wconf 84' lang='lat' dir='ltr'><strong>nec</strong></span> 
     </span>
    </p>
   </div>
   <div class='ocr_carea' id='block_1_100' title="bbox 1758 5021 2439 5083">
    <p class='ocr_par' dir='ltr' id='par_1_100' title="bbox 1758 5021 2439 5083">
     <span class='ocr_line' id='line_1_100' title="bbox 1758 5021 2439 5083; baseline -0.006 0"><span class='ocrx_word' id='word_1_808' title='bbox 1758 5024 1991 5083; x_wconf 74' lang='lat' dir='ltr'><strong>VARUE</strong></span> <span class='ocrx_word' id='word_1_809' title='bbox 2036 5021 2439 5081; x_wconf 82' lang='lat' dir='ltr'><strong>LECTIONES.</strong></span> 
     </span>
    </p>
   </div>
   <div class='ocr_carea' id='block_1_101' title="bbox 582 5134 3817 5212">
    <p class='ocr_par' dir='ltr' id='par_1_101' title="bbox 582 5134 3817 5212">
     <span class='ocr_line' id='line_1_101' title="bbox 582 5134 3817 5212; baseline -0.001 -18"><span class='ocrx_word' id='word_1_810' title='bbox 582 5141 673 5212; x_wconf 56' lang='lat' dir='ltr'><strong>1m</strong></span> <span class='ocrx_word' id='word_1_811' title='bbox 697 5138 930 5195; x_wconf 74' lang='lat' dir='ltr'><strong>Necesse</strong></span> <span class='ocrx_word' id='word_1_812' title='bbox 953 5146 1067 5212; x_wconf 71' lang='lat' dir='ltr'><strong>est,</strong></span> <span class='ocrx_word' id='word_1_813' title='bbox 1084 5148 1177 5212; x_wconf 74' lang='lat' dir='ltr'><strong>aut</strong></span> <span class='ocrx_word' id='word_1_814' title='bbox 1201 5136 1473 5195; x_wconf 89' lang='lat' dir='ltr'><strong>intellectu</strong></span> <span class='ocrx_word' id='word_1_815' title='bbox 1500 5154 1664 5210; x_wconf 87' lang='lat' dir='ltr'><strong>posse</strong></span> <span class='ocrx_word' id='word_1_816' title='bbox 1690 5141 1920 5212; x_wconf 82' lang='lat' dir='ltr'><strong>disjungi</strong></span> <span class='ocrx_word' id='word_1_817' title='bbox 1951 5148 2044 5195; x_wconf 90' lang='lat' dir='ltr'><strong>aut</strong></span> <span class='ocrx_word' id='word_1_818' title='bbox 2069 5140 2245 5210; x_wconf 88' lang='lat' dir='ltr'><strong>reipsa</strong></span> <span class='ocrx_word' id='word_1_819' title='bbox 2273 5140 2417 5209; x_wconf 87' lang='lat' dir='ltr'><strong>quod</strong></span> <span class='ocrx_word' id='word_1_820' title='bbox 2444 5155 2572 5212; x_wconf 72' lang='lat' dir='ltr'><strong>mss.</strong></span> <span class='ocrx_word' id='word_1_821' title='bbox 2596 5152 2821 5212; x_wconf 83' lang='lat' dir='ltr'><strong>necesse</strong></span> <span class='ocrx_word' id='word_1_822' title='bbox 2839 5145 2922 5194; x_wconf 87' lang='lat' dir='ltr'><strong>est</strong></span> <span class='ocrx_word' id='word_1_823' title='bbox 2947 5146 3038 5194; x_wconf 87' lang='lat' dir='ltr'><strong>aut</strong></span> <span class='ocrx_word' id='word_1_824' title='bbox 3058 5144 3301 5212; x_wconf 55' lang='lat' dir='ltr'><strong>aegroti}</strong></span> <span class='ocrx_word' id='word_1_825' title='bbox 3327 5134 3602 5212; x_wconf 79' lang='lat' dir='ltr'><strong>intellectu</strong></span> <span class='ocrx_word' id='word_1_826' title='bbox 3619 5152 3817 5208; x_wconf 69' lang='lat' dir='ltr'><strong>posse</strong></span> 
     </span>
    </p>
   </div>
   <div class='ocr_carea' id='block_1_102' title="bbox 494 5206 3813 5280">
    <p class='ocr_par' dir='ltr' id='par_1_102' title="bbox 494 5206 3813 5280">
     <span class='ocr_line' id='line_1_102' title="bbox 494 5206 3813 5280; baseline 0.002 -17"><span class='ocrx_word' id='word_1_827' title='bbox 494 5210 754 5280; x_wconf 19' lang='lat' dir='ltr'><strong>,disjungi,</strong></span> <span class='ocrx_word' id='word_1_828' title='bbox 791 5212 935 5279; x_wconf 87' lang='lat' dir='ltr'><strong>quod</strong></span> <span class='ocrx_word' id='word_1_829' title='bbox 1006 5209 1100 5241; x_wconf 83' lang='grc'><strong>¹³¹³</strong></span> <span class='ocrx_word' id='word_1_830' title='bbox 1124 5209 1235 5265; x_wconf 85' lang='lat' dir='ltr'><strong>Nec</strong></span> <span class='ocrx_word' id='word_1_831' title='bbox 1257 5219 1448 5279; x_wconf 87' lang='lat' dir='ltr'><strong>putant</strong></span> <span class='ocrx_word' id='word_1_832' title='bbox 1478 5206 1603 5265; x_wconf 71' lang='lat' dir='ltr'><strong>mss.</strong></span> <span class='ocrx_word' id='word_1_833' title='bbox 1632 5221 1680 5265; x_wconf 87' lang='lat' dir='ltr'><strong>et</strong></span> <span class='ocrx_word' id='word_1_834' title='bbox 1701 5206 1852 5266; x_wconf 70' lang='lat' dir='ltr'><strong>Edit.</strong></span> <span class='ocrx_word' id='word_1_835' title='bbox 1874 5206 2039 5266; x_wconf 61' lang='lat' dir='ltr'><strong>Both.</strong></span> <span class='ocrx_word' id='word_1_836' title='bbox 2082 5206 2181 5265; x_wconf 78' lang='lat' dir='ltr'><strong>nec</strong></span> <span class='ocrx_word' id='word_1_837' title='bbox 2217 5206 2369 5280; x_wconf 74' lang='lat' dir='ltr'><strong>putat</strong></span> <span class='ocrx_word' id='word_1_838' title='bbox 2442 5210 2535 5243; x_wconf 71' lang='grc'><strong>⁸³³⁸</strong></span> <span class='ocrx_word' id='word_1_839' title='bbox 2564 5211 2666 5277; x_wconf 83' lang='lat' dir='ltr'><strong>Qui</strong></span> <span class='ocrx_word' id='word_1_840' title='bbox 2690 5209 2855 5264; x_wconf 85' lang='lat' dir='ltr'><strong>addat</strong></span> <span class='ocrx_word' id='word_1_841' title='bbox 2886 5226 3012 5265; x_wconf 83' lang='lat' dir='ltr'><strong>mss.</strong></span> <span class='ocrx_word' id='word_1_842' title='bbox 3040 5220 3088 5263; x_wconf 83' lang='lat' dir='ltr'><strong>et</strong></span> <span class='ocrx_word' id='word_1_843' title='bbox 3119 5207 3225 5261; x_wconf 82' lang='lat' dir='ltr'><strong>Ed.</strong></span> <span class='ocrx_word' id='word_1_844' title='bbox 3248 5206 3406 5280; x_wconf 79' lang='lat' dir='ltr'><strong>Goth.</strong></span> <span class='ocrx_word' id='word_1_845' title='bbox 3433 5208 3566 5280; x_wconf 77' lang='lat' dir='ltr'><strong>quid</strong></span> <span class='ocrx_word' id='word_1_846' title='bbox 3615 5206 3813 5280; x_wconf 61' lang='lat' dir='ltr'><strong>addat</strong></span> 
     </span>
    </p>
   </div>
   <div class='ocr_carea' id='block_1_103' title="bbox 505 5278 3810 5351">
    <p class='ocr_par' dir='ltr' id='par_1_103' title="bbox 505 5278 3810 5351">
     <span class='ocr_line' id='line_1_103' title="bbox 505 5278 3810 5351; baseline 0.002 -20"><span class='ocrx_word' id='word_1_847' title='bbox 505 5278 597 5312; x_wconf 75' lang='grc'><strong>³⁸³⁸</strong></span> <span class='ocrx_word' id='word_1_848' title='bbox 625 5278 705 5333; x_wconf 54' lang='grc' dir='ltr'><strong><em>Αἱ</em></strong></span> <span class='ocrx_word' id='word_1_849' title='bbox 724 5278 853 5335; x_wconf 82' lang='lat' dir='ltr'><strong>Siue</strong></span> <span class='ocrx_word' id='word_1_850' title='bbox 875 5281 1152 5335; x_wconf 85' lang='lat' dir='ltr'><strong>voluntate</strong></span> <span class='ocrx_word' id='word_1_851' title='bbox 1179 5278 1485 5336; x_wconf 81' lang='lat' dir='ltr'><strong>nullatenus</strong></span> <span class='ocrx_word' id='word_1_852' title='bbox 1514 5299 1637 5336; x_wconf 86' lang='lat' dir='ltr'><strong>mss.</strong></span> <span class='ocrx_word' id='word_1_853' title='bbox 1663 5293 1709 5335; x_wconf 88' lang='lat' dir='ltr'><strong>et</strong></span> <span class='ocrx_word' id='word_1_854' title='bbox 1740 5284 1845 5336; x_wconf 79' lang='lat' dir='ltr'><strong>Ed.</strong></span> <span class='ocrx_word' id='word_1_855' title='bbox 1878 5282 2036 5336; x_wconf 76' lang='grc' dir='ltr'><strong>ϐοιΙι.</strong></span> <span class='ocrx_word' id='word_1_856' title='bbox 2066 5284 2184 5338; x_wconf 88' lang='lat' dir='ltr'><strong>sine</strong></span> <span class='ocrx_word' id='word_1_857' title='bbox 2218 5278 2495 5335; x_wconf 78' lang='lat' dir='ltr'><strong>voluntate</strong></span> <span class='ocrx_word' id='word_1_858' title='bbox 2516 5292 2571 5337; x_wconf 90' lang='lat' dir='ltr'><strong>et</strong></span> <span class='ocrx_word' id='word_1_859' title='bbox 2616 5288 2887 5351; x_wconf 88' lang='lat' dir='ltr'><strong>potestate</strong></span> <span class='ocrx_word' id='word_1_860' title='bbox 2913 5280 3227 5351; x_wconf 82' lang='lat' dir='ltr'><strong>nullatenus</strong></span> <span class='ocrx_word' id='word_1_861' title='bbox 3298 5278 3390 5311; x_wconf 72' lang='grc'><strong>’³³⁸</strong></span> <span class='ocrx_word' id='word_1_862' title='bbox 3420 5279 3503 5351; x_wconf 72' lang='lat' dir='ltr'><strong>Sit</strong></span> <span class='ocrx_word' id='word_1_863' title='bbox 3555 5278 3810 5338; x_wconf 74' lang='lat' dir='ltr'><strong>valeant</strong></span> 
     </span>
    </p>
   </div>
   <div class='ocr_carea' id='block_1_104' title="bbox 504 5348 3817 5408">
    <p class='ocr_par' dir='ltr' id='par_1_104' title="bbox 504 5348 3817 5408">
     <span class='ocr_line' id='line_1_104' title="bbox 504 5348 3817 5408; baseline 0.001 -3"><span class='ocrx_word' id='word_1_864' title='bbox 504 5369 629 5406; x_wconf 83' lang='lat' dir='ltr'><strong>mss.</strong></span> <span class='ocrx_word' id='word_1_865' title='bbox 673 5350 951 5405; x_wconf 89' lang='lat' dir='ltr'><strong>sitvalent</strong></span> <span class='ocrx_word' id='word_1_866' title='bbox 1025 5353 1114 5382; x_wconf 73' lang='grc'>³³³⁷</span> <span class='ocrx_word' id='word_1_867' title='bbox 1151 5353 1224 5406; x_wconf 78' lang='lat' dir='ltr'><strong>Ae</strong></span> <span class='ocrx_word' id='word_1_868' title='bbox 1250 5353 1292 5406; x_wconf 82' lang='lat' dir='ltr'><strong>si</strong></span> <span class='ocrx_word' id='word_1_869' title='bbox 1323 5367 1422 5406; x_wconf 90' lang='lat' dir='ltr'><strong>nec</strong></span> <span class='ocrx_word' id='word_1_870' title='bbox 1452 5370 1573 5405; x_wconf 88' lang='lat' dir='ltr'><strong>mss.</strong></span> <span class='ocrx_word' id='word_1_871' title='bbox 1620 5362 1674 5406; x_wconf 89' lang='lat' dir='ltr'><strong>at</strong></span> <span class='ocrx_word' id='word_1_872' title='bbox 1700 5354 1743 5406; x_wconf 88' lang='lat' dir='ltr'><strong>si</strong></span> <span class='ocrx_word' id='word_1_873' title='bbox 1774 5370 1874 5407; x_wconf 92' lang='lat' dir='ltr'><strong>nec</strong></span> <span class='ocrx_word' id='word_1_874' title='bbox 1947 5352 2039 5385; x_wconf 80' lang='grc'><strong>¹³²⁸</strong></span> <span class='ocrx_word' id='word_1_875' title='bbox 2068 5352 2208 5407; x_wconf 86' lang='lat' dir='ltr'><strong>Solae</strong></span> <span class='ocrx_word' id='word_1_876' title='bbox 2239 5361 2348 5406; x_wconf 85' lang='lat' dir='ltr'><strong>tres</strong></span> <span class='ocrx_word' id='word_1_877' title='bbox 2394 5366 2483 5407; x_wconf 87' lang='lat' dir='ltr'><strong>res</strong></span> <span class='ocrx_word' id='word_1_878' title='bbox 2535 5348 2661 5406; x_wconf 74' lang='lat' dir='ltr'><strong>mss.</strong></span> <span class='ocrx_word' id='word_1_879' title='bbox 2706 5352 2834 5407; x_wconf 71' lang='lat' dir='ltr'><strong>sola:</strong></span> <span class='ocrx_word' id='word_1_880' title='bbox 2892 5361 3002 5406; x_wconf 87' lang='lat' dir='ltr'><strong>tres</strong></span> <span class='ocrx_word' id='word_1_881' title='bbox 3036 5350 3141 5405; x_wconf 78' lang='lat' dir='ltr'><strong>illa:</strong></span> <span class='ocrx_word' id='word_1_882' title='bbox 3184 5365 3272 5404; x_wconf 88' lang='lat' dir='ltr'><strong>res</strong></span> <span class='ocrx_word' id='word_1_883' title='bbox 3342 5351 3432 5381; x_wconf 78' lang='grc'><strong>¹³⁸⁹</strong></span> <span class='ocrx_word' id='word_1_884' title='bbox 3465 5348 3601 5405; x_wconf 78' lang='lat' dir='ltr'><strong>Item</strong></span> <span class='ocrx_word' id='word_1_885' title='bbox 3658 5355 3817 5408; x_wconf 81' lang='lat' dir='ltr'><strong>dico</strong></span> 
     </span>
    </p>
   </div>
   <div class='ocr_carea' id='block_1_105' title="bbox 490 5420 3811 5488">
    <p class='ocr_par' dir='ltr' id='par_1_105' title="bbox 490 5420 3811 5488">
     <span class='ocr_line' id='line_1_105' title="bbox 490 5420 3811 5488; baseline 0.001 -13"><span class='ocrx_word' id='word_1_886' title='bbox 490 5440 625 5476; x_wconf 78' lang='lat' dir='ltr'><strong>mss.</strong></span> <span class='ocrx_word' id='word_1_887' title='bbox 663 5422 855 5474; x_wconf 87' lang='lat' dir='ltr'><strong>iterum</strong></span> <span class='ocrx_word' id='word_1_888' title='bbox 883 5422 1001 5475; x_wconf 87' lang='lat' dir='ltr'><strong>dico</strong></span> <span class='ocrx_word' id='word_1_889' title='bbox 1078 5423 1167 5454; x_wconf 81' lang='grc'><strong>³³³⁰</strong></span> <span class='ocrx_word' id='word_1_890' title='bbox 1190 5422 1325 5477; x_wconf 87' lang='lat' dir='ltr'><strong>Tres</strong></span> <span class='ocrx_word' id='word_1_891' title='bbox 1358 5439 1443 5476; x_wconf 86' lang='lat' dir='ltr'><strong>res</strong></span> <span class='ocrx_word' id='word_1_892' title='bbox 1478 5424 1550 5476; x_wconf 87' lang='lat' dir='ltr'><strong>dii</strong></span> <span class='ocrx_word' id='word_1_893' title='bbox 1578 5440 1703 5477; x_wconf 85' lang='lat' dir='ltr'><strong>mss.</strong></span> <span class='ocrx_word' id='word_1_894' title='bbox 1727 5436 1773 5478; x_wconf 89' lang='lat' dir='ltr'><strong>et</strong></span> <span class='ocrx_word' id='word_1_895' title='bbox 1797 5423 1943 5477; x_wconf 84' lang='lat' dir='ltr'><strong>Edit.</strong></span> <span class='ocrx_word' id='word_1_896' title='bbox 1974 5422 2129 5477; x_wconf 81' lang='lat' dir='ltr'><strong>Coth.</strong></span> <span class='ocrx_word' id='word_1_897' title='bbox 2158 5432 2268 5476; x_wconf 84' lang='lat' dir='ltr'><strong>tres</strong></span> <span class='ocrx_word' id='word_1_898' title='bbox 2317 5438 2424 5488; x_wconf 88' lang='lat' dir='ltr'><strong>res,</strong></span> <span class='ocrx_word' id='word_1_899' title='bbox 2450 5432 2561 5477; x_wconf 90' lang='lat' dir='ltr'><strong>tres</strong></span> <span class='ocrx_word' id='word_1_900' title='bbox 2601 5423 2673 5477; x_wconf 92' lang='lat' dir='ltr'><strong>dii</strong></span> <span class='ocrx_word' id='word_1_901' title='bbox 2752 5422 2842 5454; x_wconf 77' lang='lat'><strong>&quot;“</strong></span> <span class='ocrx_word' id='word_1_902' title='bbox 2878 5423 2955 5478; x_wconf 90' lang='lat' dir='ltr'><strong>De</strong></span> <span class='ocrx_word' id='word_1_903' title='bbox 2982 5422 3157 5477; x_wconf 85' lang='lat' dir='ltr'><strong>tribus</strong></span> <span class='ocrx_word' id='word_1_904' title='bbox 3178 5420 3382 5475; x_wconf 86' lang='lat' dir='ltr'><strong>dicitur</strong></span> <span class='ocrx_word' id='word_1_905' title='bbox 3424 5436 3549 5476; x_wconf 83' lang='lat' dir='ltr'><strong>mss.</strong></span> <span class='ocrx_word' id='word_1_906' title='bbox 3580 5421 3650 5475; x_wconf 86' lang='lat' dir='ltr'><strong>de</strong></span> <span class='ocrx_word' id='word_1_907' title='bbox 3690 5426 3811 5478; x_wconf 86' lang='lat' dir='ltr'><strong>tri-</strong></span> 
     </span>
    </p>
   </div>
   <div class='ocr_carea' id='block_1_106' title="bbox 500 5492 3812 5565">
    <p class='ocr_par' dir='ltr' id='par_1_106' title="bbox 500 5492 3812 5565">
     <span class='ocr_line' id='line_1_106' title="bbox 500 5492 3812 5565; baseline 0.002 -20"><span class='ocrx_word' id='word_1_908' title='bbox 500 5495 603 5547; x_wconf 82' lang='lat' dir='ltr'><strong>bus</strong></span> <span class='ocrx_word' id='word_1_909' title='bbox 631 5492 860 5565; x_wconf 82' lang='lat' dir='ltr'><strong>dicimus</strong></span> <span class='ocrx_word' id='word_1_910' title='bbox 939 5492 1025 5565; x_wconf 57' lang='grc' dir='ltr'><strong>’ξπ</strong></span> <span class='ocrx_word' id='word_1_911' title='bbox 1056 5492 1334 5559; x_wconf 88' lang='lat' dir='ltr'><strong>Quomodo</strong></span> <span class='ocrx_word' id='word_1_912' title='bbox 1363 5494 1511 5548; x_wconf 89' lang='lat' dir='ltr'><strong>solus</strong></span> <span class='ocrx_word' id='word_1_913' title='bbox 1535 5510 1661 5547; x_wconf 82' lang='lat' dir='ltr'><strong>mss.</strong></span> <span class='ocrx_word' id='word_1_914' title='bbox 1694 5496 1949 5565; x_wconf 87' lang='lat' dir='ltr'><strong>quoniam</strong></span> <span class='ocrx_word' id='word_1_915' title='bbox 1982 5495 2129 5550; x_wconf 91' lang='lat' dir='ltr'><strong>solus</strong></span> <span class='ocrx_word' id='word_1_916' title='bbox 2204 5493 2296 5525; x_wconf 82' lang='grc'><strong>¹³³³</strong></span> <span class='ocrx_word' id='word_1_917' title='bbox 2322 5494 2587 5565; x_wconf 88' lang='lat' dir='ltr'><strong>Quoniam</strong></span> <span class='ocrx_word' id='word_1_918' title='bbox 2616 5508 2722 5549; x_wconf 91' lang='lat' dir='ltr'><strong>non</strong></span> <span class='ocrx_word' id='word_1_919' title='bbox 2750 5501 2837 5550; x_wconf 90' lang='lat' dir='ltr'><strong>est</strong></span> <span class='ocrx_word' id='word_1_920' title='bbox 2862 5494 3073 5565; x_wconf 85' lang='lat' dir='ltr'><strong>debeat</strong></span> <span class='ocrx_word' id='word_1_921' title='bbox 3095 5507 3223 5565; x_wconf 77' lang='lat' dir='ltr'><strong>mss.</strong></span> <span class='ocrx_word' id='word_1_922' title='bbox 3256 5506 3421 5561; x_wconf 85' lang='lat' dir='ltr'><strong>quam</strong></span> <span class='ocrx_word' id='word_1_923' title='bbox 3446 5506 3553 5547; x_wconf 90' lang='lat' dir='ltr'><strong>non</strong></span> <span class='ocrx_word' id='word_1_924' title='bbox 3573 5493 3812 5565; x_wconf 76' lang='lat' dir='ltr'><strong>debeat</strong></span> 
     </span>
    </p>
   </div>
   <div class='ocr_carea' id='block_1_107' title="bbox 488 5562 3807 5634">
    <p class='ocr_par' dir='ltr' id='par_1_107' title="bbox 488 5562 3807 5634">
     <span class='ocr_line' id='line_1_107' title="bbox 488 5562 3807 5634; baseline 0.001 -17"><span class='ocrx_word' id='word_1_925' title='bbox 488 5579 625 5617; x_wconf 83' lang='lat' dir='ltr'><strong>&#39;mss.</strong></span> <span class='ocrx_word' id='word_1_926' title='bbox 662 5562 814 5615; x_wconf 65' lang='grc' dir='ltr'><strong>(ἔοι-ι).</strong></span> <span class='ocrx_word' id='word_1_927' title='bbox 842 5562 987 5631; x_wconf 91' lang='lat' dir='ltr'><strong>quod</strong></span> <span class='ocrx_word' id='word_1_928' title='bbox 1019 5578 1123 5617; x_wconf 93' lang='lat' dir='ltr'><strong>non</strong></span> <span class='ocrx_word' id='word_1_929' title='bbox 1152 5566 1345 5619; x_wconf 81' lang='lat' dir='ltr'><strong>debeat</strong></span> <span class='ocrx_word' id='word_1_930' title='bbox 1416 5565 1510 5597; x_wconf 63' lang='grc' dir='ltr'>¹³³δ</span> <span class='ocrx_word' id='word_1_931' title='bbox 1542 5566 1682 5619; x_wconf 88' lang='lat' dir='ltr'><strong>Dicit</strong></span> <span class='ocrx_word' id='word_1_932' title='bbox 1712 5562 1815 5621; x_wconf 83' lang='lat' dir='ltr'><strong>iste</strong></span> <span class='ocrx_word' id='word_1_933' title='bbox 1843 5581 1972 5620; x_wconf 80' lang='lat' dir='ltr'><strong>mss.</strong></span> <span class='ocrx_word' id='word_1_934' title='bbox 1998 5566 2141 5620; x_wconf 91' lang='lat' dir='ltr'><strong>dicet</strong></span> <span class='ocrx_word' id='word_1_935' title='bbox 2173 5565 2274 5617; x_wconf 89' lang='lat' dir='ltr'><strong>iste</strong></span> <span class='ocrx_word' id='word_1_936' title='bbox 2350 5564 2444 5598; x_wconf 72' lang='grc'><strong><em>³³³⁸</em></strong></span> <span class='ocrx_word' id='word_1_937' title='bbox 2471 5564 2541 5618; x_wconf 80' lang='lat' dir='ltr'><strong>Et</strong></span> <span class='ocrx_word' id='word_1_938' title='bbox 2584 5565 2833 5633; x_wconf 89' lang='lat' dir='ltr'><strong>sequitur</strong></span> <span class='ocrx_word' id='word_1_939' title='bbox 2859 5565 3003 5634; x_wconf 90' lang='lat' dir='ltr'><strong>quod</strong></span> <span class='ocrx_word' id='word_1_940' title='bbox 3045 5564 3167 5634; x_wconf 88' lang='lat' dir='ltr'><strong>dico</strong></span> <span class='ocrx_word' id='word_1_941' title='bbox 3210 5562 3644 5634; x_wconf 69' lang='lat' dir='ltr'><strong>ita_neeessaria_</strong></span> <span class='ocrx_word' id='word_1_942' title='bbox 3662 5580 3807 5621; x_wconf 83' lang='lat' dir='ltr'><strong>mea</strong></span> 
     </span>
    </p>
   </div>
   <div class='ocr_carea' id='block_1_108' title="bbox 503 5631 3809 5703">
    <p class='ocr_par' dir='ltr' id='par_1_108' title="bbox 503 5631 3809 5703">
     <span class='ocr_line' id='line_1_108' title="bbox 503 5631 3809 5703; baseline 0.002 -19"><span class='ocrx_word' id='word_1_943' title='bbox 503 5650 607 5689; x_wconf 86' lang='lat' dir='ltr'><strong>mss</strong></span> <span class='ocrx_word' id='word_1_944' title='bbox 636 5634 988 5702; x_wconf 87' lang='lat' dir='ltr'><strong>consequitur</strong></span> <span class='ocrx_word' id='word_1_945' title='bbox 1017 5634 1161 5700; x_wconf 90' lang='lat' dir='ltr'><strong>quod</strong></span> <span class='ocrx_word' id='word_1_946' title='bbox 1206 5645 1335 5703; x_wconf 88' lang='lat' dir='ltr'><strong>puto</strong></span> <span class='ocrx_word' id='word_1_947' title='bbox 1361 5636 1433 5689; x_wconf 89' lang='lat' dir='ltr'><strong>ita</strong></span> <span class='ocrx_word' id='word_1_948' title='bbox 1464 5636 1595 5690; x_wconf 88' lang='lat' dir='ltr'><strong>mihi</strong></span> <span class='ocrx_word' id='word_1_949' title='bbox 1621 5638 1925 5693; x_wconf 86' lang='lat' dir='ltr'><strong>necessaria</strong></span> <span class='ocrx_word' id='word_1_950' title='bbox 1953 5650 2071 5691; x_wconf 88' lang='lat' dir='ltr'><strong>mea</strong></span> <span class='ocrx_word' id='word_1_951' title='bbox 2148 5634 2240 5667; x_wconf 74' lang='grc'><strong>’³³⁸</strong></span> <span class='ocrx_word' id='word_1_952' title='bbox 2270 5631 2691 5690; x_wconf 82' lang='lat' dir='ltr'><strong>Innumerabilia</strong></span> <span class='ocrx_word' id='word_1_953' title='bbox 2733 5631 2893 5691; x_wconf 76' lang='lat' dir='ltr'><strong>nasci</strong></span> <span class='ocrx_word' id='word_1_954' title='bbox 2919 5651 3043 5689; x_wconf 87' lang='lat' dir='ltr'><strong>mss.</strong></span> <span class='ocrx_word' id='word_1_955' title='bbox 3070 5633 3222 5689; x_wconf 77' lang='lat' dir='ltr'><strong>Gem.</strong></span> <span class='ocrx_word' id='word_1_956' title='bbox 3254 5631 3577 5703; x_wconf 30' lang='lat' dir='ltr'><strong>VicttCorb.</strong></span> <span class='ocrx_word' id='word_1_957' title='bbox 3606 5632 3809 5690; x_wconf 67' lang='grc' dir='ltr'><strong>ηοω.</strong></span> 
     </span>
    </p>
   </div>
   <div class='ocr_carea' id='block_1_109' title="bbox 504 5702 3815 5785">
    <p class='ocr_par' dir='ltr' id='par_1_109' title="bbox 504 5702 3815 5785">
     <span class='ocr_line' id='line_1_109' title="bbox 504 5702 3815 5785; baseline 0.003 -31"><span class='ocrx_word' id='word_1_958' title='bbox 504 5705 787 5785; x_wconf 71' lang='lat' dir='ltr'><strong>inmunem</strong></span> <span class='ocrx_word' id='word_1_959' title='bbox 824 5705 947 5760; x_wconf 89' lang='lat' dir='ltr'><strong>inde</strong></span> <span class='ocrx_word' id='word_1_960' title='bbox 972 5705 1123 5764; x_wconf 87' lang='lat' dir='ltr'><strong>nasci</strong></span> <span class='ocrx_word' id='word_1_961' title='bbox 1200 5702 1392 5762; x_wconf 62' lang='grc' dir='ltr'><strong>ηκτΛά</strong></span> <span class='ocrx_word' id='word_1_962' title='bbox 1426 5707 1539 5765; x_wconf 83' lang='lat' dir='ltr'><strong>haec</strong></span> <span class='ocrx_word' id='word_1_963' title='bbox 1586 5709 1824 5766; x_wconf 78' lang='lat' dir='ltr'><strong>maxime</strong></span> <span class='ocrx_word' id='word_1_964' title='bbox 1873 5724 2004 5765; x_wconf 82' lang='lat' dir='ltr'><strong>mss.</strong></span> <span class='ocrx_word' id='word_1_965' title='bbox 2056 5707 2123 5764; x_wconf 87' lang='lat' dir='ltr'><strong>ad</strong></span> <span class='ocrx_word' id='word_1_966' title='bbox 2162 5707 2263 5763; x_wconf 88' lang='lat' dir='ltr'><strong>hoc</strong></span> <span class='ocrx_word' id='word_1_967' title='bbox 2313 5707 2547 5763; x_wconf 77' lang='lat' dir='ltr'><strong>maxime</strong></span> <span class='ocrx_word' id='word_1_968' title='bbox 2621 5706 2714 5739; x_wconf 75' lang='grc'><strong>³³⁸⁸</strong></span> <span class='ocrx_word' id='word_1_969' title='bbox 2747 5705 2878 5764; x_wconf 89' lang='lat' dir='ltr'><strong>Sine</strong></span> <span class='ocrx_word' id='word_1_970' title='bbox 2920 5706 3205 5762; x_wconf 77' lang='lat' dir='ltr'><strong>scripturae</strong></span> <span class='ocrx_word' id='word_1_971' title='bbox 3252 5720 3353 5760; x_wconf 79' lang='lat' dir='ltr'><strong>uss.</strong></span> <span class='ocrx_word' id='word_1_972' title='bbox 3397 5702 3531 5759; x_wconf 83' lang='lat' dir='ltr'><strong>Vict.</strong></span> <span class='ocrx_word' id='word_1_973' title='bbox 3559 5704 3617 5760; x_wconf 79' lang='lat'><strong>3.</strong></span> <span class='ocrx_word' id='word_1_974' title='bbox 3668 5708 3815 5763; x_wconf 67' lang='lat' dir='ltr'><strong>sive</strong></span> 
     </span>
    </p>
   </div>
   <div class='ocr_carea' id='block_1_110' title="bbox 502 5786 786 5845">
    <p class='ocr_par' dir='ltr' id='par_1_110' title="bbox 502 5786 786 5845">
     <span class='ocr_line' id='line_1_110' title="bbox 502 5786 786 5845; baseline 0.004 -17"><span class='ocrx_word' id='word_1_975' title='bbox 502 5786 786 5845; x_wconf 66' lang='lat' dir='ltr'><strong>scriptura:</strong></span> 
     </span>
    </p>
   </div>
  </div>
