4030 6290
168 359 268 417 I75

1436 352 1529 410 DE
1566 352 1726 411 FIDE
1771 351 2184 412 TRINITA'I‘IS.

3324 364 3429 421 ιιι

86 458 93 469 ”
170 481 516 531 contemnere
548 468 712 528 volet.
755 469 813 527 in
846 469 1067 542 quibus;
1090 468 1138 527 si
1183 467 1390 542 aliquid
1429 467 1574 541 quod
1616 466 1743 524 alibi
1772 469 1820 531 Α
1851 468 2259 540 accidentalem,
2293 478 2387 529 aut
2431 473 2849 531 substantialem
2877 490 2892 531 :
2925 474 3280 531 accidentalis
3310 478 3431 547 qui-

172 574 261 621 aut
286 579 393 622 non
437 563 565 635 legi,
606 572 700 619 aut
724 578 831 620 non
860 562 953 596 ⁸³³⁸
996 562 1219 620 memini
1264 576 1353 618 me
1391 560 1609 634 legisse,
1634 574 1743 618 non

170 654 317 726 quasi
344 652 593 710 docendo
617 653 764 724 quod
794 652 1050 709 doctores
1084 652 1257 709 nostri
1294 651 1628 719 nescierunt,
1654 659 1749 709 aut

168 746 484 823 corrigendo
513 744 604 777 ⁸³⁸⁸
627 744 773 815 quod
792 759 901 800 non
922 743 1059 801 bene
1083 743 1370 811 dixerunt;
1400 744 1495 801 sed
1518 744 1746 801 dicendo

168 837 393 907 forsitan
420 839 566 911 quod
597 837 671 894 illi
710 845 1035 905 tacuerunt:
1067 838 1231 909 quod
1246 846 1427 894 tamen
1461 839 1530 895 ab
1558 852 1745 895 eorum

168 932 324 989 dietis
367 946 478 989 non
512 931 962 1002 discordet,_sed-
987 930 1096 997 illis
1129 930 1434 999 cohaereat;
1479 932 1636 1005 posui
1678 932 1749 989 ad

168 1022 605 1096 respondendum
642 1038 741 1095 pro
773 1022 881 1080 ﬁde
914 1032 1100 1082 nostra
1130 1034 1319 1082 contra
1356 1025 1609 1098 eostqui
1651 1040 1749 1081 no-

98 1103 107 1115 ’
169 1113 337 1171 lentes
376 1115 606 1173 credere
644 1116 736 1151 "“
779 1116 924 1188 quod
958 1133 1065 1193 non
1116 1119 1457 1191 intelligunt,
1503 1121 1751 1177 derident

167 1204 482 1274 credentes;
510 1207 627 1264 sive
656 1208 725 1265 ad
772 1209 1137 1280 adjuvandum
1175 1212 1484 1283 religiosum
1512 1212 1749 1269 studium

167 1312 373 1364 eorum,
403 1298 497 1371 qui
539 1299 821 1357 humiliter
857 1312 1110 1372 quarrunt
1149 1302 1452 1375 intelligere
1488 1303 1630 1375 quod
1660 1302 1753 1359 ﬁr-

170 1386 410 1448 missime
432 1392 664 1447 credunt
691 1410 707 1449 :
733 1408 1079 1464 nequaquam
1104 1396 1175 1451 ob
1199 1394 1303 1450 hoc
1321 1410 1409 1450 tne
1425 1395 1752 1464 redarguen-

172 1479 297 1542 dnnt
327 1480 709 1548 existinto..Ne
739 1493 920 1539 tamen
946 1484 1089 1553 hanc
1112 1483 1418 1556 legentibus
1443 1484 1750 1556 epistolam,

171 1568 410 1634 laborem
436 1570 717 1643 iniungam
744 1574 1020 1644 quaerendi
1052 1574 1158 1630 alia
1188 1575 1413 1647 scripta,
1444 1583 1500 1631 ιιι
1525 1591 1633 1632 non
1664 1589 1759 1635 so.-.

170 1660 447 1737 tummodo
471 1660 594 1730 ﬁde,
623 1678 813 1720 verum
842 1666 1007 1722 etiam
1034 1667 1268 1725 evidenti
1302 1676 1633 1740 cognoscant
1660 1682 1753 1724 ra-

175 1754 321 1811 tione
370 1764 485 1812 tres
511 1772 773 1829 personas
802 1773 909 1815 nou
948 1774 1074 1817 esse
1114 1769 1228 1817 tres
1261 1760 1417 1828 deos,
1457 1760 1552 1818 sed
1587 1776 1754 1817 unum

1851 557 1974 616 dcm
2023 568 2245 619 nonest
2296 562 2408 620 Deo
2444 572 2713 636 potestas;
2757 565 2884 639 quia
2923 582 3045 622 cum
3091 581 3253 623 omne
3300 567 3431 624 sub-

1843 650 2046 723 jectum
2078 659 2196 711 sine
2241 657 2541 725 accidente,
2568 669 2663 714 aut
2688 675 2830 727 esse,
2867 668 2959 715 aut
2986 659 3209 732 intelligi
3240 660 3427 731 possit;

1850 744 1995 802 Deus
2023 745 2143 803 sine
2188 755 2455 819 potestate
2490 764 2591 805 nec
2620 766 2767 816 esse,
2813 767 2914 807 nec
2962 751 3185 824 intelligi
3233 760 3430 823 potest.

1850 835 1909 893 Si
1941 853 2072 894 vero
2118 839 2230 895 Deo
2254 848 2495 912 potestas
2526 842 2900 902 substantialis
2929 856 3032 913 est,
3066 854 3161 900 aut
3200 860 3327 918 pars
3350 853 3437 903 est

1848 928 1966 1000 ejus
1998 931 2090 964 ⁸³⁸⁸
2117 933 2366 989 essentia:
2390 974 2407 1000 ,
2439 942 2531 990 aut
2563 942 2648 990 est
2698 935 2929 1006 idipsum
2951 977 2966 1001 ,
3004 938 3147 1008 quod
3193 947 3278 994 est
3324 945 3436 994 tota

1850 1023 1969 1094 ejus
1997 1025 2256 1083 essentia.
2289 1025 2425 1083 Pars
2450 1035 2629 1082 autem
2661 1043 2767 1084 non
2793 1036 2908 1094 est;
2934 1027 3059 1098 quia
3085 1028 3247 1101 (sicut
3271 1044 3435 1100 supra

1852 1118 2059 1175 dictum
2091 1116 2196 1187 est)
2224 1118 2366 1185 quod
2393 1127 2580 1188 partes
2608 1117 2789 1181 habet,
2828 1127 2922 1174 aut
2966 1128 3112 1185 actu,
3148 1129 3245 1178 aut
3274 1120 3437 1177 intel-

1851 1207 1993 1264 lectu
2020 1217 2102 1263 est
2133 1207 2445 1265 dissolubile
2472 1224 2486 1264 :
2523 1209 2666 1280 quod
2705 1208 2928 1265 omnino
2956 1218 3275 1266 extraneum
3302 1220 3387 1266 est
3407 1227 3439 1266 a

1853 1302 1984 1358 Deo.
2026 1300 2171 1357 ldem
2201 1300 2364 1371 igitur
2392 1309 2476 1357 est
2516 1316 2637 1358 esse
2668 1300 2784 1367 Dei,
2832 1309 2886 1358 et
2912 1310 3152 1373 potestas
3179 1300 3293 1371 ejus
3326 1300 3439 1355 αι’.
3510 1318 3517 1325 ·

1853 1392 2008 1450 Sicut
2037 1393 2221 1463 itaque
2246 1401 2488 1463 potestas
2513 1393 2608 1450 Dei
2639 1401 2723 1449 est
2744 1407 2978 1464 semper,
3010 1400 3065 1449 et
3095 1392 3331 1463 ubique;
3363 1392 3438 1448 ita

1854 1482 2120 1557 quidquid
2147 1491 2232 1538 est
2260 1482 2402 1539 Deus
2428 1483 2627 1555 ubique
2657 1490 2712 1539 et
2740 1497 2957 1555 semper
2992 1490 3093 1539 est.
3130 1480 3292 1556 Ergo,
3316 1497 3440 1538 cum

1852 1573 2147 1648 pradictus
2178 1584 2384 1629 nostrae
2411 1572 2533 1630 ﬁdei
2579 1572 2837 1630 defensor
2881 1573 3176 1629 secundum
3212 1588 3271 1629 se
3307 1573 3444 1629 dicit

1854 1679 1980 1723 esse
2032 1674 2143 1721 tres
2189 1665 2354 1732 deos;
2416 1672 2723 1720 monstrare
2769 1664 2957 1734 nequit
3017 1664 3288 1733 quomodo
3333 1663 3443 1719 sint

1860 1758 2175 1830 separatim,
2214 1771 2277 1812 ea
2319 1755 2664 1828 separatione
2703 1770 2809 1827 qua
2851 1763 3004 1826 putat
3044 1769 3104 1810 se
3149 1752 3363 1811 Patrem
3389 1765 3445 1810 et

172 1846 393 1914 σοιυως
429 1862 531 1905 nec
569 1859 773 1918 tamen,
808 1850 919 1908 Deo
945 1857 1242 1911 secundum
1271 1870 1435 1911 unam
1464 1869 1753 1927 personam
1786 1840 1830 1899 Β
1857 1851 2122 1925 Spiritum
2170 1858 2419 1906 sanctum
2471 1849 2539 1904 ab
2590 1847 2967 1904 incarnatione
3016 1846 3265 1903 liberare.
3325 1846 3443 1903 Non

170 1936 476 2004 incarnato,
506 1954 585 2005 ex
617 1943 947 2009 necessitate
974 1945 1276 2007 secundum
1310 1946 1445 2004 alias
1489 1962 1755 2020 personas

170 2030 422 2086 eumdem
455 2030 625 2087 Deum
657 2032 933 2092 incarnari
961 2054 997 2091 ε.
1018 2035 1223 2108 aliquid
1252 2036 1366 2105 hic,
1390 2050 1656 2110 quantum
1686 2038 1755 2096 ad

170 2119 545 2191 repellendam
574 2123 888 2196 Opinionem
914 2126 1079 2197 hujus
1103 2126 1433 2197 defensoris,
1472 2128 1616 2186 sicut
1641 2129 1757 2200 ipse

168 2219 350 2285 putat,
406 2221 610 2283 nostra;
663 2214 809 2299 ﬁdei
848 2215 1096 2285 sufﬁcere
1147 2219 1356 2288 credo,
1415 2220 1756 2299 subiungam.

170 2301 372 2371 Aperte
410 2300 548 2358 dicit
572 2313 668 2359 aut
690 2301 929 2371 Patrem,
962 2315 1020 2363 et
1047 2304 1309 2379 Spiritum
1342 2317 1593 2370 sanctum
1634 2326 1765 2368 cum

172 2391 303 2453 lilio
335 2406 466 2449 esse
494 2391 877 2464 inearnatnm;
922 2406 1016 2454 aut
1046 2408 1158 2456 tres
1193 2398 1313 2455 illas
1346 2415 1609 2473 personas
1639 2416 1760 2458 esse

174 2496 275 2555 tres
307 2501 402 2544 res
440 2497 757 2559 separatas.
777 2487 949 2557 Quam
980 2489 1233 2546 nimirum
1260 2492 1656 2563 separationem
1682 2500 1762 2557 ta,-

173 2579 275 2635 lem
309 2581 619 2648 existimat,
653 2590 711 2636 ut
758 2597 860 2638 nec
895 2581 1078 2649 Pater,
1113 2596 1213 2638 nec
1256 2583 1493 2655 Spiritus
1538 2594 1764 2641 sanctus

175 2673 277 2729 sint
309 2673 365 2728 in
396 2673 558 2728 Filio.
591 2671 727 2737 Nam
776 2674 821 2729 si
852 2674 973 2741 dua:
996 2674 1117 2732 alia:
1146 2690 1399 2753 persona:
1424 2684 1549 2733 sunt
1577 2677 1630 2737 in
1667 2676 1761 2745 Fio.

175 2764 239 2817 lio
267 2771 322 2818 et
349 2762 525 2819 Filius
550 2763 603 2818 in
630 2764 869 2831 homine,
903 2764 1006 2830 illa:
1027 2780 1249 2837 quoque
1286 2775 1415 2821 sunt
1442 2766 1495 2821 in
1519 2767 1757 2824 homine.

179 2852 330 2919 Unde
363 2843 840 2926 putat'couseqni,
869 2870 993 2910 cum
1033 2865 1143 2912 tres
1174 2872 1420 2927 personae
1459 2858 1620 2914 simul
1654 2858 1765 2915 Sint

179 2943 229 2998 in
251 2943 446 2999 eodem
477 2944 719 3013 homine,
753 2944 798 3000 si
827 2955 953 3000 sunt
980 2961 1084 3001 una
1116 2963 1221 3014 res,
1250 2947 1563 3005 nullatenus
1585 2964 1768 3021 perso-

181 3050 302 3099 nam
329 3034 457 3092 Filii
485 3052 645 3108 posse
674 3036 726 3092 in
756 3037 975 3105 homine
1002 3038 1121 3116 ipso
1158 3040 1795 3115 incarnari,vsinealiis‘

185 3127 393 3185 duabus
420 3129 690 3200 personis.
719 3128 992 3187 Personas
1025 3140 1204 3188 tamen
1247 3143 1357 3191 tres
1390 3149 1510 3192 esse
1540 3150 1647 3191 non
1672 3151 1767 3192 ne-

183 3227 291 3297 gat,
314 3197 642 3277 nec—Filium
663 3235 785 3281 esse
809 3223 1170 3279 incarnatum.
1195 3223 1463 3293 Quoniam
1488 3226 1652 3299 igitur
1675 3226 1765 3259 ¹⁸⁸¹
1794 3197 1838 3261 C

186 3326 343 3381 supra
373 3312 738 3378 monstratum
773 3314 866 3350 ⁸⁸³⁸
893 3323 996 3380 est,
1028 3315 1073 3372 si
1100 3328 1209 3372 tres
1239 3332 1485 3387 persona:
1510 3329 1636 3385 sunt
1660 3329 1768 3377 tres

192 3416 280 3460 res
306 3413 596 3475 separatae,
630 3412 732 3475 aut,
751 3415 860 3475 tres
886 3406 1163 3474 densesse
1191 3409 1482 3479 consequi,
1515 3419 1609 3466 aut
1633 3409 1771 3468 alias

190 3492 277 3566 (de
300 3494 504 3566 quibus
527 3492 643 3564 jam
672 3495 875 3552 dictum
909 3498 1017 3568 est)
1043 3496 1408 3556 absurditates
1427 3516 1623 3571 ;,nunc
1646 3501 1785 3559 bre-.

189 3585 326 3645 vita
356 3587 642 3643 ostendam
670 3627 687 3655 ,
729 3587 1023 3660 adiuvante
1051 3604 1163 3647 uno
1203 3590 1319 3656 solo
1360 3592 1494 3661 Deo,
1535 3588 1770 3666 primum

191 3677 313 3749 quia
336 3678 507 3734 etiam
538 3679 721 3745 sisint
749 3668 860 3737 tres
889 3678 1158 3752 dii,_nihil
1191 3679 1269 3737 illi
1293 3682 1542 3753 proderit
1581 3683 1674 3730 ‘9“
1702 3684 1771 3741 ad

194 3767 589 3839 defendendum
638 3770 854 3829 Patrem
893 3780 950 3830 et
988 3771 1252 3844 Spiritum
1293 3782 1544 3830 sanetum
1581 3775 1651 3833 ab
1684 3775 1771 3833 in-

198 3860 550 3920 earnatione:
599 3863 743 3933 quod
780 3862 898 3933 ﬁeri
937 3878 1045 3933 non
1088 3878 1248 3937 posse
1287 3873 1443 3937 putat
1485 3865 1605 3923 sine
1637 3866 1772 3935 ἀθο-

198 3966 315 4006 rum
350 3952 713 4021 multitudine.
754 3952 981 4022 Deinde,
1025 3941 1170 4028 quod
1212 3972 1318 4012 non
1360 3956 1453 3999 ’³⁸⁸
1492 3970 1619 4016 sunt
1655 3958 1775 4029 plu-

198 4057 287 4103 nes
309 4045 408 4112 dii,
440 4046 536 4103 sed
565 4062 708 4103 unus
740 4047 913 4104 solus.
955 4046 1150 4105 Postea
1183 4036 1536 4120 patefacia'm,
1584 4065 1775 4121 quam-

198 4135 278 4191 vis
340 4138 413 4193 sit
462 4154 604 4196 unus
663 4140 805 4197 Deus
872 4150 984 4198 tres
1049 4155 1335 4212 personae,
1404 4159 1513 4199 non
1597 4152 1778 4201 tamen

200 4242 306 4283 una
333 4232 586 4301 qualibet.
618 4234 931 4301 incarnata,
957 4233 1094 4303 alias
1124 4250 1341 4307 quoque
1376 4236 1646 4292 incarnari
1679 4251 1776 4293 ne-

199 4334 350 4377 eesse
372 4336 524 4389 esse;
556 4324 649 4380 sed
680 4326 1008 4403 potiuscsse
1041 4325 1386 4399 impossibile
1430 4327 1541 4384 ιω.
1572 4327 1792 4391 Divitiae.

202 4413 383 4485 utique
419 4425 630 4486 natura:
684 4428 792 4486 est,
822 4419 905 4477 sic
948 4433 1162 4491 semper
1195 4418 1286 4452 ""
1316 4429 1382 4487 et
1412 4420 1612 4493 ubique
1634 4436 1781 4491 esse.

202 4512 264 4562 nt
299 4506 692 4581 nihilunquam
726 4520 818 4567 aut
844 4512 1043 4573 alicubi
1068 4512 1142 4582 sit
1162 4512 1282 4571 sine
1309 4512 1427 4586 ejus
1447 4516 1735 4585 praesentia
1759 4532 1787 4588 ;_

204 4595 434 4670 al'oquin
463 4617 821 4675 nequaquam.
839 4605 1039 4675 ubique
1082 4613 1138 4663 et
1174 4620 1391 4678 semper
1424 4615 1509 4664 est
1549 4616 1775 4680 potens,

203 4698 261 4745 et
295 4694 434 4765 quod
472 4683 676 4769 ubique
704 4707 901 4769 potens
937 4714 1048 4761 non
1093 4707 1182 4755 est
1208 4708 1265 4755 et
1308 4714 1547 4771 semper,
1599 4701 1778 4757 nulla-

205 4790 358 4841 tenus
379 4795 464 4845 est
500 4787 663 4853 Deus.
714 4789 772 4845 Si
812 4789 972 4851 enim.
1005 4788 1140 4846 dicit
1180 4804 1297 4845 non
1330 4788 1500 4860 ipsam
1538 4789 1778 4847 divinam

208 4872 588 4948 substantiam,
624 4882 720 4942 sed
768 4888 1092 4952 potestatem
1132 4878 1252 4948 ejus
1296 4892 1418 4937 esse
1464 4892 1681 4951 semper
1725 4890 1783 4938 et

210 4963 428 5040 ubique;
457 4979 777 5040 nontamen
806 4970 1027 5045 negabit
1054 4978 1381 5051 potestatem
1409 4970 1483 5028 illi
1511 4988 1653 5043 esse,
1687 4984 1782 5031 aut

1856 1959 1991 2017 ergo
2027 1942 2178 2005 illum
2220 1949 2404 2015 potest
2449 1939 2708 2011 adjuvare
2741 1941 3031 1997 multitudo
3075 1940 3334 2007 deorum,
3374 1940 3446 1997 ad

1858 2034 2251 2092 defendendum
2278 2033 2495 2091 Patrem
2518 2040 2574 2089 et
2604 2031 2866 2104 Spiritum
2892 2041 3142 2089 sanctum
3169 2033 3238 2088 ab
3269 2032 3446 2089 incar-

1857 2126 2109 2196 natione;
2162 2126 2420 2200 quoniam
2462 2125 2694 2182 inveniri
2741 2140 2848 2181 non
2885 2133 3065 2195 petest
3113 2125 3167 2180 in
3212 2125 3444 2182 deorum

1864 2216 2320 2288 multiplicatione
2347 2216 2435 2272 illa
2481 2215 2758 2272 distinctio
2801 2215 2919 2284 ¹⁸⁸⁶,
2962 2214 3081 2271 sine
3118 2229 3224 2286 qua
3267 2214 3452 2273 defen-

1859 2309 2068 2371 sionem
2124 2310 2283 2365 istam
2342 2307 2459 2365 ﬁeri
2519 2322 2681 2379 posse
2749 2322 3092 2379 nequaquam
3145 2305 3447 2363 existimat.

1863 2401 2020 2471 Quod
2051 2408 2230 2457 autem
2254 2415 2395 2456 unus
2424 2397 2572 2456 solus
2601 2399 2742 2455 Deus
2762 2399 2853 2465 sit,
2880 2405 2934 2455 et
2959 2412 3067 2453 non
3090 2396 3295 2470 plures,
3321 2396 3452 2452 hinc

1864 2491 2025 2547 facile
2051 2490 2325 2562 probatur
2343 2490 2472 2559 quia
2499 2496 2593 2543 aut
2619 2490 2763 2545 Deus
2800 2502 2905 2543 non
2932 2495 3016 2543 est
3053 2501 3325 2543 summum
3351 2482 3450 2540 bo-

1864 2597 2030 2649 num,
2075 2590 2167 2637 aut
2209 2589 2335 2636 sunt
2384 2580 2534 2651 plura
2585 2594 2795 2633 summa
2844 2579 3017 2645 bona;
3050 2586 3141 2632 aut
3181 2591 3287 2632 non
3325 2585 3455 2636 sunt

1866 2673 2053 2745 plures
2076 2672 2171 2739 dii,
2205 2670 2298 2729 sed
2330 2686 2469 2734 unus
2494 2669 2665 2727 solus.
2699 2670 2869 2724 Deum
2896 2683 3027 2722 vero
3057 2683 3326 2722 sumntum
3355 2665 3451 2720 bo-

1868 2778 2000 2828 num
2025 2777 2148 2819 esse
2177 2761 2354 2819 nullus
2384 2769 2577 2832 negat;
2610 2759 2735 2830 quia
2768 2757 3027 2830 quidquid
3057 2756 3236 2827 aliquo
3267 2754 3446 2810 minus

1870 2865 1987 2922 est,
2038 2854 2353 2919 nullatenus
2386 2855 2539 2922 Deus.
2576 2860 2659 2908 est
2707 2870 2721 2907 :
2772 2861 2829 2907 et
2874 2849 3135 2922 quidquid
3182 2861 3453 2904 summum

1871 2950 2075 3007 bonum
2111 2954 2366 3015 nonest,
2399 2945 2581 3005 minus
2611 2952 2707 3010 est,
2724 2942 2906 3015 aliquo
2924 2959 2949 3009 ;A
2979 2941 3089 3015 46
3112 2941 3234 3010 quia
3276 2940 3465 2997 minus.

1868 3051 1953 3099 est
1977 3055 2202 3101 summa
2218 3044 2380 3097 bono.
2423 3038 2709 3094 Summum
2750 3045 2901 3093 certe
2947 3034 3148 3089 bonum
3181 3030 3461 3103 pluralitao

1874 3146 1983 3193 tem
2015 3134 2097 3191 sui
2128 3149 2242 3190 non
2270 3130 2529 3198 admittit,
2564 3138 2623 3186 ut
2649 3130 2801 3201 plura
2832 3127 2942 3184 sint
2970 3140 3180 3182 summa
3205 3124 3366 3179 bona.
3398 3122 3459 3177 Si

1869 3229 2014 3285 cnim
2045 3228 2200 3299 plura
2229 3233 2356 3282 sunt
2378 3240 2590 3280 summa
2616 3225 2781 3290 bona,
2814 3222 2965 3293 paria
2990 3228 3134 3275 sunt.
3171 3217 3471 3276 Summum,

1869 3336 2001 3377 vero
2044 3320 2245 3376 bonum
2274 3327 2359 3373 est
2394 3317 2508 3382 ¹⁸⁸¹,
2538 3315 2683 3387 quod
2725 3315 2805 3370 sie
2844 3320 3065 3382 praestat
3104 3309 3225 3364 aliis
3262 3304 3460 3373 bonis,
3520 3354 3525 3359 .

1870 3422 1929 3470 ut
1960 3427 2063 3481 nec
2084 3427 2186 3485 par
2210 3411 2569 3481 babeat,pnec
2606 3406 2978 3479 prmstantius.
3013 3403 3299 3459 Summum
3330 3414 3465 3469 ergo.

1871 3503 2077 3559 bonum
2113 3515 2284 3556 unum
2313 3508 2370 3556 et
2394 3498 2568 3555 solum
2616 3506 2722 3553 est.
2765 3493 2883 3554 Non
2920 3493 3088 3566 igitur
3116 3497 3243 3546 sunt
3278 3488 3464 3562 plures

1870 3592 1971 3661 dii,
2002 3589 2098 3648 sed
2123 3605 2268 3646 unus
2306 3597 2363 3647 et
2387 3588 2538 3649 solus
2575 3594 2663 3646 est
2694 3585 2869 3653 Deus;
2899 3584 3041 3651 sicut
3069 3596 3341 3639 summum
3367 3580 3466 3637 bc-

1879 3702 2008 3746 num
2034 3695 2120 3744 est
2147 3701 2316 3755 unum
2358 3694 2414 3741 et
2444 3683 2620 3742 solum
2650 3702 2664 3739 :
2694 3690 2749 3740 et
2788 3681 2931 3740 sicut
2958 3695 3173 3739 summa
3211 3678 3466 3735 substan-

1873 3779 1949 3836 tia
1980 3778 2073 3812 ’δ”
2131 3777 2218 3835 vel
2260 3777 2497 3837 essentia
2547 3774 2665 3833 sive
2711 3783 2937 3839 natura;
2986 3787 3108 3844 qua:
3154 3771 3344 3828 eadem
3370 3784 3464 3824 ra-

1875 3871 2043 3939 tione,
2067 3883 2175 3942 qua
2197 3885 2470 3925 summum
2492 3868 2715 3934 bonum,
2741 3865 3050 3924 nullatenus
3069 3863 3162 3896 ¹³⁸³
3183 3861 3468 3935 pluraliter

1877 3960 1986 4019 dici
2014 3974 2181 4032 posse
2218 3960 2540 4029 probantur.
2593 3958 2695 4028 Qui
2731 3973 2870 4013 unus
2900 3956 3048 4012 solus
3078 3955 3220 4009 Deus
3249 3967 3369 4008 cum
3394 3949 3474 4015 sit,

1878 4062 1991 4111 tres
2015 4052 2110 4085 "“
2133 4066 2403 4125 personae,
2432 4048 2620 4118 Pater,
2649 4058 2705 4107 et
2744 4049 2942 4115 Filius,
2980 4055 3035 4101 et
3062 4044 3302 4115 Spiritus
3330 4057 3461 4097 san-

1877 4153 2026 4211 ctus;
2052 4158 2160 4199 non
2208 4151 2388 4199 tamen
2428 4139 2568 4197 Filio
2614 4141 2919 4204 incarnato,
2952 4149 3176 4193 necesse
3209 4140 3295 4189 est
3330 4130 3465 4186 alias

1881 4253 2099 4310 quoque
2125 4251 2391 4309 personas
2424 4234 2589 4307 (sicut
2623 4232 2715 4290 ille
2752 4231 3059 4302 disputator
3085 4224 3259 4301 putat)
3282 4225 3467 4281 incar-

1881 4312 2039 4396 nari,
2090 4330 2186 4386 sed
2234 4326 2589 4400 impossibile.
2640 4325 2911 4382 Personas
2962 4323 3107 4378 enim
3158 4334 3267 4375 non
3308 4326 3470 4389 negat

1885 4419 2261 4493 pluresesse,
2307 4418 2512 4476 idcirco
2559 4417 2819 4489 quoniam
2872 4414 2993 4470 alia:
3042 4421 3167 4470 sunt
3211 4411 3279 4466 ab
3328 4409 3469 4464 invi-

1883 4526 2024 4570 cem.
2057 4511 2114 4567 Si
2144 4510 2291 4568 enim
2338 4509 2408 4566 ab
2448 4509 2679 4567 invicem
2716 4521 2823 4563 non
2875 4512 3059 4563 essent
3100 4503 3248 4571 aliae,
3288 4501 3470 4573 plures

1834 4592 1857 4635 θ
1884 4620 1992 4665 non
2037 4612 2243 4659 essent.
2277 4601 2420 4670 Sed,
2459 4610 2522 4657 ut
2566 4600 2789 4658 brevius
2833 4597 3121 4670 explicem,
3167 4602 3222 4651 et
3258 4592 3469 4649 facilius

1884 4694 2033 4766 quod
2058 4692 2185 4749 volo
2216 4692 2533 4763 ""rloquar
2559 4700 2805 4756 tantum,
2838 4691 2981 4747 sicut
3018 4702 3183 4759 supra
3223 4684 3365 4750 feci,
3401 4683 3469 4738 de
3526 4683 3537 4751 ζ

1884 4785 2052 4842 Patre
2077 4793 2134 4841 et
2156 4783 2326 4851 Filio;
2357 4785 2480 4855 quia
2522 4798 2618 4851 per
2645 4782 2745 4838 hos
2770 4781 2975 4838 clarum
3005 4781 3111 4835 erit
3148 4775 3276 4848 quid
3314 4774 3472 4829 intel-

1886 4876 2167 4949 ligendum
2199 4874 2270 4930 sit
2296 4874 2363 4930 de
2396 4873 2601 4944 Spiritu
2642 4880 2852 4931 sancto.
2874 4871 3036 4927 Pater
3066 4882 3196 4940 ergo
3219 4872 3276 4921 et
3296 4861 3470 4919 Filius

1887 4951 2188 5028 secundum
2220 4968 2577 5024 substantiam
2610 4981 2717 5023 non
2744 4972 2872 5025 sunt
2900 4965 3105 5037 plures,
3136 4973 3239 5015 nec
3267 4954 3358 5011 alii
3402 4952 3472 5015 ab

283 5151 368 5227 "_"
397 5154 508 5211 Aut
562 5169 700 5227 qua.
739 5169 847 5210 non
895 5171 1024 5227 nm.
1050 5162 1144 5216 aut
1383 5081 1766 5227 mixtitmtﬁl

1865 5084 2186 5157 LCTIONES.
2826 5144 2840 5157 ,
3502 5134 3509 5137 γ

1865 5157 1983 5213 endo
2029 5174 2158 5213 nm.
2211 5151 2645 5227 Thu.uant__non
2700 5142 3043 5227 corrigenda
3092 5136 3470 5227 ‘rf‘r'r-Yolentes

213 5208 863 5297 ςεβάει-ξᾶηξηὸιεῷέε
891 5208 1128 5284 esset;
1160 5208 1305 5297 7ξὲέέ
1310 5225 1466 5294 Quod
1489 5208 1656 5297 igitur
1676 5208 2279 5297 ἓιὶῦζῗσιιιὸιῖῑαῖιῖἷέῑιιιι·
2352 5208 2461 5297 f8“
2488 5218 2558 5275 Ut
2588 5232 2756 5297 supra
2783 5208 3140 5297 metiamur!)
3161 5224 3287 5297 tng-
3318 5208 3466 5297 (ffug-

223 5280 1109 5366 Yiet.Corb.Thuanjemimut7
1153 5280 1356 5351 vetui
1398 5280 1641 5366 proderit
1669 5280 1771 5351 ms.
1798 5280 1863 5351 SI
1907 5280 2087 5354 ηιξιέζ
2116 5280 2201 5353 iiIi
2230 5294 2541 5366 proderunt_
2603 5280 2696 5319 “"
2719 5280 3133 5366 Dejgiquggllnqd
3177 5293 3302 5366 ξιοξιΔ
3338 5293 3468 5366 {’13}:

212 5360 399 5436 deinde
418 5367 546 5436 quia
576 5383 684 5421 non
759 5366 852 5399 ““
882 5366 1043 5434 Esset
1067 5366 1142 5422 im

1147 5350 1414 5440 possibile'
1445 5350 1573 5440 niis.
1600 5350 1763 5421 Gem.

1889 5350 2310 5440 instituti».
2357 5378 2477 5422 esse
2528 5350 3470 5440 impossibile—“fwSicut‘semper

211 5444 336 5486 οισι-
356 5423 504 5508 (ient.
533 5436 668 5508 Iba.
696 5437 778 5508 sic
801 5430 1019 5508 semper
1090 5423 1185 5470 ’³⁸⁸
1205 5430 1466 5508 Αιιιίιειιιε
1491 5435 1609 5508 ejus
1632 5452 1761 5508 mss.
1803 5423 1947 5508 Vict.
1969 5423 2128 5494 Corb.
2176 5428 2272 5494 aut
2302 5440 2543 5508 parsest
2574 5423 2690 5508 ejus
2768 5423 2958 5508 “iiii
2997 5423 3471 5508 poi‘QSlﬂleﬁfig?

212 5501 511 5579 Ἐξέλθατε.
549 5504 682 5561 νισι.
710 5492 870 5579 Corb.
904 5492 1042 5574 tua.
1068 5514 1125 5562 et
1149 5492 1443 5579 potestati,
1465 5492 1584 5577 θεῖε,
1657 5506 1763 5553 ipso,

1865 5528 1874 5561 I
1902 5492 2193 5566 distinctio:
2212 5492 2339 5579 nisi.
2367 5492 2618 5579 _1'Ituan.'
2640 5496 2788 5552 Cem.
2807 5492 3021 5579 ‘Ciste‘r'.
3066 5494 3154 5549 ilia
3182 5492 3472 5579 disjunctio

215 5567 309 5617 ⁸³⁵⁸
326 5572 606 5635 Summum
665 5592 799 5650 ergo
833 5567 1063 5650 __bonum
1090 5567 1652 5650 es't‘nmasum'mum
1677 5591 1810 5634 vero
1837 5580 2037 5635 bonum
2066 5588 2153 5636 est
2228 5577 2319 5609 ¹⁸⁸²
2361 5575 2452 5650 Sic
2489 5584 2700 5627 summa
2740 5567 3040 5650 ξιιιιιειξιιιιὶιι
3065 5582 3212 5650 .mss.
3238 5572 3293 5650 et
3327 5567 3471 5650 sicut

214 5654 421 5720 ﬁliiﬁlii:
448 5637 761 5720 substantia;
826 5648 923 5720 W‘
948 5648 1231 5720 Summum
1266 5648 1579 5720 nullatenus
1602 5665 1729 5704 mss.
1766 5663 2039 5705 summum
2073 5651 2307 5720 bonum,
2331 5645 2662 5720 nullatenus.
2722 5637 2837 5720 _"”
2863 5639 2996 5720 Cum
3033 5638 3141 5694 sint
3183 5645 3468 5720 Δινςξεᾼξξιξιζ

213 5702 428 5796 edidit.
450 5702 761 5796 petiuitqu
789 5719 866 5778 sit
885 5702 2041 5796 "£7551?ﬁréii'ué'jéipticéiigmina,
2073 5702 2378 5776 vctfacil'ius
2404 5716 2554 5789 (mss.
2589 5709 2817 5773 brevius.
2851 5709 3119 5785 explicem
3143 5714 3201 5764 et
3254 5702 3469 5763 facilius

217 5784 356 5855 quod
384 5787 527 5861 volo)
