4030 6290
176 349 273 407 ΞΠ-

1441 325 1528 383 DE
1558 320 1716 380 FIDE
1749 316 2158 378 TRINITATIS.

3325 306 3427 362 278

177 448 305 524 enim
348 460 512 516 Patre
552 462 625 512 et.
654 453 862 526 Spiritu
906 454 1097 507 sancto
1126 443 1531 503 minet-dicitur
1566 438 1740 497 Filius
1768 439 1819 500 Α
1845 432 2252 495 misericordias
2277 428 2473 503 parcit,
2499 426 2711 498 velpre
2728 436 2796 481 eo
2820 421 3129 487 intercedit,
3156 434 3316 503 quam
3340 419 3426 474 c'ui

175 555 455 615 secundum
488 547 909 611 humanitatem,
956 556 1064 598 non
1107 549 1288 595 tamen
1336 535 1440 592 ιιιω
1468 534 1586 590 dna!
1623 547 1748 604 per-

176 664 311 707 sonae
336 647 454 701 ideo
475 641 750 700 excellunt
788 637 926 693 Filio
961 636 1084 702 “7';
1109 632 1241 704 quia
1278 628 1523 687 eamdem
1553 624 1751 695 majes-

178 746 355 805 tatem,
382 749 489 805 qua
514 732 752 803 majores
785 734 912 784 sunt
953 718 1295 781 humanitate
1331 718 1475 784 Filii,
1508 716 1671 772 habet
1694 721 1752 772 et

179 831 361 897 Filius,
390 841 496 898 qua
524 832 581 881 et
608 824 723 894 ipse
744 827 945 892 prmest
960 832 1091 872 cum
1119 814 1227 870 iliis
1254 827 1368 869 sua:
1394 806 1747 865 humanitati.

181 924 268 979 Est
293 929 349 977 et
376 917 543 985 aliud,
588 931 689 970 cur
728 912 902 983 magis
943 907 1230 965 conveniat
1273 903 1412 960 Filio
1452 899 1751 957 incarnatio

100 1020 105 1029 '
179 1029 329 1086 quam
374 1011 488 1067 alii.
538 1008 642 1076 Qui
687 1006 832 1061 enim
884 1010 1005 1059 erat
1052 999 1450 1063 incarnandus,
1497 1003 1754 1052 oraturus

180 1114 288 1164 erat
312 1119 412 1176 pro
440 1103 680 1158 humano
711 1111 942 1170 genere;
975 1090 1465 1149 et-convenientius
1494 1087 1627 1143 satis
1661 1084 1753 1119 ¹³¹⁶

182 1197 400 1268 suscipit
431 1208 586 1249 mens
632 1180 870 1245 humana
914 1186 1113 1242 Filium
1154 1178 1328 1247 Patri,
1375 1195 1536 1250 quam
1585 1178 1754 1233 alittm

181 1292 292 1348 aliis
339 1287 650 1359 supplicare
689 1283 804 1349 “‘7,
844 1280 1093 1352 quamvis
1115 1279 1229 1333 hare
1276 1273 1599 1347 supplicatio
1649 1285 1757 1326 non

181 1385 266 1439 ﬁat
292 1398 321 1437 a
352 1380 658 1443 divinitate,
684 1376 782 1431 sed
806 1374 875 1428 ab
911 1370 1251 1428 humanitate
1285 1368 1352 1423 ad
1383 1364 1718 1421 divinitatem
1738 1403 1753 1431 ,

182 1489 331 1545 quam
373 1472 576 1527 idcirco
602 1467 773 1523 Filius
804 1465 897 1520 Dei
938 1461 1102 1527 facit;
1139 1460 1264 1531 quia
1307 1459 1492 1523 homo,
1520 1469 1615 1526 per
1639 1453 1763 1509 uni-

178 1575 341 1623 tatem
365 1576 616 1634 persontc
647 1559 814 1614 Filius
845 1557 938 1611 Dei
972 1563 1081 1612 est.
1107 1552 1357 1625 Amplius
1383 1569 1396 1606 :
1438 1549 1538 1617 Qui
1581 1547 1759 1603 homi-

1850 525 2138 598 specialius
2163 521 2361 592 iniuria
2392 520 2510 577 ﬁeri
2539 517 2827 590 probatur;
2870 528 2972 570 uec
3001 510 3203 581 aliquid
3235 523 3434 565 conveo

1850 617 2090 674 nientius
2138 615 2431 687 opponitur
2468 608 2694 668 falsitati
2739 606 2807 663 ad
2851 600 3301 677 expugnandum,
3337 605 3435 654 aut

1852 707 2140 779 apponitur
2170 706 2236 761 ad
2264 702 2566 761 sanandum
2604 699 2714 766 “3‘,
2739 712 2901 769 quam
2933 695 3156 752 veritas.
3195 692 3254 749 In
3276 690 3427 747 illum

1850 800 1999 859 enim
2050 796 2239 857 falsam
2273 794 2808 864 Deipraesumentes
2853 785 3261 845 similitudinem
3306 794 3427 851 spe-

1854 891 2048 949 cialius
2070 902 2329 962 peccasse
2362 885 2639 949 videntur,
2672 881 2922 953 quivera
2948 877 3043 934 Dei
3082 874 3259 939 Patris
3284 873 3437 936 simi-

1854 981 2027 1038 litudo
2049 980 2311 1039 creditur.
3068 974 3071 975 ⁷

2339 1090 2571 1151 CAPUT-
2607 1089 2671 1147 γι
2704 1088 2798 1163 [αι.
2836 1088 2949 1160 lV].

1860 1214 2133 1282 Quomoao
2161 1211 2212 1266 in
2233 1208 2439 1265 Christo
2463 1223 2564 1282 non
2589 1212 2707 1259 sunt
2732 1203 2851 1256 dua:
2870 1212 3129 1272 personw,
3160 1178 3294 1250 sicut
3319 1200 3440 1248 sunt

2458 1278 2578 1331 dua:
2616 1282 2839 1327 naturai.

1930 1374 2183 1447 Suscepit
2212 1380 2389 1429 autem
2410 1369 2464 1425 in
2493 1368 2756 1424 unitatem
2784 1377 3031 1436 persona:
3055 1360 3326 1415 hominem
3345 1398 3359 1421 ,
3384 1364 3444 1409 ut

1862 1464 2063 1529 dictum
2089 1454 2202 1535 est,
2234 1473 2292 1521 ut
2318 1464 2437 1520 sint—
2465 1462 2585 1517 dua:
2614 1466 2825 1515 naturae
2855 1474 2870 1511 :
2904 1453 3085 1510 divina
3136 1448 3345 1507 scilicet
3389 1456 3445 1499 et

1861 1564 2095 1619 humana
2115 1601 2132 1628 ,
2155 1574 2257 1616 una
2278 1569 2531 1630 persona.
2560 1554 2633 1608 De
2652 1565 2756 1621 qua
2769 1551 2976 1604 unitate
2991 1556 3253 1616 personae,
3284 1553 3444 1608 quam

181 1670 295 1712 nem
322 1654 420 1687 “'7'
465 1659 584 1707 erat
634 1655 1037 1718 assumpturus,
1080 1651 1342 1700 venturus
1388 1648 1507 1697 erat
1557 1638 1624 1694 ad
1663 1653 1762 1708 pn-

1882 1650 2191 1707 irmissimae
2218 1629 2491 1702 credimus
2520 1657 2641 1701 esse
2667 1656 2773 1696 non
2796 1654 2863 1695 ex
2888 1637 3095 1693 duabus
3120 1630 3364 1704 personis
3394 1629 3446 1682 in

180 1744 449 1819 guattdum
493 1750 685 1798 contra
739 1738 1033 1801 diabolum,
1083 1744 1139 1791 et
1189 1734 1257 1790 ad
1290 1729 1758 1795 intercedendum,

1864 1741 2112 1806 Christo;
2149 1750 2328 1793 tamen
2353 1735 2476 1806 quia
2502 1738 2682 1805 potest
2716 1729 2822 1784 dici
2866 1726 3010 1782 unde
3052 1737 3243 1795 parttm
3291 1727 3451 1776 caute

181 1810 314 1894 sicut
345 1835 456 1892 dixi
514 1848 614 1905 pro
669 1831 981 1887 hominibus
1010 1828 1146 1881 ειυς
1178 1826 1271 1897 qui
1303 1825 1484 1890 ambo,
1515 1820 1763 1878 diabolus

1884 1830 2199 1888 ntuentibus
2222 1827 2391 1883 videri
2428 1824 2598 1897 possit
2626 1821 2881 1878 Christus
2929 1832 2998 1873 ex
3047 1814 3256 1871 duabus
3293 1819 3349 1868 et
3397 1810 3450 1864 in

179 1927 385 1985 scilicet
423 1934 479 1981 et
511 1924 671 1979 homo
720 1936 818 1992 per
868 1919 1113 1990 rapinam
1158 1931 1229 1972 se
1254 1916 1542 1971 voluerunt
1586 1914 1766 1967 facere

179 2017 384 2074 similes
406 2017 540 2080 Deo,
570 2010 937 2082 cumpropria
963 2009 1073 2064 sint
1098 2008 1181 2063 usi
1215 2006 1512 2062 voluntate.
1546 2002 1610 2058 Et
1639 2000 1766 2072 quia

179 2122 270 2179 per
296 2107 551 2177 rapinam
593 2104 908 2165 voluerunt,
933 2098 1149 2155 nonnisi
1190 2112 1289 2169 per
1316 2095 1610 2152 falsitatem
1642 2094 1766 2159 ίδθος

178 2184 434 2267 quoniam
492 2192 707 2250 nonnisi
766 2190 967 2261 injuste
1026 2197 1319 2260 potuerunt
1377 2186 1490 2241 ⁸³⁸⁸.
1544 2183 1769 2256 Propria

182 2290 321 2343 enim
353 2287 613 2342 voluntas
652 2282 827 2353 angeli
872 2282 989 2336 sive
1027 2281 1262 2335 hominis
1284 2286 1387 2342 est,
1429 2292 1552 2348 quae
1580 2283 1771 2332 contra

182 2377 520 2433 voluntatem
565 2372 659 2427 Dei
706 2378 808 2426 est.
855 2369 991 2425 Cum
1030 2368 1174 2424 enim
1222 2368 1336 2421 vult
1383 2366 1581 2437 aliquis
1626 2363 1773 2435 quod

182 2468 313 2523 Deus
345 2465 492 2520 velle
535 2462 821 2534 prohibet,
870 2460 1075 2515 nullum
1128 2459 1292 2515 habet
1337 2464 1615 2514 auctorem
1652 2470 1769 2510 sua:

178 2556 512 2619 voluntatis,
542 2554 645 2608 nisi
692 2553 931 2624 seipsum
972 2569 985 2605 :
1018 2558 1072 2607 et
1119 2550 1369 2605 ideosua
1409 2546 1627 2617 propria
1670 2553 1774 2600 cst.

185 2648 339 2713 Nam,
382 2644 634 2717 quamvis
680 2645 845 2699 homo
895 2641 1231 2699 voluntatem
1283 2654 1438 2695 suam
1488 2636 1779 2708 aliquando

182 2740 387 2795 subdat
430 2734 715 2791 voluntati.
743 2733 971 2789 alterius
1002 2730 1268 2796 hominis,
1318 2728 1540 2800 propria
1596 2736 1777 2783 tamen

187 2840 293 2894 est,
326 2830 375 2885 si
408 2838 599 2883 contra
634 2826 802 2881 Deum
833 2835 945 2890 est;
974 2823 1230 2890 quoniam
1263 2836 1370 2878 non
1401 2834 1521 2876 eam
1562 2819 1776 2886 subdit,

187 2922 288 2978 nisi
311 2920 473 2975 ut-ad
488 2919 731 2990 aliquid,
758 2918 903 2989 quod
927 2917 1022 2950 ⁸³⁸⁸
1048 2916 1182 2981 vult,
1207 2914 1471 2987 attingat;
1496 2922 1555 2971 et
1577 2913 1781 2970 idcirco

193 3016 434 3086 seipsum
464 3013 631 3067 habet
673 3019 953 3066 auctorem
981 3024 1081 3065 cur
1108 3022 1229 3065 eam
1256 3007 1350 3063 alii
1377 3007 1593 3069 subdat.
1633 3005 1780 3073 Qua-

188 3116 419 3179 propter
460 3104 678 3176 propria
735 3103 989 3158 voluntas
1039 3104 1156 3167 est,
1202 3114 1323 3170 qua:
1374 3098 1506 3158 nulli
1557 3097 1649 3153 alii
1699 3104 1783 3152 est

192 3194 437 3256 subdita.
469 3198 651 3253 Solius
681 3204 864 3252 autem
904 3196 998 3251 Dei
1032 3204 1117 3251 est
1149 3194 1422 3266 propriam
1458 3192 1661 3249 habere
1686 3206 1779 3247 vo-

194 3288 490 3353 lnnmem,
525 3287 576 3341 id
599 3294 713 3350 est,
758 3299 881 3355 quite
911 3283 1043 3337 nulli
1072 3283 1287 3338 subdita
1309 3283 1415 3341 sit.
1458 3282 1781 3351 Quicunque

194 3380 362 3451 igitur
390 3377 918 3450 propria.voluntate
942 3378 1136 3441 utitur,
1160 3376 1225 3430 ad
1250 3374 1660 3429 similitudinem
1688 3373 1781 3427 Dei

194 3488 295 3544 per
325 3473 574 3542 rapinam
615 3469 834 3538 nititur,
868 3478 924 3525 et
973 3469 1143 3525 Deum
1183 3467 1403 3539 propria
1441 3466 1705 3537 dignitate
1732 3476 1788 3519 et

197 3563 459 3635 singulari
489 3562 810 3619 excellentia
848 3561 1088 3631 privare,
1127 3567 1391 3629 quantum
1440 3557 1491 3611 in
1539 3557 1661 3626 ipso
1682 3563 1786 3619 est,

207 3656 573 3713 convincitur.
623 3654 680 3709 Si
710 3648 857 3709 enim
892 3661 978 3708 est
1004 3651 1110 3707 alia
1138 3651 1317 3721 aliqua
1360 3649 1612 3705 voluntas
1633 3687 1648 3713 ,
1678 3646 1785 3718 4⁸1

197 3764 321 3817 qua:
351 3745 486 3803 nulli
514 3746 729 3801 subdita
753 3745 854 3810 sit,
888 3759 994 3799 non
1017 3743 1122 3798 erit
1145 3742 1395 3797 voluntas
1419 3740 1511 3796 Dei
1539 3739 1791 3795 omnibus

200 3840 445 3908 prmlata,
474 3854 574 3893 nec
603 3838 715 3908 ipsa
753 3838 857 3891 erit
884 3836 994 3891 sola
1013 3818 1242 3901 "'“,cui
1272 3834 1413 3887 nulla
1450 3832 1553 3888 alia
1580 3832 1789 3903 praesit.

208 3928 362 3985 Nulla
403 3929 570 4000 igitur
626 3928 786 3983 trium
833 3940 1185 3998 personarum
1246 3926 1338 3981 Dei
1399 3922 1790 3996 congruentius

205 4022 556 4093 semetipsam
597 4021 884 4076 exinaniri:
924 4019 1149 4089 formam
1178 4018 1313 4076 servi
1354 4017 1611 4086 accipiens
1640 4014 1792 4085 (Phi.

208 4114 305 4184 lip.
338 4130 396 4180 ιι,
422 4116 501 4185 7),
524 4114 591 4168 ad
610 4112 1004 4181 debellandum
1041 4109 1336 4177 diabolum,
1374 4116 1427 4164 et
1457 4107 1796 4163 interceden—

208 4210 338 4264 dum
366 4224 466 4281 pro
488 4210 731 4275 homine,
770 4208 863 4277 qui
904 4222 1001 4277 per
1032 4206 1282 4276 rapinam
1323 4204 1513 4259 falsam
1544 4201 1799 4258 similitu-

208 4302 396 4358 dinem
456 4302 552 4357 Dei
602 4307 1064 4373 pracsumpserant
1116 4299 1214 4335 ³³³³
1268 4295 1640 4368 quam‘Filii,
1704 4296 1797 4367 qui

210 4396 468 4468 splendor
496 4395 633 4451 lucis
674 4404 914 4459 teternze,
945 4400 1001 4449 et
1035 4406 1164 4449 vera
1203 4390 1385 4447 Patris
1432 4391 1645 4461 imago,
1693 4406 1800 4445 non

208 4488 449 4557 rapinam
477 4487 766 4547 arbitratus
784 4494 859 4540 est
887 4501 995 4540 esse
1016 4501 1070 4539 se
1099 4482 1353 4554 aqualem
1385 4481 1492 4537 Deo
1515 4482 1691 4553 (ibid.,
1716 4480 1795 4552 6);

206 4592 400 4633 verum
438 4592 535 4648 per
580 4592 768 4633 veram
841 4576 1213 4647 aequalitatem
1266 4583 1323 4629 ct
1368 4573 1798 4641 similitudinem,

208 4670 395 4725 dixit:
430 4670 540 4742 Ego
568 4680 617 4724 et
651 4670 813 4724 Pater
838 4685 1000 4722 unum
1036 4684 1216 4723 sumus
1246 4665 1425 4738 (Joan.
1461 4681 1516 4729 κ,
1537 4664 1674 4735 50);
1705 4673 1798 4720 et:

210 4761 329 4828 Qni
353 4762 481 4816 videt
508 4778 621 4827 me,
652 4762 787 4816 videt
818 4769 865 4815 et
903 4757 1113 4815 Patrem
1138 4759 1319 4831 (Joun.
1349 4770 1463 4822 xrv,
1492 4758 1569 4827 9).
1611 4756 1802 4812 Nullus

211 4866 454 4924 namque
495 4852 700 4924 justius
728 4858 1019 4923 expugnat,
1051 4865 1224 4916 reum,
1253 4847 1338 4905 vel
1373 4848 1549 4918 putuit,
1590 4856 1683 4902 aut
1724 4847 1803 4915 illi

1868 1924 2077 1984 duabus
2105 1920 2352 1995 personis
2376 1919 2613 1974 existere
2634 1956 2649 1981 ,
2688 1928 2797 1969 non
2844 1909 3033 1967 inutile
3065 1907 3197 1963 mihi
3242 1904 3454 1960 videtur

1869 2019 2071 2092 aliquid
2101 1994 2304 2072 dicere.
2341 2013 2535 2068 Dicunt
2560 2009 2703 2065 enim
2723 2005 2941 2076 quidam
2970 2019 2985 2056 ε
3018 1998 3299 2067 Quomodo
3324 1994 3457 2050 dici-

1870 2126 1992 2167 mus
2023 2108 2115 2140 ’³⁸⁸
2165 2108 2218 2162 in
2253 2103 2473 2161 Christo
2513 2115 2620 2157 non
2659 2112 2781 2154 esse
2826 2094 2962 2150 duas
3001 2102 3263 2162 personas
3316 2085 3459 2141 sicut

1872 2203 2005 2259 duas
2030 2208 2272 2256 naturas.
2304 2195 2438 2252 Nam
2468 2194 2613 2249 Deus
2638 2201 2693 2247 et
2720 2198 2847 2245 ante
2870 2185 3104 2242 hominis
3130 2178 3457 2251 assumptio-

1873 2309 1997 2352 ncm
2026 2307 2259 2364 persona
2286 2297 2401 2347 erat
2429 2304 2445 2355 ;
2493 2301 2595 2343 nec
2619 2291 2903 2356 postquam
2931 2276 3206 2333 hominem
3251 2285 3459 2327 assum-

1875 2379 2440 2456 psitpersonadestitit
2464 2391 2584 2433 esse
2610 2392 2624 2429 :
2649 2373 2878 2434 cthomo
2898 2372 3208 2434 assumptus
3222 2373 3454 2431 persona

1876 2487 1993 2543 est;
2025 2475 2151 2547 quia
2183 2473 2361 2531 omnis
2387 2472 2549 2526 homo
2596 2463 2919 2522 individuus
2952 2472 3073 2516 esse
3117 2466 3347 2525 persona
3374 2465 3465 2505 co-

1880 2540 2175 2645 gnoscitur.
2207 2566 2388 2635 Quare
2436 2561 2542 2617 alia
2571 2558 2661 2592 ¹⁸⁶⁷
2703 2564 2787 2613 est
2816 2564 3044 2624 persona
3068 2547 3199 2613 Dei,
3226 2558 3344 2615 quae
3367 2540 3469 2596 fuit

1881 2657 2488 2718 anteincarnationcm,
2527 2650 2632 2706 alia
2660 2645 2897 2704 hominis
2941 2638 3204 2709 assumpti
3260 2655 3275 2692 :
3325 2635 3469 2691 sicut

1882 2753 2045 2824 igitur
2072 2749 2327 2806 Christus
2350 2752 2435 2801 est
2474 2742 2617 2797 Deus
2674 2744 2731 2794 et
2783 2736 2982 2791 homo:
3036 2730 3111 2786 ita
3143 2728 3261 2785 duae
3292 2725 3347 2780 iu
3375 2724 3469 2779 illo

1880 2817 2140 2902 videntur~
2171 2854 2292 2897 esse
2329 2847 2596 2909 personae.
2648 2830 2780 2898 Qua:
2825 2820 3172 2887 ratiocinatio
3225 2833 3322 2890 per
3369 2817 3472 2871 hoc

1882 2935 2098 2991 videtur
2120 2906 2353 3004 probare
2377 2927 2517 2983 duas
2542 2937 2670 2982 esse
2688 2932 2949 2994 personas
2964 2916 3028 2978 .iu
3052 2911 3269 2977 Christo
3290 2949 3306 2975 ,
3344 2906 3473 2977 quia

1883 3034 1939 3082 et
1967 3026 2107 3080 Deus
2132 3030 2215 3078 cst
2240 3031 2494 3091 persona,
2520 3024 2576 3072 et
2600 3015 2764 3070 homo
2787 3014 3101 3079 assumptus
3113 3011 3198 3059 est
3216 3013 3470 3072 persona.

1889 3117 1995 3175 Sed
2027 3131 2132 3171 non
2161 3116 2234 3170 ita
2264 3123 2367 3169 est.
2419 3109 2573 3167 Sicut
2616 3107 2764 3163 enim
2796 3106 2849 3159 in
2900 3104 3009 3157 Deo
3037 3113 3144 3155 una
3170 3104 3363 3152 natura
3390 3099 3475 3149 cst

1888 3210 2072 3281 plures
2095 3220 2342 3277 personae
2362 3245 2375 3269 ,
2407 3211 2461 3257 et
2489 3200 2671 3271 plures
2699 3209 2943 3268 personae
2966 3198 3094 3247 sunt
3119 3202 3224 3243 una
3249 3193 3471 3247 natura;

1866 3271 1960 3353 'ita
1992 3298 2043 3352 in
2072 3271 2289 3351 Christo
2315 3308 2419 3345 ttna
2450 3302 2678 3360 persona
2703 3293 2787 3340 est
2815 3284 2996 3351 plures
3020 3282 3257 3339 natura,
3289 3283 3346 3329 et
3365 3271 3478 3341 plu-

1889 3405 1977 3446 rcs
2008 3396 2215 3443 naturae
2245 3391 2370 3439 sunt
2396 3395 2501 3435 una
2542 3390 2794 3448 persona.
2842 3367 3307 3441 Quemadmodum
3331 3363 3477 3419 enim

1890 3480 2051 3536 Pater
2072 3485 2157 3536 est
2177 3476 2317 3531 Deus
2342 3513 2359 3540 ,
2384 3480 2441 3533 et
2464 3468 2634 3526 Filius
2664 3464 2949 3527 est-Deus,
2978 3471 3034 3517 et
3060 3456 3299 3529 Spiritus
3345 3468 3477 3510 san-

1890 3580 2011 3626 ctus
2034 3575 2115 3624 est
2155 3566 2325 3629 Deus;
2356 3569 2411 3618 et
2441 3568 2623 3615 tamen
2649 3569 2758 3611 non
2789 3561 2899 3609 tres
2920 3551 3029 3617 dii,
3081 3547 3177 3605 sed
3214 3560 3355 3601 unus
3398 3550 3483 3597 est

1893 3663 2069 3726 Deus;
2107 3658 2182 3713 ita
2209 3656 2263 3712 in
2285 3651 2503 3710 Christo
2534 3649 2679 3704 Deus
2704 3653 2791 3702 est
2816 3656 3082 3716 persona,
3114 3647 3168 3696 et
3210 3638 3373 3693 homo
3400 3642 3486 3688 est

1892 3764 2157 3825 persona,
2189 3760 2289 3803 nec
2318 3754 2495 3800 tamen
2540 3740 2660 3799 dua:
2684 3746 2812 3794 sunt
2846 3730 3223 3807 personaz,sed
3256 3728 3349 3760 ¹⁸⁸⁸
3378 3740 3487 3780 una

1893 3816 2149 3914 persona.
2175 3837 2289 3892 Non
2317 3835 2462 3891 enim
2488 3840 2572 3889 est
2604 3830 2743 3886 alius
2796 3829 2967 3894 Deus,
3025 3824 3163 3879 alius
3216 3820 3380 3875 homo
3425 3816 3483 3873 in

1895 3909 2145 3999 Christo,
2173 3928 2423 4002 quamvis
2456 3925 2603 3981 aliud
2648 3925 2721 3979 sit
2748 3923 2921 3985 Deus,
2956 3918 3098 3974 aliud
3145 3917 3344 3977 homo;
3387 3909 3486 3965 sed

1897 4028 2039 4085 idem
2076 3999 2298 4095 ipso—est
2327 4021 2470 4075 Deus
2489 4060 2505 4085 ,
2532 4016 2625 4087 qui
2657 4023 2711 4069 et
2742 4014 2905 4067 homo
2933 4008 3047 4061 "5’.
3074 4004 3310 4061 Verbum
3338 3999 3489 4057 enim

1900 4130 2027 4173 caro
2054 4089 2254 4168 factum
2292 4106 2587 4176 assumpsit
2620 4110 2870 4157 naturam
2913 4099 3105 4162 aliam,
3160 4107 3263 4146 non
3317 4089 3484 4145 aliam

1899 4216 2211 4279 personam.
2244 4198 2376 4269 Nam
2395 4236 2411 4258 ,
2437 4208 2561 4267 cum
2595 4189 2868 4263 profertur
2890 4228 2904 4251 ,
2954 4187 3116 4257 homo
3145 4188 3338 4237 natura
3368 4187 3489 4234 tau-

1901 4270 2014 4353 io'm
2038 4335 2053 4360 ,
2081 4306 2201 4363 qme
2227 4286 2532 4345 communis
2560 4291 2641 4339 est
2664 4279 2919 4338 onmibus
2940 4274 3248 4333 hominibus
3267 4311 3284 4338 ,
3323 4270 3495 4343 signi-

1906 4388 2118 4465 ﬁcatur.
2147 4383 2283 4440 Cum
2306 4394 2436 4437 vero
2458 4372 2888 4433 demonstrativo
2913 4369 3145 4426 dicimus
3178 4366 3374 4435 istum},
3408 4363 3489 4418 vel

1905 4458 2057 4538 illum
2093 4476 2369 4534 hominem
2388 4514 2403 4540 ,
2428 4470 2513 4535 vel
2542 4467 2763 4545 proprio
2783 4464 3005 4533 nomine
3033 4458 3217 4518 .lesum
3245 4498 3261 4524 ,
3306 4470 3493 4528 perso-

1897 4570 2035 4634 'nam
2096 4571 2441 4643 designamus
2499 4577 2619 4635 quas
2666 4575 2792 4617 cum
2850 4566 3045 4613 natura
3119 4547 3494 4620 coiiectionem

1910 4667 2077 4736 habet
2122 4638 2545 4734 proprietatum,
2607 4652 2804 4723 quibus
2856 4650 3020 4705 homo
3074 4641 3378 4702 communis
3428 4638 3500 4694 sit

1911 4729 2155 4831 siniguiu-s
2185 4729 2276 4784 “5°
2298 4790 2314 4815 ,
2339 4759 2393 4803 et
2416 4744 2632 4821 abaliis
2668 4740 2897 4813 singulis
2940 4735 3307 4808 distinguitur.
3335 4729 3494 4789 Nam,

1915 4823 2038 4906 eum
2053 4824 2137 4902 ita
2157 4843 2503 4916 designatur,
2529 4852 2638 4894 non
2680 4834 2907 4907 quilibet
2932 4833 3093 4889 homo
3144 4823 3492 4896 intelligitur;

1531 5002 1764 5061 V'ARLE
1804 4999 2205 5060 LECTlONES.

296 5125 388 5160 ⁸³⁷⁵
411 5124 693 5180 Excelluut
721 5123 829 5179 tilio
852 5140 950 5178 ms.
982 5120 1168 5177 Cister.
1193 5118 1463 5176 excellent
1492 5118 1600 5173 lilio
1678 5118 1769 5151 ¹³⁷⁶
1802 5116 1951 5173 Satis
1981 5110 2393 5171 convenientius
2432 5124 2557 5163 mss.
2580 5097 3203 5180 iconvenientius‘satig
3243 5095 3334 5176 ¹³⁷ῖ
3362 5092 3499 5180 ᾼμίε

220 5197 528 5266 supplicare
568 5213 668 5249 ms.
718 5194 905 5266 δέδιεν.
941 5192 1421 5266 aliiusuppti'ca-rg‘
1488 5190 1581 5222 ms
1611 5189 1655 5257 ρ

220 5247 539 5327 οιίίϐὶειεν.
581 5281 679 5332 pro
728 5247 945 5321 homine
998 5247 1275 5316 "rm-{Visi'
1303 5250 1589 5332 falsitatem
1621 5247 1849 5332 ~uisset
1885 5256 2033 5332 Edit.
2061 5252 2353 5332 Golltz‘lllsi
2384 5247 2799 5332 per-falsitatem

220 5285 329 5327 ω.
357 5268 539 5320 Cister.
561 5281 679 5346 .pro
728 5268 945 5321 homine
1018 5268 1250 5316 “3°.tVisi
1303 5268 1589 5324 falsitatem
1644 5277 1771 5329 mss.
1802 5268 1849 5312 et
1885 5268 2033 5311 Ed".
2061 5268 2217 5310 boui.
2253 5269 2353 5306 lllSl

220 5335 615 5416 mss._et__l§di_t_,
634 5332 793 5416 Catii.
829 5332 1025 5416 injuste
1051 5340 1344 5416 potueramt
1399 5328 2008 5416 1:3"..Untaliquimd'quod
2039 5342 2168 5407 mss.
2203 5268 2418 5416 Gemis};2

221 5390 403 5475 quod
444 5406 536 5437 ⁸³⁸³
562 5390 684 5471 Erit
714 5390 837 5475 ipsa
870 5390 1161 5475 Asulanus.
1222 5399 1355 5475 Vict.
1395 5390 1748 5475 Corb.Cislcr'.
1785 5390 1920 5459 Titii.
1952 5398 2122 5475 omitt.
2158 5396 2273 5463 ipsa
2348 5391 2441 5475 ¹³ξ³⁸
2472 5390 2747 5475 Prses,me

412 5470 647 5545 ,ψει-ιιι
694 5544 699 5545 γ
726 5448 817 5506 ἀπ
838 5473 1151 5545 Opponitur
1171 5474 1237 5526 ad
1277 5458 1591 5545 salvandum
1634 5448 1758 5545 ipsa.
1788 5448 2959 5545 apponiturad:sanattdum4§dtitioicqthica
2986 5450 3274 5545 appetuntur
3295 5448 3501 5545 39.53".-

220 5492 404 5547 prsesu

224 5524 491 5603 ἱαηάυαῖτ
542 5546 633 5577 ¹³³⁶
673 5524 959 5607 ΟιιοιηοιῘό
1004 5524 1141 5598 dicis
1174 5524 1404 5596 "masne!
1440 5540 1583 5595 Edit.
1632 5527 1792 5608 Cotti.
1824 5524 2095 5608 'q'uomodo
2136 5535 2391 5608 di_cin_tus_.
2465 5528 2557 5563 ¹³⁰⁷
2599 5525 2735 5593 Quia
2773 5524 2877 5578 alia
2913 5538 3038 5583 mss.

1654 5190 1714 5247 Llli
1759 5164 2457 5243 homineniunisfwct.5.
2495 5179 2540 5233 si
2578 5177 2852 5232 hominem
2878 5168 3164 5247 ___‘_"f’_Pro
3191 5164 3501 5247 hominibus

2877 5239 2965 5271 ιω
2993 5238 3192 5302 lnjuste
3218 5236 3503 5302 voluerunt

2420 5321 2530 5373 orb.
2566 5318 2626 5372 S.
2660 5314 2821 5369 Mich.
2874 5308 3007 5365 Vict.
3033 5306 3164 5363 5.ut
3194 5307 3258 5362 ad
3295 5306 3502 5376 aliquid

2779 5389 2899 5443 erat
2939 5396 3068 5435 mss.
3089 5377 3245 5434 Corb.
3288 5375 3419 5430 Vict.
3449 5379 3499 5433 5,.

3088 5530 3135 5581 et
3173 5518 3315 5581 Edit.
3345 5516 3500 5580 Colit.

218 5619 411 5698 ρυρςθ
430 5616 533 5670 alia
634 5612 1165 5698 “iiDpzesulnthed
1191 5628 1315 5666 mss.
1357 5609 1485 5694 Vict.
1512 5589 2325 5698 (Ξανθίδὼὶεῖθίιξίῖἰιιὶε.ϐὀέιι.
2350 5600 2468 5653 duas
2492 5589 2916 5698 sunt'personag,
2954 5594 3049 5698 sled
3128 5589 3219 5622 ¹³⁸⁹
3262 5589 3418 5649 Deus,
3447 5596 3506 5698 let

1472 5692 1482 5698 .
1523 5684 1534 5698 .
1659 5696 1670 5698 -
1766 5681 1854 5698 non
1943 5674 2206 5698 ______,-__..:..
2259 5682 2292 5698 ,ι
2335 5671 2487 5698 ..:......
2517 5670 2557 5698 :5
2596 5684 2698 5698 ...ορ
2800 5683 2859 5698 Α..
3006 5667 3072 5698 ἔην
3124 5658 3426 5698 nnmmunis‘.
3464 5659 3501 5698 ir

212 5658 332 5757 qui
361 5688 514 5757 homo
535 5704 661 5741 mss.
694 5696 740 5741 et
775 5671 915 5739 Edit.
941 5658 1488 5754 GoiIt.chus,‘qttiwet
1516 5658 2209 5737 homoviaii’vCotntuunis
2240 5672 2299 5727 ﬁt
2335 5658 2565 5745 singulis
2596 5658 2720 5729 mss.
2755 5658 2911 5735 Corb.
2963 5664 3095 5729 Vict.
3124 5658 3426 5721 communis
3447 5659 3511 5725 lit.

212 5754 473 5826 {iugulus
