4030 6290
200 327 291 388 18!
776 336 777 339 ‘
1436 312 1525 370 DE
1546 311 1709 371 FIDE
1742 312 2143 375 ΤιιιΝιτΑτιε

3328 276 3451 374 ses

198 442 322 500 Fons
343 443 510 497 tamen
530 428 682 487 Nilus
701 436 929 489 vocatur
952 470 970 498 ,
1003 435 1060 487 et
1104 426 1254 486 rivus
1291 426 1444 485 Nilus
1462 470 1478 496 ,
1521 437 1580 485 et
1600 428 1754 486 lacus
1780 433 1827 491 Α
1853 430 1919 487 de
1942 430 2123 498 fonte,
2153 437 2210 487 et
2231 428 2335 487 alio
2363 428 2524 486 modo
2552 428 2643 464 ιδη
2676 426 2829 486 lacus
2851 427 2919 486 de
2945 428 3096 486 ιοιιιε
3112 435 3166 485 ει
3196 428 3311 486 rivo
3328 473 3344 499 ,
3377 442 3439 489 ιιι

202 532 431 595 Nilus;et
470 524 575 582 duo
599 523 760 579 simul
788 523 910 579 fons
974 530 1031 579 et
1059 521 1239 590 rivus,
1282 519 1468 587 Nilus;
1524 519 1647 577 fons
1695 528 1752 577 et

198 623 358 685 lacus,
406 614 754 681 Nilus;rivus
790 622 850 669 et
869 613 1048 680 lacus,
1099 612 1294 679 Nilus;
1344 620 1401 668 et
1449 610 1610 667 simul
1642 620 1753 668 tres

198 716 325 776 fons,
345 718 395 764 et
428 708 573 763 rivus
598 745 615 773 ,
645 715 701 762 et
729 705 915 772 lacus,
946 703 1137 770 Nilus;
1169 719 1293 760 cum
1324 712 1507 760 tamen
1548 718 1653 759 non
1679 702 1753 760 sit

195 804 237 859 al
255 818 337 865 us,
364 808 415 855 et
440 797 576 853 alius
604 797 796 864 Nilus;
828 795 926 853 sed
954 810 1095 851 unus
1133 794 1419 865 idemque,
1464 793 1580 850 sive
1628 807 1751 850 cum

195 890 408 964 singulas
430 891 656 961 quisque
677 931 695 958 ,
725 889 843 945 sive
866 902 989 944 cum
1012 885 1124 942 bini
1149 928 1165 953 ,
1213 884 1328 941 sive
1368 900 1494 941 cum
1522 893 1631 940 tres
1669 884 1753 938 di-

193 993 365 1040 cuntur
388 980 555 1037 Nilus.
579 979 714 1036 Tres
745 979 910 1051 igitur
936 985 1094 1045 sunt,
1143 976 1300 1043 fons,
1344 975 1528 1041 rivus,
1560 974 1747 1042 lacus;

194 1084 239 1132 et
259 1089 389 1132 unus
410 1071 589 1139 Nilus,
626 1086 767 1127 unus
788 1070 983 1126 lluvius
1000 1111 1014 1137 ,
1041 1083 1148 1124 una
1169 1076 1363 1123 natura
1383 1110 1397 1135 ,
1434 1082 1541 1123 una
1565 1080 1704 1138 aqua
1732 1081 1749 1133 ;

192 1174 238 1220 ει
261 1163 356 1220 dici
383 1178 487 1218 non
526 1169 705 1233 potest
745 1161 879 1233 quid
910 1169 1065 1218 tres.
1097 1158 1233 1215 Nam
1285 1172 1461 1230 neque
1487 1165 1632 1224 tres,
1658 1166 1755 1213 aut

195 1254 417 1321 Nili,aut
441 1252 619 1319 ﬂuvii,
643 1261 739 1313 aut
759 1261 1001 1316 natura,
1037 1258 1133 1306 aut
1176 1265 1331 1320 aqua:
1376 1260 1537 1317 sunt;
1581 1263 1755 1319 neque

193 1357 315 1414 tres,
348 1356 439 1402 aut
469 1345 684 1413 fontes,
739 1352 838 1401 aut
875 1344 1011 1413 rivi,
1050 1351 1145 1399 aut
1181 1342 1351 1401 lacus.
1390 1340 1566 1399 Unum
1594 1342 1755 1413 igitur

191 1436 363 1491 dicitur
388 1435 476 1491 hic
497 1435 567 1491 de
590 1435 763 1492 tribus
794 1434 916 1501 Μ’,
940 1442 999 1489 et
1025 1432 1128 1488 tria
1155 1432 1223 1488 de
1247 1448 1387 1498 uno;
1431 1447 1535 1489 nec
1571 1440 1753 1487 tamen

192 1526 278 1582 tria
304 1525 641 1582 deinvicem.
670 1525 828 1594 Quod
870 1525 918 1581 si
942 1524 1128 1596 objicit
1168 1540 1276 1580 non
1321 1538 1443 1580 esse
1481 1523 1753 1596 singultim

189 1633 461 1689 quemque,
508 1628 604 1674 aut
627 1616 869 1686 foiitem,
919 1626 1016 1673 aut
1044 1616 1253 1681 rivum,
1286 1624 1377 1672 aut
1421 1615 1625 1681 lacmn,
1662 1621 1757 1671 aut

188 1711 359 1776 binos,
394 1710 697 1782 perfectum
733 1710 944 1780 Nilum,
999 1710 1096 1767 sed
1136 1718 1320 1780 partes
1365 1708 1507 1776 Nili;
1553 1709 1756 1782 cogitet

188 1815 334 1861 totum
366 1806 511 1862 hunc
550 1805 772 1873 Nilum';
821 1821 891 1862 ex
936 1820 1047 1878 quo
1095 1804 1356 1875 iticmpit,
1400 1818 1574 1883 usque
1622 1805 1754 1860 dum
1784 1819 1832 1881 Β

186 1899 369 1956 desinet
387 1915 541 1969 esse,
576 1900 631 1956 in
654 1910 768 1960 tota
791 1900 945 1971 quasi
972 1907 1133 1955 aetate
1159 1913 1294 1964 sua,
1341 1897 1471 1969 quia
1514 1912 1615 1954 nec
1637 1897 1756 1968 ipse

186 1998 307 2061 totus
331 2000 415 2047 est
448 1991 612 2049 simul
646 2000 743 2048 aut
766 1991 888 2047 loco
908 2034 924 2060 ,
953 1999 1042 2046 aut
1075 1999 1350 2061 tempore,
1380 1989 1476 2046 sed
1492 1997 1606 2060 ‘per
1628 2003 1758 2059 par-

102 2146 121 2171 .
187 2089 273 2146 tes;
310 2095 408 2137 nec
434 2080 712 2153 perfectus
754 2080 881 2147 erit,
921 2080 1095 2137 donec
1142 2081 1357 2140 desinat
1395 2094 1561 2137 esse:
1592 2079 1759 2139 habet

182 2168 301 2223 enim
326 2169 479 2226 Nilus
507 2170 801 2240 quamdam
825 2171 878 2225 in
904 2170 1009 2225 hoc
1042 2186 1169 2226 cum
1198 2170 1451 2226 oratione
1484 2170 1576 2202 “'°
1604 2169 1758 2225 simi-

186 2257 443 2316 litudinem
463 2302 481 2330 ,
510 2275 632 2332 quae
652 2300 667 2327 ,
691 2260 931 2332 quandiu
958 2260 1113 2330 quasi
1142 2274 1211 2317 ex
1232 2262 1346 2316 oris
1380 2259 1530 2315 fonte
1569 2275 1759 2330 procew

185 2350 273 2414 dit,
294 2350 544 2418 perfecta
569 2365 676 2405 non
713 2358 823 2415 est;
858 2358 1058 2403 etcum
1093 2348 1332 2419 perfecta
1353 2358 1438 2405 est
1462 2391 1479 2417 ,
1498 2350 1613 2417 jam
1649 2364 1757 2405 non

185 2447 265 2493 est.
289 2440 347 2495 Si
372 2440 503 2511 qu's
521 2440 665 2495 enim
699 2439 779 2496 sic
799 2439 1150 2508 consideret,
1188 2448 1246 2495 et
1276 2439 1567 2510 diligenter
1605 2441 1760 2499 intel.

184 2530 322 2608 ligat,
350 2542 648 2603 cegnoscet
690 2540 863 2588 totum
910 2530 1089 2588 Nilum
1138 2547 1261 2588 esse
1306 2532 1542 2600 fontem,
1589 2543 1761 2588 totum

186 2639 284 2679 esse
328 2625 508 2680 rivum
563 2634 737 2679 totum
778 2639 904 2687 esse
954 2623 1162 2691 lacum;
1227 2639 1332 2680 nec
1393 2623 1597 2680 fontem
1641 2639 1763 2681 esse

184 2714 367 2781 rivum,
428 2724 523 2769 aut
546 2714 755 2781 laeum;
817 2729 918 2771 nec
968 2714 1146 2769 rivum
1202 2729 1326 2772 csse
1378 2715 1618 2783 fantem,
1670 2723 1764 2773 aut

186 2803 371 2871 locum;
415 2821 521 2862 nec
564 2806 742 2861 lacum
790 2820 912 2861 esse
938 2803 1179 2874 fontem,
1234 2814 1333 2861 aut
1390 2806 1591 2867 rivum.
1646 2804 1762 2862 Non

180 2895 303 2950 enim
323 2906 408 2952 est
432 2896 582 2953 idem
604 2897 721 2968 ipse
745 2895 867 2953 fons
889 2937 903 2963 ,
934 2896 1028 2967 qui
1054 2898 1202 2961 rivus
1230 2905 1326 2953 aut
1362 2896 1543 2967 lacus;
1570 2912 1762 2969 quamq

180 2986 250 3048 vis
268 2986 499 3060 idipsum
523 2989 596 3045 sit
626 2989 773 3050 rivus
796 3001 851 3045 et
873 2990 1023 3045 lacus
1042 3029 1059 3058 ,
1084 2989 1226 3061 quod
1258 3000 1345 3047 est
1371 2990 1496 3047 fons
1527 3007 1542 3056 ;
1578 2991 1630 3046 id
1654 3000 1760 3055 est,

182 3076 301 3135 idem
327 3082 487 3138 Nilus
510 3122 527 3149 ,
552 3082 695 3139 idem
719 3083 913 3139 fluvius
930 3124 945 3150 ,
986 3083 1176 3140 eadem
1197 3099 1336 3156 aqua
1357 3124 1375 3152 ,
1424 3083 1618 3140 eadem
1666 3099 1765 3139 na-

1854 523 2003 579 lacus
2025 538 2133 578 non
2162 522 2373 579 dicatur
2393 524 2542 580 rivus
2566 539 2582 590 ;
2628 522 2710 579 sic
2745 537 2845 580 suo
2873 521 3105 593 qundam
3130 522 3239 578 alio
3279 523 3440 580 modo

1856 614 1946 647 “"
1973 613 2205 670 Verbum
2227 622 2310 670 cst
2330 615 2398 670 de
2424 614 2619 684 Patre,
2671 623 2730 671 et
2777 613 3013 685 Spiritus
3058 622 3278 671 5200108
3332 615 3441 672 alio

1852 705 2013 761 modo
2027 704 2095 760 de
2120 703 2279 760 Patre
2291 714 2345 761 et
2374 705 2573 775 Verbo,
2596 715 2655 762 ut
2680 705 2819 763 idem
2838 706 3071 778 Spiritus
3092 717 3314 763 sanctus
3330 723 3440 763 non

1853 798 1926 853 sit
1958 796 2190 852 Verbum
2220 805 2309 852 aut
2340 797 2509 854 Filius
2532 839 2548 865 ,
2603 800 2698 855 sed
2728 802 3044 869 procedens.
3092 801 3283 858 Adhuc
3319 801 3442 856 volo

1852 887 2110 959 quiddam
2138 887 2356 956 dicere,
2380 889 2522 958 quod
2552 890 2801 960 quamvis
2824 906 3075 959 magnam
3112 890 3304 947 habeat
3328 890 3442 948 dis-

1853 980 2295 1046 similitudinem,
2329 981 2647 1037 nonnullam
2684 974 2861 1037 tamen
2893 982 3055 1038 habet
3088 984 3155 1039 ad
3192 984 3444 1041 incarna-

1853 1073 2057 1131 tionem
2084 1072 2247 1129 Verbi
2292 1074 2751 1131 similitudinem:
2798 1074 2942 1145 quod
2981 1076 3206 1131 forsitan
3252 1076 3443 1145 aliquis

1854 1168 2040 1241 legens
2061 1177 2406 1237 contemnet,
2430 1169 2608 1225 dicam
2652 1178 2863 1235 tamen;
2909 1168 3035 1239 quia
3066 1184 3196 1241 ego,
3228 1170 3335 1226 alio
3362 1167 3446 1223 di-

1855 1270 2041 1325 cente,
2069 1260 2290 1315 omnino
2319 1276 2426 1316 non
2457 1270 2888 1316 contemnerem.
2924 1260 2980 1314 Si
3009 1260 3155 1315 enim
3189 1259 3333 1316 rivus
3351 1273 3446 1329 per

1856 1352 2091 1409 fistulam
2113 1361 2300 1407 currat
2328 1367 2360 1407 a
2396 1351 2545 1408 fonte
2570 1366 2742 1421 usque
2765 1350 2832 1406 ad
2869 1350 3076 1415 lacum,
3102 1365 3280 1405 nonne
3300 1353 3448 1405 solus

1856 1444 2004 1499 rivus
2032 1442 2305 1513 (quamvis
2327 1458 2431 1498 non
2456 1441 2593 1497 alius
2617 1440 2769 1497 Nilus
2791 1482 2809 1507 ,
2840 1456 3001 1511 quam
3028 1439 3149 1496 fons
3169 1448 3221 1494 ct
3250 1444 3443 1501 lamis).

1855 1543 1917 1589 ut
1944 1534 2017 1589 ita
2051 1534 2255 1598 dicam,
2313 1531 2643 1588 infistulatus
2669 1525 2801 1586 est?
2850 1530 2944 1585 Sic
2979 1528 3126 1585 solus
3156 1528 3327 1584 Filius
3353 1526 3449 1561 ⁸δό

1855 1622 2175 1680 incarnatus
2193 1630 2282 1677 est
2302 1661 2319 1687 ,
2350 1621 2477 1675 licet
2508 1637 2615 1677 non
2639 1620 2776 1676 alius
2806 1619 2970 1688 Deus,
3010 1632 3173 1690 quant
3204 1616 3356 1672 Patet
3385 1628 3448 1673 et

1856 1714 2097 1788 Spiritus
2124 1722 2347 1769 sanctus
2375 1712 2488 1767 ¹δ¹¹.

2323 1800 2954 1875 CAPUTIXIM.VHH

1859 1915 2014 1985 Quod
2042 1931 2150 1971 ima
2181 1915 2251 1970 sit
2274 1953 2291 1983 ,
2334 1923 2384 1969 et
2427 1914 2651 1984 simplex
2694 1915 2962 1968 wtcrnitas
2986 1953 3001 1979 ,
3056 1912 3145 1967 cui
3201 1920 3453 1968 uitricum

2500 1994 2796 2057 comparat.

1929 2077 2036 2135 Sed
2057 2077 2317 2148 quoniam
2345 2076 2446 2133 ista
2474 2084 2689 2132 terrena
2714 2074 2867 2129 valde
2894 2075 3052 2145 longe
3078 2082 3207 2130 sunt
3239 2089 3270 2130 a
3296 2088 3450 2130 sum-

1859 2191 1945 2231 ma
1980 2182 2172 2229 natura
2192 2212 2208 2239 ,
2240 2170 2483 2227 levemus
2513 2169 2581 2225 ad
2608 2169 2780 2234 illam,
2817 2168 2932 2240 ipsa
2958 2167 3274 2238 cpitulante,
3305 2181 3456 2223 men-

1862 2275 1967 2323 tem
1987 2306 2003 2332 ,
2040 2275 2094 2319 et
2128 2265 2180 2319 in
2208 2278 2275 2320 ea
2307 2260 2740 2333 contemplemur
2766 2260 3108 2332 aliquatenus
3129 2269 3185 2316 et
3213 2259 3457 2316 breviter

1860 2357 2005 2428 quod
2028 2357 2277 2412 dicimus.
2317 2354 2460 2410 Deus
2492 2369 2599 2411 non
2647 2362 2734 2410 est
2780 2352 2927 2409 aliud
2973 2368 3136 2423 quam
3171 2353 3286 2425 ipsa
3315 2352 3469 2417 sim-2

1862 2449 1984 2519 plex
2009 2448 2287 2503 aeternitas
2318 2448 2431 2500 Μ’.
2460 2445 2816 2502 Ᾰίιετιιίιειιεε
2851 2454 3032 2499 autem
3070 2443 3253 2514 plures
3295 2440 3458 2498 intel—

1863 2542 1954 2614 ligi
1995 2550 2285 2617 nequeunt.
2320 2539 2491 2607 Nam,
2518 2539 2561 2594 si
2586 2538 2769 2609 plures
2787 2545 2915 2593 sunt
2941 2577 2957 2602 ,
3010 2547 3104 2591 aut
3137 2544 3265 2592 sunt
3296 2544 3452 2591 extra

1863 2649 1922 2689 se
1951 2632 2215 2697 invicem,
2242 2640 2335 2686 ant
2358 2639 2485 2685 sunt
2511 2630 2655 2685 intra
2684 2644 2745 2685 se
2774 2628 3006 2684 invicem
3035 2627 3149 2681 “".
3183 2626 3291 2682 Sed
3316 2626 3455 2683 nihil

1863 2735 1949 2781 est
1974 2733 2127 2781 extra
2152 2723 2511 2779 aeternitatem
2537 2739 2552 2777 :
2582 2737 2713 2793 ergo
2742 2734 2846 2777 nec
2892 2720 3173 2775 aeternitas
3195 2727 3281 2774 est
3302 2704 3460 2773 extra

1863 2817 2247 2875 aeternitatem.
2276 2814 2442 2881 Item,
2501 2814 2546 2871 si
2602 2822 2757 2869 extra
2806 2827 2868 2868 se
2917 2810 3151 2867 invicem
3202 2818 3372 2875 sunt,
3405 2810 3461 2865 in

1863 2909 2097 2964 diversis
2130 2907 2265 2965 locis
2303 2916 2431 2961 sunt
2477 2914 2572 2959 aut
2618 2902 2993 2975 temporibus:
3027 2900 3171 2972 quod
3218 2899 3456 2957 alienum

1864 3008 1948 3056 est
1973 2999 2042 3054 ab
2060 2998 2390 3054 mternitate.
2422 2995 2539 3051 Non
2563 2995 2747 3066 itaque
2767 3002 2895 3050 sunt
2911 2992 3094 3065 plures
3121 2991 3459 3047 :eternitatcs

1867 3103 2019 3148 extra
2038 3105 2097 3146 se
2127 3089 2377 3145 invicem.
2411 3086 2471 3143 Si
2500 3102 2631 3144 vero
2661 3087 2803 3143 inse
2846 3072 3079 3143 invicem
3126 3083 3311 3155 plures
3338 3096 3463 3139 esse

173 3169 303 3226 tura.
324 3171 453 3230 Tria
491 3174 656 3246 igitur
692 3175 779 3232 hic
805 3174 892 3208 ““
923 3175 1180 3232 dicuntur
1234 3177 1304 3232 de
1345 3190 1454 3232 uno
1483 3185 1599 3241 ιοιο
1639 3189 1763 3250 νει·-
1791 3168 1836 3231 C
1869 3183 2144 3257 dicuntur,
2169 3181 2449 3237 sciendum
2470 3188 2555 3235 est
2580 3179 2708 3250 quia
2730 3178 3163 3251 quotiescunque
3184 3182 3461 3246 repetatur

183 3259 307 3320 lecto
328 3265 420 3299 ⁸⁸η
444 3307 466 3333 ,
499 3277 555 3322 ει
583 3282 748 3322 unum
778 3267 1080 3340 perfectum
1116 3277 1289 3324 totum
1313 3268 1381 3325 de
1416 3268 1629 3333 tribus;
1662 3282 1764 3323 nec

185 3361 343 3411 tamen
371 3357 495 3428 ipsa
530 3358 633 3413 tria
664 3360 734 3415 dc
760 3360 993 3416 invicem
1023 3359 1285 3424 dicuntur
1319 3378 1334 3416 :
1388 3360 1640 3430 qnamvis
1663 3360 1766 3421 hoc

187 3447 328 3525 aliter
356 3451 452 3483 ¹⁸¹³
484 3451 641 3508 valde
667 3460 723 3511 et
745 3452 1040 3524 perfectius
1065 3454 1137 3508 sit
1173 3454 1227 3509 in
1257 3453 1348 3511 illa
1388 3462 1583 3508 natura
1626 3453 1764 3509 sim-

181 3541 455 3612 plicissima
486 3585 503 3615 ,
530 3555 586 3602 et
610 3546 677 3603 ab
701 3547 851 3602 onmi
891 3547 1010 3619 lege
1056 3548 1157 3605 loci
1176 3589 1192 3611 ,
1220 3548 1307 3604 vel
1349 3548 1609 3619 temporis
1635 3589 1650 3613 ,
1678 3545 1764 3603 vel

184 3638 577 3706 compositionis
598 3639 833 3709 partium
857 3639 1139 3705 liberrima
1169 3641 1281 3696 ωδ.
1308 3641 1696 3698 Verumtamen
1719 3642 1765 3697 si

183 3720 270 3802 hoc
287 3727 633 3799 aliquatenus
652 3728 869 3785 videtur
896 3731 950 3785 in
992 3746 1082 3796 re,
1110 3747 1231 3803 qua:
1256 3732 1505 3803 partibus
1544 3747 1767 3802 compo-

185 3814 306 3884 sita,
335 3818 527 3876 loculis
566 3832 621 3876 et
645 3821 962 3893 temporalis
998 3832 1121 3889 est,
1176 3839 1283 3879 non
1321 3832 1405 3879 cst
1451 3824 1766 3879 incredibile

184 3906 231 3990 in
263 3909 344 3966 illa
374 3927 591 3969 summe
619 3912 792 3969 libera
836 3924 1027 3969 natura
1069 3915 1308 3986 perfecte
1348 3930 1489 3977 esse.
1536 3916 1633 3980 Est
1663 3917 1765 3972 hoc.

186 4004 497 4072 quoquehic
524 4003 981 4063 considerandum
1009 4044 1027 4072 ,
1066 4006 1193 4076 quia
1239 4006 1362 4061 fons
1410 4020 1515 4061 non
1562 4015 1645 4062 est
1698 4008 1767 4064 de

185 4088 287 4145 rivo
312 4130 329 4157 ,
359 4108 459 4150 nec
484 4093 550 4151 de
570 4093 693 4150 lacu
718 4111 731 4160 ;
765 4096 918 4153 rivus
954 4109 1084 4151 vero
1105 4096 1171 4151 de
1195 4095 1310 4152 solo
1336 4094 1484 4150 fonte
1510 4105 1614 4163 est,
1655 4112 1762 4152 non

188 4177 266 4236 ξω
286 4182 349 4239 de
373 4184 495 4241 lacu
521 4202 537 4252 ;
566 4184 717 4243 lacus
738 4200 868 4243 vero
896 4187 965 4243 de
992 4186 1144 4242 fonte
1166 4226 1183 4253 ,
1215 4195 1272 4243 et
1300 4186 1367 4242 de
1404 4186 1557 4249 rivo:
1609 4195 1665 4241 et
1690 4186 1764 4241 ita

184 4278 314 4329 totus
342 4274 434 4309 ““
458 4276 610 4333 rivus
631 4277 699 4334 de
730 4285 844 4333 toto
869 4277 1040 4345 fonte,
1061 4286 1117 4334 et
1140 4286 1284 4333 totus
1307 4278 1458 4333 lacus
1484 4286 1539 4333 et
1559 4279 1626 4333 dc
1650 4286 1764 4333 toto

186 4361 353 4441 (ante,
374 4378 433 4426 et
457 4374 525 4427 de
551 4378 664 4429 toto
696 4370 842 4439 rivo;
878 4372 1022 4429 sicut
1051 4371 1284 4431 dicimus
1313 4371 1402 4403 “"
1429 4371 1480 4427 in
1507 4372 1668 4428 Patre
1705 4380 1761 4427 et

1866 3276 2143 3333 aeternitas
2168 3275 2221 3329 in
2242 3273 2583 3338 aeternitate,
2620 3287 2727 3327 non
2755 3280 2839 3327 est
2868 3272 2971 3327 nisi
3012 3285 3121 3325 una
3168 3279 3223 3324 et
3264 3268 3457 3323 eadem

1867 3367 2167 3423 a'tcrnitas.
2210 3364 2437 3433 Dignior
2460 3375 2545 3419 est
2570 3363 2716 3419 enim
2743 3374 2937 3417 natura
2961 3361 3087 3428 ωδ,
3123 3374 3245 3430 qum
3298 3358 3352 3413 in
3400 3372 3464 3414 se

1869 3459 2095 3531 repetita
2122 3471 2338 3530 semper
2360 3456 2461 3511 sibi
2491 3455 2747 3511 convenit
2772 3452 3146 3532 inperfectam
3170 3450 3458 3518 unitatem,

1867 3568 2030 3624 quam
2059 3567 2180 3622 qua:
2200 3550 2282 3606 sui
2310 3546 2549 3603 admittit
2569 3545 2958 3624 pluralitatem.
3017 3541 3119 3599 Ubi
3168 3539 3316 3597 enim
3344 3538 3461 3611 plus

1870 3622 2085 3705 ralitas,
2117 3641 2189 3697 ibi
2215 3638 2534 3702 diversitas;
2566 3644 2623 3691 at
2652 3635 2741 3691 ubi
2766 3622 3055 3691 diversitas
3096 3639 3179 3688 est
3201 3671 3218 3699 ,
3242 3644 3349 3685 non
3379 3636 3466 3685 est

1867 3731 2108 3807 perfecta
2138 3728 2430 3787 concordia
2459 3727 2583 3781 m5':
2614 3724 2855 3797 perfecta
2906 3737 3145 3794 namque
3191 3728 3273 3776 est
3328 3718 3420 3750 ““
3442 3758 3460 3783 ,

1868 3839 1989 3894 qua:
2020 3823 2070 3877 in
2102 3837 2264 3877 unam
2320 3820 2659 3876 identitatem
2700 3826 2756 3874 et
2786 3817 3034 3873 eamdem
3080 3814 3345 3868 nnitatcm
3372 3809 3463 3842 ¹⁸⁹¹¹

1868 3915 2145 3973 convenit.
2172 3914 2229 3968 Si
2257 3898 2388 3984 ergo
2419 3912 2511 3945 ‘m
2542 3909 2732 3966 melior
2765 3916 2849 3963 est
2878 3905 3119 3977 perfecta
3147 3900 3463 3978 concordia,

1869 4022 2032 4081 quant
2055 4008 2402 4077 imperfecta;
2436 4013 2489 4058 et
2508 4000 2841 4073 impossibile
2861 4008 2947 4053 εει
2973 3998 3027 4052 in
3059 4009 3270 4059 summo
3296 3993 3461 4057 bono,

1872 4098 2013 4170 quod
2034 4107 2117 4152 est
2148 4098 2259 4167 ipsa
2284 4096 2588 4159 aeternitas,
2638 4104 2759 4147 esse
2804 4085 3183 4157 imperfectum
3212 4082 3417 4151 aliquid
3444 4121 3465 4153 ι

1873 4203 1979 4243 non
2027 4195 2107 4242 est
2154 4183 2409 4256 possibile
2444 4191 2691 4241 naturam
2725 4177 3052 4235 mternitatis
3096 4173 3461 4246 pluralitatem

1872 4279 2178 4336 admittere.
2200 4275 2541 4351 Quapropter
2554 4273 2982 4343 quotiescunque
3009 4273 3286 4337 repetatur
3306 4271 3464 4319 mter-

1872 4372 2014 4428 nitas
2045 4371 2099 4425 in
2126 4368 2457 4431 aeternitate,
2484 4381 2702 4437 semper
2740 4379 2843 4418 una
2866 4371 2921 4417 et
2954 4362 3144 4417 eadem
3184 4356 3469 4421 :eternitas

187 4452 309 4541 [filio
328 4469 385 4518 et
402 4461 616 4545 Spiritu
636 4472 848 4529 sancto.
871 4460 944 4532 Et
968 4462 1097 4534 quia
1129 4462 1236 4530 alio
1270 4466 1433 4526 modo
1482 4462 1631 4518 rivus
1681 4470 1767 4519 est
1801 4457 1843 4513 Ι)
1869 4471 1956 4520 εει
1984 4462 2100 4517 “".
2148 4459 2304 4539 Quod
2324 4458 2391 4517 dc
2418 4456 2602 4523 multis
2641 4456 2763 4512 aliis
2809 4452 3062 4511 similiter
3103 4451 3303 4507 dicitur
3335 4465 3349 4503 :
3379 4456 3466 4522 ut,

1460 4595 1692 4661 VABIIE
1732 4593 2146 4659 LECTIONES.

251 4690 552 4750 “"llocde
580 4694 752 4751 tribus
769 4710 891 4757 mss.
924 4693 1017 4756 hic
1041 4692 1109 4748 de
1137 4693 1310 4749 tribus
1384 4692 1477 4733 "0"
1518 4678 1690 4749 llab'ct
1717 4678 1861 4757 enim
1900 4692 2052 4747 Nilus
2088 4686 2362 4760 quandam
2391 4700 2515 4760 cum
2542 4683 2794 4739 oratione
2811 4699 2946 4760 ptas.
2979 4678 3465 4760 ςυνρ.γερι.,σ,επιε

191 4758 313 4837 Πρω.
340 4764 403 4837 8.
429 4749 787 4837 dlich.habet
814 4749 1262 4837 enim.quand_am
1288 4762 1464 4837 in‘huc
1492 4778 1629 4837 cuni
1645 4749 1898 4837 oratione
1966 4763 2061 4837 f‘”
2103 4749 2231 4816 Tria
2265 4758 2571 4837 igiturnha-c
2596 4766 2786 4837 nisszet
2804 4752 3127 4837 Editnfjoth.
3160 4753 3271 4837 tria
3286 4749 3459 4837 igitur

190 4829 269 4907 hic
342 4836 435 4867 *m
477 4836 553 4907 De
580 4830 689 4891 uno
713 4823 1279 4907 perfecto'iius._vigr.
1313 4832 1472 4907 coro.
1505 4844 1553 4888 et
1583 4832 1905 4907 edacem.
1948 4833 2015 4907 de
2041 4845 2152 4907 uno
2180 4823 2559 4907 ιειᾱρετιεειρ
2592 4905 2599 4907 _
2633 4824 3003 4907 “"Quatuvis
3036 4823 3463 4907 hocalitcfjgﬁx

191 4900 365 4976 (ἕξεων.
398 4898 645 4976 quamvis
673 4894 789 4961 haec
820 4894 982 4962 aliter
1004 4903 1150 4976 mm"
1175 4899 1343 4976 Omni
1378 4906 1496 4976 lege
1526 4904 1626 4970 loci
1656 4905 1738 4976 vel
1770 4904 2027 4976 temporis
2058 4894 2335 4976 liberrima
2363 4896 2678 4976 nis._Cis‘t.er.
2711 4895 2858 4951 omni
2888 4894 3014 4976 loci,
3049 4894 3131 4976 vel
3151 4894 3445 4976 temporis:

190 4972 265 5047 vel
287 4957 970 5047 έοὶιιῇὀςίῐιότῖίέΒᾱτὶἶιὶὲιῖ
1001 4957 1301 5045 liberrima
1335 4957 1461 5047 7"}?
1475 4957 1572 5030 'D'e—
1585 4957 1738 5047 isolo
1765 4957 1941 5047 failich
1955 4957 2071 5029 non
2099 4988 2227 5025 mss.
2567 4965 2756 5047 Cister.
2791 4957 3026 5047 etﬂdit’.
3060 4957 3471 5047 Gell-radiat}?

189 5025 1339 5110 rante‘égt,".'.3;.""u'iiira."siege...
1402 5025 1734 5100 vagit-'07:}.
1765 5025 2258 5101 ἱῖἷιίίῦιιοιυε
2331 5040 2421 5072 ’δι’
2463 5038 2554 5110 εἰς
2597 5038 2826 5092 dicimus
2856 5036 2910 5110 in
2953 5050 3080 5088 ιιιεε.
3110 5031 3256 5110 ,γεεςτ
3301 5025 3461 5081 Corb.

192 5100 947 5194 Qisler.vﬁctttllicimus’in7
972 5116 1094 5194 fi“.
1123 5115 1189 5181 Et
1212 5100 1509 5194 alio‘modo
1533 5132 1633 5194 ηις.
1676 5100 1864 5194 (ἰίειεν.
1896 5116 2084 5194 ἐειιὶιῶ
2108 5113 2269 5194 modo
2475 5107 2567 5165 Sic
2595 5108 2974 5194 suo‘quod‘a'm‘
3000 5100 3296 5194 moodq'aliLo

192 5169 370 5255 L't'sler.
406 5169 913 5251 iriéi'JCHbL'ﬁén.‘
940 5188 1083 5242 sicut
1118 5169 1217 5240 suo
1245 5169 1478 5255 quodam
1524 5169 1631 5240 alio
1660 5169 1821 5241 modo
1852 5169 1860 5170 ί
1895 5187 1988 5220 ³⁸³⁸
2030 5184 2121 5255 Sic
2149 5184 2296 5239 solus
2324 5180 2491 5255 Filius
2517 5196 2640 5233 mss.
2863 5174 3005 5255 Vict;
3029 5169 3295 5255 $.O‘Miclt.
3324 5169 3468 5255 sicut

189 5253 326 5323 solus
361 5248 535 5329 filius
572 5259 700 5329 η¹⁵ι²¹
725 5243 914 5325 Quam
943 5257 1109 5329 Pa_ter
1140 5268 1198 5311 et
1236 5243 1472 5329 Spiritus
1500 5267 1723 5329 sanctus
1753 5273 1853 5329 ms.
1880 5255 1939 5329 S.
1984 5254 2149 5311 Micli.
2178 5268 2358 5329 quam
2405 5248 2848 5329 PaternetLFi’l‘ius
2882 5255 2949 5326 et.
2971 5243 3472 5329 Spiritnssangctus

328 5314 532 5400 >Ct'sler.
568 5314 701 5385 Vict.
734 5314 787 5385 δῖ
812 5323 976 5400 quam
1003 5326 1167 5400 Pater
1191 5336 1247 5382 et
1272 5314 1442 5400 Filius
1520 5328 1639 5400 “”_
1651 5318 1980 5400 Simpliciter
2002 5314 2282 5400 :eternit'as
2318 5339 2442 5400 mss.
2469 5331 2515 5376 et
2538 5316 2883 5400 ⁸ζξιιὶιίυίῧοςιι.
2906 5314 3460 5400 simplesmterni‘tas.

191 5391 277 5447 im
310 5398 420 5454 Ant
465 5410 592 5455 sunt
649 5400 793 5456 intra
829 5386 893 5454 se
924 5398 1154 5461 invicem
1198 5402 1325 5451 mss.
1369 5396 1563 5452 Cisler.
1598 5397 1731 5452 Thu.
1766 5386 1859 5451 aut
1890 5408 2015 5451 sunt
2045 5398 2099 5450 in
2139 5410 2198 5449 se
2230 5394 2460 5464 invicem
2538 5388 2631 5421 ““
2670 5386 2891 5464 Dignior
2921 5394 3007 5440 est
3044 5390 3469 5464 autemunaturik

355 5452 896 5539 Vici—Corbaci'ste‘r.
926 5452 1147 5539 dignior
1171 5468 1317 5523 enim
1346 5478 1540 5525 natura
1571 5477 1656 5524 est
1692 5538 1697 5539 γ
1733 5468 1823 5539 ω’
1869 5467 1968 5524 Ubi
2000 5465 2316 5528 diversitas,
2365 5462 2437 5517 ibi
2481 5475 2584 5515 non
2616 5468 2700 5513 est
2726 5452 2972 5539 perfecta
3014 5452 3300 5539 concordia
3316 5467 3465 5539 alii}

298 5522 1263 5616 diversitases‘tinon;estaperfecta
1298 5522 1593 5616 concordia
1612 5522 2046 5616 'V““_Perfecta
2071 5522 2313 5616 namque
2343 5540 2427 5587 est
2459 5547 2585 5616 mss.
2620 5522 3137 5616 periis-clamantque
3167 5522 3461 5616 concordia"

346 5609 438 5682 ιιετ
478 5611 609 5679 Quae
638 5613 690 5666 in
709 5598 1064 5682 'identitatei'u
1094 5616 1149 5666 et
1175 5610 1402 5682 eandem
1448 5626 1576 5664 mss.
1605 5625 1723 5682 qua:
1767 5610 1821 5665 in
1869 5625 2028 5665 unam
2071 5598 2409 5682 idcnlitalem
2437 5611 2491 5656 et
2520 5598 2780 5682 candent
2830 5598 2922 5682 "’f
2960 5598 3052 5654 Sic
3083 5611 3214 5682 ergo
3254 5607 3382 5682 ritas.
3413 5598 3463 5662 σει

189 5666 336 5733 Edir.
377 5666 534 5757 (ξοιιῖ.
569 5666 614 5737 si
643 5666 774 5754 ergo
822 5678 944 5757 _“”
987 5680 1103 5738 Una
1131 5690 1184 5738 et
1216 5681 1406 5738 eadem
1435 5666 1713 5738 aeternitas
1740 5689 1825 5739 est
1862 5696 1989 5757 ηιερ.
2022 5694 2127 5735 una
2154 5675 2452 5753 eademque
2480 5680 2535 5728 ει
2560 5670 2674 5755 sola
2717 5670 2994 5743 mternitas
3021 5679 3106 5728 εει
3142 5666 3239 5726 ius.
3270 5666 3468 5736 Cm“:

189 5758 291 5835 quia
318 5754 617 5835 eademque
643 5749 924 5836 azt'erni‘tas
951 5761 1033 5833 est
1942 5749 1951 5757 ’
2022 5775 2025 5778 '
2375 5749 2383 5753 ’
2598 5754 2601 5755 ν

1176 5892 1216 5901 «-
