4030 6290
196 338 280 399 339
1096 322 1105 331 ’
1243 332 1333 390 DE
1372 331 1852 393 PROCESSIONE
1888 333 1947 393 S.
1983 335 2321 397 SPIRITUS.

3306 342 3433 407 ,ω

196 460 263 508 est
284 440 461 511 Filius,
490 451 584 500 aut
626 442 863 517 Spiritus
889 453 1147 515 sanctus;
1199 461 1302 503 nec
1330 444 1498 503 Filius
1540 446 1728 515 Pater,
1760 450 1808 509 Α
1833 446 1975 505 dicta
2006 448 2220 507 Putrem
2248 466 2462 525 quoque
2490 462 2547 511 et
2572 452 2768 511 Filium
2801 466 2931 511 esse
2979 453 3245 526 Spiritum
3289 470 3436 517 san-~

195 547 272 595 aut
288 535 499 609 Spiritus
524 545 771 601 sanctus;
795 550 893 592 nec
923 533 1159 609 Spiritus
1184 545 1406 595 sanctus
1436 535 1616 605 Pater,
1632 548 1733 595 aut

194 631 354 689 Filius.
393 627 644 698 Sequitur
669 642 800 699 ergo
830 628 966 685 alios
1011 629 1079 686 ab
1128 630 1359 687 invicem
1386 670 1402 699 ,
1449 641 1506 687 et
1549 631 1731 702 plures

192 739 311 790 esse,
337 721 540 777 Patrem
569 761 585 785 ,
630 730 683 776 et
711 720 932 788 Filium,
967 732 1023 777 et
1054 722 1317 794 Spiritum
1349 732 1617 779 sanctum.
1661 723 1732 778 At

188 814 323 872 Pater
339 822 416 866 est
440 812 600 876 Deus,
633 810 806 866 Filius
834 820 917 866 est
954 812 1119 879 Deus,
1158 821 1214 869 et
1246 812 1482 885 Spiritus
1510 823 1731 870 sanctus

186 915 253 963 est
286 904 433 960 Dens.
475 902 614 971 Quid
658 904 844 973 itaque
891 905 1342 975 censequentins,
1385 905 1429 962 si
1471 905 1730 977 prmdicta

184 1010 499 1069 personarum
518 993 610 1027 ³⁸⁸⁸
634 993 913 1064 pluralitas
933 1011 1085 1052 suam
1106 1006 1294 1053 servat
1321 999 1728 1069 proprietatem,

184 1102 317 1158 quam
344 1084 553 1140 Patrem
585 1093 641 1141 et
666 1084 865 1141 Filium
884 1095 939 1142 et
964 1086 1226 1158 Spiritum
1261 1101 1511 1146 sanetum
1546 1090 1731 1161 plures

185 1180 293 1235 deos
339 1190 482 1245 esse,
536 1186 593 1233 et
661 1178 798 1235 alios
841 1180 909 1235 ab
946 1181 1223 1237 invicem?
1252 1183 1358 1239 Sed
1406 1184 1509 1240 hoc
1552 1185 1730 1241 nulla.

181 1282 311 1326 tenus
334 1269 566 1325 admittit
585 1270 909 1328 inviolabilis
930 1273 1254 1346 simplicitas
1284 1277 1536 1343 Deitatis,
1562 1292 1728 1348 quam

163 1370 315 1416 unum
336 1361 508 1417 solum
546 1362 717 1420 Deum
757 1368 1195 1424 esse‘credimus.
1240 1370 1330 1426 Sic
1360 1371 1575 1442 repellit
1604 1372 1726 1429 uni-

163 1448 243 1508 ‘tas
265 1454 499 1509 essentia:
536 1455 663 1524 Dei,
694 1457 1045 1515 relativorum
1080 1464 1551 1533 consequentiam.
1578 1465 1726 1520 Con:-

172 1542 485 1598 siderandum
522 1560 738 1615 quoque
766 1556 851 1603 est
877 1553 1151 1619 quomodo
1182 1552 1508 1608 relatiouum
1538 1553 1726 1626 plura-

173 1633 275 1688 litas
297 1635 471 1690 obviet
493 1638 718 1693 unitatis
747 1642 1185 1711 consequentia};
1220 1644 1265 1699 si
1309 1644 1462 1714 prius
1484 1645 1727 1716 posueri-

158 1732 268 1779 mus
288 1725 458 1796 aliqua
484 1738 552 1783 ex
591 1729 696 1793 Itis,
747 1731 802 1786 in
850 1732 1048 1802 quibus
1086 1734 1232 1789 nulla
1261 1736 1477 1792 obsistit
1508 1737 1724 1808 opposi-

1825 552 2015 612 ‘Ctttm;
2057 548 2151 603 sed
2198 555 2300 605 n'e'c
2325 534 2509 618 Pater,
2541 550 2611 608 de
2661 561 2769 623 quo
2798 556 2882 606 est
2910 549 3150 623 Spiritus
3197 562 3420 612 sanctus

1831 641 2011 704 potest
2068 635 2161 691 ille
2211 653 2331 694 esse
2391 640 2483 710 qui
2534 639 2601 695 de
2654 650 2715 696 se
2757 646 2876 706 est;
2920 655 3021 697 nec
3070 640 3280 708 Filius,
3323 641 3419 715 qui

1831 725 2017 782 existit
2059 727 2125 783 de
2161 727 2324 785 Patre
2372 732 2645 787 nascendo
2668 772 2684 800 ,
2723 741 2817 788 est
2851 730 2943 787 ille
2976 733 3069 804 qui
3122 733 3191 791 de
3224 735 3417 792 eodem

1833 813 1935 884 51
1978 813 2142 872 Patre
2163 824 2253 872 est
2281 806 2666 889 procedendo,
2694 808 2750 876 id
2788 832 2873 878 est
2898 816 3136 892 Spiritus
3172 832 3417 881 sanctus.

1831 904 1967 961 Cmn
2000 916 2179 963 autem
2210 910 2501 981 «apparebit
2540 911 2666 981 quia
2700 911 2935 982 Spiritus
2968 923 3188 970 sanctus
3222 922 3309 970 est
3347 914 3421 970 de

1831 995 1989 1065 Filio,
2030 1008 2156 1055 tunc
2186 1014 2399 1071 quoque
2427 1000 2602 1071 palam
2634 1002 2895 1072 erianis
2920 1014 3145 1075 propter
3177 1006 3282 1062 ltec
3317 1021 3421 1064 ne-

1832 1089 1950 1159 quit
1981 1104 2100 1144 esse
2135 1089 2309 1146 Filius
2360 1091 2596 1161 Spiritus
2634 1104 2877 1159 sanctus.
2913 1105 2969 1150 et
3012 1096 3249 1167 Spiritus
3287 1114 3416 1156 san-

1825 1190 1952 1235 ctus
1992 1179 2182 1237 Filius.
2223 1180 2641 1239 Censideremus
2676 1186 2857 1242 adhuc
2900 1186 2990 1219 ‘m
3025 1191 3297 1259 quomodo
3327 1206 3421 1248 su-

1826 1274 2088 1343 pradictae
2135 1276 2505 1346 oppositiones
2552 1278 2821 1335 obsistant
2870 1279 2960 1313 ³⁸⁸⁸
3010 1285 3420 1354 consequentia:

1826 1365 2102 1434 praedictae
2130 1366 2354 1423 unitatis
2385 1384 2401 1423 :
2438 1368 2580 1425 Deus
2613 1379 2699 1426 est
2740 1372 2806 1427 de
2841 1370 2972 1429 Deo.
3016 1371 3129 1429 IIoc
3167 1389 3298 1445 ergo
3330 1392 3417 1432 ερ-

1826 1452 1935 1509 "mel
1966 1455 2211 1525 accepto,
2241 1456 2498 1527 quoniam
2532 1458 2674 1515 idem
2705 1459 2847 1516 Deus
2874 1470 2958 1518 est
2983 1461 3145 1519 Pater
3164 1474 3218 1518 et
3246 1463 3420 1519 Filius

1822 1551 1883 1596 “et
1915 1541 2151 1613 Spiritus
2188 1553 2448 1613 sanctus;
2480 1548 2725 1618 sequitur
2757 1551 3053 1606 secundum
3088 1552 3229 1619 lianc
3259 1553 3433 1613 ideua

1828 1633 2034 1689 titatem
2062 1644 2125 1689 ut
2165 1634 2307 1692 Dens
2338 1636 2501 1693 Pater
2531 1638 2603 1695 sit
2633 1640 2777 1696 Deus
2810 1641 2881 1696 de
2908 1642 3018 1699 Deo
3039 1682 3055 1707 ,
3095 1651 3150 1698 et
3180 1643 3321 1700 Deus
3346 1646 3417 1700 de

1819 1734 1933 1799 quo
1958 1740 2046 1785 est
2070 1730 2254 1798 Deus;
2289 1741 2344 1788 et
2382 1733 2632 1791 similiter
2660 1733 2863 1803 Filius,
2897 1732 3036 1794 Deus
3062 1736 3129 1793 de
3171 1737 3281 1793 Deo
3308 1778 3324 1803 ,
3359 1748 3448 1794 et‘

170 1815 246 1870 tie.
268 1815 501 1874 Dicimus
532 1836 696 1875 unmn
743 1824 913 1879 Deum
941 1840 1064 1882 esse
1090 1824 1333 1894 Patrem,
1362 1837 1417 1883 et
1465 1841 1587 1885 esse
1633 1816 1724 1886 Fi-

1830 1821 1973 1878 Deus
2021 1821 2087 1878 de
2135 1839 2243 1894 quo
2279 1834 2364 1880 est
2406 1825 2585 1894 Deus;
2638 1837 2694 1883 et
2733 1829 2924 1884 eodem
2973 1829 3133 1884 modo
3178 1828 3416 1901 Spiritus

160 1907 292 1973 lium,
329 1919 382 1966 et
422 1926 544 1969 esse
575 1914 836 1984 Spiritum
868 1926 1136 1985 sanctum,
1159 1930 1224 1977 et
1250 1936 1416 1975 unum
1445 1921 1723 1977 eumdem-

154 2010 252 2067 ‘que
272 2000 357 2034 “"
387 2002 556 2060 Deum
579 2022 720 2075 esse,
749 2012 865 2064 sive
902 2010 1126 2081 singuli,
1156 2012 1271 2069 sive
1299 2013 1435 2079 bini,
1464 2012 1582 2069 sive
1611 2022 1722 2070 tres

165 2091 296 2145 simul
320 2093 572 2151 dicantur
588 2097 698 2153 lm.
713 2098 772 2154 Si
796 2115 928 2170 ergo
948 2099 1090 2158 Deus
1111 2112 1196 2157 est
1219 2110 1476 2170 teternus,
1496 2112 1724 2175 propter

162 2182 397 2239 unitatem
460 2186 733 2255 Deitatis,
787 2205 855 2244 ex
917 2193 1247 2248 necessitate
1302 2195 1551 2266 sequitur
1595 2196 1722 2267 quia

163 2279 367 2328 minus
417 2284 507 2343 est
536 2275 717 2341 Pater,
750 2288 988 2334 :etern'es
1017 2290 1102 2335 est
1132 2283 1325 2350 Filius,
1374 2294 1610 2341 aeternus
1640 2295 1725 2342 est

165 2357 369 2428 Spiritus
399 2372 641 2419 sanctus.
663 2365 729 2419 Et
749 2368 1003 2437 quoniam
1026 2370 1140 2425 sive
1163 2372 1380 2442 singuli,
1406 2373 1521 2429 sive
1544 2373 1725 2444 plures

165 2448 316 2515 simul,
343 2462 481 2506 sunt
509 2469 649 2509 unus
677 2454 850 2522 Deus;
896 2473 1001 2514 non
1030 2468 1112 2514 est
1141 2461 1243 2517 nisi
1286 2478 1426 2519 unus
1465 2474 1724 2521 :eternus.

156 2539 337 2598 Similis
380 2546 803 2615 consequentia,
827 2549 873 2604 si
921 2550 1066 2607 Deus
1107 2552 1309 2610 dicitur
1340 2564 1580 2623 creator,
1610 2558 1726 2615 sive

160 2629 325 2700 justus,
342 2635 462 2689 sive
492 2635 699 2705 aliquid
729 2637 981 2708 aliorum,
1011 2641 1065 2697 in
1083 2643 1281 2715 quibus
1301 2646 1447 2702 nulla
1468 2648 1724 2719 praedicta

163 2720 453 2795 intelligitur
490 2726 705 2782 relatio.

739 2820 972 2879 CAPUT
1021 2825 1105 2881 Ill.

155 2902 406 2970 Quomodo
451 2911 675 2967 unitatis
712 2910 811 2966 Dei
850 2919 1279 3040 fouseqttentt'am
1314 2920 1592 2994 restringat
1642 2938 1723 2979 re—

872 2998 1000 3040 alio.

872 2998 1000 3041 αηο.

218 3066 500 3127 Videamus
528 3085 678 3131 nunc
724 3076 815 3110 ¹⁸⁸⁷
861 3078 1133 3147 quomodo
1178 3077 1320 3136 hanc
1349 3082 1575 3139 unitatis
1627 3083 1720 3140 Dei

1826 1923 2070 1969 sanctus.
2137 1915 2333 1971 Verum
2386 1929 2632 1987 quarere
2683 1926 2865 1974 utmm
2923 1919 3293 1990 unusquisque
3344 1921 3417 1976 sit

1825 2004 1967 2059 Deus
2008 2001 2098 2036 ’δ”
2127 2004 2194 2060 de
2221 2021 2328 2076 quo
2358 2016 2439 2062 est
2468 2005 2636 2074 Deus,
2668 2022 2776 2062 non
2807 2014 2890 2063 est
2918 2008 3061 2063 aliud
3092 2024 3255 2079 quam
3284 2024 3417 2065 con-

1822 2096 2067 2154 siderare
2105 2105 2287 2152 utrmu
2330 2098 2575 2170 singulos
2608 2098 2836 2170 quisque
2868 2099 2940 2155 sit
2981 2099 3126 2154 Deus
3169 2100 3235 2155 de
3280 2099 3412 2156 Deo.

1824 2186 1939 2243 Non
1972 2190 2121 2246 enim
2150 2200 2331 2260 potest
2362 2192 2431 2247 de
2462 2192 2574 2248 Deo
2605 2192 2746 2248 Dens
2793 2207 2914 2247 esse
2944 2191 3058 2255 ““.
3106 2191 3211 2248 nisi
3250 2190 3417 2248 Pater

1824 2288 1918 2334 aut
1947 2280 2120 2335 Filius
2150 2292 2243 2337 aut
2273 2278 2517 2354 Spiritus
2542 2293 2794 2350 sanctus;
2828 2292 2883 2340 et
2910 2282 3012 2340 nisi
3039 2283 3107 2339 de
3135 2283 3296 2340 Patre
3321 2292 3419 2340 aut:

1826 2374 1893 2427 de
1937 2372 2073 2427 Filio
2115 2384 2209 2430 aut
2253 2375 2319 2430 de
2367 2375 2575 2445 Spiritu
2619 2386 2832 2434 saneto.
2883 2376 3238 2449 Inspiciamus
3281 2392 3417 2449 ergo

1824 2472 2007 2519 utrum
2048 2465 2140 2498 ““
2168 2466 2541 2538 unusquisque
2570 2469 2641 2524 sit
2672 2468 2814 2524 Deus
2840 2469 2909 2526 de
2944 2470 3075 2536 Deo,
3108 2478 3166 2527 et
3206 2469 3433 2541 patebit

1827 2562 2005 2611 utrum
2043 2556 2114 2611 sit
2145 2549 2387 2629 singulus
2419 2559 2650 2629 quisque
2690 2559 2832 2615 Deus
2860 2561 2926 2617 de
2965 2568 3074 2631 quo
3111 2569 3202 2617 est
3245 2560 3414 2618 Deus.

1826 2645 1933 2700 Sed
1977 2644 2139 2700 Pater
2186 2662 2295 2700 non
2339 2654 2517 2717 potest
2554 2661 2676 2703 esse
2711 2647 2778 2702 de
2822 2648 2970 2714 Deo,
3009 2658 3230 2719 propter
3272 2665 3417 2720 pra:-

1825 2736 2024 2791 dietam
2055 2736 2476 2807 oppositieuem.
2522 2736 2658 2793 Cum
2696 2737 2842 2793 enim
2873 2752 2979 2793 non
3019 2738 3090 2794 sit
3134 2738 3276 2795 Deus
3310 2740 3418 2796 nisi

1824 2834 1915 2881 aut
1944 2825 2107 2881 Pater
2132 2836 2227 2881 aut
2256 2826 2428 2881 Filius
2466 2836 2561 2883 aut
2598 2828 2837 2899 Spiritus
2867 2837 3087 2886 sanctus
3109 2871 3125 2895 ,
3172 2840 3269 2886 aut
3308 2833 3416 2888 duo

1823 2932 1892 2973 ex
1922 2918 2039 2985 Itis,
2074 2928 2168 2973 aut
2203 2927 2314 2974 tres
2346 2918 2535 2986 simul;
2570 2936 2678 2974 non
2708 2928 2888 2991 potest
2915 2934 3036 2977 esse
3078 2921 3220 2977 Deus
3252 2923 3417 2979 Pater

1824 3010 1890 3065 de
1914 3011 2049 3079 Deo,
2083 2998 2305 3065 nisi’aut
2337 3012 2403 3066 de
2433 3011 2621 3077 Patre,
2655 3012 2758 3067 ltoc
2786 3023 2871 3068 est
2898 3010 2965 3069 de
2994 3012 3193 3084 seipse,
3222 3022 3317 3069 aut
3344 3014 3416 3071 de

1824 3100 1982 3168 Filio,
2012 3112 2106 3158 aut
2134 3102 2203 3159 de
2235 3102 2441 3176 Spiritu
2470 3114 2661 3161 sancte
2694 3104 2809 3170 ιη’,
2837 3112 2932 3160 aut
2961 3106 3029 3162 de
3058 3106 3289 3175 duobus,
3320 3115 3418 3163 aut

155 3160 576 3269 :onscqtteutiam
611 3168 904 3240 restringat
927 3170 1139 3226 relatio.
1158 3170 1399 3229 Dicimus
1427 3175 1572 3230 enim
1594 3177 1719 3245 quia
1748 3166 1794 3227 C
1823 3193 1891 3250 de
1919 3160 2112 3251 "films.
2149 3196 2224 3251 De
2254 3160 2432 3267 ἀείρεο
2460 3213 2566 3253 non
2611 3160 2977 3267 poma-(csse;
3009 3199 3138 3269 quia
3170 3160 3419 3257 εχίέιθηε

160 3247 277 3306 Deus
295 3263 373 3309 est
406 3255 596 3312 Pater.
622 3257 887 3326 Quoniam
919 3279 1051 3334 ergo
1086 3280 1224 3319 unus
1252 3273 1338 3320 est
1373 3265 1511 3321 Deus
1539 3267 1719 3334 Pater,

154 3348 202 3426 et
227 3341 403 3413 Filius,
436 3357 493 3403 ct
546 3348 787 3420 Spiritus
817 3366 1062 3422 sanctus,
1092 3356 1261 3426 exigit
1289 3350 1473 3413 unitas
1522 3359 1616 3415 Dei
1665 3370 1725 3417 ut

159 3425 301 3487 Filius
341 3436 410 3490 sit
441 3437 630 3505 Pater,
667 3448 724 3494 et
771 3442 1006 3511 Spiritus
1055 3425 1276 3499 sanctus
1308 3449 1378 3501 sit
1405 3446 1598 3515 Pater;
1630 3449 1723 3505 sed

154 3518 315 3579 obviat
355 3528 556 3585 reiatio
603 3546 725 3601 qua:
770 3534 1023 3603 prohibet
1070 3535 1265 3592 Filium
1315 3546 1409 3593 aut
1460 3540 1721 3611 Spiritum

159 3626 373 3675 sanetum
401 3637 528 3679 esse
557 3622 797 3680 Patrem.
823 3626 1031 3698 Quippe
1069 3643 1171 3683 nec
1200 3637 1392 3686 natura
1433 3635 1722 3703 permittit,

158 3716 241 3760 nec
282 3708 599 3767 intellectus
634 3714 781 3784 capit
818 3717 1149 3773 existentem
1180 3719 1247 3775 de
1277 3720 1461 3792 aliquo
1502 3739 1624 3781 esse
1657 3726 1725 3781 de

160 3806 247 3862 quo
269 3798 478 3869 existit;
516 3809 615 3856 aut
660 3804 726 3858 de
763 3820 871 3874 quo
915 3808 1121 3874 existit,
1154 3823 1276 3865 esse
1304 3811 1627 3868 existentem
1657 3815 1726 3870 de

158 3900 223 3941 se.
246 3887 438 3946 Existit
479 3903 669 3949 autem
697 3894 866 3951 Filius
884 3906 938 3951 et
969 3896 1208 3970 Spiritus
1260 3911 1481 3959 sanctus
1515 3905 1581 3961 de
1623 3905 1725 3961 Pa-

159 3984 255 4046 Ire;
299 3997 467 4052 quare
500 4003 611 4041 non
662 3996 841 4058 potest
883 3988 1053 4045 Filius
1092 4001 1187 4047 aut
1217 3992 1455 4063 Spiritus
1503 4008 1725 4054 sanctus

152 4084 257 4126 esse
281 4073 458 4145 Pater,
492 4079 749 4147 quamvis
780 4080 921 4136 Deus
950 4082 1022 4136 sit
1070 4082 1255 4152 Pater,
1283 4095 1339 4141 et
1372 4103 1513 4143 unus
1553 4089 1723 4145 idem-

157 4174 245 4228 que
284 4162 423 4221 Deus
459 4168 540 4222 sit
587 4167 751 4223 Pater
787 4179 843 4225 et
894 4170 1065 4226 Filius
1104 4182 1159 4228 et
1200 4173 1435 4244 Spiritus
1480 4191 1720 4236 sanctus.

156 4246 367 4319 ldipsum
420 4257 778 4328 cognoscitur
817 4260 932 4327 “",
963 4262 1008 4317 si
1041 4261 1240 4319 dicitur
1286 4264 1428 4323 Deus
1482 4283 1606 4325 esse
1639 4270 1727 4325 Fi-

158 4338 278 4396 lius:
306 4344 416 4401 vult
441 4349 593 4403 enim
624 4350 846 4405 unitatis
885 4351 977 4407 Dei
1008 4359 1419 4427 consequentia,
1447 4370 1506 4415 ut
1535 4371 1589 4417 et
1614 4361 1722 4418 Pa-

1825 3282 1893 3338 de
1922 3283 2129 3353 aliquo,
2174 3292 2229 3338 et
2258 3284 2324 3339 de
2354 3301 2462 3355 que
2501 3286 2687 3341 existit
2730 3302 2837 3341 non
2869 3296 3049 3357 potest
3085 3288 3226 3343 idem
3269 3303 3411 3343 esse.

1827 3374 1901 3431 De
1929 3373 2066 3429 Filio
2105 3390 2211 3428 non
2248 3382 2361 3441 est;
2404 3376 2532 3445 quia
2578 3375 2746 3451 Filius
2786 3385 2869 3431 cst
2895 3376 2964 3432 de
3006 3377 3166 3448 ipso:
3206 3387 3259 3433 et
3293 3378 3420 3433 ideo

1826 3478 1930 3519 neu
1962 3472 2138 3535 potest
2163 3479 2284 3520 esse
2318 3467 2383 3521 de
2413 3466 2573 3522 Filio.
2609 3466 2685 3522 De
2714 3466 2921 3538 Spiritu
2949 3478 3141 3524 sancto
3167 3484 3271 3525 non
3298 3478 3414 3535 est,

1823 3555 1950 3623 quia
1982 3554 2048 3611 de
2078 3555 2169 3609 illo
2195 3566 2279 3611 est
2309 3555 2544 3628 Spiritus
2569 3568 2833 3625 sanctus;
2866 3574 2967 3616 nec
2996 3560 3141 3616 valet
3169 3577 3291 3617 esse
3323 3562 3417 3618 ille

1829 3645 1920 3678 ³⁸³⁸
1946 3647 2037 3717 qui
2069 3647 2133 3703 de
2161 3663 2219 3703 se
2249 3656 2354 3704 est.
2384 3650 2459 3705 De
2484 3650 2696 3707 duobus
2724 3650 2807 3707 vel
2836 3652 3011 3709 tribus
3040 3653 3200 3709 simul
3227 3654 3417 3724 nequit

1826 3750 1947 3791 esse
1977 3734 2413 3809 Pater,prepter
2439 3740 2683 3796 eamdem
2725 3741 3082 3811 appositionis
3123 3743 3418 3803 rationem.

1826 3824 2019 3880 Filium
2056 3843 2183 3882 vere
2227 3828 2394 3883 Deum
2428 3845 2651 3886 necesse
2678 3840 2763 3887 est
2791 3846 2913 3888 esse
2958 3833 3026 3888 de
3057 3831 3221 3888 Patre
3262 3833 3413 3900 Dee,

1825 3917 1953 3987 quia
1983 3916 2145 3972 Pater
2173 3932 2280 3972 non
2305 3922 2479 3975 estde
2509 3920 2639 3987 ille;
2669 3922 2735 3978 de
2762 3921 2900 3977 Filio
2928 3937 3075 3987 vero.
3105 3923 3208 3979 boc
3235 3932 3321 3979 est
3347 3925 3416 3980 de

1827 4008 2004 4079 seipse
2030 4024 2148 4063 esse
2176 4011 2405 4078 nequit;
2437 4027 2544 4067 non
2570 4024 2654 4068 est
2678 4012 2821 4068 idem
2850 4014 3093 4069 existens
3117 4015 3185 4069 de
3209 4013 3414 4085 aliquo,

1824 4105 1881 4151 et
1911 4096 2114 4165 deque
2140 4096 2347 4153 existit.
2380 4095 2574 4153 Utrum
2614 4108 2793 4155 autem
2836 4101 2905 4156 sit
2945 4101 3014 4157 de
3050 4100 3257 4172 Spiritu
3286 4118 3415 4158 san-

1826 4196 1938 4255 cte,
1969 4197 2063 4242 aut
2092 4186 2329 4259 Spiritus
2373 4190 2690 4247 sauctusde
2720 4191 2810 4249 illo
2838 4200 2962 4266 post
3002 4193 3415 4250 monstrabitur.

1827 4276 1933 4333 Sed
1970 4278 2119 4349 prius
2159 4280 2401 4337 dicemus
2444 4282 2511 4338 de
2541 4282 2743 4355 Spiritu
2789 4295 2982 4341 sancto
3022 4284 3067 4341 si
3116 4285 3414 4343 secundum

1826 4374 2273 4444 consequentiam
2301 4376 2615 4447 pmdietam
2638 4378 2709 4433 sit
2736 4379 2802 4435 de
2824 4380 3009 4447 Patre,
3038 4387 3093 4435 et
3117 4380 3185 4437 de
3211 4383 3413 4453 seipse.

156 4439 225 4486 ter
240 4435 347 4504 ⁸⁸⁸⁸,
370 4450 433 4543 ει
464 4441 708 4512 Spiritus
740 4454 967 4499 sanctus
996 4448 1065 4501 sit
1088 4448 1277 4505 Filius.
1309 4452 1415 4507 Sed
1440 4453 1620 4522 Pater,
1656 4457 1723 4513 de
1755 4535 1795 4543 _
1828 4462 1904 4518 De
1935 4435 2095 4520 Patre
2128 4435 2347 4535 quidem
2377 4481 2603 4523 necesse
2639 4476 2724 4526 est
2760 4484 2884 4525 eum
2913 4485 3076 4539 esse;
3107 4435 3415 4543 quiantulla

158 4538 249 4591 quo
267 4539 346 4582 est
370 4529 567 4596 Filius,
590 4547 696 4587 non
721 4544 900 4602 potest
918 4551 1038 4592 esse
1060 4539 1150 4608 qui
1173 4540 1239 4595 de
1262 4555 1321 4597 se
1349 4552 1460 4609 est;
1488 4544 1725 4614 Spiritus
1755 4535 1804 4591 Ῐ)
1828 4553 2013 4609 obviat
2051 4529 2318 4625 oppositie

156 4626 265 4670 vero
285 4630 531 4688 sanctus,
572 4624 663 4693 qui
691 4625 879 4681 existit
909 4628 974 4683 de
1006 4626 1167 4685 Patre
1194 4632 1567 4701 procedendo,
1618 4653 1725 4695 non

157 4717 227 4763 est
250 4711 334 4767 ille
358 4715 453 4784 qui
485 4717 664 4771 estde
692 4716 854 4775 Patre
882 4724 1175 4777 nascendo.
1216 4724 1348 4782 Item
1381 4744 1396 4781 :
1436 4727 1573 4783 Cum
1601 4731 1728 4787 dici-

158 4806 247 4870 tur,
270 4802 409 4862 Deus
447 4816 538 4864 est
581 4807 814 4880 Spiritus
835 4822 1086 4880 sanctus;
1120 4818 1343 4886 requirit
1382 4821 1561 4877 unitas
1585 4838 1726 4894 pra:-

2363 4574 2378 4613 :
2426 4574 2536 4613 non
2574 4573 2645 4614 en
2670 4574 2722 4613 m
2757 4568 2841 4615 est
2880 4558 3043 4618 Pater
3085 4563 3153 4619 de
3187 4563 3300 4619 illo.
3337 4564 3416 4621 De

1828 4645 2008 4716 seipse
2036 4661 2166 4702 vero
2196 4648 2531 4717 impossibile
2557 4659 2642 4706 est
2681 4665 2805 4707 eum
2833 4667 2995 4720 esse;
3027 4655 3154 4725 quia
3182 4672 3293 4712 nou
3314 4671 3427 4726 po-_

1831 4745 1937 4792 test
1974 4737 2214 4792 existens
2244 4739 2311 4793 de
2350 4739 2553 4806 alique,
2592 4749 2647 4795 et
2690 4742 2757 4797 de
2784 4757 2894 4813 quo
2926 4753 3043 4810 est,
3083 4746 3226 4802 idem
3266 4760 3410 4801 esse.

1828 4826 1885 4881 In
1911 4828 1995 4883 his
2016 4828 2266 4883 omnibus
2292 4828 2424 4883 nihil
2447 4831 2629 4886 obviat
2653 4834 3054 4905 consequentia:
3079 4836 3238 4891 unius
3262 4834 3416 4909 iden-

1446 4973 1679 5032 VARUE
1718 4976 2121 5034 LECTIONES.

214 5073 300 5166 1‘1"
432 5080 818 5166 praedictarum
855 5100 1210 5166 personarum
1236 5105 1365 5166 mss.
1400 5092 1445 5145 si
1488 5094 1740 5166 praedicta
1769 5110 2121 5166 personarum
2199 5097 2292 5129 “"
2331 5098 2397 5153 Et
2433 5114 2601 5155 unum
2633 5102 2864 5157 eundem
2915 5119 3041 5155 mss.
3075 5100 3227 5156 Getis.
3260 5102 3389 5157 Bee.

156 5138 526 5229 Εςςὺεηιέίεἱεν.
559 5162 616 5207 et
648 5170 813 5209 ttnum
855 5138 1209 5227 ἒιὶὲιὶίεῖἧὲιῖιξ
1238 5138 1444 5214 ’
1490 5138 1755 5221 ﬁguli-es
1769 5138 2252 5223 Ziitiﬁi"hié3niur
2287 5138 2397 5223 in:
2993 5138 3115 5225 ess:
3161 5173 3418 5229 dicantur

277 5220 601 5311 fidearnlt‘ts
643 5239 790 5311 nune
821 5238 919 5281 etc.
954 5229 1009 5280 in
1052 5212 1152 5282 ηιξ.
1179 5212 1490 5311 Corinllrie‘

292 5289 456 5382 (ﬁeri).
491 5291 683 5382 (ξὶειιξν-
719 5296 950 5382 Μίρξιιμη
982 5280 1340 5382 cognoscitur.
1384 5280 1492 5382 -ἶίτξ
1918 5280 2062 5382 ἷκε.
2107 5280 2886 5382 Et?

152 5361 461 5449 animum
484 5373 583 5449 etc.
616 5361 810 5449 iustis.-
842 5361 1090 5449 Vier._13.
1121 5371 1206 5424 hic
1224 5372 1416 5449 incipit
1446 5373 1615 5439 Caput
1654 5377 1690 5430 4
1785 5361 2622 5449 in»oppositisiies'sssiaslaai
2646 5361 2796 5436 ‘niii.’
2833 5361 2963 5437 Pici.
2995 5382 3048 5439 9.
3082 5361 3230 5441 e13?
3240 5361 3409 5439 ἱόἓῑ.

150 5422 285 5517 fere.
319 5429 453 5517 Dec.
483 5435 852 5517 oppositiones
880 5422 1195 5517 obsistam“
1221 5422 1548 5517 ’λέξηᾜιι-ἶιῖιῖ
1561 5422 1830 5517 "qui-squis
1864 5422 2298 5505 sifb'éié'iiiii.’

150 5491 294 5577 ροιίι.
334 5491 536 5577 utrum'
558 5491 812 5577 'unusqui

883 5524 950 5565 ue
974 5512 1045 5566 sit
1072 5513 1215 5568 Deus
1290 5514 1381 5546 “"
1418 5512 1613 5572 Potest
1644 5512 1787 5574 Deus
1833 5518 1900 5573 de
1940 5520 2217 5583 Dee,Deus
2242 5535 2363 5575 esse
2388 5536 2515 5574 mss.
2554 5520 2691 5575 Vict.
2734 5522 2793 5578 S.
2833 5524 2998 5578 Mich.
3033 5524 3192 5580 ϐοτὰ.

3231 5536 3417 5597 potest

151 5525 294 5553 υυικ.
334 5525 527 5558 utrum
581 5525 812 5577 unusqm
883 5525 950 5565 ue
974 5525 1045 5566 sit
1072 5525 1215 5568 Deus
1290 5525 1381 5546 “"
1418 5525 1604 5572 Potest
1644 5525 1787 5574 Deus
1833 5525 1900 5573 de
1940 5525 2217 5583 Dee,Deus
2242 5535 2363 5575 esse
2388 5536 2515 5574 mss.
2555 5525 2691 5575 Vict.
2734 5525 2793 5578 S.
2833 5525 2998 5578 Mich.
3033 5525 3192 5580 ϐοτὰ.
3231 5536 3417 5597 potest

147 5561 705 5667 gapeogetts‘essed
735 5525 1245 5667 Trs‘lnspieiamus;
1270 5595 1453 5667 utrum
1482 5603 1610 5643 mss.
1637 5589 1989 5667 Inspiciamus
2021 5606 2155 5667 ergo
2177 5600 2365 5667 utrum
2431 5589 2531 5667 f‘"
2566 5590 2680 5646 Hoc
2698 5603 2787 5667 est
2813 5595 2880 5667 de
2908 5594 3045 5651 Filio
3074 5603 3170 5652 aut
3193 5598 3262 5653 de
3287 5597 3413 5667 8ρί-
3460 5644 3461 5647 η

508 5661 636 5752 ρξε’ἱ
658 5644 1135 5752 :i'fld.ngo‘i."llroe
1157 5644 1244 5712 esi
1285 5659 1351 5714 dc
1375 5660 1529 5743 ipse,
1581 5670 1673 5717 aut
1697 5644 1762 5718 d'e
1785 5659 1940 5728 Filio,
1976 5644 2191 5716 Vautvde
2225 5644 2447 5735 Spiritu:
2468 5644 2674 5722 saneto
2694 5644 2785 5702 '13“.
2818 5644 3179 5726 live—valetille
3196 5644 3419 5752 35an

150 5697 287 5763 Ean.
333 5697 503 5771 eoin.
538 5697 636 5776 nee
659 5697 814 5776 ista"
828 5697 1135 5778 essent]:
