4030 6290
202 313 288 371 295

1268 304 1359 363 DE
1398 303 1877 366 PROCESBIONE
1914 304 1976 364 S.
2015 305 2351 366 SPIRITUS.

3320 300 3503 373 θυι

200 430 253 485 si.
273 424 390 483 Cum
411 429 585 477 autem
610 418 732 477 dico
760 434 827 476 ex
857 434 923 476 eo
962 434 1090 490 quia
1114 418 1281 476 Pater
1308 436 1450 477 unus
1479 422 1621 476 Deus
1640 430 1739 478 est
1765 435 1811 487 Α
1842 422 1981 477 ritus
2003 424 2232 478 sanctus
2256 437 2365 477 non
2395 422 2558 479 habet
2586 421 2804 479 Filium.
2838 424 2945 480 Per
2983 424 3086 480 hoc
3114 424 3261 480 enim
3286 434 3421 497 pro-

201 532 301 575 cum
323 513 445 569 Filio
471 522 565 567 aut
601 526 725 567 curn
750 511 954 582 Spiritu
981 522 1191 577 sancto,
1223 511 1375 582 sequi
1404 511 1601 568 Filium
1623 526 1747 568 esse

201 610 278 643 ’⁵⁸⁸
301 608 360 662 de
384 604 580 675 Spiritu
612 612 820 667 sancto,
875 614 970 658 aut
1020 603 1283 674 Spiritum
1323 612 1574 659 sanctum
1622 616 1749 659 esse

199 701 254 757 de
277 698 443 754 Filio:
477 695 623 751 nulla
652 695 724 751 ibi
768 694 1051 766 pluralitas
1096 702 1406 767 generatur,
1461 709 1584 764 qua:
1628 695 1748 749 nni-

197 792 305 848 tatis
325 790 495 846 obviet
515 788 953 863 consequentia};
980 788 1106 859 quia
1156 802 1261 843 non
1293 796 1581 855 ulrumque
1628 786 1750 841 dico

196 899 312 948 esse,
332 880 416 937 sed
440 880 667 935 alterum
702 888 934 935 tantum.
960 880 1279 936 Omnimoda
1311 879 1475 951 igitur
1499 887 1554 934 et
1585 878 1740 934 inex-

192 970 435 1045 pugnabili
466 969 790 1024 necessitate
826 954 1193 1035 concluditur,
1226 968 1351 1039 quia
1381 967 1426 1022 si
1452 983 1581 1023 vera
1619 962 1751 1025 sunt

193 1078 292 1133 qure
312 1076 463 1132 supra
492 1060 600 1115 dixi
626 1075 723 1115 nos
751 1060 955 1130 pariter
983 1074 1105 1113 cum
1135 1058 1340 1114 Grtecis
1384 1059 1627 1122 credere,
1659 1066 1752 1113 aut

191 1148 339 1203 Filius
373 1148 543 1230 estde
572 1147 775 1218 Spiritu
800 1156 1010 1230 saneto,
1038 1156 1133 1202 aut
1152 1144 1397 1218 Spiritus
1426 1155 1644 1203 sanctus
1666 1154 1753 1203 est

194 1240 247 1294 de
266 1239 409 1294 Filio.
438 1223 594 1306 Quod
622 1246 803 1293 autem
823 1223 1007 1293 'Filius
1038 1252 1144 1293 non
1186 1238 1256 1292 sit
1284 1237 1352 1293 de
1386 1235 1592 1305 Spiritu
1621 1252 1751 1292 san-

191 1338 286 1409 eto,
324 1329 497 1399 palam
520 1338 607 1384 est
635 1322 697 1383 ex
730 1324 1005 1383 eaiholica
1025 1327 1153 1409 tide_._
1175 1326 1293 1382 Non
1322 1326 1467 1381 enim
1500 1328 1750 1384 estDeus

190 1406 245 1477 de
266 1421 396 1486 Deo,
426 1421 534 1476 nisi
559 1430 647 1475 aut
670 1418 964 1486 nascendo,
1010 1428 1070 1475 ut
1093 1404 1292 1484 Filius;
1332 1419 1752 1488 autproeeden-

191 1513 263 1579 do,
291 1505 609 1581 ut'Spiritus
648 1519 892 1566 sanctus.
927 1495 980 1565 ‘F
986 1509 1111 1566 ilius
1162 1521 1342 1564 autem
1372 1523 1479 1564 non
1510 1508 1755 1564 nascitur

190 1602 245 1656 de
263 1602 456 1674 Spiritu
481 1612 708 1658 saneto:
735 1602 781 1657 si
806 1603 949 1658 enim
976 1596 1223 1659 nascitur
1244 1601 1310 1657 de
1338 1601 1456 1668 illo,
1492 1608 1579 1657 est
1615 1600 1755 1657 [ilius

187 1690 395 1763 Spiritus
421 1690 621 1761 sancti,
649 1688 703 1746 et
734 1686 989 1762 Spiritus
1038 1701 1258 1748 sanctus
1290 1698 1375 1746 est
1402 1699 1558 1762 pater
1602 1690 1750 1760 ejus;

1850 513 1974 569 bari
2009 523 2233 584 possunt
2275 516 2363 548 ¹⁸¹¹
2392 516 2520 586 quia
2546 515 2636 571 alii
2667 524 2795 572 sunt
2818 516 2887 570 ab
2915 516 3175 583 invicem;
3217 532 3321 571 non
3348 526 3431 572 ta-

1850 618 1973 660 men
1994 603 2109 658 hac
2134 612 2217 659 est
2250 618 2414 660 causa
2443 614 2502 659 ut
2524 606 2750 662 diversa:
2780 607 2889 663 sint
2912 622 3176 678 persona.
3208 607 3421 678 Quippe

1850 693 1896 747 si
1918 692 2027 747 duo
2052 692 2171 747 sint
2197 692 2467 759 homines,
2512 711 2749 765 quorum
2808 696 2944 752 alter
2990 698 3191 754 habeat
3239 697 3432 765 lilium,

1850 785 1991 839 alter
2028 799 2167 849 non,
2218 786 2467 854 quamvis
2513 801 2611 857 per
2652 787 2759 844 hoe
2801 790 3010 845 ostendi
3057 790 3267 859 possint
3311 802 3435 845 esse

1850 875 2080 941 diversi;
2118 890 2227 932 non
2258 882 2438 932 tamen
2490 878 2561 933 ob
2599 877 2702 933 hoc
2748 879 2840 935 alii
2884 891 3010 936 sunt
3058 880 3128 935 ab
3176 881 3433 948 invicem,

1852 966 1977 1037 quia
2006 968 2390 1038 quoquomodo
2444 982 2505 1024 se
2552 969 2789 1025 habeant
2823 971 2875 1025 in
2916 970 3167 1029 habendo
3221 980 3275 1029 et
3327 988 3435 1028 non

1852 1057 2100 1114 habendo
2149 1057 2338 1126 lilium,
2369 1058 2743 1115 diversitatem
2776 1068 2956 1116 tamen
2996 1078 3101 1118 non
3157 1064 3435 1119 amittunt.

1858 1148 1937 1206 lla
1974 1150 2028 1205 in
2058 1149 2219 1205 Patre
2247 1160 2301 1206 et
2331 1150 2536 1221 Spiritu
2565 1160 2771 1215 saneto,
2799 1166 2903 1207 non
2930 1153 3054 1222 quia
3080 1153 3217 1209 alius
3242 1154 3438 1208 Filium

1853 1239 2035 1305 habet,
2066 1240 2205 1295 alius
2233 1256 2339 1295 non
2364 1239 2527 1295 habet
2556 1240 2670 1308 m’,
2698 1241 2899 1297 idcirco
2925 1250 3055 1296 sunt
3077 1243 3277 1298 diversi
3308 1244 3437 1309 ¹⁸²³;

1853 1330 1946 1385 sed
1968 1332 2225 1401 quoniam
2251 1330 2447 1386 diversi
2475 1341 2623 1395 sunt,
2657 1331 2778 1387 ideo
2806 1331 2939 1387 nihil
2987 1332 3238 1401 prohibet
3267 1347 3362 1389 eos
3386 1335 3439 1388 in

1854 1420 2101 1477 habendo
2126 1422 2220 1454 "“
2248 1430 2440 1476 etnon
2478 1421 2725 1477 habendo
2756 1422 2952 1478 Filium
2976 1437 3098 1478 esse
3125 1424 3439 1479 dissimiles.

1855 1508 2118 1567 Similiter
2146 1511 2461 1581 responderi
2514 1521 2713 1581 potest,
2766 1513 2811 1568 si
2856 1513 2976 1568 ideo
3024 1513 3227 1569 dicitur
3278 1515 3440 1581 alius,

1854 1602 1978 1672 quia
2003 1606 2198 1659 non'ab
2226 1603 2333 1659 alio
2354 1603 2597 1673 procedit
2623 1604 2856 1674 Spiritus
2879 1614 3120 1672 sanctus,
3147 1607 3283 1661 sicut
3312 1608 3430 1676 ipse

1854 1695 2101 1764 procedit
2126 1710 2154 1747 a
2180 1693 2362 1748 Patre.
2391 1692 2621 1763 Quippe,
2652 1703 2709 1748 ut
2739 1695 3038 1749 secundum
3089 1696 3209 1750 illos
3248 1696 3445 1765 loquar

188 1785 267 1839 sed
289 1782 419 1839 aiter
450 1786 676 1845 alterius
700 1800 801 1842 nec
829 1789 1006 1856 pater,
1034 1800 1135 1843 nec
1158 1786 1303 1841 lilius
1340 1766 1433 1818 ⁸⁵ί⁸
1480 1794 1583 1842 est.
1626 1785 1747 1842 Non
1783 1786 1825 1846 Β
1854 1783 1946 1854 qui
1989 1795 2190 1853 negant
2215 1783 2479 1854 Spiritum
2521 1794 2774 1838 sanctum
2824 1786 2891 1839 de
2935 1786 3072 1839 Filio
3128 1789 3442 1855 procedere,

188 1890 297 1947 ergo
324 1877 565 1933 nascitur
591 1870 884 1950 de'Spiritu
937 1887 1127 1934 sancto
1161 1861 1373 1945 'Filius;
1430 1893 1533 1935 nec
1575 1862 1753 1934 minus

186 1970 410 2035 apertum
444 1969 673 2038 estquia
708 1984 817 2025 non
850 1954 1097 2040 procedit
1144 1970 1211 2025 de
1255 1970 1365 2025 illo.
1404 1970 1563 2025 Esset
1605 1971 1752 2025 enim

188 2055 388 2124 Spiritus
427 2056 672 2128 ejusdem
702 2047 937 2129 Spiritus
964 2058 1160 2115 sancti.
1185 2059 1341 2127 Quod
1374 2069 1561 2130 aperte
1586 2074 1754 2130 nega-

183 2153 271 2208 tur,
295 2160 415 2201 cum
456 2148 694 2218 Spiritus
720 2150 940 2205 Sanetus
968 2150 1168 2205 dicitur
1207 2158 1261 2206 ct
1303 2154 1546 2207 creditur
1594 2152 1755 2220 spiri-

184 2242 252 2289 tus
278 2235 421 2292 Filii.
457 2239 573 2295 Non
594 2239 738 2294 enim
780 2238 885 2309 52
918 2250 1095 2309 potest
1123 2253 1243 2294 esse
1286 2242 1509 2310 spiritus
1536 2242 1617 2296 sui
1645 2242 1756 2312 spi-

183 2327 315 2381 ritus.
351 2328 540 2395 Quarc
562 2344 668 2383 non
700 2330 945 2400 procedit
987 2329 1157 2384 Filius
1189 2331 1254 2384 de
1290 2316 1495 2399 Spiritu
1543 2341 1751 2387 saneto.

182 2416 314 2474 Nullo
336 2435 476 2491 ergo
504 2420 661 2474 modo
686 2428 765 2475 est
798 2420 861 2475 de
893 2419 1099 2490 Spiritu
1131 2428 1322 2476 sancto
1343 2420 1533 2475 Filius.
1560 2421 1758 2492 Seqni~

183 2520 249 2565 tur
273 2514 463 2583 itaque
491 2512 893 2584 inexpugnabili
928 2514 1143 2569 ratione
1185 2513 1448 2585 Spiritum
1508 2523 1756 2570 sanctum

180 2606 284 2659 csse
303 2606 367 2659 de
395 2605 555 2667 l’ilio.
583 2606 725 2660 sicut
747 2604 918 2660 estde
943 2603 1128 2660 Patre.

726 2763 969 2821 CAPUT
1000 2764 1040 2821 V
1058 2764 1183 2820 Ἴδη.

189 2874 449 2961 Frincilur
480 2887 741 2958 Spiritum
775 2897 1015 2961 sanctum
1053 2890 1172 2955 hoc,
1192 2889 1332 2961 quod
1353 2898 1471 2961 “est,
1517 2890 1705 2945 habere
1727 2908 1761 2947 a

236 2960 427 3026 'l’atre;
452 2969 640 3014 contra
670 2958 949 3031 quemdam
999 2958 1302 3032 episcopum
1339 2958 1537 3016 ercis
1574 2962 1757 3031 faven-

228 3040 355 3085 τεηι.

1857 1876 1997 1931 sicut
2029 1892 2134 1932 nen
2166 1886 2249 1931 est
2295 1877 2411 1931 haec
2464 1891 2647 1943 causa,
2697 1877 2823 1946 quia
2884 1877 3143 1948 Spiritum
3195 1890 3444 1935 sanctum

1818 2028 1826 2035 .
1859 1965 2028 2027 Filius
2062 1966 2127 2021 de
2150 1981 2208 2021 se
2236 1965 2620 2035 procedentem
2650 1981 2755 2020 non
2786 1968 2971 2029 habet,
3004 1968 3145 2022 sicut
3167 1968 3356 2035 Pater;
3388 1978 3448 2024 ut

1857 2056 1993 2112 alius
2032 2057 2102 2113 sit
2132 2073 2162 2111 a
2204 2056 2367 2113 Patre
2429 2059 2782 2127 (sequeretur
2834 2058 2979 2113 enim
3020 2070 3075 2113 ut
3128 2060 3172 2113 si
3211 2059 3447 2129 Spiritus
3502 2064 3511 2071 “

1865 2159 2087 2204 sanctus
2109 2151 2429 2219 procederet
2464 2150 2529 2204 dc
2555 2150 2710 2213 Filio,
2743 2150 2910 2204 Filius
2947 2166 3054 2205 non
3112 2160 3256 2206 esset
3307 2150 3447 2207 alius
3496 2148 3501 2151 ⁷

1860 2256 1890 2295 a
1920 2241 2127 2311 Patre),
2164 2244 2235 2296 ita
2265 2258 2361 2312 per
2385 2243 2485 2296 hoc
2516 2257 2619 2295 non
2653 2252 2736 2296 est
2760 2242 2998 2312 Spiritus
3039 2252 3261 2298 sanctus
3285 2258 3313 2297 a
3339 2242 3445 2296 Pa-
3494 2236 3501 2243 ’⁷

1861 2338 1943 2384 tre
1977 2331 2136 2393 alius,
2161 2332 2287 2399 quia
2319 2346 2424 2385 non
2456 2331 2616 2386 habet
2644 2331 2860 2395 Filium,
2888 2341 2982 2385 aut
3003 2332 3268 2401 Spiritum
3309 2330 3447 2387 san;

1862 2429 2008 2476 ctum
2028 2422 2200 2477 dc‘m
2218 2438 2273 2477 se
2292 2424 2701 2492 procedentem,
2726 2426 2867 2481 sicut
2894 2425 3073 2485 Pater.
3094 2427 3157 2481 Et
3184 2426 3449 2494 quemad-
3498 2422 3499 2425 “

1863 2512 2080 2568 modum
2107 2511 2274 2566 Filius
2303 2526 2413 2567 non
2438 2512 2558 2567 ideo
2581 2522 2663 2567 est
2686 2513 2823 2569 alius
2847 2529 2876 2566 a
2931 2514 3126 2580 Patre;
3171 2516 3297 2585 quia
3348 2515 3450 2571 Pa-

1865 2612 2002 2663 trem
2033 2606 2215 2669 habet,
2242 2614 2297 2660 et
2342 2604 2506 2661 Pater
2554 2619 2659 2659 non
2714 2605 2875 2659 habet
2922 2617 3156 2675 patrem,
3190 2608 3258 2675 (si
3295 2608 3448 2662 enim

1863 2695 2026 2751 Pater
2048 2697 2273 2767 haberet
2302 2704 2532 2766 patrem,
2559 2696 2698 2753 alius
2721 2704 2900 2751 tamen
2932 2706 3077 2752 esset
3103 2713 3131 2751 a
3169 2697 3305 2752 Filio
3332 2699 3452 2770 ⁸⁸³⁸)

1864 2786 2203 2861 ἰιίιλδρίιδὶωε
2224 2795 2470 2852 sanctus,
2497 2787 2623 2856 quia
2650 2789 2716 2841 de
2747 2786 2928 2857 aliquo
2964 2787 3235 2857 procedit,
3260 2800 3315 2843 et
3347 2788 3453 2843 Pa-

1865 2886 1949 2932 ter
1977 2892 2007 2931 a
2041 2877 2208 2944 nullo,
2233 2894 2339 2933 non
2378 2887 2599 2949 propter
2635 2878 2736 2931 hoc
2756 2886 2839 2933 est
2870 2878 3010 2933 alius
3040 2893 3068 2932 a
3102 2878 3289 2945 Patre;
3322 2880 3451 2949 quia

1863 2974 1908 3028 si
1936 2972 2098 3027 Pater
2123 2971 2190 3026 de
2215 2973 2396 3042 aliquo
2428 2971 2750 3041 procederet
2779 2972 2870 3003 ’δ”
2898 2988 3004 3027 non
3057 2972 3239 3028 minus
3266 2982 3451 3028 tamen

1865 3070 2011 3117 esset
2043 3061 2180 3117 alius
2212 3078 2241 3114 a
2265 3061 2445 3128 Patre,
2478 3062 2545 3117 de
2590 3076 2697 3133 quo
2739 3061 3002 3134 procedit.
3048 3063 3237 3118 Palam
3286 3064 3450 3133 igitur

229 3142 483 3199 forsitan
515 3144 791 3216 negab‘unl
831 3143 1005 3201 Graeci
1054 3144 1318 3217 Spiritum
1357 3157 1606 3202 sanctum
1638 3161 1759 3203 esse
1786 3129 1833 3191 (ἶ
1864 3165 1949 3211 est
1971 3156 2097 3227 quia
2135 3171 2242 3212 non
2272 3155 2395 3211 ideo
2422 3164 2505 3210 est
2531 3129 2768 3227 Spiritus
2794 3152 3016 3212 sanctus
3053 3158 3189 3211 alius
3216 3173 3244 3210 a
3268 3129 3451 3221 Patre,
3486 3148 3489 3151 ’

182 3231 332 3289 Deum
372 3236 439 3289 de
467 3235 606 3300 Deo,
631 3233 773 3289 sicut
793 3244 880 3290 est
897 3234 1076 3290 'F'rlius
1121 3235 1262 3289 Deus
1314 3235 1381 3289 de
1435 3230 1587 3302 Deo;
1622 3250 1758 3305 quo-

182 3326 310 3381 niam
337 3327 641 3398 probamus
668 3344 765 3399 pcr
790 3328 893 3383 hoc
917 3327 1066 3382 illum
1099 3342 1218 3382 esse
1253 3336 1309 3381 et
1352 3320 1648 3397 precedere
1694 3330 1763 3384 de

180 3415 333 3483 Filio;
359 3430 461 3475 nec
495 3428 587 3475 est
628 3418 863 3490 positum
895 3419 949 3474 in
986 3418 1077 3474 illo
1107 3417 1372 3489 symbolo,
1411 3418 1464 3473 in
1517 3435 1626 3488 quo
1676 3436 1761 3476 re-

179 3513 555 3577 prchcndimnr
580 3514 648 3568 ab
674 3512 776 3568 illis
812 3512 1087 3566 addidisse
1119 3508 1530 3582 procesSiorrerrt
1556 3513 1675 3582 ejus
1697 3513 1761 3568 de

180 3601 320 3659 Filio.
343 3604 453 3662 Sed
487 3606 586 3677 qui
635 3606 740 3661 hoc
781 3602 955 3675 pulat,
1008 3613 1173 3674 negat
1221 3613 1314 3659 aut
1370 3602 1591 3660 Patrem
1640 3620 1763 3661 esse

180 3694 354 3764 Deum,
395 3700 465 3754 de
500 3706 615 3769 quo
666 3707 751 3752 est
791 3696 1027 3767 Spiritus
1065 3705 1320 3762 sanctus;
1347 3705 1442 3751 aut
1498 3696 1761 3767 Spiritum

179 3798 407 3843 sanetum
443 3804 575 3845 esse
610 3787 800 3853 Deum,
833 3788 925 3857 qui
963 3795 1047 3842 est
1081 3789 1148 3842 de
1180 3786 1373 3852 Patre;
1399 3796 1492 3842 aut
1527 3787 1630 3843 hoc
1680 3788 1761 3858 ip-

178 3894 281 3935 sum
310 3884 454 3952 quod
488 3890 581 3938 est
620 3879 856 3952 Spiritus
903 3889 1124 3934 sanctus
1169 3895 1292 3936 esse
1344 3879 1411 3935 de
1460 3877 1644 3935 Patre.
1690 3880 1763 3934 At

178 3970 376 4028 Patrem
410 3990 522 4029 non
551 3988 673 4029 esse
700 3974 890 4038 Deum,
922 3980 1015 4026 aut
1042 3971 1306 4041 Spiritum
1330 3979 1603 4035 sanctum,
1638 3970 1762 4025 nul-

176 4061 249 4119 lus
275 4065 363 4098 ¹⁸¹⁷
394 4066 629 4136 suscipit
656 4065 1021 4119 Christianus.
1055 4063 1348 4117 Videamus
1390 4063 1555 4131 igitur
1579 4072 1760 4118 utrum

177 4153 269 4209 hoc
294 4157 472 4227 ipsum
508 4156 656 4227 qunti
699 4164 777 4211 est
827 4153 1191 4210 essentialiter
1240 4152 1474 4223 Spiritus
1521 4162 1772 4225 sanctus,

175 4246 237 4301 sit
262 4248 356 4280 ’⁸⁸⁸
381 4250 649 4305 de‘l'atre
679 4264 689 4300 :
721 4246 864 4316 quod
893 4244 1182 4317 quemdam
1240 4244 1576 4314 episcopum,
1612 4244 1766 4299 Gne-

176 4337 247 4393 cis
271 4340 501 4395 forsitan
540 4340 836 4403 faventem,
877 4336 931 4391 in
963 4335 1184 4391 Barcnsi
1211 4335 1431 4391 civitate
1454 4334 1597 4390 sensi
1622 4334 1763 4391 nolle

176 4434 389 4487 sentire.
432 4432 580 4487 Nam
615 4431 658 4485 si
697 4445 803 4485 non
855 4430 1067 4484 esthoc
1100 4429 1276 4500 ipsum
1323 4420 1415 4459 ¹⁵¹⁹
1465 4426 1533 4483 de
1578 4424 1759 4494 Patre,

1868 3246 1993 3317 quia
2021 3260 2131 3301 non
2161 3246 2321 3301 habet
2342 3245 2559 3311 Filium,
2589 3255 2680 3299 aut
2710 3246 2973 3317 Spiritum
3012 3256 3259 3300 sanctum
3304 3248 3370 3298 de
3396 3238 3455 3299 se

1864 3338 2269 3407 procedentem,
2294 3336 2434 3389 sicut
2461 3334 2661 3399 Pater;
2691 3350 2795 3388 nec
2820 3336 2944 3402 quia
2968 3335 3036 3388 de
3057 3335 3241 3403 aliquo
3263 3348 3456 3402 proce-

1866 3425 1970 3491 dit,
1995 3433 2051 3480 et
2081 3423 2242 3478 Pater
2268 3424 2335 3478 de
2367 3422 2541 3477 "nullo.
2588 3421 2696 3476 Sed
2743 3435 2921 3492 neque
2964 3436 3062 3491 per
3088 3420 3191 3476 hoc
3225 3419 3456 3490 intelligi

1864 3526 2040 3585 potest
2064 3531 2188 3573 esse
2213 3531 2242 3569 a
2295 3514 2459 3570 Patre
2500 3512 2660 3579 alius,
2692 3513 2818 3584 quia
2862 3512 3096 3582 Spiritus
3127 3521 3212 3567 est
3240 3511 3452 3577 Patris;

1865 3610 1908 3664 si
1935 3610 2002 3664 dc
2025 3609 2116 3665 illo
2143 3624 2249 3664 non
2281 3608 2445 3664 habet
2482 3621 2623 3663 esse.
2664 3606 2851 3662 Potest
2891 3607 3034 3662 enim
3078 3605 3303 3676 intelligi
3358 3605 3457 3658 ali-

1865 3702 1987 3772 quis
2015 3701 2154 3757 alius
2189 3701 2257 3756 ab
2290 3699 2491 3768 aliquo,
2524 3699 2841 3769 priusquam
2887 3698 2955 3754 sit
2996 3696 3177 3763 illius;
3204 3696 3455 3766 quamvis

1866 3792 2090 3863 alicujus
2122 3801 2356 3862 nequeat
2377 3790 2652 3861 esse,nisi
2684 3792 2757 3845 sit
2790 3790 2929 3845 alius
2962 3806 2974 3843 :
3001 3798 3061 3844 ut
3098 3804 3220 3842 cum
3252 3788 3458 3842 dicitur

1866 3885 2028 3939 homo
2055 3883 2309 3937 dominus
2338 3881 2589 3948 alicujus,
2620 3890 2712 3935 aut
2739 3882 2900 3936 homo
2932 3880 3155 3934 alterius
3192 3876 3451 3943 hominis,

1866 3975 2017 4045 prius
2048 3973 2365 4040 intelligitur
2384 3971 2522 4025 alius
2553 3972 2622 4025 ab
2645 3970 2735 4026 illo
2767 3971 2880 4035 ‘5",
2907 3968 3062 4038 cujus
3088 3984 3210 4024 esse
3232 3969 3451 4034 dicitur,

1866 4080 2028 4135 quam
2064 4063 2137 4118 sit
2202 4061 2318 4129 ejus
2365 4059 2623 4115 dominus
2669 4059 2750 4114 vel
2788 4060 2971 4114 homo.
3022 4057 3113 4112 Sic
3164 4057 3365 4127 itaque,
3405 4058 3464 4111 si'

1868 4155 2105 4227 Spiritus
2133 4154 2223 4185 ¹⁵¹⁹
2253 4160 2476 4207 sanctus
2505 4161 2712 4207 nonest
2740 4151 2807 4206 de
2824 4149 3004 4215 Patre,
3031 4149 3166 4204 nihil
3196 4148 3453 4219 prohibet

1866 4260 1988 4301 eum
2018 4242 2244 4312 intelligi
2283 4241 2435 4312 prius
2464 4240 2628 4295 alium
2671 4240 2741 4295 ab
2783 4239 2893 4305 illo,
2935 4254 3099 4309 quant
3161 4239 3232 4294 sit
3280 4237 3450 4294 illius.

1867 4338 2045 4405 Quare
2074 4350 2181 4389 non
2204 4334 2335 4393 facit
2377 4332 2528 4388 illum
2568 4331 2732 4387 alium
2762 4346 2884 4387 esse
2914 4349 2944 4385 a
2984 4331 3146 4385 Patre
3178 4331 3282 4387 hoc
3325 4330 3453 4401 quia

1842 4426 1845 4427 ⁷
1869 4428 2103 4499 Spiritus
2121 4425 2239 4495 ejus
2267 4434 2379 4480 est:
2406 4424 2449 4478 si
2481 4439 2578 4493 per
2604 4424 2706 4478 hoc
2732 4438 2836 4478 non
2862 4423 3026 4477 habet
3052 4431 3109 4496 ut
3140 4423 3213 4478 sit
3234 4422 3373 4477 alius
3388 4422 3457 4476 ab

176 4528 307 4592 quod
346 4537 476 4584 est:
512 4543 639 4583 curn
677 4526 746 4580 sit
782 4540 922 4580 unus
953 4523 1205 4595 idemque
1242 4524 1405 4590 Deus,
1434 4520 1528 4593 qui
1562 4519 1759 4585 Pater;
1790 4512 1842 4575 D
1868 4519 1981 4587 illo,
1999 4534 2097 4591 per
2133 4519 2236 4574 hoc
2261 4516 2403 4588 quod
2429 4524 2514 4571 est
2551 4514 2787 4586 Spiritus
2810 4512 2901 4547 ¹⁸⁸⁰
2926 4512 3094 4579 illius;
3117 4514 3256 4569 sicut
3286 4513 3456 4568 Filius

177 4614 400 4673 inveniri
450 4616 649 4686 nequit
680 4615 825 4670 unde
859 4614 928 4669 sit
961 4613 1101 4670 alius
1136 4629 1166 4669 a
1219 4612 1400 4668 Patre.
1452 4612 1570 4669 Non
1616 4611 1761 4667 enim
1870 4628 1967 4685 per
2013 4612 2118 4667 hoc
2154 4618 2236 4666 est
2258 4606 2438 4664 aliusa
2465 4608 2644 4673 Patre,
2673 4621 2771 4678 per
2810 4606 2951 4677 quod
2972 4613 3057 4661 est
3096 4604 3266 4662 Filius
3304 4606 3475 4691 ejusz.

178 4704 286 4763 inde
306 4708 452 4766 alius
488 4708 585 4740 ¹⁸²⁰
613 4714 717 4774 est,
743 4706 871 4778 quia
900 4704 1063 4762 Pater
1096 4704 1265 4760 habet
1300 4704 1516 4771 Filium,
1546 4714 1603 4759 et
1632 4703 1759 4774 Spi-
1875 4704 2018 4775 quod
2046 4706 2160 4757 non
2188 4709 2272 4757 est
2306 4698 2449 4754 aliud
2484 4698 2589 4755 nisi
2622 4699 2745 4769 quia
2763 4698 2829 4754 de
2856 4698 2970 4770 ipso
2987 4696 3458 4753 cxistitnasccndo

1476 4834 1715 4892 VARle
1754 4832 2161 4920 LECTIONES.

242 4950 335 5025 ξ⁸¹⁸
365 4950 644 5022 Sequitur
687 4948 871 5025 _lii_inm
893 4964 1055 5025 _es_se
1093 4966 1221 5005 mss.
1245 4946 1424 5025 ‘Gem.
1458 4948 1610 5025 “Dec.
1670 4962 1717 5006 et
1760 4945 2116 5025 Edi‘tLthjr.
2152 4948 2323 5025 sequi
2377 4946 2547 5025 lilium
2571 4963 2755 5025 esse”
2817 4944 3301 5025 ""ANeculfaller',
3324 4958 3476 5025 μῆρα.

172 5016 333 5078 Pilius
389 5015 527 5076 mis.
581 5030 628 5075 et
678 5020 825 5077 Edit.
882 5019 1037 5074 Goth.
1102 5035 1201 5074 nec
1245 5018 1411 5075 Pater
1457 5019 1626 5075 Filius
1676 5030 1760 5076 est
1861 5021 1952 5052 ¹⁸¹⁶
2014 5019 2110 5074 Eu
2145 5022 2199 5075 in
2250 5015 2349 5072 ius.
2386 5019 2522 5073 Vict.
2565 5021 2650 5074 15,
2714 5017 2944 5087 Caputti
3060 5016 3149 5087 ¹⁵ξ⁷
3196 5015 3455 5087 Spiritum

174 5104 413 5160 sanctum
444 5092 631 5146 nullus
657 5107 755 5146 ms.
777 5090 969 5146 Cister.
1000 5090 1260 5160 Spiritum
1290 5101 1536 5146 sanctum
1563 5107 1669 5146 non
1700 5106 1822 5148 esse
1847 5091 2037 5155 Deum,
2062 5091 2241 5146 nullus
2317 5091 2408 5122 ¹⁸¹⁸
2432 5082 2804 5145 Essentialiter
2829 5086 3065 5160 Spiritus
3081 5082 3285 5160 sitatis.
3308 5082 3454 5160 Ειιξι.

176 5158 322 5233 60th.
348 5164 750 5231 essentialiter,
781 5162 849 5216 sit
879 5154 1118 5233 Spirit'us
1142 5169 1365 5233 sanctus
1441 5160 1532 5233 f5”
1566 5162 1621 5216 Si
1656 5178 1766 5233 non
1793 5172 1878 5218 est
1919 5154 2096 5233 ipsum
2133 5178 2260 5215 mss.
2296 5161 2351 5216 si
2378 5161 2612 5233 non‘hoc
2641 5162 2814 5233 ipsum
2873 5154 2988 5233 "_"°
3017 5154 3131 5233 μου
3159 5154 3302 5208 enim
3353 5156 3455 5210 nisi

172 5232 459 5306 aliusmss.
492 5246 602 5306 non
634 5226 776 5288 enirn
798 5226 936 5306 inde
960 5231 1113 5306 alius
1174 5231 1265 5264 ¹⁸¹²
1306 5231 1410 5287 Per
1444 5231 1548 5306 hoc
1578 5232 1724 5306 enim
1750 5226 1965 5306 probari
1987 5239 2174 5306 potest
2204 5248 2330 5306 tusc.
2364 5246 2462 5301 per
2492 5226 2766 5306 hocenirn
2803 5226 3028 5306 probari
3060 5233 3286 5306 possunt
3326 5243 3452 5306 mss.

171 5299 416 5377 Slﬂich.
450 5302 869 5377 perhmcenirn
899 5300 1115 5377 probpri
1129 5311 1371 5377 possunt
1444 5302 1537 5377 ff“
1562 5302 1715 5377 Alius
1750 5296 1929 5377 'ti_l_i_run
1954 5296 2171 5377 _Iialiet,
2203 5302 2341 5357 alius
2366 5296 2493 5356 'non
2536 5301 2696 5377 habet
2728 5296 3243 5377 _ms._“Ct_)r_b._'alius_
3268 5296 3454 5377 habet,

170 5372 303 5429 alius
333 5366 645 5429 non'habet
676 5371 845 5426 lilium
899 5366 1014 5403 ’⁸⁸η
1035 5366 1243 5427 Idcirco
1270 5381 1396 5427 sunt
1427 5373 1624 5427 diversi
1650 5391 1749 5427 ms.
1792 5370 1923 5427 Vict.
1954 5366 2228 5427 5.idcireo
2255 5388 2359 5426 non
2388 5379 2516 5425 sunt
2541 5370 2740 5423 diversi
2820 5368 2913 5400 ““
2946 5366 3157 5422 Idcirco
3174 5366 3301 5420 nihil
3331 5381 3459 5436 pro.

168 5440 312 5513 hibet
359 5459 465 5498 eos
517 5443 572 5496 in
628 5442 875 5497 habendo
920 5458 1049 5497 mss.
1081 5438 1233 5496 Gem.
1286 5440 1411 5497 Bec.
1449 5442 1590 5497 Vict.
1624 5438 1690 5497 ’5.
1724 5442 1882 5498 Corb.
1916 5443 2035 5497 ideo
2072 5442 2203 5496 nihil
2230 5442 2482 5513 prohibet
2509 5456 2623 5513 non_
2647 5454 2768 5494 esse
2798 5438 2849 5494 in
2897 5437 3147 5513 habendo
3222 5436 3316 5469 ¹⁸²⁸
3347 5440 3454 5492 Aut

169 5509 432 5581 Spiritum
455 5520 710 5568 sanctum
740 5514 806 5567 de
828 5514 1076 5568 ms.Cist.
1096 5515 1285 5567 rectius
1304 5523 1397 5568 ant
1427 5514 1693 5582 Spiritum
1727 5516 1795 5569 de
1870 5514 1962 5545 ¹⁸²⁶
1984 5513 2139 5582 Alius
2170 5508 2349 5566 taincn
2377 5519 2520 5582 esset
2543 5526 2572 5564 a
2598 5510 2759 5564 Patre
2788 5526 2916 5565 mss.
2943 5508 3082 5582 alius
3102 5517 3281 5582 tamen
3311 5518 3458 5582 esset

166 5578 361 5655 a’i‘ilio
447 5584 545 5616 ""
563 5584 633 5655 Si
662 5583 917 5655 Paterpde
963 5584 1165 5655 aliqro
1193 5578 1525 5655 procederet
1560 5601 1658 5655 ms.
1714 5584 1775 5639 S.
1832 5584 2007 5655 Mida.
2024 5585 2067 5655 si
2092 5581 2255 5637 Pater
2284 5583 2351 5637 de
2381 5581 2567 5655 aliquo
2599 5582 2918 5655 procederet
2993 5578 3274 5655 “f'uPrius
3309 5579 3455 5655 enirn

168 5654 504 5727 intelligitur
529 5653 675 5727 alius
694 5654 763 5708 ab
792 5653 883 5727 illo
906 5669 1031 5727 mss.
1055 5648 1232 5727 ciuili.
1264 5655 1439 5727 en_iln_
1486 5654 1577 5727 ξ⁸ξ⁹
1610 5654 1666 5709 Si
1704 5656 1890 5727 itaque
1920 5654 2312 5727 Spir'itus_tuss.
2349 5652 2428 5708 sic
2450 5648 2636 5727 itaque
2660 5652 2708 5713 Si
2739 5652 2972 5724 Spiritus
3046 5650 3141 5684 ⁸⁵³⁸
3169 5648 3283 5709 Hoc
3311 5649 3457 5723 quod

170 5720 408 5787 Spiritus
440 5741 577 5780 mss.
618 5724 748 5781 Vict.
790 5724 914 5782 Bac.
939 5721 1085 5780 Gem.
1116 5724 1219 5781 hoc
1250 5725 1374 5794 quia
1408 5723 1645 5795 Spiritus
1676 5741 1775 5781 ms.
1800 5720 1977 5782 'Corbf
1996 5724 2100 5782 hoc
2138 5720 2379 5796 Spiritus
