4030 6290
592 404 699 467 299

1119 401 1174 455 s.
1219 395 1513 453 ANSELMI
1554 391 1905 450 caurum.
1947 384 2267 443 .tntztuer.
2308 382 2460 439 ora.
2506 382 2684 438 usus
2714 381 2756 441 ι.
2796 411 2865 423 .-
2907 363 3327 438 υῡοιιιτιαι.

3758 382 3851 438 300

594 526 841 585 “sutum
866 534 1055 576 verum
1079 520 1266 573 Deum.
1294 516 1426 570 Cum
1455 504 2175 582 ergonominamusPatrem
2208 508 2251 564 Α
2282 498 2468 554 missio
2513 497 2845 567 inti-giligatur
2902 495 3074 551 Filii?
3111 496 3266 562 Quod
3321 510 3446 549 vero
3488 495 3565 548 ait
3632 512 3649 548 :
3702 494 3853 561 Quen:

595 619 771 675 solum
801 624 895 670 aut
933 608 1151 673 Filium,
1201 624 1307 661 non
1360 605 1504 660 aliud
1534 600 1883 671 intelligimus
1904 638 1919 660 ,
1950 601 2177 665 excepta

594 709 990 777 relatione-qna
1023 703 1337 758 referuntur
1366 699 1434 752 ad
1486 696 1744 756 invicem,
1799 705 1962 761 quam
2004 686 2177 742 solum

596 814 783 855 verum
808 775 973 851 De.qu
1001 803 1055 847 et
1084 792 1336 847 eumdem
1385 802 1543 857 quem
1577 785 1628 839 in
1670 782 1951 850 utriusque
2005 775 2182 848 prola-

596 892 740 944 tione
764 885 1164 957 cognoscimus.
1186 882 1385 950 itaque
1402 896 1525 933 cum
1549 876 1689 931 dixit
1716 874 1974 928 Dominus
2002 888 2014 923 :
2050 867 2180 921 "(re

598 992 668 1037 ut
697 990 872 1034 autem
897 978 1004 1032 vita
1028 986 1247 1038 aaterna,
1284 981 1340 1025 ut
1367 978 1678 1040 cognoscant
1708 978 1756 1021 te
1786 965 1958 1019 solum
2002 978 2179 1017 verum

600 1072 788 1133 Deum,
818 1079 891 1134 et,
913 1084 1065 1138 quem
1102 1064 1310 1128 misisti,
1338 1062 1520 1117 Jesum
1544 1060 1807 1114 Christum
1841 1054 2023 1126 (Joun.
2049 1067 2180 1115 xvtt,

595 1164 652 1231 3)
674 1179 690 1227 ;
716 1162 764 1215 si
820 1158 1144 1222 addidisset,
1177 1156 1362 1211 dicens
1405 1170 1418 1205 :
1454 1150 1529 1204 [Et
1552 1150 1631 1203 de
1663 1149 1759 1202 hoc
1787 1146 1898 1200 solo
1920 1160 2046 1199 vero
2075 1141 2183 1196 Deo

594 1248 1097 1321 twoseditSpiritus
1120 1257 1354 1309 sanctus,
1388 1242 1512 1313 quis
1536 1241 1759 1294 auderet
1810 1249 2068 1305 separare
2099 1231 2187 1285 Fi-

597 1347 732 1399 lium
771 1344 838 1397 ab
868 1341 956 1396 illa
985 1339 1352 1411 processione,
1380 1334 1608 1391 eumillc
1640 1332 1791 1387 solus
1814 1343 1985 1385 ‘verus
2041 1327 2186 1381 Deus

598 1454 708 1493 non
761 1435 935 1504 magis
979 1442 1073 1488 aut
1100 1432 1297 1486 minus
1327 1429 1398 1483 sit
1421 1427 1582 1481 Pater
1609 1440 1773 1494 quam
1802 1421 2015 1477 Filius?
2043 1418 2186 1486 Qua—

598 1536 826 1600 propter
848 1527 893 1581 si
917 1526 1059 1580 idem
1107 1524 1269 1579 solus;
1295 1536 1455 1575 verus
1486 1518 1630 1572 Deus
1677 1515 2019 1586 intelligitur,
2059 1528 2185 1567 enm

600 1619 941 1676 solnsPater
980 1616 1145 1671 dicitu
1197 1622 1290 1667 aut
1332 1611 1507 1666 Filius
1586 1616 1642 1662 et
1672 1622 1797 1664 eum
1820 1606 1984 1660 ambo
2026 1600 2185 1657 simul

600 1711 954 1767 nominantur
976 1725 1000 1762 «ε
1034 1707 1163 1776 quid
1185 1706 1428 1775 apertius
1450 1718 1614 1773 quam
1642 1701 1771 1771 quia
1806 1701 1874 1753 de
1909 1695 2025 1752 solo
2052 1710 2186 1750 vero

597 1803 733 1867 Deo,
760 1802 854 1873 qui
887 1801 1050 1855 Pater
1070 1808 1157 1854 est
1184 1808 1239 1853 et
1266 1798 1457 1861 Filius,
1486 1794 1734 1864 procedit
1765 1791 2001 1861 Spiritus
2056 1802 2187 1842 san-

2284 610 2377 662 ego
2428 593 2632 645 mittam
2664 591 2802 645 vobis
2832 608 2863 644 α
2892 590 3073 656 Patre,
3138 589 3408 659 quomodo
3460 588 3852 657 intelligendum

2283 685 2398 738 est?
2428 682 2624 750 Utique
2646 698 2675 737 a
2700 698 2807 751 quo
2828 698 2950 736 eum
2976 682 3139 736 mittit
3178 678 3374 744 Filius,
3402 680 3470 733 ab
3496 695 3563 733 eo
3592 680 3851 735 .tnittitur.

2284 774 2447 829 Mittit
2471 786 2651 829 autem
2684 789 2805 827 cum
2833 790 2863 826 a
2889 772 3048 828 Patre
3084 791 3096 826 ε
3129 787 3262 842 ergo
3310 787 3339 825 a
3396 770 3556 825 Patre
3614 770 3854 825 mittitur.

2285 868 2390 923 Sed
2425 867 2513 921 ille
2544 867 2705 921 mittit
2734 882 2763 919 a
2794 881 2902 935 quo
2932 866 3199 919 mittitur:
3226 864 3390 918 Pater
3411 865 3595 933 itaque
3660 864 3856 918 mittere

2287 958 2630 1028 intelligitur,
2659 972 2782 1011 eum
2820 956 2988 1011 Filius
3026 957 3157 1010 dicit
3189 972 3204 1010 :
3237 953 3351 1024 Ego
3388 956 3594 1007 mittam
3626 973 3655 1006 α
3690 951 3858 1007 Putre.

2286 1048 2426 1115 Quid
2452 1057 2535 1102 est
2566 1061 2719 1117 ergo,
2776 1044 2888 1113 Ego
2926 1047 3127 1098 mittam
3154 1063 3187 1098 lt
3223 1044 3399 1106 Patre,
3433 1044 3557 1106 nisi,
3604 1043 3716 1113 Ego
3749 1046 3859 1096 tuit-

2288 1150 2396 1194 tam
2426 1148 2682 1208 tanquam
2716 1139 2759 1191 si
2800 1138 2965 1191 Pater
3006 1138 3205 1199 mittat,
3245 1145 3301 1189 ιιι
3328 1151 3432 1188 una
3489 1144 3545 1189 et
3571 1137 3761 1188 eadem
3800 1134 3861 1187 sit

2290 1229 2477 1283 missio
2513 1245 2629 1282 mea
2664 1238 2717 1282 et
2748 1226 2961 1283 Patris?
2985 1228 3119 1282 Cum
3155 1227 3333 1297 itaque
3371 1226 3464 1256 ’⁵⁸³
3526 1223 3702 1278 Filius
3730 1235 3861 1278 tanta

2292 1323 2571 1393 diligentia
2606 1321 2859 1375 ostendat
2892 1336 3051 1372 unam
3080 1335 3199 1373 esse
3232 1319 3434 1373 tuissiot
3458 1333 3543 1370 em
3602 1316 3779 1369 Patris
3817 1327 3862 1370 et

2289 1431 2474 1478 suam;
2505 1422 2562 1468 ιιι
2593 1430 2694 1469 nec
2720 1413 2879 1467 Pater
2911 1412 3107 1477 mittat,
3140 1413 3240 1466 nisi
3272 1427 3396 1464 ιιιιιι
3453 1409 3625 1463 Filius
3669 1408 3859 1472 mittit;

2292 1523 2392 1562 nee
2418 1506 2587 1561 Filius
2638 1506 2838 1569 mittat,
2865 1505 2968 1560 nisi
3026 1504 3116 1536 ‘m
3146 1519 3269 1559 eum
3302 1504 3467 1557 mittit
3492 1502 3654 1556 Pater
3692 1519 3704 1554 :
3751 1502 3861 1571 quid

2296 1600 2407 1653 vult
2434 1596 2742 1668 significare
2767 1596 2882 1662 m',
2910 1605 3003 1650 aut
3045 1595 3175 1664 quid
3215 1593 3462 1663 intelligi,
3500 1592 3594 1624 ¹⁸⁸⁶
3622 1591 3726 1647 nisi
3755 1592 3862 1662 quia

2293 1705 2401 1745 non
2426 1686 2586 1743 aliter
2610 1702 2668 1741 se
2698 1686 2895 1741 habeat
2927 1702 2989 1740 ae
3023 1685 3238 1739 Patrem
3267 1683 3505 1751 Spiritus
3530 1692 3758 1737 sanctus
3779 1722 3792 1745 ,
3820 1694 3866 1735 et

2294 1780 2455 1834 aliter
2477 1780 2543 1832 ad
2576 1776 2801 1841 Filium;
2830 1792 2928 1830 nec
2956 1775 3223 1845 magisest
3248 1775 3590 1843 uniusquam
3619 1773 3868 1827 alterius?

601 1905 711 1960 tus,
740 1909 867 1948 cum
892 1891 1093 1946 dicitur
1116 1906 1145 1942 a
1171 1898 1327 1958 patre
1358 1863 1695 1957 procedere?
1720 1882 1901 1951 Quare
1927 1881 2071 1936 sicut
2103 1879 2188 1933 in-
2218 1863 2264 1923 Β
2292 1871 2658 1939 Quamobrem
2714 1868 2875 1921 nimis
2917 1866 3131 1921 difficile
3150 1909 3165 1931 ,
3230 1866 3338 1919 imo
3407 1864 3745 1934 impossibile
3775 1875 3865 1929 es,

603 1984 941 2055 telligerctur
966 1981 1034 2035 de
1066 1978 1201 2033 Filio
1225 1977 1546 2048 procedere,
1564 1974 1616 2028 si
1655 1973 1799 2027 idem
1816 1969 2000 2024 Filius
2024 1967 2192 2022 dixis-

604 2086 691 2133 set
719 2078 786 2132 de
815 2075 931 2131 solo
959 2088 1089 2128 vero
1107 2072 1229 2127 :Deo
1263 2071 1411 2125 illttm
1452 2067 1774 2139 procedere,
1796 2062 2015 2134 quando
2054 2061 2194 2115 dixit

605 2185 664 2225 se
690 2178 746 2224 et
766 2168 982 2222 Patrem
1008 2165 1182 2220 solum
1210 2176 1399 2217 verum
1425 2160 1591 2215 Deum
1614 2172 1735 2213 esse
1758 2174 1773 2221 ;
1810 2157 1883 2210 ita
1902 2170 2027 2209 cum
2058 2151 2197 2208 dicit

606 2273 733 2312 cum
757 2257 825 2312 de
853 2255 1019 2310 Patre
1034 2252 1336 2323 procedere
1362 2249 1476 2315 ³³⁷⁵,
1503 2248 1708 2317 ahSqnc
1731 2244 1897 2300 dubio
1910 2241 2199 2313 significat

606 2367 731 2406 eum
755 2351 819 2405 de
841 2363 900 2404 se
927 2346 1221 2419 procedere
1250 2344 1360 2398 "7‘.

1170 2456 1406 2514 CAPUT
1440 2457 1509 2512 ix
1546 2458 1638 2525 m7

609 2553 797 2609 Nimio
825 2553 1057 2625 Spiritus
1082 2552 1137 2605 in
1160 2550 1370 2625 nomine
1403 2547 1532 2625 Filii
1553 2560 1603 2625 et
1633 2545 1865 2625 thﬂio
1917 2544 2196 2614 conﬁrmat

946 2660 953 2663 -
1037 2623 1383 2675 rocessionem
1409 2620 1524 2689 ejus
1550 2620 1614 2673 dc
1644 2617 1807 2673 Filio.
2178 2652 2200 2673 ,ι

685 2718 827 2773 Dicit
847 2716 1009 2773 etiam
1029 2714 1326 2769 Dominus:
1346 2710 1650 2768 Paraclitus
1663 2720 1840 2766 autem
1861 2709 2090 2780 Spiritus
2106 2708 2200 2739 ³⁵⁷⁸

610 2819 850 2872 sanctus,
887 2822 1036 2877 quem
1067 2805 1230 2858 mittet
1266 2802 1428 2858 Pater
1453 2803 1505 2856 in
1533 2802 1865 2856 nominemeo
1887 2802 2067 2871 (latin.
2090 2814 2200 2863 xm,

613 2898 731 2967 26).
757 2898 824 2951 Et
852 2911 1066 2951 rursum
1097 2911 1112 2948 :
1148 2892 1283 2947 Cum
1310 2904 1485 2947 autem
1511 2892 1604 2924 ¹⁵⁷⁹
1630 2893 1823 2947 venerit
1874 2890 2093 2945 Paracli
2118 2907 2200 2954 us,

614 3004 766 3061 quem
793 3003 886 3057 ego
919 2987 1123 3039 mittam
1153 2985 1296 3038 vobis
1322 3002 1354 3037 α
1392 2982 1547 3037 Patre
1570 2981 1755 3053 (Joan.
1790 2997 1879 3045 xv,
1907 2981 2023 3050 26).
2051 2980 2193 3046 Quid

619 3094 752 3151 ergo
775 3078 1182 3147 intelligendum
1214 3084 1317 3142 est,
1354 3091 1477 3131 eum
1508 3075 1637 3131 dicit
1667 3092 1683 3129 :
1712 3073 1877 3140 Quem
1896 3074 2058 3127 mittet
2093 3070 2204 3125 Pa-

618 3183 700 3224 ter
721 3171 773 3224 in
806 3170 1182 3224 nominemeo?
1210 3186 1276 3223 an
1314 3168 1440 3239 quia
1463 3166 1701 3237 Spiritus
1730 3174 1954 3222 sanctus
1984 3165 2204 3219 habebit

627 3277 824 3317 nomen
848 3261 989 3332 ejus,
1014 3269 1094 3322 ut,
1124 3268 1247 3316 cum
1280 3261 1458 3314 mittet
1488 3258 1580 3290 “3°
1608 3257 1771 3313 Pater
1792 3256 2052 3327 Spiritum
2074 3270 2201 3309 sau-

620 3363 757 3413 tum.
799 3352 938 3407 idem
972 3354 1041 3417 sit
1073 3352 1213 3421 quod
1243 3351 1459 3405 mittere
1486 3348 1724 3405 Filium?
1749 3348 1856 3402 Sed
1879 3347 2024 3417 quod
2078 3346 2153 3400 ait
2190 3360 2203 3397 :

623 3446 793 3512 Quem
846 3460 939 3513 ego
984 3445 1187 3497 mittam
1240 3443 1380 3498 vobis
1412 3459 1445 3495 a
1489 3440 1651 3495 Patre
1696 3440 1784 3473 ¹⁸⁸²
1864 3455 1971 3495 non
2019 3438 2213 3508 recipit

628 3532 771 3584 hunc
791 3544 1011 3584 sensum
1043 3543 1059 3594 ;
1086 3529 1212 3597 quia
1250 3528 1500 3581 eumdem
1556 3527 1730 3597 ipsum
1779 3524 2039 3594 Spiritum
2086 3538 2213 3577 san-

624 3624 797 3686 etum,
825 3634 987 3690 quem
1010 3619 1177 3673 mittit
1201 3618 1385 3681 Pater,
1416 3617 1583 3672 mittit
1612 3625 1669 3671 et
1692 3614 1897 3681 Filius;
1927 3629 2102 3684 neque
2121 3613 2211 3646 ηδ’

626 3711 992 3767 mittitFilius
1022 3709 1239 3765 Filium.
1275 3709 1516 3779 Denique
1565 3721 1828 3780 nusquam
1855 3705 2101 3774 legimus,
2160 3715 2216 3759 et

628 3802 855 3857 otnnino
901 3815 1167 3870 negamus
1207 3799 1469 3870 Spiritum
1523 3807 1772 3852 sanctum
1824 3810 1945 3850 esse
1996 3795 2213 3850 Filium.

624 3891 770 3973 Quid
796 3892 979 3961 itaque
1002 3900 1085 3945 est
1104 3904 1128 3942 .:
1162 3888 1327 3954 Quem
1363 3888 1527 3941 mittet
1555 3885 1717 3940 Pater
1746 3887 1801 3941 in
1819 3886 2026 3939 nomine
2065 3902 2178 3939 meo
2198 3926 2213 3950 ,

628 3984 756 4049 nisi,
790 3998 954 4057 quem
979 3981 1142 4038 Pater
1164 3980 1366 4044 mittet,
1394 3978 1562 4034 Filius
1581 3992 1797 4048 quoque
1822 3979 2035 4033 mittet?
2066 3979 2220 4034 Sicut

628 4091 754 4137 cum
797 4074 933 4131 dicit
956 4093 976 4128 ,ε
1009 4074 1179 4139 Quem
1209 4089 1304 4142 ego
1323 4073 1530 4126 mittant
1563 4089 1595 4125 a
1622 4070 1807 4136 Patre,
1840 4086 1947 4127 non
1977 4070 2219 4126 estaliud

629 4183 795 4238 quam
817 4181 918 4237 ego
946 4167 1160 4222 mittam
1191 4175 1246 4219 et
1270 4165 1450 4220 Pater.
1478 4164 1647 4218 Filius
1664 4178 1897 4234 namque
1921 4173 2005 4220 est
2021 4179 2216 4219 nomen

635 4262 779 4317 illius
813 4261 906 4331 qui
935 4260 1148 4316 dicebat
1181 4275 1195 4312 :
1228 4257 1400 4312 Mittct
1435 4255 1599 4311 Pater
1628 4258 1682 4311 in
1720 4258 1925 4312 nomine
1956 4274 2070 4311 meo
2097 4254 2218 4329 54

629 4353 750 4409 Non
780 4362 866 4408 est
892 4367 1022 4420 ergo
1049 4349 1239 4405 aliud:
1288 4347 1461 4402 Mutet
1521 4347 1680 4402 Pater
1720 4350 1776 4402 in
1822 4349 2029 4402 nomine
2082 4364 2196 4401 meo

632 4446 764 4509 nisi,
797 4447 963 4499 mittet
1024 4441 1187 4496 Pater
1214 4442 1269 4494 in
1308 4440 1517 4493 nomine
1554 4437 1845 4506 Filii.Quid
1897 4438 2063 4510 igitur
2112 4448 2219 4505 est,

632 4538 798 4596 mittet
849 4534 1013 4589 Pater
1061 4535 1115 4588 in
1170 4533 1377 4587 nomine
1419 4531 1573 4599 Filii,
1634 4531 1760 4596 nisi,
1809 4532 1975 4586 mittet
2030 4529 2213 4594 Pater,

629 4639 897 4700 tanquam
930 4626 975 4682 si
1029 4624 1209 4683 mittat
1253 4622 1421 4681 Filius
1447 4663 1462 4689 ,
1491 4632 1549 4677 ut
1619 4622 1673 4679 in
1704 4622 1963 4679 missione
2015 4622 2216 4689 Patris,

2294 1961 2582 2016 ostendere
2603 1959 2873 2030 quomodo
2914 1974 3017 2012 non
3048 1959 3302 2026 procedat
3330 1958 3398 2010 ab
3431 1967 3681 2024 utroque.
3736 1955 3868 2011 Unde

2294 2053 2439 2108 enim
2469 2062 2553 2108 est
2587 2050 2724 2106 Filio
2751 2049 2913 2105 simul
2943 2065 3066 2104 cum
3096 2049 3252 2103 Patre
3272 2048 3403 2102 dare
3429 2048 3506 2101 vel
3549 2047 3638 2078 ⁸³⁸⁷
3664 2048 3867 2101 mittere

2298 2144 2564 2216 Spiritum
2596 2152 2865 2202 sanctum.
2900 2151 2955 2197 et
2987 2141 3129 2196 hunc
3151 2155 3271 2195 esse
3302 2140 3615 2208 utriusque;
3645 2141 3690 2192 si
3727 2138 3870 2194 simul

2301 2247 2517 2293 nonest
2542 2238 2607 2291 de
2633 2234 2901 2304 utroque?
2932 2234 3042 2288 Cur
3071 2234 3214 2286 enim
3247 2232 3421 2302 magis
3448 2233 3544 2285 dat
3572 2230 3746 2284 Filius
3767 2229 3873 2298 Spi-

2303 2333 2462 2387 ritum
2490 2342 2757 2394 sanctum,
2784 2344 2946 2399 quam
2974 2327 3215 2396 Spiritus
3236 2336 3460 2381 sanctus
3491 2325 3734 2379 Filium?
3780 2324 3874 2379 Aut

2302 2437 2397 2476 cur
2422 2422 2594 2489 magis
2618 2420 2856 2491 Spiritus
2895 2428 3125 2474 sanctus
3164 2426 3249 2471 est
3297 2414 3443 2481 Filii,
3503 2430 3668 2484 quam
3728 2414 3879 2468 Filius

2303 2514 2540 2584 Spiritus
2565 2512 3037 2579 saneti,nisiquia
3077 2509 3243 2565 Filius
3266 2524 3372 2563 non
3416 2520 3495 2563 est
3537 2509 3608 2561 ita
3633 2509 3703 2562 de
3731 2506 3878 2560 Patre

2303 2606 2463 2662 simul
2484 2615 2536 2660 et
2563 2605 2630 2661 de
2653 2604 2857 2675 Spiritu
2886 2610 3098 2663 saneto,
3126 2602 3268 2656 sicut
3295 2597 3538 2670 Spiritus
3558 2611 3786 2654 sanctus
3806 2609 3880 2651 est

2304 2698 2371 2752 dc
2420 2695 2586 2749 Patre
2643 2695 2802 2749 simul
2835 2703 2890 2748 et
2938 2697 3004 2746 de
3037 2692 3126 2723 ⁸⁵⁸⁸
3151 2690 3337 2745 Filio?
3371 2690 3429 2744 Si
3474 2706 3606 2761 ergo
3650 2690 3880 2759 Spiritus

2306 2798 2644 2844 sanctusnon
2676 2786 2853 2841 estde
2885 2785 3044 2850 Filio,
3071 2801 3174 2839 non
3209 2784 3367 2838 detur
3399 2798 3426 2834 a
3455 2782 3618 2845 Filio,
3655 2797 3764 2837 nec
3804 2782 3880 2833 tli-

2307 2891 2461 2937 catur
2487 2881 2579 2913 "’3’
2609 2879 2865 2935 esse-Filii
2906 2895 2920 2932 :
2956 2876 3285 2933 sicutFilins
3308 2888 3412 2929 non
3439 2874 3603 2928 datur
3631 2889 3664 2927 ιι
3683 2873 3877 2944 Spiritu

2267 3023 2273 3031 .
2309 2983 2519 3038 sancto,
2545 2987 2642 3026 nec
2657 2971 2990 3026 dicituresse
3018 2968 3256 3037 Spiritus
3289 2964 3770 3035 saneti;quoniam
3786 2977 3883 3015 nou

2310 3074 2393 3120 cst
2416 3066 2481 3118 de
2504 3063 2705 3134 Spiritu
2738 3074 2947 3117 sancto.
2980 3059 3034 3114 Si
3070 3068 3249 3113 autem
3283 3059 3472 3112 dicunt
3494 3057 3619 3126 quia
3649 3053 3886 3124 Spiritus

2314 3164 2537 3209 sanctus
2568 3153 2734 3206 mittit
2771 3154 2937 3207 etiam
2993 3150 3213 3213 Filium,
3262 3148 3402 3203 sicut
3426 3148 3568 3201 idem
3601 3147 3726 3215 ipse
3768 3143 3890 3197 dicit

2310 3262 2406 3317 per
2436 3245 2750 3315 prophetam
2780 3259 2793 3296 :
2827 3242 2891 3296 Et
2922 3260 3059 3296 nunc
3120 3242 3374 3295 Dominus
3424 3239 3564 3293 Deus
3604 3240 3755 3292 misit
3798 3252 3888 3296 me,

2309 3345 2355 3389 et
2385 3334 2615 3405 Spiritus
2638 3334 2751 3404 ejus
2782 3333 2942 3401 (Isui.
2974 3347 3166 3393 xu‘ttt,
3190 3331 3273 3398 l6)
3295 3371 3309 3394 ,
3346 3330 3447 3385 hoc
3469 3328 3773 3383 secundqu
3800 3326 3889 3379 lto-

2312 3428 2535 3493 ntinem,
2569 3441 2732 3495 quem
2753 3427 2996 3497 gerebat,
3020 3423 3428 3492 intelligendum
3460 3430 3566 3487 est,
3596 3419 3694 3487 qni
3724 3417 3891 3473 Patris

2312 3526 2367 3573 et
2396 3517 2629 3588 Spiritus
2656 3516 2830 3570 sancti
2860 3530 2965 3569 una
2991 3513 3266 3569 voluntate
3292 3508 3718 3580 etdispositione
3746 3522 3895 3560 mun-

2315 3611 2440 3666 dum
2470 3611 2850 3679 redempturus
2876 3609 2928 3662 in
2961 3607 3159 3660 mundo
3191 3605 3462 3674 apparuit.

2388 3702 2582 3771 Qutero
2626 3711 2804 3755 tamen
2856 3699 3039 3753 abhis
3067 3697 3157 3767 qui
3209 3705 3408 3766 negant
3460 3693 3732 3762 Spiritum
3784 3704 3899 3745 san-

2317 3804 2462 3850 ctmn
2492 3807 2614 3848 esse
2648 3801 2702 3846 et
2730 3790 3028 3861 procedere
3082 3788 3148 3842 de
3178 3787 3339 3849 Filio,
3380 3783 3653 3856 quomodo
3716 3778 3900 3835 itttellio

2317 3892 2448 3953 gant
2479 3882 2569 3915 ‘m
2629 3897 2754 3936 eum
2799 3881 2878 3935 sic
2928 3894 3049 3935 esse
3100 3866 3362 3948 Spiritum
3420 3875 3563 3937 Filii,
3621 3884 3689 3927 ιιι
3743 3870 3903 3927 Filius

2321 3985 2576 4046 tanquam
2622 3989 2779 4029 suum
2840 3972 3105 4042 Spiritum
3139 3970 3287 4025 illmn
3342 3967 3552 4024 mittat?
3599 3967 3687 4020 An
3719 3970 3903 4036 putant

2319 4068 2445 4138 quia
2484 4066 2647 4120 Pater
2676 4065 2825 4120 dedit
2856 4063 2993 4118 Filio
3021 4062 3284 4133 Spiritum
3318 4071 3569 4115 sanetum
3602 4058 3700 4089 ¹⁸⁹¹
3753 4068 3903 4111 suum

2323 4172 2577 4231 tanquam
2614 4173 2645 4212 a
2670 4173 2731 4213 se
2759 4171 2865 4211 non
2884 4155 3135 4211 habenti?
3165 4155 3271 4208 Aut
3301 4152 3448 4207 enim
3476 4151 3635 4204 habet
3666 4166 3701 4202 a
3738 4164 3797 4203 se
3819 4154 3908 4200 aut

2319 4255 2390 4308 ab
2417 4250 2677 4307 alim-Sed
2702 4250 2771 4303 ab
2799 4248 2906 4302 alio
2937 4262 3045 4301 non
3069 4252 3248 4316 potest
3275 4244 3498 4306 habere,
3532 4240 3636 4294 nisi
3663 4255 3697 4294 a
3730 4240 3905 4293 Patre.

2320 4346 2541 4416 Accepit
2572 4345 2735 4413 igitur
2763 4359 2793 4397 a
2819 4342 2998 4409 Patre,
3028 4356 3058 4395 a
3084 4355 3193 4409 quo
3216 4339 3407 4403 habet;
3442 4346 3497 4392 et
3522 4334 3677 4391 dedit
3690 4335 3741 4389 ei
3760 4332 3911 4386 Pater
3958 4320 3963 4323 ⁷

2323 4439 2587 4509 Spiritum
2628 4444 2896 4499 sanctum,
2944 4442 3002 4487 ut
3030 4448 3059 4486 a
3092 4445 3283 4486 senon
3321 4426 3563 4484 habenti.
3595 4423 3698 4480 Hic
3727 4432 3908 4477 osten-

2322 4533 2474 4596 dant,
2508 4545 2632 4585 cum
2683 4527 2921 4596 aaqttales
2944 4527 3057 4580 sint
3110 4524 3274 4578 Pater
3302 4530 3358 4575 et
3387 4519 3558 4575 Filius
3588 4526 3639 4573 et
3678 4514 3914 4586 Spiritus

2330 4605 2658 4686 sanctus,et
2685 4615 3055 4689 unusquisque
3086 4598 3186 4670 sibi
3217 4613 3291 4669 sit
3325 4610 3604 4667 suliieiens
3637 4608 3741 4639 ⁸⁸⁹¹
3763 4646 3779 4675 ,
3803 4614 3915 4675 qua:

1932 4762 2155 4820 VARI/ﬁ
2192 4760 2592 4821 LECTIONES.

710 4899 802 4934 ⁸³⁷⁸
837 4898 915 4954 ita
963 4910 1087 4954 cum
1149 4896 1281 4953 dicit
1333 4912 1455 4952 eum
1507 4898 1574 4952 de
1625 4896 1786 4952 Patre
1843 4912 2141 4966 procedere
2214 4914 2314 4953 ms.
2370 4905 2526 4950 Loro.
2586 4903 2659 4948 tta
2714 4908 2854 4966 eum“
2890 4891 3099 4966 diceret
3150 4883 3923 4966 ιειιιιιιίιιιῐι,ιιι-οιεειίριόη⁸δῖ⁸

642 4970 827 5027 Dubio
854 4984 977 5025 eum
1015 4969 1082 5024 de
1123 4982 1182 5023 se
1236 4967 1507 5037 signiﬁcat
1563 4955 1860 5037 procedere
1907 4984 2032 5021 mss.
2092 4967 2231 5022 Vict.
2288 4968 2453 5037 dubio
2507 4981 2629 5019 eum
2684 4964 2953 5037 signi_l_i_rat
2993 4963 3076 5037 de
3136 4976 3194 5015 se
3240 4957 3697 5037 procederenm‘s.
3768 4955 3921 5037 (fort.

639 5025 812 5097 dubio
865 5050 1041 5095 tamen
1096 5038 1163 5092 de
1208 5025 1933 5108 sevproeederesignitieat
2007 5039 2097 5069 ³⁵⁷⁷
2128 5037 2258 5092 CAP.
2298 5038 2352 5092 9.
2414 5036 2508 5089 Est
2559 5036 2612 5088 in
2663 5025 2762 5108 ηιῇ
2816 5030 2947 5108 Vict.
2987 5032 3073 5087 15.
3119 5025 3274 5096 caput
3335 5028 3402 5082 10
3478 5026 3572 5108 ξ⁸⁷⁶
3599 5025 3927 5108 Ρειτιιιὶξθιιιδ

640 5095 880 5183 Spiritus
902 5126 1029 5165 mss.
1068 5095 1385 5163 Paraeletits
1413 5116 1593 5183 autem
1618 5095 1854 5178 Spiritus
1874 5177 1886 5183 _
1931 5108 2024 5139 ⁸⁵⁷⁸
2051 5108 2136 5173 Et,
2163 5122 2285 5183 eum
2316 5116 2494 5161 autem
2512 5121 2651 5183 _ntss.
2700 5103 2846 5183 Vict;
2866 5104 2931 5183 Et
2968 5095 3191 5156 rursum
3217 5117 3230 5152 :
3258 5115 3382 5181 eum
3408 5106 3733 5183 animulas.
3771 5095 3903 5150 Cori

638 5166 708 5240 Εἶ
728 5166 967 5237 iterum:
1001 5196 1123 5234 ettm
1162 5186 1343 5234 autem
1421 5178 1517 5209 ¹⁵³⁰
1551 5177 1615 5230 Ει
1659 5166 1780 5231 cum
1817 5177 1993 5231 mittet
2022 5166 2145 5232 mss.
2183 5177 2252 5233 Ut
2279 5193 2401 5231 eum
2453 5176 2633 5230 mittet
2676 5191 2777 5229 ms.
2807 5173 2963 5227 Corb.
2995 5183 3053 5225 ut
3076 5187 3197 5226 cum
3230 5170 3398 5223 mittit
3450 5167 3563 5240 ff"
3596 5166 3783 5233 Quem
3830 5178 3917 5240 eg}

642 5235 855 5306 mittam
883 5252 1036 5305 vobis
1068 5265 1098 5303 a
1126 5248 1287 5303 Patre
1319 5264 1444 5302 mss.
1481 5245 1613 5299 Vict.
1639 5246 1795 5300 (.‘orb.
1827 5246 1998 5300 omitt.
2034 5248 2186 5303 vobis
2266 5248 2362 5286 ’δι’
2398 5247 2560 5300 Mittit
2584 5245 2746 5307 ﬁlius,
2783 5260 2958 5308 neque
2984 5258 3110 5296 ntss.
3141 5240 3306 5293 mittit
3352 5247 3406 5292 et
3443 5236 3585 5291 ﬁlius
3637 5251 3753 5292 nec
3790 5235 3922 5308 __""

639 5304 986 5390 cumulique
1017 5337 1140 5373 mss.
1173 5330 1221 5374 et
1249 5318 1394 5373 Edit.
1434 5316 1589 5372 Gotlt.
1623 5332 1746 5371 eum
1772 5316 1953 5385 itaque
1986 5334 2082 5371 ms.
2113 5317 2271 5372 Corb.
2306 5333 2430 5373 eum
2462 5318 2540 5369 sie
2570 5318 2661 5369 itat
2687 5304 2753 5368 ne
2780 5352 2783 5356 -
2828 5304 2921 5346 "'3"
2952 5314 3063 5367 Nec
3097 5311 3239 5365 tilius
3271 5310 3446 5362 mittat
3472 5308 3575 5361 nisi
3602 5323 3741 5360 mss.
3790 5304 3924 5358 Vict.

641 5389 802 5440 ϐοήν.
828 5390 1016 5440 Cister-
1050 5392 1219 5440 omitt.
1248 5389 1428 5440 mittat
1507 5387 1598 5419 ⁸⁵⁸⁸
1623 5388 1761 5440 Ouid
1814 5387 1929 5440 vult
1959 5388 2253 5440 simnilicari
2299 5405 2423 5440 mss.
2470 5385 2601 5439 Vict.-
2635 5332 2795 5440 δοιώ.
2822 5384 2951 5440 quid
2998 5383 3113 5436 vult
3139 5379 3449 5440 signiﬁcare
3527 5378 3622 5410 “"‘
3653 5379 3779 5431 Aut
3798 5375 3924 5440 quid

641 5389 802 5446 (ἐστιν,
828 5385 1016 5447 Cister.
1050 5392 1219 5443 omitt.
1248 5389 1428 5443 mittat
1507 5387 1598 5419 ⁸⁵⁸⁵
1623 5388 1761 5454 Quid
1814 5387 1929 5440 vult
1959 5388 2253 5457 signiﬁcari
2299 5405 2423 5442 mss.
2470 5385 2601 5439 Vict.-

2680 5386 2795 5439 orb.
2822 5384 2951 5454 quid
2998 5383 3113 5436 vult
3139 5379 3449 5454 signiﬁcare
3502 5378 3622 5454 _“"‘
3653 5379 3779 5431 Aut
3798 5375 3929 5454 quid

644 5461 769 5537 [ult
796 5460 1018 5537 intelligi
1052 5476 1179 5537 mss.
1214 5457 1535 5537 Victigorb.
1570 5447 1738 5537 omwitt.
1770 5457 1897 5537 quid
1928 5447 2042 5513 vult
2085 5529 2098 5537 _
2118 5459 2209 5490 ’⁵⁸⁷
2257 5458 2588 5537 Uiidencnim
2612 5457 2723 5511 lilio
2754 5447 2875 5537 cum
2904 5454 3063 5537 Pater
3083 5447 3213 5507 dare
3242 5449 3402 5537 simul
3431 5447 3515 5537 [vel
3540 5463 3707 5537 με...
3729 5457 3783 5501 et
3833 5447 3930 5537 Ειξ.

643 5516 1169 5585 ϐοιΙι.⁷ιιιιιΙε”εηίιη›
1209 5539 1295 5584 est
1345 5528 1651 5597 ﬁliosimul
1682 5516 1804 5583 cuni
1855 5528 2016 5583 Patre
2068 5529 2199 5584 dare
2222 5528 2305 5584 vel
2383 5527 2475 5560 ¹⁸⁸⁸
2513 5530 2584 5581 De
2613 5537 2767 5597 patre
2829 5525 2987 5597 simul
3014 5526 3080 5579 de
3102 5538 3227 5576 ntss.
3267 5519 3591 5597 Victigorb.
3634 5516 3845 5597 (ἐξερεῖ.
3873 5517 3936 5568 de

642 5600 808 5657 Patre
830 5609 880 5655 et
909 5600 993 5665 de»
1053 5598 1146 5632 ⁸⁸³⁸
1183 5600 1297 5660 Non
1328 5599 1393 5653 de
1438 5596 1593 5665 Filio,
1629 5614 1734 5654 non
1763 5599 1943 5663 datur,
1992 5614 2092 5654 nec
2142 5600 2343 5653 dicitur
2373 5615 2497 5652 mss.
2527 5607 2575 5651 et
2615 5588 2772 5651 'Edit.
2814 5595 2979 5665 Cotti.
3005 5610 3111 5649 non
3130 5602 3237 5665 _est_
3269 5591 3337 5646 de
3366 5588 3535 5665 Filio,
3563 5590 3883 5665 nuntietur
3910 5602 3939 5638 ιι

643 5662 1170 5752 ξιιξοδ-ῃθερἰςιιιιιι·
1246 5668 1338 5701 ³⁵⁸⁸
1371 5659 2010 5752 υιιοιιιοιιρηὶιιιεμξβιιηι
2047 5687 2172 5752 mss.
2210 5668 2348 5724 Vict.
2388 5667 2525 5752 Tha.
2564 5666 2714 5721 Gem.
2758 5663 3084 5752 Deﬂngdit.
3107 5662 3270 5752 30th.
3304 5659 3782 5752 quommlgint’e‘lt

652 5726 1208 5821 i_"'f_-Pil‘io‘8piritum
1251 5726 1410 5821 suum
1451 5755 1577 5792 mss.
1640 5737 1776 5794 Vict.
1809 5726 1922 5795 tilio
1977 5739 2241 5811 Spiritum
2265 5748 2514 5795 sanctum
2543 5752 2700 5821 suum
2776 5726 3470 5797 ""Sibisutlleiens'mss.
3529 5726 3661 5783 Vict.
3693 5727 3782 5782 Co

649 5811 796 5874 Edit.
825 5808 1113 5869 Gotlt.'sihi
1142 5810 1205 5881 sit
1240 5808 1513 5866 suliieiens

3786 5660 3942 5781 ἐξῗῖ
