4030 6290
573 293 677 356 3H

1077 292 1138 348 S.
1183 291 1479 350 ANSELill
1509 286 1838 346 CANTUAR
1900 285 2233 344 A'itCHIEP.‘
2260 285 2411 342 OPP.
2456 282 2632 340 PARS
2667 283 2712 337 -l.
2753 314 2763 320 -
2858 281 3279 340 DOGMATICA.

595 421 773 480 rapam
796 401 982 462 (ιθ-⁸⁸⁸⁸
1021 402 1394 460 incarnatione
1423 400 1581 457 Verbi
1617 401 1832 473 scripsi,
1869 401 2152 456 inveniun—
2179 397 2227 455 Α
2255 395 2488 466 Spiritus
2511 404 2731 452 sanctus
2765 395 3091 466 principium
3125 394 3243 451 sive
3285 405 3518 454 creator.
3563 396 3626 454 Si
3672 399 3830 471 igitur

582 517 670 558 δικ·
695 514 817 571 qute
864 497 959 554 uni
1001 497 1110 552 Deo
1138 505 1192 550 et
1230 497 1407 551 tribus
1428 495 1678 566 personis
1731 509 1826 566 per
1861 493 2149 565 quamdam

581 588 993 646 similitudinem
1057 595 1332 656 aptantur.
1419 585 1646 642 Constat
1713 587 1874 655 quia!
1909 600 2019 639 una
2061 584 2152 618 "3‘

580 681 876 749 eidemque
905 694 1042 748 aqua
1071 688 1176 744 est,
1198 693 1318 749 qua:
1349 687 1406 734 et
1435 678 1575 742 fons,
1614 687 1669 732 et
1703 678 1867 741 rivus,
1908 687 1963 732 et
2005 677 2154 734 lacus

579 772 798 834 dicitur,
823 785 926 824 non
951 779 1060 825 tres
1095 786 1270 841 aqum,
1292 770 1669 840 quamvistres
1687 770 1817 833 sint,
1841 769 1980 834 fons,
2005 769 2154 824 rivus

578 873 633 915 et
663 863 830 917 lacus.
865 863 1244 918 Discernamus
1271 863 1452 933 itaque
1478 864 1617 916 inter
1641 861 1866 929 fontem,
1896 864 2071 918 rivum
2095 871 2156 918 et

577 951 786 1017 lacum;
819 961 874 1007 et
909 953 1188 1008 videamus
1219 953 1343 1024 qttid
1369 954 1575 1023 singula
1603 952 1695 985 ‘5"
1724 954 1859 1018 haec,
1889 970 2011 1009 cum
2050 953 2151 1008 tria

578 1046 710 1111 sint,
748 1047 802 1100 in
859 1063 966 1102 una
1013 1046 1379 1117 intelligantur
1415 1063 1576 1117 aqua.
1629 1048 1682 1102 In
1737 1047 1888 1103 fonte
1932 1049 2155 1118 quidem

579 1154 720 1206 aqua
765 1139 831 1193 de
867 1140 1067 1209 abysso
1093 1138 1388 1192 ascendens
1418 1138 1639 1204 ebullit;
1667 1139 1717 1192 in
1747 1139 1864 1193 rivo
1898 1139 1967 1193 de
2007 1139 2158 1192 fonte

577 1229 913 1286 descendens
963 1229 1114 1295 ﬁuit;
1158 1232 1210 1284 in
1244 1230 1359 1285 lacu
1415 1231 1686 1302 colligitur
1712 1233 1802 1263 ¹⁶⁸⁸
1850 1239 1905 1286 et
1948 1241 2152 1287 manet.

576 1317 684 1372 Per
709 1319 913 1374 fontem
960 1335 1089 1391 ergo
1131 1320 1448 1391 intelligitur
1477 1337 1612 1391 aqua
1667 1323 1732 1376 de
1777 1323 1971 1392 abysso
2003 1323 2154 1376 elud-

578 1411 747 1478 l?eus;
777 1427 873 1482 per
902 1413 1092 1473 rivum,
1125 1413 1250 1483 quia
1281 1413 1347 1468 de
1374 1413 1518 1468 fonte
1553 1414 1698 1479 ﬂuit;
1732 1431 1824 1486 per
1848 1414 2151 1477 lacum‘m,

579 1502 707 1572 quia
737 1501 897 1557 simul
931 1503 1000 1557 ibi
1039 1505 1390 1558 coadunatnr.
1421 1502 1678 1557 Videmus
1708 1513 1886 1558 autem
1918 1503 2044 1574 quia
2078 1504 2154 1558 ri-

578 1607 679 1646 vus
707 1606 811 1646 non
849 1600 930 1646 est
963 1592 1030 1648 de
1069 1593 1170 1647 hoc
1216 1593 1356 1648 unde
1382 1608 1521 1662 aqua
1554 1592 1675 1648 fons
1699 1593 1926 1659 dicitur;
1958 1593 2052 1649 sed
2089 1593 2156 1649 de

576 1685 682 1738 hoc
709 1686 849 1754 quod
900 1693 1004 1748 est,
1034 1685 1087 1739 id
1113 1693 1197 1739 est
1242 1685 1308 1740 de
1329 1699 1498 1755 aqua;
1531 1700 1630 1740 nec
1665 1685 1816 1740 lacus
1841 1694 1926 1740 est
1957 1685 2023 1740 de
2051 1684 2154 1740 boc

2255 489 2503 557 quamvis
2549 487 2710 541 Pater
2746 487 2816 541 sit
2849 487 3191 558 principium,
3223 497 3278 542 et
3321 488 3489 544 Filius
3535 489 3607 546 sit
3635 491 3824 562 princi-

2255 582 2420 650 pimn,
2452 590 2508 635 et
2539 580 2772 650 Spiritus
2798 589 3024 635 sanctus
3051 581 3134 635 sit
3152 581 3508 652 principium,
3530 593 3822 639 nontamen

2253 681 2382 727 sunt
2424 672 2523 727 tria
2573 673 2862 744 principia,
2916 673 3011 726 sed
3057 689 3222 729 imum
3253 691 3270 727 τε
3306 675 3402 738 ita,
3442 686 3565 731 cum
3601 675 3828 746 Spiritus

2255 773 2474 819 sanctus
2504 764 2702 820 dicitur
2743 780 2870 821 esse
2891 767 2957 821 de
2984 764 3144 820 Patre
3169 775 3223 821 et
3255 767 3322 822 de
3341 766 3500 832 Filio,
3526 776 3633 822 non
3659 777 3745 822 est
3767 767 3828 822 de

2257 855 2468 910 duobus
2498 855 2804 925 principiis,
2853 856 2946 912 sed
3001 858 3067 911 de
3109 871 3236 923 uno,
3288 859 3430 924 quod
3471 866 3556 914 est
3585 857 3748 913 Pater
3779 866 3826 913 et

2256 945 2448 1010 Filius,
2490 947 2627 1002 sicut
2656 957 2739 1002 est
2765 949 2831 1004 de
2856 963 2964 1002 uno
2995 948 3103 1003 Deo
3131 948 3222 1018 qui
3255 956 3338 1003 est
3366 948 3530 1005 Pater
3553 958 3608 1004 et
3636 949 3823 1014 Filius;

2256 1040 2299 1094 si
2320 1053 2498 1095 tamen
2529 1038 2625 1072 ¹⁶⁹⁸
2653 1040 2762 1095 dici
2805 1041 2965 1096 debet
2994 1043 3133 1097 Deus
3162 1043 3364 1096 habere
3393 1043 3718 1112 principium
3745 1051 3828 1098 aut

2257 1147 2505 1188 causam.
2522 1131 2852 1202 Principium
2874 1148 3108 1202 namque
3132 1133 3343 1188 videtur
3365 1133 3577 1188 nonnisi
3605 1134 3682 1188 rei
3708 1133 3831 1187 inci-

2257 1224 2452 1294 pientis
2481 1239 2600 1280 esse
2625 1223 2716 1258 ²⁶⁹⁶
2744 1233 2798 1280 et
2822 1241 2980 1280 causa
3015 1226 3227 1279 nonnisi
3256 1225 3478 1281 cﬂ‘ectus
3502 1223 3758 1292 alicujus;
3780 1235 3827 1281 et

2258 1319 2492 1388 Spiritus
2522 1326 2739 1373 sanctus
2761 1333 3034 1387 nunquam
3063 1317 3284 1386 incepit
3306 1332 3447 1381 esse,
3475 1332 3577 1372 nec
3597 1327 3684 1372 est
3713 1316 3830 1371 elic-

2255 1417 2378 1462 ctns
2416 1407 2645 1476 alicujus
2669 1407 2780 1462 "9".
2815 1407 2966 1475 Quod
3019 1407 3162 1461 enim
3215 1407 3404 1477 incipit
3440 1423 3583 1475 esse,
3625 1407 3828 1478 prolicit

2257 1501 2324 1554 de
2352 1515 2456 1555 non
2486 1515 2605 1556 esse
2629 1499 2696 1553 ad
2723 1514 2843 1556 esse
2869 1517 2882 1553 :
2914 1513 2967 1555 et
2997 1514 3190 1554 nomen
3222 1498 3469 1564 ell‘ectus,
3499 1501 3575 1554 rei
3607 1517 3729 1570 qua:
3779 1502 3830 1555 tit

2257 1593 2429 1662 aptari
2478 1593 2690 1647 videtur
2739 1592 2982 1662 proprie.
3009 1593 3272 1658 Quoniam
3307 1599 3488 1646 tamen
3521 1592 3620 1625 ⁸⁵³⁸
3649 1607 3825 1647 verum

2257 1693 2341 1739 est
2376 1684 2569 1739 Filium
2614 1699 2736 1740 esse
2766 1684 2834 1739 de
2874 1683 3051 1745 Patre,
3097 1693 3152 1737 et
3200 1683 3462 1754 Spiritum
3497 1693 3744 1739 sanctum
3775 1684 3828 1736 de

577 1775 719 1830 unde
742 1791 880 1846 aqua
913 1775 1110 1831 dicitur
1147 1775 1275 1830 fons
1301 1784 1398 1830 aut
1433 1776 1602 1840 rivus,
1635 1776 1726 1830 sed
1755 1777 1821 1830 de
1850 1775 1962 1845 ipsa
1989 1789 2149 1845 aqua,
2187 1763 2230 1822 Β
2261 1775 2419 1830 Patre
2465 1784 2522 1830 et
2561 1774 2714 1836 Filio,
2763 1774 2806 1831 si
2845 1789 2946 1830 suo
2978 1773 3232 1828 ineli‘abili
3273 1775 3506 1844 quodam
3563 1775 3727 1828 modo
3749 1773 3831 1805 “”

578 1882 700 1936 qua:
723 1883 829 1922 una
857 1877 913 1924 et
939 1869 1127 1923 eadem
1151 1877 1234 1923 est
1267 1867 1319 1922 in
1347 1867 1496 1924 fonte
1520 1876 1574 1923 et
1606 1868 1741 1922 rivo.
1777 1866 1893 1922 Non
1924 1883 2052 1938 ergo
2088 1868 2156 1922 de

577 1956 702 2026 hoc,
733 1958 874 2013 unde
901 1957 1153 2020 dilI'ernnt
1184 1957 1304 2014 fons
1331 1967 1385 2012 et
1415 1959 1591 2024 rivus;
1619 1958 1716 2013 sed
1739 1959 1805 2013 de
1836 1957 1938 2013 hoc
1969 1959 2021 2012 in
2049 1973 2158 2029 quo

582 2065 746 2102 unum
773 2060 918 2111 sunt,
951 2049 1098 2105 lacus
1129 2050 1333 2106 existit.
1361 2048 1416 2104 Si
1443 2065 1570 2117 ergo
1601 2064 1707 2103 non
1737 2049 1908 2120 magis
1939 2049 2059 2104 fons
2075 2059 2160 2104 est

580 2139 684 2193 hoc
713 2139 853 2193 unde
881 2140 1031 2194 lacus
1077 2150 1161 2195 est
1188 2155 1348 2210 quam
1385 2139 1568 2204 rivus,
1602 2139 1787 2209 nequit
1826 2138 2051 2209 intelligi
2082 2139 2159 2193 la-

579 2246 676 2286 cus
713 2232 884 2302 magis
913 2246 1032 2286 esse
1081 2232 1147 2287 de
1191 2231 1336 2287 fonte
1377 2247 1539 2302 quam
1569 2231 1636 2286 de
1673 2232 1808 2286 rivo.
1851 2231 1943 2286 Sic
1975 2232 2160 2302 itaque

577 2335 702 2376 cum
725 2323 820 2354 “9°
858 2322 1054 2378 dicitur
1079 2322 1217 2379 Deus
1243 2323 1425 2388 Pater,
1462 2332 1554 2377 aut
1578 2322 1767 2388 Filius,
1796 2331 1890 2378 aut
1925 2323 2160 2393 Spiritus

578 2422 831 2479 sanctus;
867 2430 971 2469 una
999 2415 1054 2471 in
1086 2417 1257 2470 trilms
1289 2413 1604 2486 intelligitur
1637 2415 1894 2480 essentia,
1930 2423 1986 2470 et
2019 2431 2159 2470 unus

577 2506 740 2567 Deus.
769 2507 910 2572 quod
959 2523 1152 2563 nomen
1189 2518 1272 2563 est
1308 2508 1478 2576 ipsius
1507 2505 1930 2576 signiﬁcativum
1967 2523 2157 2564 essen-

575 2599 698 2665 tizc;
730 2600 824 2654 sed
858 2599 913 2655 in
941 2599 1100 2657 Patre
1131 2601 1447 2672 intelligitur
1481 2606 1734 2675 gignens,
1763 2605 1815 2658 in
1847 2600 1982 2657 Filio
2010 2602 2159 2672 genio

579 2700 686 2753 tus,
717 2699 769 2746 et
800 2691 852 2746 in
882 2691 1084 2762 Spiritu
1117 2704 1306 2748 sancto
1332 2693 1587 2762 singulari
1612 2695 1846 2764 quodam
1881 2701 1934 2750 et
1967 2693 2156 2749 iueﬂ'a-

576 2781 670 2836 bili
711 2782 870 2837 modo
921 2782 1238 2852 procedens.
1293 2781 1756 2850 Quemadmodum
1801 2782 1970 2852 igitur
2008 2781 2158 2838 lacus

578 2885 686 2928 non
711 2879 796 2926 est
823 2872 890 2925 de
911 2872 1031 2934 hoc,
1056 2872 1198 2926 unde
1227 2871 1426 2926 diversi
1452 2879 1580 2926 sunt
1599 2871 1668 2927 ab
1697 2871 1928 2926 invicem
1956 2869 2078 2924 {ous
2102 2879 2158 2924 et

579 2962 757 3028 rivus;
789 2962 882 3018 sed
910 2962 976 3016 de
1003 2978 1147 3033 aqua
1175 2963 1227 3016 in
1249 2978 1352 3030 qua
1377 2978 1542 3017 unum
1571 2969 1699 3017 sunt
1724 2961 1938 3024 "";ita
1981 2960 2158 3031 Spiri-

579 3063 666 3116 ,t-us
697 3063 920 3107 sanctus
954 3068 1058 3107 non
1085 3062 1166 3107 est
1203 3068 1269 3109 oe
1310 3055 1438 3119 hoc,
1469 3055 1614 3109 unde
1644 3053 1731 3108 alii
1758 3062 1884 3108 sunt
1921 3053 1991 3108 ab
2020 3052 2156 3107 invi-

578 3159 696 3198 cem
729 3138 885 3198 Pater
922 3153 976 3199 et
1003 3143 1200 3210 Filius;
1250 3144 1344 3200 sed
1376 3145 1443 3201 de
1467 3145 1645 3200 divina
1675 3143 1934 3210 essentia,
1969 3145 2020 3198 in
2049 3158 2152 3215 qua

578 3250 744 3289 unum
779 3245 924 3290 sunt.
972 3235 1027 3290 Si
1069 3253 1199 3307 ergo
1231 3253 1339 3292 non
1379 3238 1550 3308 magis
1577 3249 1659 3293 est
1687 3237 1850 3294 Pater
1880 3238 1984 3293 boc
2014 3237 2158 3292 unde

578 3328 814 3398 Spiritus
840 3338 1060 3384 sanctus
1082 3345 1162 3385 εει
1188 3347 1347 3401 quam
1375 3331 1546 3387 Filius
1565 3373 1582 3398 ,
1609 3331 1830 3404 intelligi
1854 3332 2040 3402 nequit
2060 3345 2157 3386 cur

577 3419 750 3490 magis
780 3423 850 3474 sit
883 3421 950 3475 de
979 3421 1136 3476 Patre
1161 3437 1327 3489 quam
1349 3423 1423 3477 dc-
1447 3422 1605 3478 Filim

907 3511 1134 3566 CAPUT
1173 3512 1334 3568 xvnt
1368 3513 1464 3586 [aL
1499 3514 1663 3587 xvn]
1694 3515 1806 3569 ιεη.

596 3609 761 3666 ταιον
783 3607 836 3658 rs
855 3599 1025 3654 Filius
1044 3612 1161 3656 sunt
1189 3619 1350 3657 unum
1378 3605 1689 3673 principium
1715 3604 1944 3674 Spiritus
1967 3605 2156 3659 sancti.

607 3759 610 3762 Q
651 3692 802 3757 Quod
830 3692 874 3747 si
903 3692 1088 3746 dicunt
1114 3708 1362 3748 noscunt
1386 3708 1506 3750 esse
1528 3709 1682 3764 pnssc
1708 3695 1772 3748 de
1797 3695 2004 3749 duabus
2027 3709 2155 3749 cau-

581 3784 678 3845 sis,
708 3782 823 3836 sive
867 3798 932 3837 ex
967 3783 1172 3838 duobus
1211 3784 1510 3854 principiis,
1550 3785 1936 3854 respondemus
1970 3783 2133 3851 :'Qno

579 3872 724 3925 niam
749 3871 889 3927 sicut
933 3889 1040 3928 non
1069 3875 1336 3930 credimus
1367 3875 1626 3945 Spiritum
1662 3887 1906 3930 sanctum
1939 3893 2060 3932 esse
2090 3876 2155 3932 de

575 3966 676 4020 hoc
705 3966 846 4021 unde
871 3967 977 4021 duo
1003 3979 1128 4022 sunt
1155 3966 1318 4025 Pater
1341 3977 1396 4024 et
1417 3967 1710 4034 Filius,sed
1741 3969 1812 4024 de
1835 3969 1938 4025 hoc
1965 3969 2017 4023 in
2047 3985 2153 4040 quo

576 4073 738 4110 unum
766 4067 919 4123 sunt,
955 4059 1025 4114 ita
1059 4076 1166 4115 non
1199 4061 1433 4117 dicimus
1459 4045 1563 4117 duo
1594 4077 1713 4117 esse
1735 4063 1851 4132 ejus
1878 4062 1970 4093 ¹⁶⁹³
2000 4062 2151 4131 prii:-

574 4146 738 4212 cip'a,
781 4148 874 4203 sed
913 4165 1078 4204 unum
1122 4152 1468 4224 principium.
1504 4151 1713 4223 Quippe
1761 4168 1884 4206 cum
1921 4153 2152 4206 dicimus

582 4237 750 4289 Deum
799 4239 1120 4309 principium
1167 4251 1451 4308 creaturae,
1480 4242 1830 4312 intelligimus
1860 4243 1933 4297 Pa
1961 4258 2069 4296 rem
2096 4252 2152 4296 et

577 4321 770 4378 Filium
797 4337 850 4380 et
887 4329 1148 4398 Spiritum
1196 4339 1441 4386 sanetum
1475 4346 1637 4384 unum
1667 4332 2008 4402 principium,
2043 4349 2145 4384 non

575 4416 674 4470 tria
710 4419 1004 4491 principia;
1034 4421 1176 4474 sicut
1200 4438 1362 4476 unum
1379 4422 1708 4484 Creatorem,
1737 4439 1838 4476 non
1867 4432 1975 4476 tres
1995 4437 2142 4476 crea-

574 4518 738 4572 tures,
768 4512 1013 4580 quamvis
1055 4521 1165 4566 tres
1200 4512 1309 4568 sint
1351 4514 1513 4569 Pater
1552 4525 1606 4569 et
1637 4515 1805 4569 Filius
1822 4529 1876 4569 et
1906 4514 2144 4584 Spiritus

571 4609 822 4667 sanctus;
857 4603 1109 4671 quoniam
1145 4619 1239 4673 per
1290 4605 1391 4659 hoc
1432 4605 1482 4659 in
1517 4621 1624 4676 quo
1667 4622 1830 4659 manu
1861 4615 2008 4670 sunt,
2037 4622 2140 4660 non

569 4704 666 4757 per
697 4691 796 4746 hoc
839 4693 981 4763 quod
1007 4703 1118 4748 tres
1157 4703 1284 4749 sunt
1306 4695 1394 4729 “3"
1425 4707 1506 4750 est
1537 4686 1696 4751 Pater
1733 4706 1824 4750 aut
1858 4697 2024 4752 Filius
2049 4707 2142 4752 aut

2259 1867 2591 1939 intelligitur,
2624 1868 2881 1938 quoniam
2913 1868 3071 1922 aliter
3093 1867 3320 1938 proferri
3353 1869 3561 1939 nequit,
3590 1869 3702 1922 dici
3729 1883 3828 1922 non

2261 1961 2552 2031 incongrue
2610 1969 2793 2029 potest
2849 1960 3017 2014 Pater
3076 1961 3475 2030 quodammodo
3515 1961 3829 2030 principium

2258 2051 2401 2116 Filii,
2430 2061 2484 2106 et
2521 2051 2677 2105 Pater
2703 2059 2758 2105 et
2798 2049 2966 2106 Filius
3009 2051 3330 2121 principium
3364 2050 3602 2121 Spiritus
3643 2052 3828 2106 saneti.

2260 2141 2370 2197 Nec
2403 2150 2578 2197 tamen
2605 2142 2717 2194 dno
2733 2141 3055 2196 conﬁtemur
3081 2142 3378 2212 principia;
3409 2158 3601 2208 unum,
3627 2139 3835 2194 Patrem

2261 2232 2327 2286 ad
2353 2232 2543 2287 Filium
2577 2231 2702 2298 "°°;
2733 2233 2984 2295 alterum,
3020 2233 3234 2288 Patrem
3269 2242 3324 2288 ct
3357 2233 3550 2288 Filium
3575 2233 3640 2286 ad
3675 2232 3838 2301 Spiri-

2264 2333 2374 2378 tum
2395 2333 2659 2380 sanctum.
2698 2324 2848 2380 Sicut
2899 2324 3307 2380 non‘credimns
3333 2325 3498 2378 alium
3539 2324 3709 2379 Deum
3744 2324 3835 2379 Pa-

2263 2423 2400 2470 trem
2447 2415 2513 2470 de
2565 2430 2672 2484 quo
2709 2426 2793 2470 est
2822 2415 3007 2474 Filius.
3047 2423 3101 2470 et
3141 2416 3304 2470 alium
3339 2417 3506 2470 Deum
3542 2413 3757 2469 Patrem
3785 2423 3834 2469 et

2261 2506 2454 2561 Filium
2476 2506 2543 2561 de
2565 2523 2672 2577 quo
2685 2506 2918 2578 estSpiri
2929 2518 3011 2562 tus
3026 2517 3266 2572 sanctus,
3283 2507 3532 2577 quamvis
3564 2507 3631 2562 de
3653 2507 3832 2561 eodem

2247 2597 2392 2665 Deo,
2417 2613 2532 2654 sn'e
2562 2601 2629 2655 de
2657 2601 2843 2655 eodem
2871 2599 3139 2670 principio
3163 2613 3262 2654 suo
3288 2599 3518 2670 quisque
3543 2601 3706 2654 modo
3735 2599 3828 2663 sit,

2261 2693 2399 2748 alter
2438 2693 2644 2748 scilicet
2674 2695 2963 2757 nascendo,
3012 2693 3157 2747 alter
3207 2693 3583 2763 procedendo;
3627 2693 3676 2747 si
3715 2709 3840 2763 quo-

2261 2786 2384 2841 dam
2415 2785 2508 2819 ‘m
2537 2785 2800 2856 singulari
2839 2795 2894 2839 et
2922 2784 3179 2840 ineﬁ'abili
3212 2785 3370 2840 modo
3397 2785 3494 2818 ’⁸³⁸
3525 2786 3842 2857 intelligitur

2262 2876 2364 2932 ista
2395 2877 2690 2948 processio.
2726 2876 3010 2932 Processio
3059 2892 3295 2946 namque
3327 2876 3513 2932 multis
3555 2879 3738 2933 inotlis
3764 2878 3842 2932 di-

2259 2969 2421 3034 citur,
2451 2969 2518 3024 de
2545 2968 2743 3039 quibus
2777 2969 2878 3023 istc
2898 2968 3174 3024 solitarius
3206 2967 3548 3038 intelligitur,
3575 2969 3724 3024 sicut
3749 2985 3837 3022 na-

2263 3061 2446 3116 tivitas
2488 3059 2609 3114 Filii
2655 3060 2946 3131 singularis
2971 3061 3336 3131 cognoscitur.
3366 3059 3603 3129 ldipsum
3651 3059 3840 3114 intelli-

2261 3154 2404 3223 gitur
2428 3152 2542 3219 "°’,
2575 3153 2619 3207 si
2652 3152 2879 3206 dicimus
2928 3152 3140 3206 Patrem
3170 3166 3292 3206 esse
3322 3165 3542 3206 causam
3575 3151 3673 3184 ¹⁷⁰³
3703 3151 3838 3215 Filii,

2256 3255 2311 3301 et
2339 3244 2556 3299 Patrem
2603 3255 2657 3298 et
2711 3242 2750 3298 F
2758 3243 2907 3297 ilium
2956 3257 3173 3297 causam
3228 3241 3467 3313 Spiritus
3491 3245 3698 3298 sancti.
3729 3243 3842 3299 Non

2257 3340 2400 3398 enim
2430 3338 2564 3392 duas
2599 3351 2885 3407 possumus
2917 3335 3101 3391 dicere
3134 3350 3328 3390 causas
3348 3374 3364 3400 ,
3395 3335 3558 3390 aliam
3586 3337 3842 3393 videlicet

2257 3431 2399 3495 Filii,
2427 3429 2590 3484 aliam
2622 3428 2855 3500 Spiritus
2881 3429 3078 3496 sancti,
3108 3429 3201 3483 sed
3234 3444 3396 3484 unam
3421 3425 3451 3484 ’;
3481 3431 3838 3500 quemadmoo

2258 3525 2382 3578 dum
2415 3539 2520 3577 non
2553 3521 2660 3574 duo
2699 3521 2770 3576 dii
2803 3530 2949 3584 sunt,
2994 3521 3088 3576 sed
3134 3537 3274 3576 unus
3311 3521 3476 3589 Deus,
3515 3523 3583 3577 de
3611 3537 3729 3594 quo
3758 3530 3842 3578 est

2255 3613 2424 3668 Filius
2448 3622 2502 3669 et
2534 3612 2770 3683 Spiritus
2796 3623 3042 3669 sanctus.

2591 3726 2819 3784 CAPUT
2860 3713 2978 3782 xix
3019 3727 3114 3800 [aL
3145 3727 3328 3802 xvm]
3359 3679 3474 3782 ιτᾹι.

2255 3818 2482 3888 lufringi
2507 3833 2570 3872 ur
2600 3827 2960 3888 nrqumcntum
2994 3819 3206 3872 ductum
3235 3836 3299 3872 ex
3338 3835 3397 3872 eo
3423 3819 3568 3886 quod
3595 3803 3840 3874 Christus

2323 3889 2629 4011 Lippi-asserit
2671 3889 2837 3942 solum
2881 3887 3110 3958 Spiritus
3162 3889 3332 3944 sancti
3375 3891 3768 3959 processioncm
3811 3908 3848 3943 ο

2374 3970 2485 4013 tttt‘e

2374 3977 2454 4012 (UT

2325 4050 2381 4106 Si
2407 4059 2588 4104 autem
2617 4048 2897 4119 qumritnr,
2939 4066 3060 4104 cum
3093 4051 3350 4105 Dominus
3384 4050 3520 4105 dixit
3553 4069 3567 4106 :
3601 4050 3747 4106 Cum
3769 4067 3854 4106 u-

2253 4140 2385 4194 nerit
2419 4137 2738 4202 Pnraclitus,
2763 4155 2916 4209 quem
2936 4157 3028 4210 ego
3061 4142 3262 4196 mittam
3290 4141 3428 4194 robis
3449 4158 3482 4194 a
3509 4139 3706 4206 Patre,
3733 4141 3847 4210 Spi~

2253 4232 2432 4294 ritum,
2461 4229 2690 4300 Spiritus
2732 4231 2982 4292 veritatis,
3009 4231 3096 4300 qui
3139 4249 3171 4283 α
3207 4229 3364 4284 Patre
3391 4231 3842 4303 proccdit~(Joatt.

2254 4339 2340 4388 xv,
2369 4321 2461 4388 26)
2490 4340 2504 4376 :
2535 4339 2632 4377 cur
2659 4338 2762 4377 non
2809 4321 3033 4387 addidit,
3067 4333 3113 4375 et
3141 4340 3171 4375 rt
3204 4321 3364 4388 Filio,
3397 4323 3481 4377 vel
3505 4341 3538 4376 a
3572 4341 3660 4379 me
3693 4324 3743 4379 si
3766 4323 3844 4377 sic

2252 4416 2419 4470 voluit
2466 4415 2720 4487 intelligi?
2775 4404 2888 4470 Non
2921 4426 3004 4471 est
3057 4416 3156 4469 hoc
3195 4417 3510 4470 inusitatum
3562 4417 3618 4470 in
3683 4417 3853 4473 dictis

2253 4509 2414 4573 illius,
2448 4502 2507 4562 nt
2533 4524 2653 4564 cum
2698 4511 2940 4565 attribuit
2975 4510 3176 4580 aliquid
3199 4511 3308 4582 58
3336 4510 3481 4565 Patri
3511 4513 3678 4582 quasi
3720 4513 3845 4572 soli,

2253 4600 2334 4656 vel
2381 4599 2615 4667 sibi,vel
2657 4598 2878 4670 Spiritui
2929 4603 3301 4667 sancto;velit
3347 4602 3400 4656 in
3441 4602 3492 4655 al
3519 4602 3568 4658 is
3611 4601 3853 4671 intelligi-

2250 4691 2392 4762 qnod
2427 4690 2478 4745 in
2509 4705 2614 4746 uno
2641 4689 2996 4760 loquitur‘m.
3023 4691 3153 4745 Nam
3189 4707 3310 4746 cum
3333 4693 3468 4747 dicit
3490 4709 3510 4746 :
3535 4691 3747 4748 Beatus
3770 4709 3844 4756 cs,

1845 4807 2078 4865 VAth15
2123 4803 2522 4862 Ll'ZCTlONES.

640 4935 736 5011 "3’1
748 4935 1020 5011 Urbanum
1039 4938 1103 5011 de
1121 4956 1243 5011 mss.
1259 4937 1533 5011 Urbanum)
1551 4941 1749 5011 Papam
1776 4942 1841 5011 de
1918 4940 2007 4974 ιδθδ
2024 4941 2245 4994 Constat
2261 4937 2679 5011 enimquodjuna
2709 4952 2832 5011 tuas.
2859 4945 3070 5011 constat
3094 4939 3216 5006 quia
3239 4955 3341 4993 una
3369 5010 3373 5011 ν
3423 4941 3516 4973 ³⁸⁸⁷
3536 4941 3839 5008 Quomodo

565 5007 771 5081 singula
787 5007 1043 5081 numquid
1059 5009 1264 5081 singula
1294 5010 1384 5042 ³⁸⁵⁸³
1400 5011 1456 5064 In
1475 5005 1647 5064 lacum
1665 5010 1933 5081 colligitur
1955 5027 2075 5063 mss.
2096 5012 2152 5063 in.

2260 5005 2860 5081 u_co|l_igiturms.(garb.
2893 5005 3177 5081 perducunt
3201 5010 3476 5081 colligitur
3555 5005 3658 5046 ῖ⁶⁸⁹
3687 5012 3838 5068 Fluit

566 5081 618 5131 in
636 5075 811 5131 lat-um
838 5075 1396 5151 msleuitperlacum
1453 5081 1545 5113 “9°
1576 5075 1845 5150 Si‘itnqn'e
1871 5097 1994 5136 eum
2021 5096 2146 5151 mss.
2175 5079 2254 5133 sic
2285 5075 2466 5146 itaque
2492 5091 2635 5131 cum.
2714 5075 2899 5151 iuius.
2918 5075 2975 5131 S.
3001 5078 3280 5151 filia/indis
3303 5075 3496 5151 cineri!
3516 5083 3691 5151 hujus
3723 5084 3850 5136 libri

563 5151 927 5224 desiderant!"
998 5145 1880 5224 “fi'Aqua_in_unum_sunt_iuss.
1911 5151 2062 5224 Aqua
2094 5149 2143 5224 in
2172 5164 2295 5224 qua_
2317 5145 2484 5202 unum
2513 5154 2639 5224 sntit
2715 5145 2961 5224 ‘f’f’mtiu.
2999 5147 3080 5200 l7.
3115 5147 3206 5200 Est
3243 5150 3300 5202 in
3331 5166 3430 5203 ms.
3459 5145 3626 5206 Certi.
3661 5151 3849 5224 Caput

562 5219 650 5270 18.
683 5218 808 5270 olim
833 5215 1001 5286 Caput
1029 5219 1122 5293 i§_
1149 5213 1528 5293 _‘"‘_t‘lieimus
1573 5221 1680 5274 duo
1708 5219 1824 5286 ejus
1847 5213 2370 5293 mssfpitjiuuisduo
2405 5213 2670 5293 esseejns
2746 5214 2837 5293 1""
2869 5216 2922 5268 lu
2953 5231 3066 5293 quo
3090 5228 3200 5293 tres
3229 5230 3379 5285 sunt,
3411 5235 3660 5293 e_stmss.
3696 5213 3848 5293 quod

564 5295 674 5339 tres
703 5295 850 5355 sunt,
875 5285 964 5342 est
1032 5288 1124 5321 ’Μ
1148 5289 1214 5344 Et
1250 5289 1442 5353 Filius,
1465 5291 1509 5344 si
1538 5300 1712 5344 tamen
1739 5285 1868 5343 ’mss.
1912 5299 1964 5342 ct
2003 5289 2190 5352 Filius,
2220 5289 2360 5343 sicut
2391 5287 2568 5355 estde
2606 5301 2718 5355 uno
2749 5285 2856 5339 Deo
2894 5290 2984 5355 qui
3023 5297 3107 5340 est
3139 5287 3299 5344 Pater
3329 5301 3378 5343 ct
3429 5290 3635 5355 Filius.
3667 5285 3732 5348 si"
3765 5303 3843 5347 ts.

563 5371 733 5434 inenA
764 5354 858 5386 ³⁶⁹⁶
885 5356 1075 5434 Incipit
1100 5373 1222 5413 esse
1246 5376 1369 5414 mss.
1405 5360 1605 5434 incepit
1639 5373 1761 5414 esse
1838 5360 1924 5394 ¹⁶⁹⁷
1967 5359 2081 5434 Nec
2103 5370 2188 5434 est
2210 5357 2434 5434 adjectus
2459 5353 2853 5434 a_licu_jn_s___mss.
2883 5353 3038 5434 γεω.
3072 5367 3118 5410 et
3161 5357 3561 5434 ςίίδιενε-οηςὶιμ
3589 5353 3848 5434 alicujus

566 5425 655 5457 ¹⁶⁰⁸
694 5424 972 5490 Quomodo
1001 5424 1192 5481 tamen
1248 5447 1372 5482 mss.
1415 5424 1680 5495 Qatmiam
1737 5440 1913 5483 tamen
1995 5430 2084 5462 ἐπ’
2137 5429 2378 5496 Quodam
2405 5425 2741 5496 etincllabili
2775 5425 2933 5496 modo
2980 5443 3102 5479 mss.
3167 5426 3301 5482 Vict.
3334 5429 3492 5485 Corb.
3552 5424 3840 5490 ineﬁitﬁili

560 5497 793 5568 quodam
823 5497 980 5568 modo
1058 5499 1150 5568 ιῖοο
1185 5494 1472 5568 Principia.
1510 5514 1673 5554 unum
1707 5499 1920 5553 Patrem
1950 5498 2014 5552 ad
2056 5494 2246 5553 Filium
2291 5514 2417 5550 mss.
2460 5494 2680 5568 thl‘gi).
2713 5505 2759 5549 ct
2801 5494 2883 5548 l5.
2909 5497 3190 5568 principio,
3240 5500 3333 5553 sed
3377 5517 3566 5561 unum.
3605 5503 3845 5558 Patrem

560 5562 842 5642 3'}.A_l“_ilitt_nt
917 5566 1005 5596 ¹⁷⁰¹
1074 5567 1177 5621 Sed
1220 5562 1453 5638 quodam
1503 5571 1703 5642 νηκεῌεί
1737 5570 2007 5642 quoiam“
2049 5569 2140 5642 f7“

2260 5582 2406 5636 psum
2458 5565 2774 5632 intelligitur
2811 5562 3116 5642 ητις-(ξομ).
3181 5569 3411 5642 iiipsum
3464 5571 3854 5642 intelligimus

565 5634 654 5706 ξῖολ
682 5633 916 5687 Dicimus
945 5651 1064 5688 esse
1116 5633 1330 5692 causam
1380 5655 1504 5690 mss.
1535 5650 1579 5691 et
1621 5633 1930 5692 Etlit'Gmh.
1959 5639 2189 5690 dicimus
2220 5633 2430 5706 patrem
2460 5649 2581 5690 esse
2603 5649 2827 5706 causam
2874 5641 2877 5643 “
2906 5637 3000 5667 ³⁷⁰³³
3023 5636 3151 5691 CAP.
3196 5633 3275 5694 l8;
3317 5640 3406 5695 Est
3435 5643 3490 5696 iu
3520 5659 3633 5698 ms.
3654 5633 3846 5698 “Certi.

561 5703 727 5764 (μηηη
758 5705 841 5760 19,
881 5707 1002 5758 οιίη,
1037 5706 1203 5762 am“
1247 5708 1306 5761 ιδ
1385 5710 1473 5739 vos
1505 5710 1653 5775 ρςιοςι
1709 5711 1774 5764 (ιε
1811 5725 1915 5765 uno
1953 5709 2189 5773 loptitur
2222 5703 2350 5761 ints.
2401 5705 2540 5765 quod
2580 5706 2631 5760 in
2664 5720 2772 5758 nuo
2817 5703 3059 5774 loquitur
