4030 6290
266 332 370 388 5ιό

1244 290 1251 298 ’
1301 327 1388 384 DE
1426 324 1901 384 PitOCESSIONE
1932 330 1990 384 s.
2024 292 2360 387 SPittITUS.

3396 339 3513 395 κδιι

268 444 454 499 Simon
502 440 769 510 Ba:joua-,
811 440 1097 511 quiaicaro
1135 450 1183 497 et
1204 444 1417 513 sanguis
1462 460 1563 498 non
1605 441 1841 498 reuelauit
1870 448 1917 507 Α
1947 443 2049 506 hoc
2083 434 2227 499 enim
2273 454 2356 500 est
2398 445 2630 515 Spiritus
2673 456 2912 513 sanctus,
2945 444 3086 517 quod
3132 455 3214 503 est
3254 448 3444 505 Filius'
3469 429 3545 504 et

267 534 378 590 liti.
405 532 497 586 sed
538 528 699 585 Pater
718 548 861 586 meus
889 534 977 602 qui
1001 535 1054 587 in
1078 534 1216 587 culis
1240 545 1311 588 est
1330 534 1544 603 (Matth.
1584 551 1693 596 va.
1732 536 1841 605 l7).

269 622 457 677 Noitne
512 608 626 692 ipse
668 621 834 677 Filius
878 633 933 678 et
952 623 1190 692 Spiritus
1215 633 1435 679 sanctus
1470 626 1847 696 intelligendus

266 723 347 769 est
395 712 663 768 revelasse
700 706 820 767 cum
853 710 1014 767 Patre
1034 712 1057 765 ?
1078 711 1339 780 Quoniam
1368 716 1511 768 enim
1543 714 1705 769 Pater
1739 732 1843 770 non

267 804 470 858 revelat
516 818 613 873 per
641 805 766 869 hec,
816 805 942 873 quia
978 804 1135 859 Pater
1172 815 1256 859 est
1285 802 1409 870 ¹⁷⁰⁶;
1457 804 1551 858 sed
1590 820 1686 875 per
1720 806 1843 872 hoc,

265 895 407 963 quod
440 894 579 948 Deus
604 902 708 960 est,
734 903 787 947 et
809 892 947 948 idem
983 893 1125 947 Deus
1157 905 1239 947 est
1267 893 1435 949 Filius
1459 894 1550 926 ³⁷⁸³⁷
1585 903 1640 957 et
1678 895 1846 964 Spiri-

268 992 352 1037 tus
382 992 637 1047 sanctus;
668 981 914 1051 sequitur
937 991 1015 1050 ut,
1044 983 1186 1052 quod
1218 983 1419 1038 revelat
1444 983 1623 1053 Pater,
1643 985 1846 1041 revelet

264 1071 454 1137 Filius,
486 1083 538 1127 et
582 1072 817 1142 Spiritus
846 1082 1087 1127 sanctus.
1125 1071 1255 1127 ltem
1291 1090 1414 1128 cum
1462 1075 1633 1129 dicit:
1677 1074 1845 1129 Nemo

264 1166 403 1217 novit
437 1161 658 1229 Filium,
695 1165 795 1221 nisi
846 1163 1041 1230 Pater;
1078 1182 1239 1238 neque
1274 1164 1487 1221 Patrem
1528 1170 1644 1239 quis
1686 1171 1844 1234 norit,

263 1252 366 1304 nisi
408 1249 602 1317 Filius,
646 1262 693 1305 et
739 1254 823 1306 cui
877 1254 1095 1307 voluerit
1137 1252 1311 1310 Filius
1361 1255 1588 1312 rerelare
1628 1257 1841 1325 (Matth.

261 1357 336 1408 xv,
378 1339 492 1412 Ξῖ),
523 1341 677 1412 quasi
727 1342 873 1419 solus
919 1341 1090 1399 Filius
1119 1346 1520 1415 eognoseat‘m
1561 1356 1617 1401 et
1648 1348 1849 1403 revelet

261 1431 501 1500 Patrem,
534 1442 585 1488 et
615 1448 701 1499 se;
734 1443 789 1488 et
815 1435 961 1489 solus
986 1434 1149 1491 Pater
1181 1435 1272 1469 ¹⁷⁰⁹
1299 1446 1591 1505 cognoscat
1615 1437 1842 1492 Filium:

261 1523 668 1605 intelligendum
692 1534 773 1578 est
800 1525 868 1579 ibi
902 1524 1142 1580 revelare
1173 1538 1225 1582 et
1252 1542 1430 1595 nosse,
1462 1529 1633 1584 tribus
1658 1544 1848 1600 perso-

260 1615 345 1665 nis
384 1628 505 1667 esse
529 1626 847 1681 commune;
880 1615 1136 1686 quoniam
1166 1631 1271 1671 non
1301 1630 1398 1686 per
1428 1618 1548 1686 hoc,
1580 1618 1721 1688 quod
1756 1618 1845 1672 alii

260 1708 387 1753 sunt
418 1701 487 1753 ait
512 1700 768 1766 invicem;
806 1711 895 1759 sed
928 1718 1024 1774 per
1060 1705 1187 1771 boc,
1217 1706 1358 1776 quod
1400 1724 1563 1762 unum
1590 1718 1715 1763 sunt
1742 1708 1847 1763 Pa-

1947 535 2088 605 quod
2111 544 2194 591 est
2214 534 2378 590 Pater
2940 598 2941 601 η

2320 625 2549 682 CAPUT
2590 625 2683 682 xx
2728 626 2823 700 [aL
2854 627 2995 697 xm
3023 629 3133 682 ατη.

2020 770 2021 773 η
2116 711 2369 784 Ejusdem
2400 718 2693 783 argumenti
2721 717 3050 786 conﬁrmutio
3085 717 3360 785 refutatur.

2017 802 2124 860 Sed
2147 804 2288 861 dicet
2313 806 2509 876 aliquis
2540 825 2553 861 :
2598 807 2721 862 ldco
2751 808 3099 879 intelligimus
3126 807 3320 862 Filium
3346 819 3396 862 et
3412 808 3529 877 Spi-

1945 896 2106 950 ritum
2152 907 2396 955 sanctum
2427 881 2685 965 revelare,
2720 900 2862 968 quod
2902 900 3048 953 solus
3088 899 3249 953 Pater
3288 901 3528 955 revelare

1946 986 2172 1055 dicitur;
2207 998 2262 1043 et
2308 989 2518 1043 Patrem
2551 998 2604 1043 et
2638 990 2896 1059 Spiritum
2927 1001 3170 1045 sanctum
3201 991 3445 1045 revelare
3474 1000 3532 1043 et

1946 1094 2128 1146 nosse,
2168 1081 2309 1148 quod
2353 1079 2500 1135 solus
2530 1080 2699 1135 Filius
2739 1080 2918 1135 facere
2949 1082 3176 1148 dicitur;
3215 1093 3266 1138 at
3312 1082 3539 1135 Patrem

1946 1178 2000 1223 et
2021 1168 2213 1226 Filium
2241 1171 2455 1236 docere,
2480 1170 2620 1245 quod
2655 1170 2800 1225 solus
2827 1170 3048 1239 spiritus
3074 1180 3293 1224 sanctus
3316 1171 3533 1224 doctum

1948 1261 2026 1314 ire
2063 1262 2413 1331 promittitur,
2452 1262 2575 1331 quia
2625 1262 2770 1331 quod
2815 1262 2879 1314 de
2921 1275 3025 1314 uno
3054 1261 3167 1313 solo
3201 1262 3251 1312 in
3281 1276 3388 1312 uno
3418 1260 3537 1312 loco

1951 1349 2168 1421 legitur,
2213 1352 2277 1407 de
2310 1353 2428 1406 aliis
2452 1343 2587 1406 alibi
2632 1362 2820 1421 aperte
2869 1350 3207 1418 signiﬁcatur
3248 1348 3361 1402 "‘°.
3397 1348 3530 1403 Cum

1948 1454 2076 1494 vero
2128 1440 2255 1495 dicit
2291 1439 2550 1509 Spiritum
2593 1452 2837 1494 sanctum
2892 1440 2957 1493 de
3004 1439 3161 1492 Patre
3215 1440 3534 1507 procedere,

1950 1545 2053 1584 non
2088 1531 2314 1601 legimus
2363 1530 2556 1585 alicubi
2600 1546 2721 1584 cum
2775 1531 2841 1583 de
2888 1524 3024 1583 Filio
3062 1531 3375 1601 procedere.
3436 1528 3541 1581 Per

1948 1623 2090 1692 quod
2116 1639 2395 1677 monemur
2418 1623 2507 1653 ¹⁷²¹
2542 1638 2645 1677 non
2674 1631 2857 1675 nostro
2884 1636 3066 1683 sensu,
3092 1622 3233 1689 quod
3266 1635 3532 1688 nuSquam
3606 1682 3609 1687 ι

1950 1713 2151 1767 dictum
2191 1723 2291 1775 est.
2350 1729 2617 1769 asserere.
2669 1713 2747 1767 Ad
2786 1713 2927 1779 quod
2974 1712 3365 1781 respimdemus
3405 1712 3532 1780 quia

260 1799 347 1845 ter
377 1800 433 1847 et
462 1793 632 1848 Filius
679 1804 732 1848 et
773 1794 1010 1865 Spiritus
1051 1805 1268 1851 sanctus
1293 1797 1407 1863 ‘7“,
1437 1807 1769 1868 cognoscunt
1796 1807 1850 1853 et
1883 1809 1923 1863 Β
1952 1805 2129 1873 potius
2155 1806 2411 1860 docemur
2435 1820 2531 1874 per
2552 1806 2667 1859 lucc
2693 1819 2812 1872 qua:
2849 1803 2928 1857 sic
2955 1802 3095 1856 dicta
3128 1813 3274 1863 sunt,
3305 1818 3388 1864 ea,
3418 1817 3541 1870 quae

260 1882 528 1937 revelant.
560 1884 691 1937 Cum
721 1884 884 1939 etiam
917 1885 1047 1939 dicit
1071 1885 1159 1916 ¹⁷¹¹
1192 1884 1405 1941 Patrem
1434 1900 1593 1941 nosse
1628 1886 1845 1952 Filium,

257 1986 314 2026 et
335 1972 530 2028 Filium
574 1991 732 2030 nosse
761 1974 1000 2042 Patrem,
1043 1986 1099 2032 et
1146 1977 1386 2033 revelare
1425 1993 1483 2033 se
1523 1988 1579 2032 et
1608 1978 1845 2044 Patrem,

256 2079 448 2136 aperte
483 2069 591 2123 vult
641 2069 863 2140 intelligi
906 2071 1031 2139 quia
1081 2070 1239 2124 Pater
1270 2072 1547 2142 cognoscit
1582 2071 1845 2140 Spiritum

256 2167 531 2225 sanctum,
565 2168 618 2213 et
647 2159 815 2214 Filius
864 2160 1039 2216 noscit
1072 2169 1123 2215 et
1170 2163 1374 2217 revelat
1420 2162 1680 2232 Spiritum
1725 2178 1850 2216 san-

251 2264 286 2303 ο
316 2266 437 2315 tlztt;
474 2252 728 2322 quoniam
770 2252 1002 2320 idipsum
1040 2253 1181 2321 qttod
1230 2264 1316 2307 est
1356 2252 1515 2308 Pater
1553 2262 1607 2308 et
1656 2252 1846 2320 Filius,

250 2356 284 2392 ρ
326 2352 342 2393 ι
373 2343 544 2394 etiam
583 2341 817 2411 Spiritus
846 2342 935 2372 ‘7"
973 2354 1215 2397 sanctus.
1243 2344 1507 2400 Similiter
1536 2361 1659 2400 eum
1686 2345 1846 2399 dicit:

255 2433 368 2497 Qui
397 2449 482 2487 me
504 2434 660 2498 videt,
691 2433 823 2488 videt
862 2442 910 2487 et
942 2432 1156 2489 Patrem
1181 2433 1366 2509 (Joan.
1394 2451 1502 2501 xtv,
1530 2435 1608 2507 9),
1636 2452 1739 2489 non
1766 2443 1852 2490 est

251 2526 597 2592 separandus
624 2524 859 2595 Spiritus
890 2535 1141 2592 sanctus;
1169 2527 1427 2599 quoniam
1455 2520 1544 2597 qui
1580 2528 1727 2581 videt
1751 2528 1852 2583 hoc

252 2613 315 2667 in
347 2629 455 2683 quo
496 2630 660 2669 unum
704 2624 829 2668 sunt
854 2614 947 2647 ¹⁷¹³
994 2614 1157 2670 Pater
1202 2624 1256 2671 et
1306 2615 1475 2671 Filius
1514 2624 1567 2670 et
1617 2616 1852 2685 Spiritus

253 2714 505 2770 sanctus,
534 2722 636 2759 non
671 2716 846 2776 potest
887 2706 1073 2760 videre
1114 2721 1281 2760 unum
1312 2706 1378 2761 de
1410 2707 1495 2761 his
1529 2706 1702 2760 tribus
1734 2706 1851 2762 sine

255 2798 386 2848 atizs
412 2798 636 2851 duobus.
674 2799 747 2852 De
776 2797 979 2868 Spiritu
1010 2809 1200 2853 sancto
1229 2813 1446 2868 quoque
1472 2798 1605 2853 dicit
1628 2799 1693 2851 ad
1723 2815 1851 2869 apo—

254 2896 316 2944 st
337 2886 434 2941 dos
462 2904 478 2940 :
506 2884 636 2941 Cum
673 2898 847 2943 autem
872 2893 1063 2944 venerit
1094 2889 1182 2942 ille
1206 2887 1434 2956 Spiritus
1458 2890 1716 2954 veritatis,
1745 2890 1849 2942 do—

255 2978 395 3031 cubit
427 2994 515 3032 vos
541 2995 739 3033 omnem
774 2982 1038 3034 reritatem
1066 2977 1247 3049 (Joan.
1278 2995 1390 3045 xvr,
1423 2978 1534 3048 i3),
1575 2982 1727 3049 quasi
1762 2995 1851 3035 so-

256 3072 272 3125 l
307 3088 351 3124 IS
378 3069 615 3140 Spiritus
648 3082 867 3125 sanctus
906 3073 1097 3125 doceat
1125 3087 1342 3139 omnem
1372 3071 1656 3126 veritatem
1681 3089 1695 3137 ;
1725 3086 1846 3127 eum

1954 1898 2007 1952 in
2034 1899 2301 1971 similibus
2352 1899 2509 1952 dictis
2562 1906 2846 1974 tacentur,
2899 1895 3150 1949 sin‘tiliter
3197 1893 3536 1963 intelligere;

1951 1980 2250 2063 p'msertim
2285 2006 2406 2045 cum
2456 2005 2519 2043 ex
2552 1988 2638 2043 his
2668 2004 2787 2057 quae
2815 1986 3089 2052 dicuntur,
3141 1985 3282 2038 nulla
3331 1984 3541 2038 ratione

1952 2062 2377 2147 contradicente,
2404 2096 2489 2143 ea,
2516 2095 2634 2149 qua-
2658 2094 2760 2134 non
2793 2079 3071 2138 dicuntur,
3104 2073 3413 2129 rationabili
3432 2062 3541 2127 ine-

1952 2184 2205 2230 cessuate
2247 2189 2501 2241 consequi
2541 2170 2883 2241 apertissime
2926 2168 3221 2221 viderimus
3245 2163 3358 2239 ω’.
3403 2163 3537 2219 Cum

1953 2267 2096 2321 enin
2124 2266 2251 2318 dicit
2280 2264 2536 2318 Dominus
2570 2263 2633 2315 ad
2658 2261 2871 2315 Patrem
2902 2276 2915 2311 :
2963 2258 3090 2313 llwc
3129 2256 3202 2311 est
3233 2266 3406 2309 autent
3434 2255 3539 2309 vita

1953 2366 2170 2416 a'terua,
2200 2363 2255 2406 ut
2291 2362 2599 2423 cognoscant
2631 2362 2678 2404 te
2707 2347 2876 2403 totum
2907 2364 3081 2401 verum
3104 2344 3286 2409 Deum,
3319 2354 3364 2397 et
3387 2359 3540 2414 quem

1955 2443 2141 2498 misisti
2157 2441 2337 2497 Iesum
2369 2441 2631 2495 Christum
2650 2439 2835 2511 (Joan.
2863 2454 2998 2501 xvu,
3029 2437 3105 2503 5);
3161 2452 3228 2489 an
3287 2434 3405 2487 ideo
3435 2431 3534 2485 dc-

1956 2534 2144 2589 bemus
2178 2549 2434 2603 separare
2483 2532 2551 2585 ab
2598 2532 2697 2585 hac
2725 2529 2926 2584 salubri
2961 2540 3012 2582 et
3043 2526 3190 2579 vitali
3233 2524 3542 2593 cognitione

1957 2626 2216 2695 Spiritum
2264 2634 2534 2687 sanetum,
2566 2623 2689 2692 quia
2735 2635 2997 2689 nusquam
3041 2618 3279 2688 legitur:
3316 2614 3443 2668 Herc
3466 2621 3544 2667 est

1954 2727 2127 2770 autem
2158 2717 2263 2769 vita
2284 2725 2499 2775 a’terua,
2517 2723 2571 2766 ut
2596 2721 2906 2781 cognoscant
2933 2708 3150 2763 Patrem
3175 2707 3344 2761 solum
3369 2710 3543 2759 rerum

1956 2806 2144 2869 Deum,
2178 2814 2224 2859 et
2251 2803 2503 2871 Spiritum
2521 2813 2780 2857 sanctum.
2815 2802 2922 2856 Aut
2947 2816 2963 2856 :
3004 2798 3131 2854 "(re
3161 2808 3235 2852 est
3265 2797 3368 2852 rita
3392 2807 3546 2851 (vter-

1954 2916 2046 2964 κη,
2072 2906 2130 2950 ut
2152 2905 2464 2967 cognoscant
2510 2893 2708 2945 Filium
2741 2891 2908 2945 soluat
2936 2906 3109 2945 rerum
3147 2888 3312 2942 Deum
3342 2898 3388 2941 et
3422 2884 3547 2955 Spi-

1955 2989 2112 3042 ritum
2136 2996 2375 3041 sanctum
2406 2984 2430 3038 .9
2457 2984 2563 3038 Aut
2587 2999 2710 3038 cum
2740 2982 2967 3051 legimus
3008 2994 3023 3033 :
3051 2979 3184 3047 Quia
3214 2980 3349 3032 sicut
3384 2975 3544 3030 Pater

1955 3079 2106 3131 habet
2146 3077 2304 3131 vitam
2340 3076 2394 3128 iu
2432 3075 2744 3143 semetipso;
2794 3073 2869 3126 sic
2916 3072 3058 3125 dedit
3104 3079 3153 3125 et
3201 3067 3341 3122 Filio
3384 3068 3547 3120 vitam

258 3177 366 3218 nec
397 3163 516 3216 sine
537 3162 715 3226 Patro,
743 3177 842 3217 nec
873 3162 990 3216 sine
1024 3160 1159 3216 Filio
1185 3161 1380 3217 doceat
1408 3176 1621 3217 omnem
1654 3161 1851 3214 verita-
1878 3144 1923 3206 C
1956 3169 2144 3221 habere
2165 3167 2219 3221 in
2248 3165 2520 3233 semetipso
2545 3164 2724 3235 (Joan.
2765 3178 2819 3226 v,
2847 3161 2962 3233 26),
2998 3162 3239 3215 dicemus
3278 3155 3541 3226 Spiritum

258 3262 399 3306 tem.
433 3249 551 3305 Non
584 3251 726 3305 enim
773 3266 868 3321 per
894 3251 1017 3317 hoc,
1060 3250 1185 3319 quia
1217 3260 1300 3305 est
1332 3248 1565 3321 Spiritus
1597 3247 1847 3318 alicujus,

261 3344 473 3399 scilicet
492 3343 668 3398 Patris
696 3353 750 3397 et
776 3342 893 3397 Filii
920 3352 973 3397 et
1001 3342 1241 3411 Spiritus
1265 3358 1279 3404 ;
1310 3342 1402 3396 sed
1435 3357 1530 3410 per
1559 3342 1681 3405 hoc,
1709 3341 1849 3410 quod

260 3452 433 3488 unum
481 3442 563 3489 est
606 3449 727 3489 cum
759 3433 919 3487 Patre
949 3443 1003 3487 st
1045 3432 1203 3497 Filio,
1242 3433 1291 3487 id
1319 3441 1401 3487 est
1438 3446 1535 3501 per
1566 3432 1669 3485 hoc
1708 3430 1853 3501 quod

261 3528 410 3582 Deus
437 3535 542 3591 est,
566 3528 721 3580 docet
747 3540 960 3580 otnnem
984 3526 1285 3580 veritatem.
1312 3524 1699 3595 Videtisigitur
1720 3539 1854 3592 quo-

262 3619 427 3673 modo
470 3619 520 3671 in
552 3618 636 3673 bis
673 3634 790 3688 qua:
839 3599 1091 3688 proposui
1124 3618 1238 3684 "",
1267 3617 1408 3687 quod
1443 3617 1532 3670 uni
1561 3615 1713 3686 quasi
1752 3614 1851 3670 soli

263 3708 516 3762 attribuit
547 3706 659 3769 ιη’,
716 3706 783 3760 ab
827 3708 946 3762 aliis
991 3707 1203 3762 duabus
1259 3705 1508 3776 personis
1569 3719 1677 3759 non
1722 3719 1850 3775 pos-

261 3803 332 3856 εἰ
366 3801 461 3830 ἠε
490 3799 750 3868 separari.
780 3798 940 3852 Multa
980 3796 1284 3865 huiusmodi
1314 3797 1365 3851 in
1388 3811 1542 3851 sacra
1567 3794 1850 3865 Scriptura

267 3890 504 3960 l-gimus
531 3908 543 3941 :
578 3896 637 3942 ut
678 3890 819 3958 quod
850 3890 915 3943 de
960 3905 1060 3942 una
1091 3903 1318 3958 persona
1350 3888 1699 3959 singulariter
1724 3886 1854 3941 diei-

266 3988 379 4042 tur,
422 3976 795 4031 iudiﬂ'erenter
840 3977 906 4030 de
963 3977 1135 4031 tribus
1185 3972 1529 4046 intelligatur.
1580 3974 1853 4043 Quidquid

262 4072 413 4127 enim
438 4072 506 4125 de
544 4085 646 4123 una
693 4086 919 4142 persona
968 4068 1375 4138 prauuntiatu'r,
1408 4068 1473 4122 de
1506 4067 1631 4121 aliis
1653 4067 1855 4137 pariter

263 4170 484 4231 Oportet
515 4160 768 4232 intelligi;
828 4160 928 4213 nisi
960 4174 1081 4213 eum
1120 4158 1353 4223 boc"",
1392 4158 1533 4212 unde
1560 4156 1677 4210 alia:
1705 4165 1852 4221 sunt,

265 4269 319 4308 ut
354 4253 491 4317 dixi,
518 4251 586 4305 ab
607 4253 836 4307 invicem
862 4252 1082 4307 obviare
1112 4241 1478 4322 cognoscitur:
1511 4250 1855 4322 Quapropter

1957 3265 2199 3313 sanetum
2233 3270 2337 3308 non
2381 3254 2583 3308 habere
2614 3270 2642 3306 a
2686 3252 2873 3315 Patre,
2904 3267 2932 3303 ιι
2976 3266 3083 3321 quo
3118 3258 3225 3310 est,
3258 3256 3315 3300 ut
3351 3246 3550 3299 habeat.

1957 3347 2009 3402 in
2041 3346 2328 3414 semetipso
2348 3343 2538 3408 vitam,
2566 3343 2706 3397 sicut
2730 3343 2892 3396 habet
2917 3339 3078 3394 Pater
3102 3349 3151 3392 et
3177 3336 3378 3400 Filius;
3405 3348 3549 3403 quo-

1956 3434 2101 3490 niam
2138 3436 2241 3489 boc
2296 3448 2559 3503 nusquam
2596 3431 2726 3486 dicit
2760 3429 2927 3483 Filius
2964 3428 3030 3482 de
3080 3425 3281 3496 Spiritu
3324 3430 3543 3486 sancto,-

1955 3526 2101 3581 sicut
2118 3526 2183 3579 de
2208 3526 2408 3596 seipse.
2438 3523 2567 3577 Item
2611 3536 2733 3575 eum
2777 3519 2909 3575 dicit
2941 3535 2956 3573 :
2992 3517 3149 3572 Pater
3170 3518 3224 3569 in
3267 3530 3346 3567 me
3367 3522 3461 3576 est,
3498 3520 3549 3564 et

1955 3636 2048 3688 ego
2093 3620 2150 3673 in
2194 3616 2372 3671 Patre.
2411 3616 2475 3674 Et
2529 3634 2543 3669 :
2590 3613 2693 3681 Qui
2728 3614 2861 3669 videt
2915 3628 3017 3676 me,
3059 3612 3194 3666 uidet
3241 3620 3289 3664 et
3330 3607 3548 3661 Patrem

1957 3708 2138 3783 (Joan.
2192 3726 2302 3775 xlv,
2352 3710 2464 3779 10),
2509 3724 2575 3762 an
2628 3706 2943 3778 negabimus
2984 3704 3244 3775 Spiritum
3296 3710 3545 3757 sanctum

1954 3817 2075 3858 esse
2122 3801 2173 3856 in
2216 3801 2376 3855 Patro
2427 3810 2478 3855 et
2505 3798 2660 3863 Filio,
2704 3808 2758 3853 et
2783 3797 2998 3852 Patrem
3022 3806 3076 3850 et
3100 3794 3295 3849 Filium
3340 3806 3460 3847 esse
3491 3789 3544 3843 in

1957 3894 2161 3964 Spiritu
2205 3902 2424 3957 saneto;
2474 3902 2565 3945 aut
2596 3906 2740 3953 eum,
2782 3889 2877 3959 qui
2921 3888 3070 3941 videt
3096 3885 3316 3947 Filium,
3353 3881 3542 3935 videre

1959 3984 2214 4052 Spiritum
2244 3993 2511 4045 sanctum,
2545 3979 2685 4034 sicut
2716 3979 2860 4033 videt
2900 3976 3153 4038 Patrem;
3193 3973 3236 4026 si
3286 3972 3402 4024 lucc
3431 3976 3551 4026 nm

1955 4076 2142 4130 cadent
2171 4072 2605 4144 pronuntiatione
2645 4070 2916 4138 leguntur,
2963 4082 3067 4136 qua
3090 4061 3184 4096 ⁸⁷⁸³
3214 4062 3279 4115 de
3303 4060 3462 4115 Patre
3486 4069 3542 4113 et

1957 4165 2091 4221 Filio
2123 4162 2510 4235 proferuntur?
2536 4148 2645 4215 imo
2668 4159 2922 4230 quoniam
2957 4171 3095 4210 unus
3121 4154 3373 4222 idemque
3404 4151 3547 4205 Deus

1956 4267 2060 4322 est,
2090 4258 2274 4320 Pater,
2305 4264 2360 4309 et
2387 4255 2573 4313 Filius,
2606 4264 2661 4309 et
2691 4250 2927 4321 Spiritus
2957 4258 3180 4303 sanctus
3207 4264 3220 4299 :
3251 4260 3373 4297 cum
3408 4244 3546 4297 dici-

266 4360 394 4399 cuzn
449 4346 720 4399 credimus
752 4344 1009 4413 Spiritum
1065 4353 1312 4398 sanctum
1350 4345 1416 4397 de
1463 4343 1625 4397 Patre
1661 4358 1853 4412 proce-
1956 4358 2045 4402 tur
2082 4360 2410 4417 cognoscere
2445 4345 2618 4399 solum
2666 4357 2852 4398 verum
2907 4343 3073 4396 Deum
3114 4339 3329 4393 Patrem
3370 4346 3423 4390 et
3456 4335 3553 4390 Fi‘

267 4436 427 4500 dere;
458 4435 712 4504 quoniam
745 4436 883 4490 Deus
914 4436 979 4489 de
1012 4435 1141 4499 Deo,
1167 4435 1219 4489 id
1246 4444 1325 4490 est
1358 4435 1590 4489 essentia
1620 4422 1853 4503 Spiritus
1884 4497 1920 4504 _
1957 4436 2085 4490 lium
2111 4450 2232 4491 esse
2257 4435 2422 4489 vitam
2453 4443 2735 4498 mternam,
2761 4428 3196 4500 inseparabiliter
3228 4426 3544 4497 intelligen-

265 4524 443 4578 smrti
471 4524 539 4577 de
561 4524 794 4578 essentia
833 4524 1028 4589 Patris,
1061 4540 1180 4594 qure
1210 4540 1312 4577 una
1344 4534 1427 4578 est
1451 4523 1502 4577 in
1534 4525 1707 4579 tribus
1730 4524 1845 4591 ⁸⁷⁸⁸,
1883 4497 1932 4556 D
1956 4531 2055 4585 dus
2093 4538 2180 4584 est
2228 4529 2280 4583 in
2328 4527 2416 4583 illa
2458 4527 2763 4598 cognitione
2794 4525 3030 4597 Spiritus
3056 4536 3295 4579 sanetus.
3328 4522 3551 4579 Etcum

263 4634 295 4671 e
414 4617 770 4688 intelligitur:
804 4634 1022 4675 necesse
1061 4630 1145 4673 est
1189 4630 1246 4673 ιιι
1279 4621 1343 4673 de
1373 4619 1508 4674 Filio
1538 4635 1661 4674 eum
1691 4621 1847 4675 simi-
1956 4620 2221 4689 legimus:
2254 4620 2391 4687 Quia
2413 4622 2546 4675 sient
2579 4618 2738 4673 Pater
2763 4620 2915 4673 habet
2947 4619 3104 4673 vitam
3140 4618 3197 4672 iu
3230 4616 3501 4682 semetipso
3523 4631 3553 4677 ξ

265 4710 395 4764 li.er
426 4725 550 4765 esse
578 4709 953 4777 contitcamnr,
987 4711 1034 4765 si
1075 4710 1245 4765 Filius
1285 4721 1499 4765 nonest
1528 4711 1593 4767 de
1622 4711 1743 4777 illo;
1780 4713 1847 4767 de
1907 4733 1928 4768 ι
1953 4714 2027 4767 sic
2046 4713 2188 4767 dedit
2216 4710 2360 4767 Filio
2401 4711 2590 4766 habere
2626 4712 2784 4775 vitam
2826 4711 2881 4764 in
2918 4710 3218 4781 semetipso,
3246 4724 3351 4763 non
3381 4707 3550 4763 debes

1587 4820 1819 4877 VABUE
1861 4823 2266 4881 LECTIONES.

340 4935 440 5008 mf
468 4935 553 5008 Ab_
576 4935 656 5008 Itis
668 4936 863 5008 rarius,
902 4949 1013 4988 non
1030 4944 1240 5008 _reve.at
1269 4950 1365 5005 per
1388 4935 1639 5008 boequia
1657 4936 1820 4991 Pater
1841 4946 1946 5001 est,
1966 4955 2126 5008 usque
2150 4939 2219 4991 ad
2242 4939 2363 5003 ista,
2380 4937 2640 5006 Quamvis
2669 4952 2791 5005 qum
2808 4952 2968 5007 supra
2989 4935 3101 5008 jam
3119 4944 3218 4988 etc.
3235 4949 3335 4986 ms.
3378 4929 3542 5008 (ierit.

264 5006 461 5079 emittit
523 5005 632 5079 ff"
667 5004 920 5079 Perdita}:
947 5006 1082 5079 quia
1106 5001 1383 5079 _Deus'_e_st.
1417 5015 1472 5059 et
1501 5001 1638 5060 idem
1673 5009 1810 5061 Deus
1840 5018 1924 5079 est
1950 5001 2133 5068 Pater.
2156 5018 2211 5063 et
2238 5001 2552 5064 Filius'mss.
2574 5024 2672 5079 per
2688 5001 2796 5063 hoc
2821 5001 2965 5079 quod
2990 5001 3141 5060 Deus
3174 5012 3293 5079 est,_
3313 5001 3547 5079 elidens

268 5074 695 5147 DeuseSIFilius
769 5076 859 5107 ’⁷⁸⁸
872 5071 1029 5147 Solus
1044 5075 1209 5147 Filius
1233 5075 1401 5147 Filius
1415 5087 1701 5147 cognoscat
1730 5095 1854 5131 mss.
1885 5077 2014 5133 Vict.
2042 5079 2190 5132 solus
2215 5080 2380 5134 Filius
2405 5071 2698 5147 cognoscat
2771 5071 2863 5109 ¹⁷⁰δ
2892 5077 3111 5130 Patrem
3142 5084 3195 5127 et
3218 5072 3363 5147 solus
3384 5071 3554 5147 Pater

267 5164 396 5201 mss.
419 5143 634 5199 Patrem
659 5155 713 5199 et
739 5162 815 5217 se,
846 5156 899 5199 et
930 5146 1268 5217 solusPater
1343 5146 1433 5178 ²⁷¹⁰
1466 5139 1616 5212 Quod
1661 5163 1821 5200 unmn
1850 5159 1974 5203 sunt
2003 5149 2163 5202 Pater
2184 5160 2238 5203 et
2270 5151 2437 5205 Filius
2459 5139 2511 5203 et
2541 5150 2776 5217 Spiritus
2805 5156 3037 5217 sanctus
3058 5160 3186 5217 mss.
3228 5140 3395 5217 Germ
3414 5139 3547 5217 βπ.

266 5217 414 5286 quod
444 5231 611 5286 tntum
631 5227 768 5286 sunt
796 5216 953 5269 Pater
988 5226 1043 5269 et
1074 5215 1311 5286 Spiritus
1338 5211 1558 5270 sanctus
1634 5218 1723 5248 ¹⁷¹¹
1753 5218 1887 5273 Cum
1920 5220 2062 5274 enim
2095 5219 2227 5273 dicit
2255 5237 2380 5273 mss.
2408 5236 2530 5275 cum
2559 5211 2723 5272 etiam
2759 5218 2893 5270 dicit
2970 5215 3069 5245 ¹⁷¹²
3098 5213 3193 5267 Est
3220 5222 3274 5286 et
3306 5211 3545 5281 Spiritus

265 5284 397 5341 mss.
447 5284 580 5359 Vict.
610 5284 796 5359 Cister.
822 5287 909 5359 Est
942 5287 1111 5359 etiam
1119 5284 1360 5356 Spiritus
1427 5287 1517 5318 ¹⁷¹³
1549 5286 1700 5342 Umle
1729 5303 1891 5359 unum
1921 5299 2043 5344 sunt
2073 5304 2196 5342 mss.
2231 5291 2415 5359 inquo
2441 5304 2604 5343 unum
2622 5298 2757 5359 sunt
2787 5285 3071 5359 rg"“_Qu_:e
3093 5284 3249 5359 posui
3271 5300 3398 5359 mss.
3423 5299 3549 5359 qua;

268 5357 539 5429 proposui
558 5371 684 5429 mss.
720 5354 861 5429 _V_i_c_t.
887 5358 940 5429 9.
968 5356 1134 5429 ςῌὸ.
1169 5354 1288 5426 qua:
1316 5359 1594 5426 proposuit
1639 5357 1758 5429 7""
1794 5358 1892 5413 Uni
1917 5360 2070 5429 quasi
2106 5359 2206 5413 soli
2238 5354 2457 5415 attribui
2484 5375 2613 5412 mss.
2637 5368 2685 5412 et
2713 5356 2857 5410 Edit.
2896 5354 3233 5429 Cotqunpd
3273 5355 3361 5429 uni
3389 5354 3544 5429 quasi

267 5425 646 5500 soii'attribuit
722 5426 925 5500 "_'f_Ab_
949 5426 1067 5480 aliis
1105 5425 1213 5500 non
1241 5425 1683 5498 poSsit’personis
1709 5445 1835 5483 mss.
1865 5425 2079 5483 ab'aliis
2105 5432 2316 5485 du:de
2343 5428 2590 5500 personis
2623 5444 2732 5500 non
2763 5428 2935 5500 possit
3010 5427 3106 5500 ’⁷ξῖ
3145 5426 3303 5500 (ὶιιιιι⁸
3330 5425 3398 5500 de
3444 5426 3553 5479 hoc.

268 5514 412 5569 ιιιεε.⁸
432 5511 556 5569 eum
586 5497 687 5550 hoc
764 5496 855 5569 '1”
887 5495 996 5550 Una
1021 5506 1103 5550 est
1131 5498 1303 5569 tribus
1331 5495 1453 5551 mss;
1481 5514 1591 5569 una
1614 5513 1699 5552 est
1730 5500 1783 5552 in
1826 5500 1999 5554 tribus
2074 5499 2165 5531 ‘7"
2189 5500 2319 5553 CAP.
2343 5495 2440 5555 ῗ19.
2475 5498 2542 5551 In
2568 5515 2666 5569 ms.
2694 5495 2849 5552 Co’rb.
2880 5497 3016 5569 Cap.
3044 5497 3135 5552 20.
3214 5495 3308 5529 ¹⁷¹⁰
3337 5496 3541 5569 Apnerte

269 5566 614 5640 signiﬁcatur
641 5582 738 5619 ms.
769 5565 917 5620 Gem:
947 5576 1128 5640 aperte
1154 5566 1414 5640 ﬁguratur
1442 5568 1710 5640 ms._l’ict.
1748 5569 1833 5623 l5.
1867 5580 2052 5640 aperte
2080 5579 2414 5640 monstratur
2459 5569 2581 5640 Α¹⁷²¹
2614 5567 2715 5623 Per
2747 5568 2889 5640 quod
2922 5562 3209 5624 monemur
3231 5583 3353 5621 mss.
3386 5562 3541 5640 Gem.

270 5650 375 5705 rer
392 5636 543 5759 lquod
596 5651 878 5693 monemus
954 5639 1043 5668 ’7“
1091 5636 1444 5707 Ape'rtissimc
1483 5638 1726 5695 videmus
1757 5636 2271 5713 mssfapertissime
2302 5638 2601 5696 viderimus
2677 5640 2769 5671 ³⁷³³
2822 5639 3120 5713 Leguntur,
3160 5655 3279 5711 quae
3305 5653 3431 5690 mss.
3468 5636 3547 5690 lc-

270 5722 384 5759 ιιιιιι
413 5722 498 5759 ur.
534 5721 640 5759 una
3517 5727 3521 5731 -

270 5721 498 5776 guntur,
534 5721 640 5774 qtta
3517 5727 3521 5731 ·
