  <div class='ocr_page' id='page_1' title='image "/cluster/home/n/w/nwhite01/storage/ocr_20150623/158/hvd.32044024236689/168.png"; bbox 0 0 4030 6290; ppageno 0'>
   <div class='ocr_carea' id='block_1_1' title="bbox 319 340 419 396">
    <p class='ocr_par' dir='ltr' id='par_1_1' title="bbox 319 340 419 396">
     <span class='ocr_line' id='line_1_1' title="bbox 319 340 419 396; baseline -0.03 0"><span class='ocrx_word' id='word_1_1' title='bbox 319 340 419 396; x_wconf 70' lang='grc'><strong>517</strong></span> 
     </span>
    </p>
   </div>
   <div class='ocr_carea' id='block_1_2' title="bbox 1378 329 2454 392">
    <p class='ocr_par' dir='ltr' id='par_1_2' title="bbox 1378 329 2454 392">
     <span class='ocr_line' id='line_1_2' title="bbox 1378 329 2454 392; baseline -0.001 -3"><span class='ocrx_word' id='word_1_2' title='bbox 1378 334 1466 390; x_wconf 69' lang='grc' dir='ltr'><strong>ΠΕ</strong></span> <span class='ocrx_word' id='word_1_3' title='bbox 1506 329 1982 392; x_wconf 78' lang='lat' dir='ltr'><strong>PROCESSIONE</strong></span> <span class='ocrx_word' id='word_1_4' title='bbox 2018 330 2078 390; x_wconf 87' lang='lat' dir='ltr'><strong>S.</strong></span> <span class='ocrx_word' id='word_1_5' title='bbox 2116 329 2454 388; x_wconf 77' lang='lat' dir='ltr'><strong>SPIRITUS.</strong></span> 
     </span>
    </p>
   </div>
   <div class='ocr_carea' id='block_1_3' title="bbox 321 445 3586 519">
    <p class='ocr_par' dir='ltr' id='par_1_3' title="bbox 321 445 3586 519">
     <span class='ocr_line' id='line_1_3' title="bbox 321 445 3586 519; baseline 0 -15"><span class='ocrx_word' id='word_1_6' title='bbox 321 445 1892 518; x_wconf 65' lang='lat' dir='ltr'><strong>assertione,credantparitcrnobiscumSpiritumsanetum</strong></span> <span class='ocrx_word' id='word_1_7' title='bbox 1922 451 1972 511; x_wconf 79' lang='grc' dir='ltr'>Α</span> <span class='ocrx_word' id='word_1_8' title='bbox 2003 463 2108 503; x_wconf 89' lang='lat' dir='ltr'><strong>non</strong></span> <span class='ocrx_word' id='word_1_9' title='bbox 2153 457 2258 505; x_wconf 91' lang='lat' dir='ltr'><strong>est.</strong></span> <span class='ocrx_word' id='word_1_10' title='bbox 2294 447 2704 519; x_wconf 79' lang='lat' dir='ltr'><strong>Respondemus</strong></span> <span class='ocrx_word' id='word_1_11' title='bbox 2737 448 2860 518; x_wconf 88' lang='lat' dir='ltr'><strong>quia</strong></span> <span class='ocrx_word' id='word_1_12' title='bbox 2904 456 2964 503; x_wconf 79' lang='lat' dir='ltr'><strong>et</strong></span> <span class='ocrx_word' id='word_1_13' title='bbox 3007 448 3168 502; x_wconf 64' lang='grc' dir='ltr'><strong>ιτίιιιῑς</strong></span> <span class='ocrx_word' id='word_1_14' title='bbox 3212 458 3327 504; x_wconf 86' lang='lat' dir='ltr'><strong>erat</strong></span> <span class='ocrx_word' id='word_1_15' title='bbox 3372 450 3586 506; x_wconf 73' lang='lat' dir='ltr'><strong>difﬁcile</strong></span> 
     </span>
    </p>
   </div>
   <div class='ocr_carea' id='block_1_4' title="bbox 320 535 1900 608">
    <p class='ocr_par' dir='ltr' id='par_1_4' title="bbox 320 535 1900 608">
     <span class='ocr_line' id='line_1_4' title="bbox 320 535 1900 608; baseline -0.003 -12"><span class='ocrx_word' id='word_1_16' title='bbox 320 539 560 596; x_wconf 85' lang='lat' dir='ltr'><strong>similiter</strong></span> <span class='ocrx_word' id='word_1_17' title='bbox 601 552 722 593; x_wconf 84' lang='lat' dir='ltr'><strong>esse</strong></span> <span class='ocrx_word' id='word_1_18' title='bbox 750 535 929 592; x_wconf 93' lang='lat' dir='ltr'><strong>Patris</strong></span> <span class='ocrx_word' id='word_1_19' title='bbox 958 545 1014 592; x_wconf 89' lang='lat' dir='ltr'><strong>et</strong></span> <span class='ocrx_word' id='word_1_20' title='bbox 1058 536 1176 590; x_wconf 78' lang='lat' dir='ltr'><strong>Filii</strong></span> <span class='ocrx_word' id='word_1_21' title='bbox 1205 537 1494 606; x_wconf 87' lang='lat' dir='ltr'><strong>spiritum,</strong></span> <span class='ocrx_word' id='word_1_22' title='bbox 1517 546 1571 592; x_wconf 92' lang='lat' dir='ltr'><strong>et</strong></span> <span class='ocrx_word' id='word_1_23' title='bbox 1598 537 1900 608; x_wconf 79' lang='lat' dir='ltr'><strong>intelligant</strong></span> 
     </span>
    </p>
   </div>
   <div class='ocr_carea' id='block_1_5' title="bbox 321 625 1900 699">
    <p class='ocr_par' dir='ltr' id='par_1_5' title="bbox 321 625 1900 699">
     <span class='ocr_line' id='line_1_5' title="bbox 321 625 1900 699; baseline -0.003 -12"><span class='ocrx_word' id='word_1_24' title='bbox 321 629 543 687; x_wconf 69' lang='lat' dir='ltr'><strong>eumm&#39;</strong></span> <span class='ocrx_word' id='word_1_25' title='bbox 572 645 601 683; x_wconf 86' lang='lat' dir='ltr'><strong>a</strong></span> <span class='ocrx_word' id='word_1_26' title='bbox 628 628 799 694; x_wconf 83' lang='lat' dir='ltr'><strong>Filio,</strong></span> <span class='ocrx_word' id='word_1_27' title='bbox 845 629 987 683; x_wconf 90' lang='lat' dir='ltr'><strong>sicut</strong></span> <span class='ocrx_word' id='word_1_28' title='bbox 1014 643 1044 683; x_wconf 91' lang='lat' dir='ltr'><strong>a</strong></span> <span class='ocrx_word' id='word_1_29' title='bbox 1076 627 1240 682; x_wconf 87' lang='lat' dir='ltr'><strong>Patre</strong></span> <span class='ocrx_word' id='word_1_30' title='bbox 1281 625 1592 699; x_wconf 84' lang='lat' dir='ltr'><strong>procedere.</strong></span> <span class='ocrx_word' id='word_1_31' title='bbox 1633 628 1698 682; x_wconf 86' lang='lat' dir='ltr'><strong>Et</strong></span> <span class='ocrx_word' id='word_1_32' title='bbox 1727 629 1778 682; x_wconf 90' lang='lat' dir='ltr'><strong>si-</strong></span> <span class='ocrx_word' id='word_1_33' title='bbox 1803 642 1900 682; x_wconf 90' lang='lat' dir='ltr'><strong>nos</strong></span> 
     </span>
    </p>
   </div>
   <div class='ocr_carea' id='block_1_6' title="bbox 323 719 1900 793">
    <p class='ocr_par' dir='ltr' id='par_1_6' title="bbox 323 719 1900 793">
     <span class='ocr_line' id='line_1_6' title="bbox 323 719 1900 793; baseline -0.003 -16"><span class='ocrx_word' id='word_1_34' title='bbox 323 722 708 793; x_wconf 81' lang='lat' dir='ltr'><strong>reprehendere</strong></span> <span class='ocrx_word' id='word_1_35' title='bbox 755 720 1049 786; x_wconf 86' lang='lat' dir='ltr'><strong>desinunt,</strong></span> <span class='ocrx_word' id='word_1_36' title='bbox 1105 719 1380 774; x_wconf 78' lang='lat' dir='ltr'><strong>fateantur</strong></span> <span class='ocrx_word' id='word_1_37' title='bbox 1429 721 1710 775; x_wconf 87' lang='lat' dir='ltr'><strong>nobiscum</strong></span> <span class='ocrx_word' id='word_1_38' title='bbox 1760 719 1900 783; x_wconf 88' lang='lat' dir='ltr'><strong>hoc,</strong></span> 
     </span>
    </p>
   </div>
   <div class='ocr_carea' id='block_1_7' title="bbox 321 811 1683 884">
    <p class='ocr_par' dir='ltr' id='par_1_7' title="bbox 321 811 1683 884">
     <span class='ocr_line' id='line_1_7' title="bbox 321 811 1683 884; baseline -0.003 -16"><span class='ocrx_word' id='word_1_39' title='bbox 321 815 460 868; x_wconf 79' lang='lat' dir='ltr'><strong>unde</strong></span> <span class='ocrx_word' id='word_1_40' title='bbox 479 822 814 884; x_wconf 80' lang='lat' dir='ltr'><strong>cognoscunt</strong></span> <span class='ocrx_word' id='word_1_41' title='bbox 839 827 937 868; x_wconf 89' lang='lat' dir='ltr'><strong>nos</strong></span> <span class='ocrx_word' id='word_1_42' title='bbox 968 811 1289 882; x_wconf 78' lang='lat' dir='ltr'><strong>reprehendi</strong></span> <span class='ocrx_word' id='word_1_43' title='bbox 1327 828 1435 865; x_wconf 83' lang='lat' dir='ltr'><strong>non</strong></span> <span class='ocrx_word' id='word_1_44' title='bbox 1465 812 1683 866; x_wconf 90' lang='lat' dir='ltr'><strong>debere.</strong></span> 
     </span>
    </p>
   </div>
   <div class='ocr_carea' id='block_1_8' title="bbox 656 923 1523 998">
    <p class='ocr_par' dir='ltr' id='par_1_8' title="bbox 656 923 1523 998">
     <span class='ocr_line' id='line_1_8' title="bbox 656 923 1523 998; baseline -0.008 -14"><span class='ocrx_word' id='word_1_45' title='bbox 656 925 884 984; x_wconf 78' lang='lat' dir='ltr'><strong>CAPUT</strong></span> <span class='ocrx_word' id='word_1_46' title='bbox 925 924 1072 979; x_wconf 82' lang='lat' dir='ltr'><strong>xxn</strong></span> <span class='ocrx_word' id='word_1_47' title='bbox 1113 924 1210 998; x_wconf 80' lang='lat' dir='ltr'><strong>[aL</strong></span> <span class='ocrx_word' id='word_1_48' title='bbox 1243 923 1386 997; x_wconf 77' lang='lat' dir='ltr'><strong>XXI]</strong></span> <span class='ocrx_word' id='word_1_49' title='bbox 1411 925 1523 977; x_wconf 66' lang='lat' dir='ltr'><strong>mo.</strong></span> 
     </span>
    </p>
   </div>
   <div class='ocr_carea' id='block_1_9' title="bbox 321 1036 1897 1119">
    <p class='ocr_par' dir='ltr' id='par_1_9' title="bbox 321 1036 1897 1119">
     <span class='ocr_line' id='line_1_9' title="bbox 321 1036 1897 1119; baseline -0.003 -24"><span class='ocrx_word' id='word_1_50' title='bbox 321 1040 421 1095; x_wconf 82' lang='lat' dir='ltr'><strong>Cur</strong></span> <span class='ocrx_word' id='word_1_51' title='bbox 456 1043 509 1095; x_wconf 86' lang='lat' dir='ltr'><strong>in</strong></span> <span class='ocrx_word' id='word_1_52' title='bbox 538 1039 796 1119; x_wconf 38' lang='lat' dir='ltr'><strong>.Symli‘olo</strong></span> <span class='ocrx_word' id='word_1_53' title='bbox 838 1056 942 1092; x_wconf 84' lang='lat' dir='ltr'><strong>non</strong></span> <span class='ocrx_word' id='word_1_54' title='bbox 980 1040 1047 1093; x_wconf 81' lang='lat' dir='ltr'><strong>sit</strong></span> <span class='ocrx_word' id='word_1_55' title='bbox 1087 1055 1329 1119; x_wconf 60' lang='lat' dir='ltr'><strong>expresse</strong></span> <span class='ocrx_word' id='word_1_56' title='bbox 1367 1038 1628 1119; x_wconf 67' lang='lat' dir='ltr'><strong>processio</strong></span> <span class='ocrx_word' id='word_1_57' title='bbox 1665 1036 1897 1119; x_wconf 65' lang='lat' dir='ltr'><strong>Spiritus</strong></span> 
     </span>
    </p>
   </div>
   <div class='ocr_carea' id='block_1_10' title="bbox 383 1107 1893 1176">
    <p class='ocr_par' dir='ltr' id='par_1_10' title="bbox 383 1107 1893 1176">
     <span class='ocr_line' id='line_1_10' title="bbox 383 1107 1893 1176; baseline -0.003 -12"><span class='ocrx_word' id='word_1_58' title='bbox 383 1112 549 1164; x_wconf 69' lang='lat' dir='ltr'><strong>s&#39;mrti</strong></span> <span class='ocrx_word' id='word_1_59' title='bbox 587 1107 619 1163; x_wconf 76' lang='grc' dir='ltr'><strong>ἱι</strong></span> <span class='ocrx_word' id='word_1_60' title='bbox 667 1109 807 1163; x_wconf 69' lang='lat' dir='ltr'><strong>Filio</strong></span> <span class='ocrx_word' id='word_1_61' title='bbox 850 1123 868 1160; x_wconf 92' lang='lat'><em>:</em></span> <span class='ocrx_word' id='word_1_62' title='bbox 908 1119 954 1162; x_wconf 84' lang='lat' dir='ltr'><strong>et</strong></span> <span class='ocrx_word' id='word_1_63' title='bbox 993 1125 1087 1162; x_wconf 85' lang='lat' dir='ltr'><strong>cur</strong></span> <span class='ocrx_word' id='word_1_64' title='bbox 1125 1127 1156 1163; x_wconf 91' lang='lat' dir='ltr'><strong>a</strong></span> <span class='ocrx_word' id='word_1_65' title='bbox 1200 1107 1406 1162; x_wconf 86' lang='lat' dir='ltr'><strong>Latinis</strong></span> <span class='ocrx_word' id='word_1_66' title='bbox 1457 1107 1614 1176; x_wconf 75' lang='lat' dir='ltr'><strong>fuerit</strong></span> <span class='ocrx_word' id='word_1_67' title='bbox 1654 1107 1893 1167; x_wconf 79' lang='lat' dir='ltr'><strong>adiecta,</strong></span> 
     </span>
    </p>
   </div>
   <div class='ocr_carea' id='block_1_11' title="bbox 389 1181 1014 1250">
    <p class='ocr_par' dir='ltr' id='par_1_11' title="bbox 389 1181 1014 1250">
     <span class='ocr_line' id='line_1_11' title="bbox 389 1181 1014 1250; baseline -0.002 -17"><span class='ocrx_word' id='word_1_68' title='bbox 389 1181 583 1250; x_wconf 67' lang='lat' dir='ltr'><strong>pita’cis</strong></span> <span class='ocrx_word' id='word_1_69' title='bbox 619 1181 950 1233; x_wconf 62' lang='lat' dir='ltr'><strong>inconsultis.</strong></span> <span class='ocrx_word' id='word_1_70' title='bbox 1011 1230 1014 1232; x_wconf 30' lang='grc' dir='ltr'><strong>ν</strong></span> 
     </span>
    </p>
   </div>
   <div class='ocr_carea' id='block_1_12' title="bbox 383 1269 1897 1341">
    <p class='ocr_par' dir='ltr' id='par_1_12' title="bbox 383 1269 1897 1341">
     <span class='ocr_line' id='line_1_12' title="bbox 383 1269 1897 1341; baseline -0.002 -16"><span class='ocrx_word' id='word_1_71' title='bbox 383 1273 462 1325; x_wconf 81' lang='lat' dir='ltr'><strong>Ad</strong></span> <span class='ocrx_word' id='word_1_72' title='bbox 495 1272 597 1326; x_wconf 87' lang='lat' dir='ltr'><strong>hoc</strong></span> <span class='ocrx_word' id='word_1_73' title='bbox 625 1278 840 1334; x_wconf 90' lang='lat' dir='ltr'><strong>autem,</strong></span> <span class='ocrx_word' id='word_1_74' title='bbox 891 1271 1033 1340; x_wconf 91' lang='lat' dir='ltr'><strong>quod</strong></span> <span class='ocrx_word' id='word_1_75' title='bbox 1079 1287 1178 1326; x_wconf 89' lang='lat' dir='ltr'><strong>nos</strong></span> <span class='ocrx_word' id='word_1_76' title='bbox 1217 1271 1619 1340; x_wconf 85' lang='lat' dir='ltr'><strong>reprehendunt</strong></span> <span class='ocrx_word' id='word_1_77' title='bbox 1651 1272 1703 1324; x_wconf 90' lang='lat' dir='ltr'><strong>in</strong></span> <span class='ocrx_word' id='word_1_78' title='bbox 1734 1269 1897 1341; x_wconf 81' lang='lat' dir='ltr'><strong>Sym-</strong></span> 
     </span>
    </p>
   </div>
   <div class='ocr_carea' id='block_1_13' title="bbox 319 1363 1902 1438">
    <p class='ocr_par' dir='ltr' id='par_1_13' title="bbox 319 1363 1902 1438">
     <span class='ocr_line' id='line_1_13' title="bbox 319 1363 1902 1438; baseline -0.001 -20"><span class='ocrx_word' id='word_1_79' title='bbox 319 1363 433 1418; x_wconf 85' lang='lat' dir='ltr'><strong>bolo</strong></span> <span class='ocrx_word' id='word_1_80' title='bbox 468 1363 586 1424; x_wconf 91' lang='lat' dir='ltr'><strong>illo,</strong></span> <span class='ocrx_word' id='word_1_81' title='bbox 619 1363 762 1432; x_wconf 89' lang='lat' dir='ltr'><strong>quod</strong></span> <span class='ocrx_word' id='word_1_82' title='bbox 794 1363 1000 1432; x_wconf 89' lang='lat' dir='ltr'><strong>pariter</strong></span> <span class='ocrx_word' id='word_1_83' title='bbox 1025 1378 1126 1418; x_wconf 90' lang='lat' dir='ltr'><strong>nos</strong></span> <span class='ocrx_word' id='word_1_84' title='bbox 1153 1371 1206 1417; x_wconf 92' lang='lat' dir='ltr'><strong>et</strong></span> <span class='ocrx_word' id='word_1_85' title='bbox 1236 1363 1310 1438; x_wconf 83' lang='lat' dir='ltr'><strong>illi</strong></span> <span class='ocrx_word' id='word_1_86' title='bbox 1364 1363 1687 1432; x_wconf 77' lang='lat' dir='ltr'><strong>suscipimus</strong></span> <span class='ocrx_word' id='word_1_87' title='bbox 1723 1370 1777 1415; x_wconf 89' lang='lat' dir='ltr'><strong>et</strong></span> <span class='ocrx_word' id='word_1_88' title='bbox 1822 1373 1902 1416; x_wconf 85' lang='lat' dir='ltr'><strong>te-</strong></span> 
     </span>
    </p>
   </div>
   <div class='ocr_carea' id='block_1_14' title="bbox 319 1452 1900 1524">
    <p class='ocr_par' dir='ltr' id='par_1_14' title="bbox 319 1452 1900 1524">
     <span class='ocr_line' id='line_1_14' title="bbox 319 1452 1900 1524; baseline -0.002 -14"><span class='ocrx_word' id='word_1_89' title='bbox 319 1471 501 1510; x_wconf 84' lang='lat' dir='ltr'><strong>nemus</strong></span> <span class='ocrx_word' id='word_1_90' title='bbox 531 1454 806 1509; x_wconf 81' lang='lat' dir='ltr'><strong>addidisse</strong></span> <span class='ocrx_word' id='word_1_91' title='bbox 856 1452 1118 1524; x_wconf 82' lang='lat' dir='ltr'><strong>Spiritum</strong></span> <span class='ocrx_word' id='word_1_92' title='bbox 1167 1465 1415 1509; x_wconf 85' lang='lat' dir='ltr'><strong>sanctunt</strong></span> <span class='ocrx_word' id='word_1_93' title='bbox 1461 1470 1489 1507; x_wconf 90' lang='lat' dir='ltr'><strong>a</strong></span> <span class='ocrx_word' id='word_1_94' title='bbox 1540 1453 1680 1509; x_wconf 83' lang='lat' dir='ltr'><strong>Filio</strong></span> <span class='ocrx_word' id='word_1_95' title='bbox 1710 1467 1900 1523; x_wconf 67' lang='lat' dir='ltr'><strong>proceo</strong></span> 
     </span>
    </p>
   </div>
   <div class='ocr_carea' id='block_1_15' title="bbox 318 1543 1900 1617">
    <p class='ocr_par' dir='ltr' id='par_1_15' title="bbox 318 1543 1900 1617">
     <span class='ocr_line' id='line_1_15' title="bbox 318 1543 1900 1617; baseline -0.003 -17"><span class='ocrx_word' id='word_1_96' title='bbox 318 1547 475 1608; x_wconf 88' lang='lat' dir='ltr'><strong>dere;</strong></span> <span class='ocrx_word' id='word_1_97' title='bbox 509 1555 565 1601; x_wconf 91' lang='lat' dir='ltr'><strong>et</strong></span> <span class='ocrx_word' id='word_1_98' title='bbox 597 1558 843 1617; x_wconf 62' lang='lat' dir='ltr'><strong>quaerunt</strong></span> <span class='ocrx_word' id='word_1_99' title='bbox 875 1562 974 1602; x_wconf 87' lang='lat' dir='ltr'><strong>cur</strong></span> <span class='ocrx_word' id='word_1_100' title='bbox 1010 1546 1112 1601; x_wconf 91' lang='lat' dir='ltr'><strong>hoc</strong></span> <span class='ocrx_word' id='word_1_101' title='bbox 1157 1543 1361 1600; x_wconf 81' lang='lat' dir='ltr'><strong>factum</strong></span> <span class='ocrx_word' id='word_1_102' title='bbox 1390 1545 1492 1611; x_wconf 90' lang='lat' dir='ltr'><strong>sit,</strong></span> <span class='ocrx_word' id='word_1_103' title='bbox 1521 1555 1574 1598; x_wconf 90' lang='lat' dir='ltr'><strong>et</strong></span> <span class='ocrx_word' id='word_1_104' title='bbox 1601 1559 1768 1613; x_wconf 90' lang='lat' dir='ltr'><strong>quare</strong></span> <span class='ocrx_word' id='word_1_105' title='bbox 1798 1543 1900 1597; x_wconf 92' lang='lat' dir='ltr'><strong>hoc</strong></span> 
     </span>
    </p>
   </div>
   <div class='ocr_carea' id='block_1_16' title="bbox 319 1634 1900 1703">
    <p class='ocr_par' dir='ltr' id='par_1_16' title="bbox 319 1634 1900 1703">
     <span class='ocr_line' id='line_1_16' title="bbox 319 1634 1900 1703; baseline -0.003 -15"><span class='ocrx_word' id='word_1_106' title='bbox 319 1634 460 1703; x_wconf 80' lang='lat' dir='ltr'><strong>prius</strong></span> <span class='ocrx_word' id='word_1_107' title='bbox 485 1652 676 1692; x_wconf 88' lang='lat' dir='ltr'><strong>eorum</strong></span> <span class='ocrx_word' id='word_1_108' title='bbox 708 1636 964 1692; x_wconf 76' lang='lat' dir='ltr'><strong>Ecclesia:</strong></span> <span class='ocrx_word' id='word_1_109' title='bbox 998 1644 1356 1690; x_wconf 89' lang='lat' dir='ltr'><strong>monstratmu</strong></span> <span class='ocrx_word' id='word_1_110' title='bbox 1387 1650 1490 1688; x_wconf 89' lang='lat' dir='ltr'><strong>non</strong></span> <span class='ocrx_word' id='word_1_111' title='bbox 1517 1642 1630 1700; x_wconf 82' lang='lat' dir='ltr'><strong>est,</strong></span> <span class='ocrx_word' id='word_1_112' title='bbox 1664 1641 1721 1686; x_wconf 93' lang='lat' dir='ltr'><strong>ut</strong></span> <span class='ocrx_word' id='word_1_113' title='bbox 1751 1647 1900 1687; x_wconf 87' lang='lat' dir='ltr'><strong>com-</strong></span> 
     </span>
    </p>
   </div>
   <div class='ocr_carea' id='block_1_17' title="bbox 319 1716 1898 1793">
    <p class='ocr_par' dir='ltr' id='par_1_17' title="bbox 319 1716 1898 1793">
     <span class='ocr_line' id='line_1_17' title="bbox 319 1716 1898 1793; baseline 0 -15"><span class='ocrx_word' id='word_1_114' title='bbox 319 1716 551 1780; x_wconf 84' lang='lat' dir='ltr'><strong>muniter</strong></span> <span class='ocrx_word' id='word_1_115' title='bbox 596 1727 1057 1793; x_wconf 83' lang='lat' dir='ltr'><strong>consideraretur,</strong></span> <span class='ocrx_word' id='word_1_116' title='bbox 1088 1735 1142 1781; x_wconf 91' lang='lat' dir='ltr'><strong>et</strong></span> <span class='ocrx_word' id='word_1_117' title='bbox 1183 1725 1459 1780; x_wconf 90' lang='lat' dir='ltr'><strong>communi</strong></span> <span class='ocrx_word' id='word_1_118' title='bbox 1495 1738 1763 1778; x_wconf 84' lang='lat' dir='ltr'><strong>consensu</strong></span> <span class='ocrx_word' id='word_1_119' title='bbox 1799 1723 1898 1778; x_wconf 86' lang='lat' dir='ltr'><strong>ad-</strong></span> 
     </span>
    </p>
   </div>
   <div class='ocr_carea' id='block_1_18' title="bbox 2006 536 3582 608">
    <p class='ocr_par' dir='ltr' id='par_1_18' title="bbox 2006 536 3582 608">
     <span class='ocr_line' id='line_1_18' title="bbox 2006 536 3582 608; baseline 0.002 -17"><span class='ocrx_word' id='word_1_120' title='bbox 2006 536 2245 604; x_wconf 82' lang='lat' dir='ltr'><strong>Latinis,</strong></span> <span class='ocrx_word' id='word_1_121' title='bbox 2275 552 2464 592; x_wconf 89' lang='lat' dir='ltr'><strong>eorum</strong></span> <span class='ocrx_word' id='word_1_122' title='bbox 2507 537 2795 608; x_wconf 80' lang='lat' dir='ltr'><strong>episcopos</strong></span> <span class='ocrx_word' id='word_1_123' title='bbox 2842 538 2907 591; x_wconf 88' lang='lat' dir='ltr'><strong>ad</strong></span> <span class='ocrx_word' id='word_1_124' title='bbox 2958 537 3346 592; x_wconf 85' lang='lat' dir='ltr'><strong>consulendum</strong></span> <span class='ocrx_word' id='word_1_125' title='bbox 3379 539 3444 592; x_wconf 84' lang='lat' dir='ltr'><strong>de</strong></span> <span class='ocrx_word' id='word_1_126' title='bbox 3479 541 3582 594; x_wconf 87' lang='lat' dir='ltr'><strong>hac</strong></span> 
     </span>
    </p>
   </div>
   <div class='ocr_carea' id='block_1_19' title="bbox 2005 618 3587 699">
    <p class='ocr_par' dir='ltr' id='par_1_19' title="bbox 2005 618 3587 699">
     <span class='ocr_line' id='line_1_19' title="bbox 2005 618 3587 699; baseline 0.003 -17"><span class='ocrx_word' id='word_1_127' title='bbox 2005 618 2064 683; x_wconf 85' lang='lat' dir='ltr'><strong>re</strong></span> <span class='ocrx_word' id='word_1_128' title='bbox 2087 627 2372 699; x_wconf 80' lang='lat' dir='ltr'><strong>colligere;</strong></span> <span class='ocrx_word' id='word_1_129' title='bbox 2403 643 2502 684; x_wconf 87' lang='lat' dir='ltr'><strong>nec</strong></span> <span class='ocrx_word' id='word_1_130' title='bbox 2528 639 2648 684; x_wconf 87' lang='lat' dir='ltr'><strong>erat</strong></span> <span class='ocrx_word' id='word_1_131' title='bbox 2670 645 2894 685; x_wconf 90' lang='lat' dir='ltr'><strong>necesse</strong></span> <span class='ocrx_word' id='word_1_132' title='bbox 2917 630 3056 684; x_wconf 90' lang='lat' dir='ltr'><strong>unde</strong></span> <span class='ocrx_word' id='word_1_133' title='bbox 3079 645 3185 684; x_wconf 88' lang='lat' dir='ltr'><strong>non</strong></span> <span class='ocrx_word' id='word_1_134' title='bbox 3201 629 3459 684; x_wconf 88' lang='lat' dir='ltr'><strong>dubitant</strong></span> <span class='ocrx_word' id='word_1_135' title='bbox 3484 630 3587 686; x_wconf 89' lang='lat' dir='ltr'><strong>hoc</strong></span> 
     </span>
    </p>
   </div>
   <div class='ocr_carea' id='block_1_20' title="bbox 2005 719 3586 790">
    <p class='ocr_par' dir='ltr' id='par_1_20' title="bbox 2005 719 3586 790">
     <span class='ocr_line' id='line_1_20' title="bbox 2005 719 3586 790; baseline 0.001 -16"><span class='ocrx_word' id='word_1_136' title='bbox 2005 719 2057 774; x_wconf 91' lang='lat' dir='ltr'><strong>iu</strong></span> <span class='ocrx_word' id='word_1_137' title='bbox 2089 722 2442 790; x_wconf 83' lang='lat' dir='ltr'><strong>qua-stionem</strong></span> <span class='ocrx_word' id='word_1_138' title='bbox 2465 723 2560 754; x_wconf 77' lang='grc'><strong>⁸⁷⁵³</strong></span> <span class='ocrx_word' id='word_1_139' title='bbox 2586 721 2876 776; x_wconf 82' lang='lat' dir='ltr'><strong>adducere.</strong></span> <span class='ocrx_word' id='word_1_140' title='bbox 2905 721 3034 789; x_wconf 72' lang='lat' dir='ltr'><strong>Qum</strong></span> <span class='ocrx_word' id='word_1_141' title='bbox 3058 731 3138 776; x_wconf 91' lang='lat' dir='ltr'><strong>est</strong></span> <span class='ocrx_word' id='word_1_142' title='bbox 3167 723 3320 776; x_wconf 80' lang='lat' dir='ltr'><strong>enim</strong></span> <span class='ocrx_word' id='word_1_143' title='bbox 3348 722 3586 776; x_wconf 80' lang='lat' dir='ltr'><strong>Ecclesia</strong></span> 
     </span>
    </p>
   </div>
   <div class='ocr_carea' id='block_1_21' title="bbox 2007 800 3586 883">
    <p class='ocr_par' dir='ltr' id='par_1_21' title="bbox 2007 800 3586 883">
     <span class='ocr_line' id='line_1_21' title="bbox 2007 800 3586 883; baseline 0.003 -21"><span class='ocrx_word' id='word_1_144' title='bbox 2007 800 2124 878; x_wconf 80' lang='lat' dir='ltr'><strong>qtue</strong></span> <span class='ocrx_word' id='word_1_145' title='bbox 2155 811 2236 865; x_wconf 90' lang='lat' dir='ltr'><strong>vel</strong></span> <span class='ocrx_word' id='word_1_146' title='bbox 2265 827 2360 882; x_wconf 88' lang='lat' dir='ltr'><strong>per</strong></span> <span class='ocrx_word' id='word_1_147' title='bbox 2390 813 2794 882; x_wconf 72' lang='lat' dir='ltr'><strong>amplitudinem</strong></span> <span class='ocrx_word' id='word_1_148' title='bbox 2829 813 2989 866; x_wconf 89' lang='lat' dir='ltr'><strong>unius</strong></span> <span class='ocrx_word' id='word_1_149' title='bbox 3019 813 3166 883; x_wconf 77' lang='lat' dir='ltr'><strong>regni</strong></span> <span class='ocrx_word' id='word_1_150' title='bbox 3196 811 3586 879; x_wconf 80' lang='lat' dir='ltr'><strong>dilatatur&quot;”,</strong></span> 
     </span>
    </p>
   </div>
   <div class='ocr_carea' id='block_1_22' title="bbox 2003 904 3587 975">
    <p class='ocr_par' dir='ltr' id='par_1_22' title="bbox 2003 904 3587 975">
     <span class='ocr_line' id='line_1_22' title="bbox 2003 904 3587 975; baseline 0 -19"><span class='ocrx_word' id='word_1_151' title='bbox 2003 904 2090 957; x_wconf 90' lang='lat' dir='ltr'><strong>cui</strong></span> <span class='ocrx_word' id='word_1_152' title='bbox 2118 921 2223 958; x_wconf 91' lang='lat' dir='ltr'><strong>non</strong></span> <span class='ocrx_word' id='word_1_153' title='bbox 2257 904 2416 968; x_wconf 78' lang='lat' dir='ltr'><strong>liceat</strong></span> <span class='ocrx_word' id='word_1_154' title='bbox 2459 904 2660 975; x_wconf 85' lang='lat' dir='ltr'><strong>aliquid</strong></span> <span class='ocrx_word' id='word_1_155' title='bbox 2693 906 2988 958; x_wconf 91' lang='lat' dir='ltr'><strong>secundum</strong></span> <span class='ocrx_word' id='word_1_156' title='bbox 3010 914 3220 958; x_wconf 85' lang='lat' dir='ltr'><strong>rectam</strong></span> <span class='ocrx_word' id='word_1_157' title='bbox 3253 905 3412 958; x_wconf 87' lang='lat' dir='ltr'><strong>tidem</strong></span> <span class='ocrx_word' id='word_1_158' title='bbox 3453 919 3587 958; x_wconf 79' lang='lat' dir='ltr'><strong>con-</strong></span> 
     </span>
    </p>
   </div>
   <div class='ocr_carea' id='block_1_23' title="bbox 2003 983 3590 1067">
    <p class='ocr_par' dir='ltr' id='par_1_23' title="bbox 2003 983 3590 1067">
     <span class='ocr_line' id='line_1_23' title="bbox 2003 983 3590 1067; baseline -0.002 -15"><span class='ocrx_word' id='word_1_159' title='bbox 2003 983 2259 1060; x_wconf 83' lang='lat' dir='ltr'><strong>stituere,</strong></span> <span class='ocrx_word' id='word_1_160' title='bbox 2307 987 2452 1067; x_wconf 71' lang='lat' dir='ltr'><strong>quod</strong></span> <span class='ocrx_word' id='word_1_161' title='bbox 2489 997 2541 1051; x_wconf 94' lang='lat' dir='ltr'><strong>in</strong></span> <span class='ocrx_word' id='word_1_162' title='bbox 2593 1007 2860 1052; x_wconf 79' lang='lat' dir='ltr'><strong>conventu</strong></span> <span class='ocrx_word' id='word_1_163' title='bbox 2911 997 3092 1067; x_wconf 76' lang='lat' dir='ltr'><strong>populi</strong></span> <span class='ocrx_word' id='word_1_164' title='bbox 3145 997 3350 1051; x_wconf 76' lang='lat' dir='ltr'><strong>utiliter</strong></span> <span class='ocrx_word' id='word_1_165' title='bbox 3378 997 3590 1066; x_wconf 70' lang='lat' dir='ltr'><strong>legatur</strong></span> 
     </span>
    </p>
   </div>
   <div class='ocr_carea' id='block_1_24' title="bbox 2004 1080 3590 1157">
    <p class='ocr_par' dir='ltr' id='par_1_24' title="bbox 2004 1080 3590 1157">
     <span class='ocr_line' id='line_1_24' title="bbox 2004 1080 3590 1157; baseline 0 -17"><span class='ocrx_word' id='word_1_166' title='bbox 2004 1095 2097 1141; x_wconf 88' lang='lat' dir='ltr'><strong>aut</strong></span> <span class='ocrx_word' id='word_1_167' title='bbox 2134 1089 2428 1142; x_wconf 75' lang='lat' dir='ltr'><strong>cantetur?</strong></span> <span class='ocrx_word' id='word_1_168' title='bbox 2454 1080 2672 1154; x_wconf 80' lang='lat' dir='ltr'><strong>Quanto</strong></span> <span class='ocrx_word' id='word_1_169' title='bbox 2702 1102 2840 1157; x_wconf 81' lang='lat' dir='ltr'><strong>ergo</strong></span> <span class='ocrx_word' id='word_1_170' title='bbox 2861 1087 3031 1156; x_wconf 76' lang='lat' dir='ltr'><strong>magis</strong></span> <span class='ocrx_word' id='word_1_171' title='bbox 3059 1087 3208 1141; x_wconf 90' lang='lat' dir='ltr'><strong>licuit</strong></span> <span class='ocrx_word' id='word_1_172' title='bbox 3248 1086 3456 1140; x_wconf 84' lang='lat' dir='ltr'><strong>Latinis</strong></span> <span class='ocrx_word' id='word_1_173' title='bbox 3486 1087 3590 1140; x_wconf 89' lang='lat' dir='ltr'><strong>hoc</strong></span> 
     </span>
    </p>
   </div>
   <div class='ocr_carea' id='block_1_25' title="bbox 2003 1166 3587 1250">
    <p class='ocr_par' dir='ltr' id='par_1_25' title="bbox 2003 1166 3587 1250">
     <span class='ocr_line' id='line_1_25' title="bbox 2003 1166 3587 1250; baseline -0.003 -17"><span class='ocrx_word' id='word_1_174' title='bbox 2003 1166 2314 1233; x_wconf 78' lang='lat' dir='ltr'><strong>constanter</strong></span> <span class='ocrx_word' id='word_1_175' title='bbox 2349 1181 2594 1248; x_wconf 78' lang='lat' dir='ltr'><strong>proferre</strong></span> <span class='ocrx_word' id='word_1_176' title='bbox 2615 1221 2628 1244; x_wconf 92' lang='lat'><strong>,</strong></span> <span class='ocrx_word' id='word_1_177' title='bbox 2664 1179 2715 1232; x_wconf 90' lang='lat' dir='ltr'><strong>in</strong></span> <span class='ocrx_word' id='word_1_178' title='bbox 2755 1173 2862 1247; x_wconf 86' lang='lat' dir='ltr'><strong>quo</strong></span> <span class='ocrx_word' id='word_1_179' title='bbox 2891 1193 3078 1233; x_wconf 87' lang='lat' dir='ltr'><strong>omnes</strong></span> <span class='ocrx_word' id='word_1_180' title='bbox 3108 1187 3297 1250; x_wconf 76' lang='lat' dir='ltr'><strong>gentes</strong></span> <span class='ocrx_word' id='word_1_181' title='bbox 3323 1188 3377 1230; x_wconf 90' lang='lat' dir='ltr'><strong>et</strong></span> <span class='ocrx_word' id='word_1_182' title='bbox 3405 1175 3587 1230; x_wconf 80' lang='lat' dir='ltr'><strong>omnia</strong></span> 
     </span>
    </p>
   </div>
   <div class='ocr_carea' id='block_1_26' title="bbox 2002 1269 3597 1340">
    <p class='ocr_par' dir='ltr' id='par_1_26' title="bbox 2002 1269 3597 1340">
     <span class='ocr_line' id='line_1_26' title="bbox 2002 1269 3597 1340; baseline -0.002 -14"><span class='ocrx_word' id='word_1_183' title='bbox 2002 1283 2199 1340; x_wconf 77' lang='lat' dir='ltr'><strong>regna,</strong></span> <span class='ocrx_word' id='word_1_184' title='bbox 2238 1285 2362 1340; x_wconf 67' lang='lat' dir='ltr'><strong>quae</strong></span> <span class='ocrx_word' id='word_1_185' title='bbox 2404 1270 2614 1326; x_wconf 83' lang='lat' dir='ltr'><strong>Latinis</strong></span> <span class='ocrx_word' id='word_1_186' title='bbox 2663 1279 2891 1325; x_wconf 89' lang='lat' dir='ltr'><strong>tttuntur</strong></span> <span class='ocrx_word' id='word_1_187' title='bbox 2942 1269 3170 1332; x_wconf 84' lang='lat' dir='ltr'><strong>litteris.</strong></span> <span class='ocrx_word' id='word_1_188' title='bbox 3207 1269 3414 1340; x_wconf 87' lang='lat' dir='ltr'><strong>pariter</strong></span> <span class='ocrx_word' id='word_1_189' title='bbox 3461 1283 3597 1324; x_wconf 62' lang='lat' dir='ltr'><strong>cons-</strong></span> 
     </span>
    </p>
   </div>
   <div class='ocr_carea' id='block_1_27' title="bbox 2002 1363 2254 1418">
    <p class='ocr_par' dir='ltr' id='par_1_27' title="bbox 2002 1363 2254 1418">
     <span class='ocr_line' id='line_1_27' title="bbox 2002 1363 2254 1418; baseline -0.016 0"><span class='ocrx_word' id='word_1_190' title='bbox 2002 1377 2066 1418; x_wconf 90' lang='lat' dir='ltr'><strong>co</strong></span> <span class='ocrx_word' id='word_1_191' title='bbox 2075 1363 2132 1418; x_wconf 90' lang='lat' dir='ltr'><strong>rd</strong></span> <span class='ocrx_word' id='word_1_192' title='bbox 2141 1371 2254 1416; x_wconf 83' lang='lat' dir='ltr'><strong>aut.</strong></span> 
     </span>
    </p>
   </div>
   <div class='ocr_carea' id='block_1_28' title="bbox 2328 1451 3211 1526">
    <p class='ocr_par' dir='ltr' id='par_1_28' title="bbox 2328 1451 3211 1526">
     <span class='ocr_line' id='line_1_28' title="bbox 2328 1451 3211 1526; baseline -0.006 -19"><span class='ocrx_word' id='word_1_193' title='bbox 2328 1451 2555 1508; x_wconf 67' lang='lat' dir='ltr'><strong>csrur</strong></span> <span class='ocrx_word' id='word_1_194' title='bbox 2597 1452 2758 1507; x_wconf 77' lang='lat' dir='ltr'><strong>xxm</strong></span> <span class='ocrx_word' id='word_1_195' title='bbox 2808 1451 3211 1526; x_wconf 62' lang='lat' dir='ltr'><strong>[uhXXllj‘m</strong></span> 
     </span>
    </p>
   </div>
   <div class='ocr_carea' id='block_1_29' title="bbox 2002 1563 3589 1635">
    <p class='ocr_par' dir='ltr' id='par_1_29' title="bbox 2002 1563 3589 1635">
     <span class='ocr_line' id='line_1_29' title="bbox 2002 1563 3589 1635; baseline -0.002 -14"><span class='ocrx_word' id='word_1_196' title='bbox 2002 1566 2224 1621; x_wconf 71' lang='lat' dir='ltr'><strong>Summa</strong></span> <span class='ocrx_word' id='word_1_197' title='bbox 2257 1567 2510 1620; x_wconf 59' lang='lat' dir='ltr'><strong>doctrina?</strong></span> <span class='ocrx_word' id='word_1_198' title='bbox 2531 1577 2577 1619; x_wconf 85' lang='lat' dir='ltr'><strong>et</strong></span> <span class='ocrx_word' id='word_1_199' title='bbox 2598 1567 2960 1633; x_wconf 81' lang='lat' dir='ltr'><strong>probationum</strong></span> <span class='ocrx_word' id='word_1_200' title='bbox 2986 1565 3329 1635; x_wconf 70' lang='lat' dir='ltr'><strong>proccssi&#39;oni&#39;s</strong></span> <span class='ocrx_word' id='word_1_201' title='bbox 3356 1563 3589 1632; x_wconf 81' lang='lat' dir='ltr'><strong>Spiritus</strong></span> 
     </span>
    </p>
   </div>
   <div class='ocr_carea' id='block_1_30' title="bbox 2556 1636 3010 1691">
    <p class='ocr_par' dir='ltr' id='par_1_30' title="bbox 2556 1636 3010 1691">
     <span class='ocr_line' id='line_1_30' title="bbox 2556 1636 3010 1691; baseline 0.002 -1"><span class='ocrx_word' id='word_1_202' title='bbox 2556 1639 2721 1691; x_wconf 81' lang='lat' dir='ltr'><strong>sancti</strong></span> <span class='ocrx_word' id='word_1_203' title='bbox 2751 1639 2815 1690; x_wconf 76' lang='lat' dir='ltr'><strong>de</strong></span> <span class='ocrx_word' id='word_1_204' title='bbox 2847 1636 3010 1691; x_wconf 75' lang='lat' dir='ltr'><strong>Filio.</strong></span> 
     </span>
    </p>
   </div>
   <div class='ocr_carea' id='block_1_31' title="bbox 2072 1725 3591 1798">
    <p class='ocr_par' dir='ltr' id='par_1_31' title="bbox 2072 1725 3591 1798">
     <span class='ocr_line' id='line_1_31' title="bbox 2072 1725 3591 1798; baseline -0.003 -16"><span class='ocrx_word' id='word_1_205' title='bbox 2072 1726 2400 1795; x_wconf 83' lang='lat' dir='ltr'><strong>Culligamus</strong></span> <span class='ocrx_word' id='word_1_206' title='bbox 2434 1728 2672 1782; x_wconf 82' lang='lat' dir='ltr'><strong>breviter</strong></span> <span class='ocrx_word' id='word_1_207' title='bbox 2699 1728 2841 1797; x_wconf 86' lang='lat' dir='ltr'><strong>quod</strong></span> <span class='ocrx_word' id='word_1_208' title='bbox 2887 1742 3047 1798; x_wconf 82' lang='lat' dir='ltr'><strong>supra</strong></span> <span class='ocrx_word' id='word_1_209' title='bbox 3088 1727 3331 1798; x_wconf 83' lang='lat' dir='ltr'><strong>pluribus</strong></span> <span class='ocrx_word' id='word_1_210' title='bbox 3365 1725 3591 1779; x_wconf 87' lang='lat' dir='ltr'><strong>rationi-</strong></span> 
     </span>
    </p>
   </div>
   <div class='ocr_carea' id='block_1_32' title="bbox 315 1803 3594 1889">
    <p class='ocr_par' dir='ltr' id='par_1_32' title="bbox 315 1803 3594 1889">
     <span class='ocr_line' id='line_1_32' title="bbox 315 1803 3594 1889; baseline 0.001 -23"><span class='ocrx_word' id='word_1_211' title='bbox 315 1812 531 1868; x_wconf 86' lang='lat' dir='ltr'><strong>deretur</strong></span> <span class='ocrx_word' id='word_1_212' title='bbox 561 1816 705 1886; x_wconf 84' lang='lat' dir='ltr'><strong>quod</strong></span> <span class='ocrx_word' id='word_1_213' title='bbox 735 1814 1040 1870; x_wconf 87' lang='lat' dir='ltr'><strong>addendum</strong></span> <span class='ocrx_word' id='word_1_214' title='bbox 1071 1824 1192 1870; x_wconf 86' lang='lat' dir='ltr'><strong>erat</strong></span> <span class='ocrx_word' id='word_1_215' title='bbox 1222 1831 1237 1871; x_wconf 72' lang='grc' dir='ltr'>ε</span> <span class='ocrx_word' id='word_1_216' title='bbox 1269 1815 1335 1867; x_wconf 88' lang='lat' dir='ltr'><strong>ad</strong></span> <span class='ocrx_word' id='word_1_217' title='bbox 1362 1812 1494 1879; x_wconf 87' lang='lat' dir='ltr'><strong>hoc,</strong></span> <span class='ocrx_word' id='word_1_218' title='bbox 1529 1812 1777 1881; x_wconf 88' lang='lat' dir='ltr'><strong>inquam,</strong></span> <span class='ocrx_word' id='word_1_219' title='bbox 1812 1825 1900 1866; x_wconf 87' lang='lat' dir='ltr'><strong>re-</strong></span> <span class='ocrx_word' id='word_1_220' title='bbox 1931 1803 1977 1861; x_wconf 75' lang='grc' dir='ltr'><strong>Β</strong></span> <span class='ocrx_word' id='word_1_221' title='bbox 2005 1818 2105 1872; x_wconf 87' lang='lat' dir='ltr'><strong>htts</strong></span> <span class='ocrx_word' id='word_1_222' title='bbox 2134 1818 2384 1872; x_wconf 84' lang='lat' dir='ltr'><strong>ell&#39;ectum</strong></span> <span class='ocrx_word' id='word_1_223' title='bbox 2408 1829 2514 1872; x_wconf 89' lang='lat' dir='ltr'><strong>est.</strong></span> <span class='ocrx_word' id='word_1_224' title='bbox 2541 1819 2768 1872; x_wconf 67' lang='lat' dir='ltr'><strong>Constat</strong></span> <span class='ocrx_word' id='word_1_225' title='bbox 2793 1818 3196 1889; x_wconf 78' lang='lat' dir='ltr'><strong>inexpugnabili</strong></span> <span class='ocrx_word' id='word_1_226' title='bbox 3232 1818 3440 1871; x_wconf 89' lang='lat' dir='ltr'><strong>ratione</strong></span> <span class='ocrx_word' id='word_1_227' title='bbox 3471 1816 3594 1887; x_wconf 77' lang='lat' dir='ltr'><strong>Spi-</strong></span> 
     </span>
    </p>
   </div>
   <div class='ocr_carea' id='block_1_33' title="bbox 315 1906 1900 1977">
    <p class='ocr_par' dir='ltr' id='par_1_33' title="bbox 315 1906 1900 1977">
     <span class='ocr_line' id='line_1_33' title="bbox 315 1906 1900 1977; baseline 0.001 -19"><span class='ocrx_word' id='word_1_228' title='bbox 315 1920 567 1975; x_wconf 85' lang='lat' dir='ltr'><strong>sponsum</strong></span> <span class='ocrx_word' id='word_1_229' title='bbox 599 1907 872 1964; x_wconf 83' lang='lat' dir='ltr'><strong>sulliciens</strong></span> <span class='ocrx_word' id='word_1_230' title='bbox 905 1908 1188 1964; x_wconf 86' lang='lat' dir='ltr'><strong>habemus.</strong></span> <span class='ocrx_word' id='word_1_231' title='bbox 1238 1906 1371 1963; x_wconf 80' lang='lat' dir='ltr'><strong>Nam</strong></span> <span class='ocrx_word' id='word_1_232' title='bbox 1404 1907 1448 1962; x_wconf 94' lang='lat' dir='ltr'><strong>si</strong></span> <span class='ocrx_word' id='word_1_233' title='bbox 1495 1908 1758 1977; x_wconf 68' lang='lat' dir='ltr'><strong>quaeritur</strong></span> <span class='ocrx_word' id='word_1_234' title='bbox 1803 1921 1900 1962; x_wconf 85' lang='lat' dir='ltr'><strong>cur</strong></span> 
     </span>
    </p>
   </div>
   <div class='ocr_carea' id='block_1_34' title="bbox 316 1999 1897 2072">
    <p class='ocr_par' dir='ltr' id='par_1_34' title="bbox 316 1999 1897 2072">
     <span class='ocr_line' id='line_1_34' title="bbox 316 1999 1897 2072; baseline 0.001 -20"><span class='ocrx_word' id='word_1_235' title='bbox 316 1999 512 2054; x_wconf 73' lang='lat' dir='ltr'><strong>factum</strong></span> <span class='ocrx_word' id='word_1_236' title='bbox 548 2001 648 2065; x_wconf 88' lang='lat' dir='ltr'><strong>sit,</strong></span> <span class='ocrx_word' id='word_1_237' title='bbox 677 2001 908 2056; x_wconf 86' lang='lat' dir='ltr'><strong>dicimus</strong></span> <span class='ocrx_word' id='word_1_238' title='bbox 934 2002 1060 2072; x_wconf 85' lang='lat' dir='ltr'><strong>quia</strong></span> <span class='ocrx_word' id='word_1_239' title='bbox 1084 2016 1306 2056; x_wconf 89' lang='lat' dir='ltr'><strong>necesse</strong></span> <span class='ocrx_word' id='word_1_240' title='bbox 1335 2010 1455 2057; x_wconf 89' lang='lat' dir='ltr'><strong>erat</strong></span> <span class='ocrx_word' id='word_1_241' title='bbox 1485 2009 1703 2070; x_wconf 84' lang='lat' dir='ltr'><strong>propter</strong></span> <span class='ocrx_word' id='word_1_242' title='bbox 1733 2014 1897 2068; x_wconf 88' lang='lat' dir='ltr'><strong>quos-</strong></span> 
     </span>
    </p>
   </div>
   <div class='ocr_carea' id='block_1_35' title="bbox 315 2089 1899 2163">
    <p class='ocr_par' dir='ltr' id='par_1_35' title="bbox 315 2089 1899 2163">
     <span class='ocr_line' id='line_1_35' title="bbox 315 2089 1899 2163; baseline 0.001 -21"><span class='ocrx_word' id='word_1_243' title='bbox 315 2091 434 2144; x_wconf 86' lang='lat' dir='ltr'><strong>dam</strong></span> <span class='ocrx_word' id='word_1_244' title='bbox 470 2091 650 2146; x_wconf 81' lang='lat' dir='ltr'><strong>minus</strong></span> <span class='ocrx_word' id='word_1_245' title='bbox 699 2092 1097 2163; x_wconf 79' lang='lat' dir='ltr'><strong>iutelligeutes,</strong></span> <span class='ocrx_word' id='word_1_246' title='bbox 1129 2094 1220 2163; x_wconf 87' lang='lat' dir='ltr'><strong>qui</strong></span> <span class='ocrx_word' id='word_1_247' title='bbox 1250 2110 1357 2148; x_wconf 86' lang='lat' dir='ltr'><strong>non</strong></span> <span class='ocrx_word' id='word_1_248' title='bbox 1387 2089 1899 2147; x_wconf 85' lang='lat' dir='ltr'><strong>animadvertebant</strong></span> 
     </span>
    </p>
   </div>
   <div class='ocr_carea' id='block_1_36' title="bbox 313 2182 1900 2254">
    <p class='ocr_par' dir='ltr' id='par_1_36' title="bbox 313 2182 1900 2254">
     <span class='ocr_line' id='line_1_36' title="bbox 313 2182 1900 2254; baseline 0.002 -20"><span class='ocrx_word' id='word_1_249' title='bbox 313 2182 362 2234; x_wconf 91' lang='lat' dir='ltr'><strong>in</strong></span> <span class='ocrx_word' id='word_1_250' title='bbox 394 2183 505 2237; x_wconf 89' lang='lat' dir='ltr'><strong>illis</strong></span> <span class='ocrx_word' id='word_1_251' title='bbox 526 2225 542 2248; x_wconf 93' lang='lat'><strong>,</strong></span> <span class='ocrx_word' id='word_1_252' title='bbox 579 2201 700 2254; x_wconf 85' lang='lat' dir='ltr'><strong>quae</strong></span> <span class='ocrx_word' id='word_1_253' title='bbox 728 2185 977 2240; x_wconf 85' lang='lat' dir='ltr'><strong>universa</strong></span> <span class='ocrx_word' id='word_1_254' title='bbox 1007 2186 1181 2240; x_wconf 85' lang='lat' dir='ltr'><strong>credit</strong></span> <span class='ocrx_word' id='word_1_255' title='bbox 1209 2185 1482 2246; x_wconf 85' lang='lat' dir='ltr'><strong>Ecclesia,</strong></span> <span class='ocrx_word' id='word_1_256' title='bbox 1515 2183 1784 2239; x_wconf 79' lang='lat' dir='ltr'><strong>contineri</strong></span> <span class='ocrx_word' id='word_1_257' title='bbox 1807 2223 1821 2245; x_wconf 92' lang='lat'><strong>,</strong></span> <span class='ocrx_word' id='word_1_258' title='bbox 1846 2191 1900 2237; x_wconf 87' lang='lat' dir='ltr'><strong>et</strong></span> 
     </span>
    </p>
   </div>
   <div class='ocr_carea' id='block_1_37' title="bbox 308 2275 1896 2349">
    <p class='ocr_par' dir='ltr' id='par_1_37' title="bbox 308 2275 1896 2349">
     <span class='ocr_line' id='line_1_37' title="bbox 308 2275 1896 2349; baseline 0.004 -21"><span class='ocrx_word' id='word_1_259' title='bbox 308 2289 370 2329; x_wconf 81' lang='lat' dir='ltr'><strong>ex</strong></span> <span class='ocrx_word' id='word_1_260' title='bbox 404 2275 492 2330; x_wconf 89' lang='lat' dir='ltr'><strong>his</strong></span> <span class='ocrx_word' id='word_1_261' title='bbox 521 2276 674 2346; x_wconf 84' lang='lat' dir='ltr'><strong>sequi</strong></span> <span class='ocrx_word' id='word_1_262' title='bbox 706 2277 970 2346; x_wconf 86' lang='lat' dir='ltr'><strong>Spiritum</strong></span> <span class='ocrx_word' id='word_1_263' title='bbox 997 2287 1247 2333; x_wconf 87' lang='lat' dir='ltr'><strong>sanctum</strong></span> <span class='ocrx_word' id='word_1_264' title='bbox 1285 2279 1349 2332; x_wconf 89' lang='lat' dir='ltr'><strong>de</strong></span> <span class='ocrx_word' id='word_1_265' title='bbox 1377 2277 1516 2333; x_wconf 84' lang='lat' dir='ltr'><strong>Filio</strong></span> <span class='ocrx_word' id='word_1_266' title='bbox 1563 2281 1896 2349; x_wconf 88' lang='lat' dir='ltr'><strong>procedere;</strong></span> 
     </span>
    </p>
   </div>
   <div class='ocr_carea' id='block_1_38' title="bbox 306 2369 1891 2440">
    <p class='ocr_par' dir='ltr' id='par_1_38' title="bbox 306 2369 1891 2440">
     <span class='ocr_line' id='line_1_38' title="bbox 306 2369 1891 2440; baseline 0.004 -20"><span class='ocrx_word' id='word_1_267' title='bbox 306 2384 373 2420; x_wconf 58' lang='lat' dir='ltr'><strong>ne</strong></span> <span class='ocrx_word' id='word_1_268' title='bbox 400 2370 545 2421; x_wconf 79' lang='lat' dir='ltr'><strong>forte</strong></span> <span class='ocrx_word' id='word_1_269' title='bbox 581 2369 682 2422; x_wconf 92' lang='lat' dir='ltr'><strong>hoc</strong></span> <span class='ocrx_word' id='word_1_270' title='bbox 705 2369 926 2423; x_wconf 88' lang='lat' dir='ltr'><strong>credere</strong></span> <span class='ocrx_word' id='word_1_271' title='bbox 959 2369 1288 2424; x_wconf 82' lang='lat' dir='ltr'><strong>dubitarent.</strong></span> <span class='ocrx_word' id='word_1_272' title='bbox 1322 2369 1474 2436; x_wconf 87' lang='lat' dir='ltr'><strong>Quod</strong></span> <span class='ocrx_word' id='word_1_273' title='bbox 1503 2386 1663 2440; x_wconf 90' lang='lat' dir='ltr'><strong>quam</strong></span> <span class='ocrx_word' id='word_1_274' title='bbox 1708 2386 1891 2425; x_wconf 87' lang='lat' dir='ltr'><strong>neces-</strong></span> 
     </span>
    </p>
   </div>
   <div class='ocr_carea' id='block_1_39' title="bbox 310 2456 1902 2529">
    <p class='ocr_par' dir='ltr' id='par_1_39' title="bbox 310 2456 1902 2529">
     <span class='ocr_line' id='line_1_39' title="bbox 310 2456 1902 2529; baseline 0.002 -18"><span class='ocrx_word' id='word_1_275' title='bbox 310 2457 518 2511; x_wconf 76' lang='lat' dir='ltr'><strong>Sarium</strong></span> <span class='ocrx_word' id='word_1_276' title='bbox 560 2456 753 2522; x_wconf 78' lang='lat' dir='ltr'><strong>fuerit,</strong></span> <span class='ocrx_word' id='word_1_277' title='bbox 784 2473 882 2526; x_wconf 88' lang='lat' dir='ltr'><strong>per</strong></span> <span class='ocrx_word' id='word_1_278' title='bbox 907 2457 1022 2511; x_wconf 90' lang='lat' dir='ltr'><strong>illos</strong></span> <span class='ocrx_word' id='word_1_279' title='bbox 1052 2459 1142 2527; x_wconf 90' lang='lat' dir='ltr'><strong>qui</strong></span> <span class='ocrx_word' id='word_1_280' title='bbox 1176 2459 1275 2513; x_wconf 91' lang='lat' dir='ltr'><strong>hoc</strong></span> <span class='ocrx_word' id='word_1_281' title='bbox 1308 2471 1536 2527; x_wconf 80' lang='lat' dir='ltr'><strong>negant,</strong></span> <span class='ocrx_word' id='word_1_282' title='bbox 1573 2461 1696 2529; x_wconf 85' lang='lat' dir='ltr'><strong>quia</strong></span> <span class='ocrx_word' id='word_1_283' title='bbox 1728 2461 1780 2514; x_wconf 93' lang='lat' dir='ltr'><strong>in</strong></span> <span class='ocrx_word' id='word_1_284' title='bbox 1814 2460 1902 2514; x_wconf 88' lang='lat' dir='ltr'><strong>illo</strong></span> 
     </span>
    </p>
   </div>
   <div class='ocr_carea' id='block_1_40' title="bbox 314 2547 1901 2623">
    <p class='ocr_par' dir='ltr' id='par_1_40' title="bbox 314 2547 1901 2623">
     <span class='ocr_line' id='line_1_40' title="bbox 314 2547 1901 2623; baseline 0.004 -24"><span class='ocrx_word' id='word_1_285' title='bbox 314 2547 576 2617; x_wconf 81' lang='lat' dir='ltr'><strong>Symlolo</strong></span> <span class='ocrx_word' id='word_1_286' title='bbox 607 2550 840 2616; x_wconf 66' lang='lat' dir='ltr'><strong>positum</strong></span> <span class='ocrx_word' id='word_1_287' title='bbox 892 2567 1000 2603; x_wconf 90' lang='lat' dir='ltr'><strong>neu</strong></span> <span class='ocrx_word' id='word_1_288' title='bbox 1048 2559 1159 2616; x_wconf 90' lang='lat' dir='ltr'><strong>est,</strong></span> <span class='ocrx_word' id='word_1_289' title='bbox 1193 2553 1592 2623; x_wconf 78' lang='lat' dir='ltr'><strong>cognoscimus.</strong></span> <span class='ocrx_word' id='word_1_290' title='bbox 1638 2553 1901 2620; x_wconf 84' lang='lat' dir='ltr'><strong>Quoniam</strong></span> 
     </span>
    </p>
   </div>
   <div class='ocr_carea' id='block_1_41' title="bbox 315 2637 1901 2714">
    <p class='ocr_par' dir='ltr' id='par_1_41' title="bbox 315 2637 1901 2714">
     <span class='ocr_line' id='line_1_41' title="bbox 315 2637 1901 2714; baseline 0.006 -24"><span class='ocrx_word' id='word_1_291' title='bbox 315 2637 478 2706; x_wconf 76' lang='lat' dir='ltr'><strong>igitur</strong></span> <span class='ocrx_word' id='word_1_292' title='bbox 509 2647 564 2692; x_wconf 93' lang='lat' dir='ltr'><strong>et</strong></span> <span class='ocrx_word' id='word_1_293' title='bbox 591 2639 893 2693; x_wconf 80' lang='lat' dir='ltr'><strong>necessitas</strong></span> <span class='ocrx_word' id='word_1_294' title='bbox 938 2641 1203 2709; x_wconf 79' lang='lat' dir='ltr'><strong>cogebat,</strong></span> <span class='ocrx_word' id='word_1_295' title='bbox 1235 2651 1291 2694; x_wconf 94' lang='lat' dir='ltr'><strong>et</strong></span> <span class='ocrx_word' id='word_1_296' title='bbox 1336 2643 1480 2698; x_wconf 88' lang='lat' dir='ltr'><strong>nulla</strong></span> <span class='ocrx_word' id='word_1_297' title='bbox 1528 2645 1666 2699; x_wconf 83' lang='lat' dir='ltr'><strong>ratio</strong></span> <span class='ocrx_word' id='word_1_298' title='bbox 1716 2645 1901 2714; x_wconf 61' lang='lat' dir='ltr'><strong>probi»</strong></span> 
     </span>
    </p>
   </div>
   <div class='ocr_carea' id='block_1_42' title="bbox 295 2725 1905 2806">
    <p class='ocr_par' dir='ltr' id='par_1_42' title="bbox 295 2725 1905 2806">
     <span class='ocr_line' id='line_1_42' title="bbox 295 2725 1905 2806; baseline 0.007 -26"><span class='ocrx_word' id='word_1_299' title='bbox 295 2725 508 2806; x_wconf 36' lang='lat' dir='ltr'><strong>&#39;bllllat,</strong></span> <span class='ocrx_word' id='word_1_300' title='bbox 539 2735 593 2779; x_wconf 88' lang='lat' dir='ltr'><strong>et</strong></span> <span class='ocrx_word' id='word_1_301' title='bbox 625 2743 749 2799; x_wconf 76' lang='lat' dir='ltr'><strong>vera</strong></span> <span class='ocrx_word' id='word_1_302' title='bbox 784 2727 916 2782; x_wconf 70' lang='lat' dir='ltr'><strong>fides</strong></span> <span class='ocrx_word' id='word_1_303' title='bbox 946 2729 1047 2783; x_wconf 82' lang='lat' dir='ltr'><strong>hoc</strong></span> <span class='ocrx_word' id='word_1_304' title='bbox 1075 2730 1426 2794; x_wconf 83' lang='lat' dir='ltr'><strong>admittebat;</strong></span> <span class='ocrx_word' id='word_1_305' title='bbox 1459 2732 1782 2790; x_wconf 78' lang='lat' dir='ltr'><strong>ilducialiter</strong></span> <span class='ocrx_word' id='word_1_306' title='bbox 1811 2751 1905 2790; x_wconf 79' lang='lat' dir='ltr'><strong>as-</strong></span> 
     </span>
    </p>
   </div>
   <div class='ocr_carea' id='block_1_43' title="bbox 315 2816 1900 2888">
    <p class='ocr_par' dir='ltr' id='par_1_43' title="bbox 315 2816 1900 2888">
     <span class='ocr_line' id='line_1_43' title="bbox 315 2816 1900 2888; baseline 0.006 -16"><span class='ocrx_word' id='word_1_307' title='bbox 315 2817 481 2872; x_wconf 83' lang='lat' dir='ltr'><strong>seruit</strong></span> <span class='ocrx_word' id='word_1_308' title='bbox 528 2816 828 2884; x_wconf 85' lang='lat' dir='ltr'><strong>Latinitas,</strong></span> <span class='ocrx_word' id='word_1_309' title='bbox 881 2821 1023 2888; x_wconf 88' lang='lat' dir='ltr'><strong>quod</strong></span> <span class='ocrx_word' id='word_1_310' title='bbox 1069 2821 1398 2877; x_wconf 89' lang='lat' dir='ltr'><strong>credendum</strong></span> <span class='ocrx_word' id='word_1_311' title='bbox 1435 2832 1491 2878; x_wconf 90' lang='lat' dir='ltr'><strong>et</strong></span> <span class='ocrx_word' id='word_1_312' title='bbox 1539 2828 1900 2881; x_wconf 89' lang='lat' dir='ltr'><strong>conlitemlum</strong></span> 
     </span>
    </p>
   </div>
   <div class='ocr_carea' id='block_1_44' title="bbox 317 2909 1898 2983">
    <p class='ocr_par' dir='ltr' id='par_1_44' title="bbox 317 2909 1898 2983">
     <span class='ocr_line' id='line_1_44' title="bbox 317 2909 1898 2983; baseline 0.007 -23"><span class='ocrx_word' id='word_1_313' title='bbox 317 2922 433 2962; x_wconf 87' lang='lat' dir='ltr'><strong>esse</strong></span> <span class='ocrx_word' id='word_1_314' title='bbox 470 2909 856 2978; x_wconf 79' lang='lat' dir='ltr'><strong>cognoscebat.</strong></span> <span class='ocrx_word' id='word_1_315' title='bbox 906 2910 1126 2966; x_wconf 88' lang='lat' dir='ltr'><strong>Scimus</strong></span> <span class='ocrx_word' id='word_1_316' title='bbox 1157 2913 1301 2967; x_wconf 87' lang='lat' dir='ltr'><strong>enim</strong></span> <span class='ocrx_word' id='word_1_317' title='bbox 1348 2915 1491 2983; x_wconf 90' lang='lat' dir='ltr'><strong>quod</strong></span> <span class='ocrx_word' id='word_1_318' title='bbox 1542 2932 1646 2971; x_wconf 86' lang='lat' dir='ltr'><strong>non</strong></span> <span class='ocrx_word' id='word_1_319' title='bbox 1675 2917 1857 2971; x_wconf 87' lang='lat' dir='ltr'><strong>omnia</strong></span> <span class='ocrx_word' id='word_1_320' title='bbox 1884 2957 1898 2983; x_wconf 88' lang='lat'><strong>,</strong></span> 
     </span>
    </p>
   </div>
   <div class='ocr_carea' id='block_1_45' title="bbox 317 3001 1898 3076">
    <p class='ocr_par' dir='ltr' id='par_1_45' title="bbox 317 3001 1898 3076">
     <span class='ocr_line' id='line_1_45' title="bbox 317 3001 1898 3076; baseline 0.006 -23"><span class='ocrx_word' id='word_1_321' title='bbox 317 3014 431 3067; x_wconf 75' lang='lat' dir='ltr'><strong>qua:</strong></span> <span class='ocrx_word' id='word_1_322' title='bbox 461 3001 691 3054; x_wconf 89' lang='lat' dir='ltr'><strong>credere</strong></span> <span class='ocrx_word' id='word_1_323' title='bbox 735 3010 788 3056; x_wconf 92' lang='lat' dir='ltr'><strong>et</strong></span> <span class='ocrx_word' id='word_1_324' title='bbox 832 3003 1077 3057; x_wconf 79' lang='lat' dir='ltr'><strong>contiteri</strong></span> <span class='ocrx_word' id='word_1_325' title='bbox 1129 3004 1419 3072; x_wconf 79' lang='lat' dir='ltr'><strong>debemus,</strong></span> <span class='ocrx_word' id='word_1_326' title='bbox 1455 3006 1529 3060; x_wconf 83' lang='lat' dir='ltr'><strong>ibi</strong></span> <span class='ocrx_word' id='word_1_327' title='bbox 1565 3008 1708 3062; x_wconf 84' lang='lat' dir='ltr'><strong>dicta</strong></span> <span class='ocrx_word' id='word_1_328' title='bbox 1742 3019 1898 3076; x_wconf 82' lang='lat' dir='ltr'><strong>sunt;</strong></span> 
     </span>
    </p>
   </div>
   <div class='ocr_carea' id='block_1_46' title="bbox 317 3091 1902 3166">
    <p class='ocr_par' dir='ltr' id='par_1_46' title="bbox 317 3091 1902 3166">
     <span class='ocr_line' id='line_1_46' title="bbox 317 3091 1902 3166; baseline 0.009 -24"><span class='ocrx_word' id='word_1_329' title='bbox 317 3106 410 3144; x_wconf 89' lang='lat' dir='ltr'><strong>uec</strong></span> <span class='ocrx_word' id='word_1_330' title='bbox 459 3091 535 3145; x_wconf 92' lang='lat' dir='ltr'><strong>illi</strong></span> <span class='ocrx_word' id='word_1_331' title='bbox 591 3093 681 3163; x_wconf 85' lang='lat' dir='ltr'><strong>qui</strong></span> <span class='ocrx_word' id='word_1_332' title='bbox 729 3094 1042 3163; x_wconf 78' lang='lat' dir='ltr'><strong>Symbolum</strong></span> <span class='ocrx_word' id='word_1_333' title='bbox 1093 3096 1224 3150; x_wconf 83' lang='lat' dir='ltr'><strong>illud</strong></span> <span class='ocrx_word' id='word_1_334' title='bbox 1273 3098 1578 3166; x_wconf 82' lang='lat' dir='ltr'><strong>di‘ctavere,</strong></span> <span class='ocrx_word' id='word_1_335' title='bbox 1618 3101 1902 3157; x_wconf 84' lang='lat' dir='ltr'><strong>voluerunt</strong></span> 
     </span>
    </p>
   </div>
   <div class='ocr_carea' id='block_1_47' title="bbox 315 3181 1904 3248">
    <p class='ocr_par' dir='ltr' id='par_1_47' title="bbox 315 3181 1904 3248">
     <span class='ocr_line' id='line_1_47' title="bbox 315 3181 1904 3248; baseline 0.009 -14"><span class='ocrx_word' id='word_1_336' title='bbox 315 3181 467 3236; x_wconf 69' lang='lat' dir='ltr'><strong>ﬁdem</strong></span> <span class='ocrx_word' id='word_1_337' title='bbox 494 3183 863 3238; x_wconf 84' lang='lat' dir='ltr'><strong>Christianam</strong></span> <span class='ocrx_word' id='word_1_338' title='bbox 903 3202 1024 3241; x_wconf 87' lang='lat' dir='ltr'><strong>esse</strong></span> <span class='ocrx_word' id='word_1_339' title='bbox 1055 3197 1371 3242; x_wconf 89' lang='lat' dir='ltr'><strong>contentam</strong></span> <span class='ocrx_word' id='word_1_340' title='bbox 1420 3206 1483 3244; x_wconf 87' lang='lat' dir='ltr'><strong>ea</strong></span> <span class='ocrx_word' id='word_1_341' title='bbox 1531 3194 1904 3248; x_wconf 83' lang='lat' dir='ltr'><strong>tantummodo</strong></span> 
     </span>
    </p>
   </div>
   <div class='ocr_carea' id='block_1_48' title="bbox 316 3273 1903 3350">
    <p class='ocr_par' dir='ltr' id='par_1_48' title="bbox 316 3273 1903 3350">
     <span class='ocr_line' id='line_1_48' title="bbox 316 3273 1903 3350; baseline 0.006 -21"><span class='ocrx_word' id='word_1_342' title='bbox 316 3273 538 3331; x_wconf 85' lang='lat' dir='ltr'><strong>credere</strong></span> <span class='ocrx_word' id='word_1_343' title='bbox 586 3284 639 3330; x_wconf 84' lang='lat' dir='ltr'><strong>et</strong></span> <span class='ocrx_word' id='word_1_344' title='bbox 683 3278 962 3343; x_wconf 77' lang='lat' dir='ltr'><strong>confiteri,</strong></span> <span class='ocrx_word' id='word_1_345' title='bbox 1007 3295 1126 3348; x_wconf 77' lang='lat' dir='ltr'><strong>qua:</strong></span> <span class='ocrx_word' id='word_1_346' title='bbox 1171 3280 1259 3336; x_wconf 86' lang='lat' dir='ltr'><strong>ubi</strong></span> <span class='ocrx_word' id='word_1_347' title='bbox 1291 3291 1607 3350; x_wconf 85' lang='lat' dir='ltr'><strong>posuerunt.</strong></span> <span class='ocrx_word' id='word_1_348' title='bbox 1647 3282 1715 3337; x_wconf 85' lang='lat' dir='ltr'><strong>Ut</strong></span> <span class='ocrx_word' id='word_1_349' title='bbox 1759 3286 1903 3339; x_wconf 88' lang='lat' dir='ltr'><strong>enim</strong></span> 
     </span>
    </p>
   </div>
   <div class='ocr_carea' id='block_1_49' title="bbox 293 3365 1905 3435">
    <p class='ocr_par' dir='ltr' id='par_1_49' title="bbox 293 3365 1905 3435">
     <span class='ocr_line' id='line_1_49' title="bbox 293 3365 1905 3435; baseline 0.007 -15"><span class='ocrx_word' id='word_1_350' title='bbox 293 3365 420 3430; x_wconf 72' lang='lat' dir='ltr'><strong>alia</strong></span> <span class='ocrx_word' id='word_1_351' title='bbox 466 3377 680 3420; x_wconf 89' lang='lat' dir='ltr'><strong>taceam</strong></span> <span class='ocrx_word' id='word_1_352' title='bbox 700 3369 811 3435; x_wconf 53' lang='grc' dir='ltr'><strong>ω’,</strong></span> <span class='ocrx_word' id='word_1_353' title='bbox 845 3386 951 3425; x_wconf 88' lang='lat' dir='ltr'><strong>non</strong></span> <span class='ocrx_word' id='word_1_354' title='bbox 1003 3372 1074 3426; x_wconf 89' lang='lat' dir='ltr'><strong>ibi</strong></span> <span class='ocrx_word' id='word_1_355' title='bbox 1107 3373 1308 3428; x_wconf 89' lang='lat' dir='ltr'><strong>dicitur</strong></span> <span class='ocrx_word' id='word_1_356' title='bbox 1339 3375 1601 3430; x_wconf 86' lang='lat' dir='ltr'><strong>Dominus</strong></span> <span class='ocrx_word' id='word_1_357' title='bbox 1641 3377 1707 3431; x_wconf 89' lang='lat' dir='ltr'><strong>ad</strong></span> <span class='ocrx_word' id='word_1_358' title='bbox 1739 3378 1905 3434; x_wconf 75' lang='lat' dir='ltr'><strong>infer-</strong></span> 
     </span>
    </p>
   </div>
   <div class='ocr_carea' id='block_1_50' title="bbox 321 3459 1904 3536">
    <p class='ocr_par' dir='ltr' id='par_1_50' title="bbox 321 3459 1904 3536">
     <span class='ocr_line' id='line_1_50' title="bbox 321 3459 1904 3536; baseline 0.011 -28"><span class='ocrx_word' id='word_1_359' title='bbox 321 3474 441 3511; x_wconf 88' lang='lat' dir='ltr'><strong>num</strong></span> <span class='ocrx_word' id='word_1_360' title='bbox 489 3459 868 3527; x_wconf 79' lang='lat' dir='ltr'><strong>descendisse;</strong></span> <span class='ocrx_word' id='word_1_361' title='bbox 924 3463 1066 3532; x_wconf 90' lang='lat' dir='ltr'><strong>quod</strong></span> <span class='ocrx_word' id='word_1_362' title='bbox 1119 3473 1298 3519; x_wconf 88' lang='lat' dir='ltr'><strong>tamen</strong></span> <span class='ocrx_word' id='word_1_363' title='bbox 1351 3467 1557 3536; x_wconf 84' lang='lat' dir='ltr'><strong>pariter</strong></span> <span class='ocrx_word' id='word_1_364' title='bbox 1603 3478 1657 3524; x_wconf 91' lang='lat' dir='ltr'><strong>et</strong></span> <span class='ocrx_word' id='word_1_365' title='bbox 1704 3485 1802 3525; x_wconf 87' lang='lat' dir='ltr'><strong>nos</strong></span> <span class='ocrx_word' id='word_1_366' title='bbox 1851 3479 1904 3525; x_wconf 87' lang='lat' dir='ltr'><strong>et</strong></span> 
     </span>
    </p>
   </div>
   <div class='ocr_carea' id='block_1_51' title="bbox 315 3549 1904 3617">
    <p class='ocr_par' dir='ltr' id='par_1_51' title="bbox 315 3549 1904 3617">
     <span class='ocr_line' id='line_1_51' title="bbox 315 3549 1904 3617; baseline 0.009 -15"><span class='ocrx_word' id='word_1_367' title='bbox 315 3549 480 3605; x_wconf 64' lang='lat' dir='ltr'><strong>Graeci</strong></span> <span class='ocrx_word' id='word_1_368' title='bbox 513 3552 809 3608; x_wconf 80' lang='lat' dir='ltr'><strong>credimus.</strong></span> <span class='ocrx_word' id='word_1_369' title='bbox 861 3555 916 3608; x_wconf 90' lang='lat' dir='ltr'><strong>Si</strong></span> <span class='ocrx_word' id='word_1_370' title='bbox 965 3565 1146 3610; x_wconf 91' lang='lat' dir='ltr'><strong>autem</strong></span> <span class='ocrx_word' id='word_1_371' title='bbox 1192 3557 1382 3612; x_wconf 89' lang='lat' dir='ltr'><strong>dicunt</strong></span> <span class='ocrx_word' id='word_1_372' title='bbox 1425 3559 1573 3615; x_wconf 91' lang='lat' dir='ltr'><strong>nullo</strong></span> <span class='ocrx_word' id='word_1_373' title='bbox 1620 3561 1780 3616; x_wconf 87' lang='lat' dir='ltr'><strong>modo</strong></span> <span class='ocrx_word' id='word_1_374' title='bbox 1810 3561 1904 3617; x_wconf 58' lang='lat' dir='ltr'><strong>de-</strong></span> 
     </span>
    </p>
   </div>
   <div class='ocr_carea' id='block_1_52' title="bbox 313 3641 1902 3718">
    <p class='ocr_par' dir='ltr' id='par_1_52' title="bbox 313 3641 1902 3718">
     <span class='ocr_line' id='line_1_52' title="bbox 313 3641 1902 3718; baseline 0.006 -20"><span class='ocrx_word' id='word_1_375' title='bbox 313 3641 490 3698; x_wconf 69' lang='lat' dir='ltr'><strong>buissc</strong></span> <span class='ocrx_word' id='word_1_376' title='bbox 523 3646 800 3715; x_wconf 87' lang='lat' dir='ltr'><strong>corrumpi</strong></span> <span class='ocrx_word' id='word_1_377' title='bbox 835 3647 1148 3718; x_wconf 84' lang='lat' dir='ltr'><strong>Symbolum</strong></span> <span class='ocrx_word' id='word_1_378' title='bbox 1182 3659 1330 3704; x_wconf 88' lang='lat' dir='ltr'><strong>tanta</strong></span> <span class='ocrx_word' id='word_1_379' title='bbox 1379 3653 1706 3708; x_wconf 89' lang='lat' dir='ltr'><strong>auctoritate</strong></span> <span class='ocrx_word' id='word_1_380' title='bbox 1750 3664 1902 3709; x_wconf 78' lang='lat' dir='ltr'><strong>taxa-</strong></span> 
     </span>
    </p>
   </div>
   <div class='ocr_carea' id='block_1_53' title="bbox 317 3736 1898 3815">
    <p class='ocr_par' dir='ltr' id='par_1_53' title="bbox 317 3736 1898 3815">
     <span class='ocr_line' id='line_1_53' title="bbox 317 3736 1898 3815; baseline 0.009 -28"><span class='ocrx_word' id='word_1_381' title='bbox 317 3742 420 3788; x_wconf 88' lang='lat' dir='ltr'><strong>tam</strong></span> <span class='ocrx_word' id='word_1_382' title='bbox 443 3736 564 3803; x_wconf 61' lang='grc' dir='ltr'><strong>ηδ’,</strong></span> <span class='ocrx_word' id='word_1_383' title='bbox 601 3753 697 3793; x_wconf 91' lang='lat' dir='ltr'><strong>nos</strong></span> <span class='ocrx_word' id='word_1_384' title='bbox 730 3754 833 3794; x_wconf 91' lang='lat' dir='ltr'><strong>non</strong></span> <span class='ocrx_word' id='word_1_385' title='bbox 859 3739 1168 3807; x_wconf 86' lang='lat' dir='ltr'><strong>judicamus</strong></span> <span class='ocrx_word' id='word_1_386' title='bbox 1196 3758 1316 3798; x_wconf 88' lang='lat' dir='ltr'><strong>esse</strong></span> <span class='ocrx_word' id='word_1_387' title='bbox 1344 3746 1784 3815; x_wconf 84' lang='lat' dir='ltr'><strong>corruptionem,</strong></span> <span class='ocrx_word' id='word_1_388' title='bbox 1811 3748 1898 3802; x_wconf 87' lang='lat' dir='ltr'><strong>ubi</strong></span> 
     </span>
    </p>
   </div>
   <div class='ocr_carea' id='block_1_54' title="bbox 320 3829 1902 3904">
    <p class='ocr_par' dir='ltr' id='par_1_54' title="bbox 320 3829 1902 3904">
     <span class='ocr_line' id='line_1_54' title="bbox 320 3829 1902 3904; baseline 0.009 -25"><span class='ocrx_word' id='word_1_389' title='bbox 320 3829 444 3882; x_wconf 87' lang='lat' dir='ltr'><strong>nihil</strong></span> <span class='ocrx_word' id='word_1_390' title='bbox 476 3830 836 3884; x_wconf 67' lang='lat' dir='ltr'><strong>addimus‘m</strong></span> <span class='ocrx_word' id='word_1_391' title='bbox 864 3834 1004 3901; x_wconf 86' lang='lat' dir='ltr'><strong>quod</strong></span> <span class='ocrx_word' id='word_1_392' title='bbox 1035 3835 1150 3898; x_wconf 88' lang='lat' dir='ltr'><strong>his,</strong></span> <span class='ocrx_word' id='word_1_393' title='bbox 1187 3850 1307 3903; x_wconf 72' lang='lat' dir='ltr'><strong>qua:</strong></span> <span class='ocrx_word' id='word_1_394' title='bbox 1345 3837 1410 3890; x_wconf 79' lang='lat' dir='ltr'><strong>tbi</strong></span> <span class='ocrx_word' id='word_1_395' title='bbox 1445 3838 1586 3892; x_wconf 88' lang='lat' dir='ltr'><strong>dicta</strong></span> <span class='ocrx_word' id='word_1_396' title='bbox 1619 3848 1777 3904; x_wconf 91' lang='lat' dir='ltr'><strong>sunt,</strong></span> <span class='ocrx_word' id='word_1_397' title='bbox 1808 3840 1902 3893; x_wconf 89' lang='lat' dir='ltr'><strong>ad-</strong></span> 
     </span>
    </p>
   </div>
   <div class='ocr_carea' id='block_1_55' title="bbox 317 3923 1901 3997">
    <p class='ocr_par' dir='ltr' id='par_1_55' title="bbox 317 3923 1901 3997">
     <span class='ocr_line' id='line_1_55' title="bbox 317 3923 1901 3997; baseline 0.009 -27"><span class='ocrx_word' id='word_1_398' title='bbox 317 3936 583 3977; x_wconf 65' lang='grc' dir='ltr'><strong>γθτδειιιιτ.</strong></span> <span class='ocrx_word' id='word_1_399' title='bbox 619 3923 684 3977; x_wconf 83' lang='lat' dir='ltr'><strong>Et</strong></span> <span class='ocrx_word' id='word_1_400' title='bbox 712 3925 962 3994; x_wconf 78' lang='lat' dir='ltr'><strong>quamvis</strong></span> <span class='ocrx_word' id='word_1_401' title='bbox 1007 3925 1297 3980; x_wconf 75' lang='lat' dir='ltr'><strong>defendere</strong></span> <span class='ocrx_word' id='word_1_402' title='bbox 1337 3943 1619 3997; x_wconf 84' lang='lat' dir='ltr'><strong>possemus</strong></span> <span class='ocrx_word' id='word_1_403' title='bbox 1642 3931 1732 3962; x_wconf 67' lang='grc'><strong>³⁷⁸³</strong></span> <span class='ocrx_word' id='word_1_404' title='bbox 1763 3932 1901 3985; x_wconf 88' lang='lat' dir='ltr'><strong>hanc</strong></span> 
     </span>
    </p>
   </div>
   <div class='ocr_carea' id='block_1_56' title="bbox 318 4013 1898 4091">
    <p class='ocr_par' dir='ltr' id='par_1_56' title="bbox 318 4013 1898 4091">
     <span class='ocr_line' id='line_1_56' title="bbox 318 4013 1898 4091; baseline 0.006 -25"><span class='ocrx_word' id='word_1_405' title='bbox 318 4013 672 4082; x_wconf 86' lang='lat' dir='ltr'><strong>adjectiouem</strong></span> <span class='ocrx_word' id='word_1_406' title='bbox 706 4031 810 4070; x_wconf 92' lang='lat' dir='ltr'><strong>non</strong></span> <span class='ocrx_word' id='word_1_407' title='bbox 837 4031 956 4071; x_wconf 85' lang='lat' dir='ltr'><strong>esse</strong></span> <span class='ocrx_word' id='word_1_408' title='bbox 983 4019 1428 4086; x_wconf 86' lang='lat' dir='ltr'><strong>corruptionem,</strong></span> <span class='ocrx_word' id='word_1_409' title='bbox 1475 4022 1518 4074; x_wconf 91' lang='lat' dir='ltr'><strong>si</strong></span> <span class='ocrx_word' id='word_1_410' title='bbox 1553 4023 1676 4091; x_wconf 83' lang='lat' dir='ltr'><strong>quis</strong></span> <span class='ocrx_word' id='word_1_411' title='bbox 1723 4031 1898 4076; x_wconf 86' lang='lat' dir='ltr'><strong>tamen</strong></span> 
     </span>
    </p>
   </div>
   <div class='ocr_carea' id='block_1_57' title="bbox 320 4104 1902 4178">
    <p class='ocr_par' dir='ltr' id='par_1_57' title="bbox 320 4104 1902 4178">
     <span class='ocr_line' id='line_1_57' title="bbox 320 4104 1902 4178; baseline 0.004 -20"><span class='ocrx_word' id='word_1_412' title='bbox 320 4104 413 4158; x_wconf 78' lang='lat' dir='ltr'><strong>hoc</strong></span> <span class='ocrx_word' id='word_1_413' title='bbox 438 4106 785 4161; x_wconf 89' lang='lat' dir='ltr'><strong>contentiose</strong></span> <span class='ocrx_word' id='word_1_414' title='bbox 813 4105 1048 4160; x_wconf 83' lang='lat' dir='ltr'><strong>voluerit</strong></span> <span class='ocrx_word' id='word_1_415' title='bbox 1077 4121 1354 4173; x_wconf 88' lang='lat' dir='ltr'><strong>asserere,</strong></span> <span class='ocrx_word' id='word_1_416' title='bbox 1386 4111 1776 4178; x_wconf 89' lang='lat' dir='ltr'><strong>respondemus</strong></span> <span class='ocrx_word' id='word_1_417' title='bbox 1803 4125 1902 4164; x_wconf 82' lang='lat' dir='ltr'><strong>nos</strong></span> 
     </span>
    </p>
   </div>
   <div class='ocr_carea' id='block_1_58' title="bbox 319 4191 1903 4265">
    <p class='ocr_par' dir='ltr' id='par_1_58' title="bbox 319 4191 1903 4265">
     <span class='ocr_line' id='line_1_58' title="bbox 319 4191 1903 4265; baseline 0.005 -22"><span class='ocrx_word' id='word_1_418' title='bbox 319 4191 440 4246; x_wconf 88' lang='lat' dir='ltr'><strong>ilimt</strong></span> <span class='ocrx_word' id='word_1_419' title='bbox 473 4209 585 4248; x_wconf 92' lang='lat' dir='ltr'><strong>non</strong></span> <span class='ocrx_word' id='word_1_420' title='bbox 617 4195 958 4265; x_wconf 88' lang='lat' dir='ltr'><strong>corrupisse,</strong></span> <span class='ocrx_word' id='word_1_421' title='bbox 988 4195 1081 4249; x_wconf 86' lang='lat' dir='ltr'><strong>sed</strong></span> <span class='ocrx_word' id='word_1_422' title='bbox 1109 4195 1252 4248; x_wconf 90' lang='lat' dir='ltr'><strong>aliud</strong></span> <span class='ocrx_word' id='word_1_423' title='bbox 1293 4211 1488 4249; x_wconf 84' lang='lat' dir='ltr'><strong>novum</strong></span> <span class='ocrx_word' id='word_1_424' title='bbox 1523 4197 1762 4252; x_wconf 89' lang='lat' dir='ltr'><strong>edidisse</strong></span> <span class='ocrx_word' id='word_1_425' title='bbox 1793 4215 1806 4251; x_wconf 88' lang='lat'><strong>:</strong></span> <span class='ocrx_word' id='word_1_426' title='bbox 1839 4199 1903 4253; x_wconf 90' lang='lat' dir='ltr'><strong>il-</strong></span> 
     </span>
    </p>
   </div>
   <div class='ocr_carea' id='block_1_59' title="bbox 318 4281 1901 4354">
    <p class='ocr_par' dir='ltr' id='par_1_59' title="bbox 318 4281 1901 4354">
     <span class='ocr_line' id='line_1_59' title="bbox 318 4281 1901 4354; baseline 0.007 -24"><span class='ocrx_word' id='word_1_427' title='bbox 318 4281 400 4338; x_wconf 72' lang='lat' dir='ltr'><strong>lud</strong></span> <span class='ocrx_word' id='word_1_428' title='bbox 423 4282 573 4337; x_wconf 90' lang='lat' dir='ltr'><strong>enim</strong></span> <span class='ocrx_word' id='word_1_429' title='bbox 602 4284 897 4337; x_wconf 66' lang='lat' dir='ltr'><strong>secundum</strong></span> <span class='ocrx_word' id='word_1_430' title='bbox 921 4283 1010 4315; x_wconf 76' lang='grc'><strong>¹⁷⁸²</strong></span> <span class='ocrx_word' id='word_1_431' title='bbox 1039 4286 1424 4354; x_wconf 87' lang='lat' dir='ltr'><strong>proprietatctn</strong></span> <span class='ocrx_word' id='word_1_432' title='bbox 1457 4285 1630 4341; x_wconf 64' lang='lat' dir='ltr'><strong>Grani</strong></span> <span class='ocrx_word' id='word_1_433' title='bbox 1659 4287 1901 4342; x_wconf 82' lang='lat' dir='ltr'><strong>dictami-</strong></span> 
     </span>
    </p>
   </div>
   <div class='ocr_carea' id='block_1_60' title="bbox 285 4370 1902 4442">
    <p class='ocr_par' dir='ltr' id='par_1_60' title="bbox 285 4370 1902 4442">
     <span class='ocr_line' id='line_1_60' title="bbox 285 4370 1902 4442; baseline 0.004 -16"><span class='ocrx_word' id='word_1_434' title='bbox 285 4370 290 4373; x_wconf 80' lang='grc'><em>’</em></span> <span class='ocrx_word' id='word_1_435' title='bbox 318 4376 398 4428; x_wconf 70' lang='lat' dir='ltr'><strong>uis</strong></span> <span class='ocrx_word' id='word_1_436' title='bbox 427 4374 786 4439; x_wconf 84' lang='lat' dir='ltr'><strong>translatum,</strong></span> <span class='ocrx_word' id='word_1_437' title='bbox 816 4389 936 4429; x_wconf 87' lang='lat' dir='ltr'><strong>cum</strong></span> <span class='ocrx_word' id='word_1_438' title='bbox 969 4373 1074 4429; x_wconf 80' lang='lat' dir='ltr'><strong>illis</strong></span> <span class='ocrx_word' id='word_1_439' title='bbox 1104 4375 1371 4442; x_wconf 79' lang='lat' dir='ltr'><strong>integrum</strong></span> <span class='ocrx_word' id='word_1_440' title='bbox 1421 4393 1699 4432; x_wconf 73' lang='lat' dir='ltr'><strong>servamus</strong></span> <span class='ocrx_word' id='word_1_441' title='bbox 1727 4389 1783 4433; x_wconf 88' lang='lat' dir='ltr'><strong>et</strong></span> <span class='ocrx_word' id='word_1_442' title='bbox 1808 4394 1902 4433; x_wconf 84' lang='lat' dir='ltr'><strong>ve-</strong></span> 
     </span>
    </p>
   </div>
   <div class='ocr_carea' id='block_1_61' title="bbox 2005 1908 3588 1974">
    <p class='ocr_par' dir='ltr' id='par_1_61' title="bbox 2005 1908 3588 1974">
     <span class='ocr_line' id='line_1_61' title="bbox 2005 1908 3588 1974; baseline 0.001 -11"><span class='ocrx_word' id='word_1_443' title='bbox 2005 1911 2168 1964; x_wconf 89' lang='lat' dir='ltr'><strong>ritttm</strong></span> <span class='ocrx_word' id='word_1_444' title='bbox 2217 1920 2465 1965; x_wconf 86' lang='lat' dir='ltr'><strong>sanctum</strong></span> <span class='ocrx_word' id='word_1_445' title='bbox 2498 1925 2619 1965; x_wconf 86' lang='lat' dir='ltr'><strong>esse</strong></span> <span class='ocrx_word' id='word_1_446' title='bbox 2666 1909 2734 1966; x_wconf 90' lang='lat' dir='ltr'><strong>de</strong></span> <span class='ocrx_word' id='word_1_447' title='bbox 2781 1910 2917 1966; x_wconf 77' lang='lat' dir='ltr'><strong>Filio</strong></span> <span class='ocrx_word' id='word_1_448' title='bbox 2940 1951 2953 1974; x_wconf 93' lang='lat'><strong>,</strong></span> <span class='ocrx_word' id='word_1_449' title='bbox 2985 1911 3142 1965; x_wconf 89' lang='lat' dir='ltr'><strong>sicuti</strong></span> <span class='ocrx_word' id='word_1_450' title='bbox 3187 1921 3273 1964; x_wconf 89' lang='lat' dir='ltr'><strong>est</strong></span> <span class='ocrx_word' id='word_1_451' title='bbox 3304 1910 3369 1964; x_wconf 90' lang='lat' dir='ltr'><strong>de</strong></span> <span class='ocrx_word' id='word_1_452' title='bbox 3398 1908 3588 1974; x_wconf 81' lang='lat' dir='ltr'><strong>Patre;</strong></span> 
     </span>
    </p>
   </div>
   <div class='ocr_carea' id='block_1_62' title="bbox 2003 2000 3590 2072">
    <p class='ocr_par' dir='ltr' id='par_1_62' title="bbox 2003 2000 3590 2072">
     <span class='ocr_line' id='line_1_62' title="bbox 2003 2000 3590 2072; baseline -0.002 -16"><span class='ocrx_word' id='word_1_453' title='bbox 2003 2017 2104 2056; x_wconf 90' lang='lat' dir='ltr'><strong>nec</strong></span> <span class='ocrx_word' id='word_1_454' title='bbox 2137 2010 2316 2055; x_wconf 90' lang='lat' dir='ltr'><strong>tamen</strong></span> <span class='ocrx_word' id='word_1_455' title='bbox 2343 2016 2464 2055; x_wconf 90' lang='lat' dir='ltr'><strong>esse</strong></span> <span class='ocrx_word' id='word_1_456' title='bbox 2497 2002 2650 2072; x_wconf 82' lang='lat' dir='ltr'><strong>quasi</strong></span> <span class='ocrx_word' id='word_1_457' title='bbox 2689 2001 2754 2056; x_wconf 92' lang='lat' dir='ltr'><strong>de</strong></span> <span class='ocrx_word' id='word_1_458' title='bbox 2784 2001 2994 2056; x_wconf 90' lang='lat' dir='ltr'><strong>duobus</strong></span> <span class='ocrx_word' id='word_1_459' title='bbox 3021 2001 3272 2064; x_wconf 85' lang='lat' dir='ltr'><strong>diversis,</strong></span> <span class='ocrx_word' id='word_1_460' title='bbox 3297 2000 3389 2055; x_wconf 89' lang='lat' dir='ltr'><strong>sed</strong></span> <span class='ocrx_word' id='word_1_461' title='bbox 3432 2001 3590 2070; x_wconf 88' lang='lat' dir='ltr'><strong>quasi</strong></span> 
     </span>
    </p>
   </div>
   <div class='ocr_carea' id='block_1_63' title="bbox 2003 2091 3590 2170">
    <p class='ocr_par' dir='ltr' id='par_1_63' title="bbox 2003 2091 3590 2170">
     <span class='ocr_line' id='line_1_63' title="bbox 2003 2091 3590 2170; baseline -0.004 -22"><span class='ocrx_word' id='word_1_462' title='bbox 2003 2095 2069 2148; x_wconf 92' lang='lat' dir='ltr'><strong>de</strong></span> <span class='ocrx_word' id='word_1_463' title='bbox 2101 2109 2209 2148; x_wconf 90' lang='lat' dir='ltr'><strong>uno</strong></span> <span class='ocrx_word' id='word_1_464' title='bbox 2228 2093 2342 2147; x_wconf 68' lang='lat'><strong>‘7&quot;.</strong></span> <span class='ocrx_word' id='word_1_465' title='bbox 2378 2093 2456 2148; x_wconf 75' lang='lat' dir='ltr'><strong>Ex</strong></span> <span class='ocrx_word' id='word_1_466' title='bbox 2492 2108 2557 2148; x_wconf 90' lang='lat' dir='ltr'><strong>eo</strong></span> <span class='ocrx_word' id='word_1_467' title='bbox 2585 2094 2754 2159; x_wconf 90' lang='lat' dir='ltr'><strong>enim,</strong></span> <span class='ocrx_word' id='word_1_468' title='bbox 2790 2092 2932 2162; x_wconf 91' lang='lat' dir='ltr'><strong>quod</strong></span> <span class='ocrx_word' id='word_1_469' title='bbox 2961 2091 3121 2146; x_wconf 89' lang='lat' dir='ltr'><strong>Pater</strong></span> <span class='ocrx_word' id='word_1_470' title='bbox 3146 2103 3205 2170; x_wconf 62' lang='lat' dir='ltr'><strong>et</strong></span> <span class='ocrx_word' id='word_1_471' title='bbox 3226 2091 3395 2146; x_wconf 81' lang='lat' dir='ltr'><strong>Filius</strong></span> <span class='ocrx_word' id='word_1_472' title='bbox 3425 2106 3590 2144; x_wconf 91' lang='lat' dir='ltr'><strong>unum</strong></span> 
     </span>
    </p>
   </div>
   <div class='ocr_carea' id='block_1_64' title="bbox 2002 2185 3594 2255">
    <p class='ocr_par' dir='ltr' id='par_1_64' title="bbox 2002 2185 3594 2255">
     <span class='ocr_line' id='line_1_64' title="bbox 2002 2185 3594 2255; baseline -0.003 -14"><span class='ocrx_word' id='word_1_473' title='bbox 2002 2196 2160 2251; x_wconf 89' lang='lat' dir='ltr'><strong>sunt,</strong></span> <span class='ocrx_word' id='word_1_474' title='bbox 2194 2186 2244 2241; x_wconf 90' lang='lat' dir='ltr'><strong>id</strong></span> <span class='ocrx_word' id='word_1_475' title='bbox 2276 2194 2361 2242; x_wconf 91' lang='lat' dir='ltr'><strong>est</strong></span> <span class='ocrx_word' id='word_1_476' title='bbox 2407 2203 2471 2241; x_wconf 76' lang='lat' dir='ltr'><strong>ex</strong></span> <span class='ocrx_word' id='word_1_477' title='bbox 2507 2186 2647 2251; x_wconf 88' lang='lat' dir='ltr'><strong>Deo,</strong></span> <span class='ocrx_word' id='word_1_478' title='bbox 2679 2195 2764 2240; x_wconf 91' lang='lat' dir='ltr'><strong>est</strong></span> <span class='ocrx_word' id='word_1_479' title='bbox 2806 2185 3042 2255; x_wconf 87' lang='lat' dir='ltr'><strong>Spiritus</strong></span> <span class='ocrx_word' id='word_1_480' title='bbox 3088 2193 3351 2249; x_wconf 82' lang='lat' dir='ltr'><strong>sanctus;</strong></span> <span class='ocrx_word' id='word_1_481' title='bbox 3392 2198 3495 2237; x_wconf 89' lang='lat' dir='ltr'><strong>non</strong></span> <span class='ocrx_word' id='word_1_482' title='bbox 3525 2197 3594 2236; x_wconf 72' lang='lat' dir='ltr'><strong>ex</strong></span> 
     </span>
    </p>
   </div>
   <div class='ocr_carea' id='block_1_65' title="bbox 2002 2273 3590 2346">
    <p class='ocr_par' dir='ltr' id='par_1_65' title="bbox 2002 2273 3590 2346">
     <span class='ocr_line' id='line_1_65' title="bbox 2002 2273 3590 2346; baseline -0.005 -11"><span class='ocrx_word' id='word_1_483' title='bbox 2002 2294 2098 2342; x_wconf 87' lang='lat' dir='ltr'><strong>eo,</strong></span> <span class='ocrx_word' id='word_1_484' title='bbox 2133 2280 2274 2334; x_wconf 85' lang='lat' dir='ltr'><strong>unde</strong></span> <span class='ocrx_word' id='word_1_485' title='bbox 2307 2279 2397 2333; x_wconf 91' lang='lat' dir='ltr'><strong>alii</strong></span> <span class='ocrx_word' id='word_1_486' title='bbox 2432 2289 2559 2334; x_wconf 91' lang='lat' dir='ltr'><strong>sunt</strong></span> <span class='ocrx_word' id='word_1_487' title='bbox 2591 2279 2660 2334; x_wconf 92' lang='lat' dir='ltr'><strong>ab</strong></span> <span class='ocrx_word' id='word_1_488' title='bbox 2693 2278 2923 2334; x_wconf 81' lang='lat' dir='ltr'><strong>invicem</strong></span> <span class='ocrx_word' id='word_1_489' title='bbox 2947 2317 2969 2343; x_wconf 82' lang='lat'><strong>,</strong></span> <span class='ocrx_word' id='word_1_490' title='bbox 2993 2277 3088 2332; x_wconf 90' lang='lat' dir='ltr'><strong>sed</strong></span> <span class='ocrx_word' id='word_1_491' title='bbox 3120 2275 3376 2346; x_wconf 87' lang='lat' dir='ltr'><strong>quoniam</strong></span> <span class='ocrx_word' id='word_1_492' title='bbox 3420 2273 3590 2338; x_wconf 85' lang='lat' dir='ltr'><strong>Deus,</strong></span> 
     </span>
    </p>
   </div>
   <div class='ocr_carea' id='block_1_66' title="bbox 2003 2362 3591 2440">
    <p class='ocr_par' dir='ltr' id='par_1_66' title="bbox 2003 2362 3591 2440">
     <span class='ocr_line' id='line_1_66' title="bbox 2003 2362 3591 2440; baseline -0.005 -16"><span class='ocrx_word' id='word_1_493' title='bbox 2003 2371 2070 2424; x_wconf 84' lang='lat' dir='ltr'><strong>de</strong></span> <span class='ocrx_word' id='word_1_494' title='bbox 2119 2386 2227 2440; x_wconf 90' lang='lat' dir='ltr'><strong>quo</strong></span> <span class='ocrx_word' id='word_1_495' title='bbox 2269 2378 2354 2426; x_wconf 90' lang='lat' dir='ltr'><strong>est</strong></span> <span class='ocrx_word' id='word_1_496' title='bbox 2404 2370 2644 2440; x_wconf 84' lang='lat' dir='ltr'><strong>Spiritus</strong></span> <span class='ocrx_word' id='word_1_497' title='bbox 2682 2379 2940 2433; x_wconf 90' lang='lat' dir='ltr'><strong>sanctus,</strong></span> <span class='ocrx_word' id='word_1_498' title='bbox 2973 2376 3056 2422; x_wconf 89' lang='lat' dir='ltr'><strong>est</strong></span> <span class='ocrx_word' id='word_1_499' title='bbox 3105 2365 3261 2420; x_wconf 85' lang='lat' dir='ltr'><strong>Pater</strong></span> <span class='ocrx_word' id='word_1_500' title='bbox 3290 2374 3346 2420; x_wconf 89' lang='lat' dir='ltr'><strong>et</strong></span> <span class='ocrx_word' id='word_1_501' title='bbox 3395 2362 3591 2426; x_wconf 75' lang='lat' dir='ltr'><strong>Fdius;</strong></span> 
     </span>
    </p>
   </div>
   <div class='ocr_carea' id='block_1_67' title="bbox 2005 2451 3595 2525">
    <p class='ocr_par' dir='ltr' id='par_1_67' title="bbox 2005 2451 3595 2525">
     <span class='ocr_line' id='line_1_67' title="bbox 2005 2451 3595 2525; baseline -0.004 -11"><span class='ocrx_word' id='word_1_502' title='bbox 2005 2460 2212 2515; x_wconf 88' lang='lat' dir='ltr'><strong>ideirco</strong></span> <span class='ocrx_word' id='word_1_503' title='bbox 2243 2475 2371 2515; x_wconf 87' lang='lat' dir='ltr'><strong>vere</strong></span> <span class='ocrx_word' id='word_1_504' title='bbox 2403 2461 2605 2516; x_wconf 92' lang='lat' dir='ltr'><strong>dicitur</strong></span> <span class='ocrx_word' id='word_1_505' title='bbox 2632 2475 2753 2516; x_wconf 90' lang='lat' dir='ltr'><strong>esse</strong></span> <span class='ocrx_word' id='word_1_506' title='bbox 2779 2461 2843 2514; x_wconf 88' lang='lat' dir='ltr'><strong>de</strong></span> <span class='ocrx_word' id='word_1_507' title='bbox 2871 2458 3035 2514; x_wconf 88' lang='lat' dir='ltr'><strong>Patre</strong></span> <span class='ocrx_word' id='word_1_508' title='bbox 3068 2467 3123 2513; x_wconf 91' lang='lat' dir='ltr'><strong>et</strong></span> <span class='ocrx_word' id='word_1_509' title='bbox 3154 2456 3291 2512; x_wconf 77' lang='lat' dir='ltr'><strong>Filio</strong></span> <span class='ocrx_word' id='word_1_510' title='bbox 3311 2497 3326 2520; x_wconf 92' lang='lat'><strong>,</strong></span> <span class='ocrx_word' id='word_1_511' title='bbox 3359 2454 3451 2525; x_wconf 90' lang='lat' dir='ltr'><strong>qui</strong></span> <span class='ocrx_word' id='word_1_512' title='bbox 3486 2451 3595 2507; x_wconf 85' lang='lat' dir='ltr'><strong>duo</strong></span> 
     </span>
    </p>
   </div>
   <div class='ocr_carea' id='block_1_68' title="bbox 2005 2545 3597 2620">
    <p class='ocr_par' dir='ltr' id='par_1_68' title="bbox 2005 2545 3597 2620">
     <span class='ocr_line' id='line_1_68' title="bbox 2005 2545 3597 2620; baseline -0.004 -15"><span class='ocrx_word' id='word_1_513' title='bbox 2005 2560 2150 2605; x_wconf 89' lang='lat' dir='ltr'><strong>sunt.</strong></span> <span class='ocrx_word' id='word_1_514' title='bbox 2187 2551 2255 2604; x_wconf 78' lang='lat' dir='ltr'><strong>Et</strong></span> <span class='ocrx_word' id='word_1_515' title='bbox 2282 2553 2542 2620; x_wconf 91' lang='lat' dir='ltr'><strong>quoniam</strong></span> <span class='ocrx_word' id='word_1_516' title='bbox 2574 2552 2732 2606; x_wconf 86' lang='lat' dir='ltr'><strong>Pater</strong></span> <span class='ocrx_word' id='word_1_517' title='bbox 2759 2567 2864 2606; x_wconf 91' lang='lat' dir='ltr'><strong>non</strong></span> <span class='ocrx_word' id='word_1_518' title='bbox 2911 2561 2996 2606; x_wconf 91' lang='lat' dir='ltr'><strong>est</strong></span> <span class='ocrx_word' id='word_1_519' title='bbox 3022 2550 3174 2619; x_wconf 87' lang='lat' dir='ltr'><strong>prior</strong></span> <span class='ocrx_word' id='word_1_520' title='bbox 3203 2561 3288 2602; x_wconf 84' lang='lat' dir='ltr'><strong>aut</strong></span> <span class='ocrx_word' id='word_1_521' title='bbox 3326 2545 3597 2618; x_wconf 87' lang='lat' dir='ltr'><strong>posterior</strong></span> 
     </span>
    </p>
   </div>
   <div class='ocr_carea' id='block_1_69' title="bbox 2006 2637 3597 2712">
    <p class='ocr_par' dir='ltr' id='par_1_69' title="bbox 2006 2637 3597 2712">
     <span class='ocr_line' id='line_1_69' title="bbox 2006 2637 3597 2712; baseline -0.004 -18"><span class='ocrx_word' id='word_1_522' title='bbox 2006 2641 2172 2706; x_wconf 78' lang='lat' dir='ltr'><strong>Filio,</strong></span> <span class='ocrx_word' id='word_1_523' title='bbox 2217 2651 2309 2694; x_wconf 88' lang='lat' dir='ltr'><strong>aut</strong></span> <span class='ocrx_word' id='word_1_524' title='bbox 2356 2641 2528 2712; x_wconf 86' lang='lat' dir='ltr'><strong>major</strong></span> <span class='ocrx_word' id='word_1_525' title='bbox 2576 2651 2671 2696; x_wconf 91' lang='lat' dir='ltr'><strong>aut</strong></span> <span class='ocrx_word' id='word_1_526' title='bbox 2707 2643 2907 2706; x_wconf 87' lang='lat' dir='ltr'><strong>minor,</strong></span> <span class='ocrx_word' id='word_1_527' title='bbox 2956 2655 3055 2696; x_wconf 89' lang='lat' dir='ltr'><strong>uec</strong></span> <span class='ocrx_word' id='word_1_528' title='bbox 3105 2639 3244 2694; x_wconf 88' lang='lat' dir='ltr'><strong>alter</strong></span> <span class='ocrx_word' id='word_1_529' title='bbox 3279 2637 3452 2706; x_wconf 78' lang='lat' dir='ltr'><strong>magis</strong></span> <span class='ocrx_word' id='word_1_530' title='bbox 3503 2643 3597 2688; x_wconf 90' lang='lat' dir='ltr'><strong>aut</strong></span> 
     </span>
    </p>
   </div>
   <div class='ocr_carea' id='block_1_70' title="bbox 2007 2727 3595 2804">
    <p class='ocr_par' dir='ltr' id='par_1_70' title="bbox 2007 2727 3595 2804">
     <span class='ocr_line' id='line_1_70' title="bbox 2007 2727 3595 2804; baseline -0.005 -18"><span class='ocrx_word' id='word_1_531' title='bbox 2007 2732 2188 2787; x_wconf 88' lang='lat' dir='ltr'><strong>minus</strong></span> <span class='ocrx_word' id='word_1_532' title='bbox 2217 2741 2298 2787; x_wconf 90' lang='lat' dir='ltr'><strong>est</strong></span> <span class='ocrx_word' id='word_1_533' title='bbox 2323 2732 2465 2788; x_wconf 91' lang='lat' dir='ltr'><strong>Deus</strong></span> <span class='ocrx_word' id='word_1_534' title='bbox 2495 2748 2659 2804; x_wconf 86' lang='lat' dir='ltr'><strong>quam</strong></span> <span class='ocrx_word' id='word_1_535' title='bbox 2695 2733 2832 2788; x_wconf 86' lang='lat' dir='ltr'><strong>alter</strong></span> <span class='ocrx_word' id='word_1_536' title='bbox 2866 2750 2879 2786; x_wconf 91' lang='lat'><strong>:</strong></span> <span class='ocrx_word' id='word_1_537' title='bbox 2913 2747 3017 2786; x_wconf 91' lang='lat' dir='ltr'><strong>non</strong></span> <span class='ocrx_word' id='word_1_538' title='bbox 3067 2739 3151 2785; x_wconf 90' lang='lat' dir='ltr'><strong>est</strong></span> <span class='ocrx_word' id='word_1_539' title='bbox 3201 2727 3438 2797; x_wconf 86' lang='lat' dir='ltr'><strong>Spiritus</strong></span> <span class='ocrx_word' id='word_1_540' title='bbox 3465 2742 3595 2781; x_wconf 65' lang='lat' dir='ltr'><strong>sano</strong></span> 
     </span>
    </p>
   </div>
   <div class='ocr_carea' id='block_1_71' title="bbox 2005 2818 3596 2901">
    <p class='ocr_par' dir='ltr' id='par_1_71' title="bbox 2005 2818 3596 2901">
     <span class='ocr_line' id='line_1_71' title="bbox 2005 2818 3596 2901; baseline -0.004 -21"><span class='ocrx_word' id='word_1_541' title='bbox 2005 2835 2125 2880; x_wconf 91' lang='lat' dir='ltr'><strong>ctus</strong></span> <span class='ocrx_word' id='word_1_542' title='bbox 2150 2826 2302 2895; x_wconf 80' lang='lat' dir='ltr'><strong>prius</strong></span> <span class='ocrx_word' id='word_1_543' title='bbox 2345 2825 2413 2880; x_wconf 87' lang='lat' dir='ltr'><strong>de</strong></span> <span class='ocrx_word' id='word_1_544' title='bbox 2457 2824 2659 2901; x_wconf 82' lang='lat' dir='ltr'><strong>Patre,</strong></span> <span class='ocrx_word' id='word_1_545' title='bbox 2687 2841 2848 2897; x_wconf 85' lang='lat' dir='ltr'><strong>quam</strong></span> <span class='ocrx_word' id='word_1_546' title='bbox 2895 2825 2962 2880; x_wconf 90' lang='lat' dir='ltr'><strong>de</strong></span> <span class='ocrx_word' id='word_1_547' title='bbox 3008 2823 3177 2888; x_wconf 85' lang='lat' dir='ltr'><strong>Filio;</strong></span> <span class='ocrx_word' id='word_1_548' title='bbox 3212 2835 3309 2876; x_wconf 87' lang='lat' dir='ltr'><strong>nec</strong></span> <span class='ocrx_word' id='word_1_549' title='bbox 3335 2821 3401 2874; x_wconf 82' lang='lat' dir='ltr'><strong>dc</strong></span> <span class='ocrx_word' id='word_1_550' title='bbox 3429 2818 3596 2885; x_wconf 83' lang='lat' dir='ltr'><strong>Filio,</strong></span> 
     </span>
    </p>
   </div>
   <div class='ocr_carea' id='block_1_72' title="bbox 2005 2911 3598 2986">
    <p class='ocr_par' dir='ltr' id='par_1_72' title="bbox 2005 2911 3598 2986">
     <span class='ocr_line' id='line_1_72' title="bbox 2005 2911 3598 2986; baseline -0.001 -18"><span class='ocrx_word' id='word_1_551' title='bbox 2005 2931 2168 2985; x_wconf 91' lang='lat' dir='ltr'><strong>quam</strong></span> <span class='ocrx_word' id='word_1_552' title='bbox 2197 2917 2262 2970; x_wconf 88' lang='lat' dir='ltr'><strong>de</strong></span> <span class='ocrx_word' id='word_1_553' title='bbox 2293 2915 2488 2984; x_wconf 89' lang='lat' dir='ltr'><strong>Patre;</strong></span> <span class='ocrx_word' id='word_1_554' title='bbox 2524 2933 2626 2972; x_wconf 90' lang='lat' dir='ltr'><strong>nec</strong></span> <span class='ocrx_word' id='word_1_555' title='bbox 2673 2915 2847 2986; x_wconf 83' lang='lat' dir='ltr'><strong>major</strong></span> <span class='ocrx_word' id='word_1_556' title='bbox 2880 2931 2981 2972; x_wconf 87' lang='lat' dir='ltr'><strong>nec</strong></span> <span class='ocrx_word' id='word_1_557' title='bbox 3026 2916 3204 2970; x_wconf 91' lang='lat' dir='ltr'><strong>minor</strong></span> <span class='ocrx_word' id='word_1_558' title='bbox 3231 2922 3314 2969; x_wconf 91' lang='lat' dir='ltr'><strong>est</strong></span> <span class='ocrx_word' id='word_1_559' title='bbox 3356 2911 3598 2967; x_wconf 74' lang='lat' dir='ltr'><strong>existens</strong></span> 
     </span>
    </p>
   </div>
   <div class='ocr_carea' id='block_1_73' title="bbox 2005 3005 3597 3080">
    <p class='ocr_par' dir='ltr' id='par_1_73' title="bbox 2005 3005 3597 3080">
     <span class='ocr_line' id='line_1_73' title="bbox 2005 3005 3597 3080; baseline -0.003 -18"><span class='ocrx_word' id='word_1_560' title='bbox 2005 3008 2070 3079; x_wconf 82' lang='lat' dir='ltr'><strong>de</strong></span> <span class='ocrx_word' id='word_1_561' title='bbox 2096 3007 2290 3074; x_wconf 83' lang='lat' dir='ltr'><strong>Patre,</strong></span> <span class='ocrx_word' id='word_1_562' title='bbox 2342 3025 2506 3080; x_wconf 86' lang='lat' dir='ltr'><strong>quam</strong></span> <span class='ocrx_word' id='word_1_563' title='bbox 2541 3009 2783 3065; x_wconf 79' lang='lat' dir='ltr'><strong>existens</strong></span> <span class='ocrx_word' id='word_1_564' title='bbox 2816 3009 2882 3063; x_wconf 86' lang='lat' dir='ltr'><strong>dc</strong></span> <span class='ocrx_word' id='word_1_565' title='bbox 2923 3008 3094 3074; x_wconf 84' lang='lat' dir='ltr'><strong>Filio;</strong></span> <span class='ocrx_word' id='word_1_566' title='bbox 3143 3023 3245 3063; x_wconf 90' lang='lat' dir='ltr'><strong>nec</strong></span> <span class='ocrx_word' id='word_1_567' title='bbox 3281 3005 3453 3075; x_wconf 79' lang='lat' dir='ltr'><strong>magis</strong></span> <span class='ocrx_word' id='word_1_568' title='bbox 3497 3018 3597 3060; x_wconf 87' lang='lat' dir='ltr'><strong>nec</strong></span> 
     </span>
    </p>
   </div>
   <div class='ocr_carea' id='block_1_74' title="bbox 2009 3098 3594 3170">
    <p class='ocr_par' dir='ltr' id='par_1_74' title="bbox 2009 3098 3594 3170">
     <span class='ocr_line' id='line_1_74' title="bbox 2009 3098 3594 3170; baseline -0.003 -17"><span class='ocrx_word' id='word_1_569' title='bbox 2009 3098 2188 3154; x_wconf 91' lang='lat' dir='ltr'><strong>minus</strong></span> <span class='ocrx_word' id='word_1_570' title='bbox 2209 3109 2289 3155; x_wconf 89' lang='lat' dir='ltr'><strong>est</strong></span> <span class='ocrx_word' id='word_1_571' title='bbox 2321 3100 2385 3154; x_wconf 88' lang='lat' dir='ltr'><strong>de</strong></span> <span class='ocrx_word' id='word_1_572' title='bbox 2413 3116 2551 3165; x_wconf 90' lang='lat' dir='ltr'><strong>uno,</strong></span> <span class='ocrx_word' id='word_1_573' title='bbox 2579 3116 2743 3170; x_wconf 87' lang='lat' dir='ltr'><strong>quam</strong></span> <span class='ocrx_word' id='word_1_574' title='bbox 2768 3101 2834 3154; x_wconf 89' lang='lat' dir='ltr'><strong>de</strong></span> <span class='ocrx_word' id='word_1_575' title='bbox 2857 3099 3048 3154; x_wconf 85' lang='lat' dir='ltr'><strong>altero.</strong></span> <span class='ocrx_word' id='word_1_576' title='bbox 3082 3098 3216 3153; x_wconf 83' lang='lat' dir='ltr'><strong>Nam</strong></span> <span class='ocrx_word' id='word_1_577' title='bbox 3249 3099 3294 3152; x_wconf 84' lang='lat' dir='ltr'><strong>si</strong></span> <span class='ocrx_word' id='word_1_578' title='bbox 3326 3101 3477 3168; x_wconf 75' lang='lat' dir='ltr'><strong>prius</strong></span> <span class='ocrx_word' id='word_1_579' title='bbox 3500 3103 3594 3149; x_wconf 82' lang='lat' dir='ltr'><strong>aut</strong></span> 
     </span>
    </p>
   </div>
   <div class='ocr_carea' id='block_1_75' title="bbox 2011 3191 3596 3264">
    <p class='ocr_par' dir='ltr' id='par_1_75' title="bbox 2011 3191 3596 3264">
     <span class='ocr_line' id='line_1_75' title="bbox 2011 3191 3596 3264; baseline 0.002 -21"><span class='ocrx_word' id='word_1_580' title='bbox 2011 3201 2162 3262; x_wconf 89' lang='lat' dir='ltr'><strong>post,</strong></span> <span class='ocrx_word' id='word_1_581' title='bbox 2190 3192 2275 3246; x_wconf 86' lang='lat' dir='ltr'><strong>vel</strong></span> <span class='ocrx_word' id='word_1_582' title='bbox 2294 3192 2385 3225; x_wconf 80' lang='grc'><strong>⁸⁷⁵⁷</strong></span> <span class='ocrx_word' id='word_1_583' title='bbox 2413 3193 2590 3264; x_wconf 83' lang='lat' dir='ltr'><strong>major</strong></span> <span class='ocrx_word' id='word_1_584' title='bbox 2615 3192 2698 3248; x_wconf 83' lang='lat' dir='ltr'><strong>vel</strong></span> <span class='ocrx_word' id='word_1_585' title='bbox 2727 3193 2928 3258; x_wconf 90' lang='lat' dir='ltr'><strong>minor,</strong></span> <span class='ocrx_word' id='word_1_586' title='bbox 2957 3201 3051 3247; x_wconf 87' lang='lat' dir='ltr'><strong>aut</strong></span> <span class='ocrx_word' id='word_1_587' title='bbox 3091 3192 3263 3262; x_wconf 81' lang='lat' dir='ltr'><strong>magis</strong></span> <span class='ocrx_word' id='word_1_588' title='bbox 3294 3202 3388 3246; x_wconf 90' lang='lat' dir='ltr'><strong>aut</strong></span> <span class='ocrx_word' id='word_1_589' title='bbox 3417 3191 3596 3246; x_wconf 81' lang='lat' dir='ltr'><strong>minus</strong></span> 
     </span>
    </p>
   </div>
   <div class='ocr_carea' id='block_1_76' title="bbox 2009 3267 3595 3353">
    <p class='ocr_par' dir='ltr' id='par_1_76' title="bbox 2009 3267 3595 3353">
     <span class='ocr_line' id='line_1_76' title="bbox 2009 3267 3595 3353; baseline -0.001 -18"><span class='ocrx_word' id='word_1_590' title='bbox 2009 3283 2074 3336; x_wconf 88' lang='lat' dir='ltr'><strong>de</strong></span> <span class='ocrx_word' id='word_1_591' title='bbox 2105 3297 2211 3336; x_wconf 92' lang='lat' dir='ltr'><strong>uno</strong></span> <span class='ocrx_word' id='word_1_592' title='bbox 2240 3291 2383 3337; x_wconf 87' lang='lat' dir='ltr'><strong>esset</strong></span> <span class='ocrx_word' id='word_1_593' title='bbox 2410 3267 2574 3353; x_wconf 85' lang='lat' dir='ltr'><strong>quam</strong></span> <span class='ocrx_word' id='word_1_594' title='bbox 2615 3284 2680 3338; x_wconf 91' lang='lat' dir='ltr'><strong>de</strong></span> <span class='ocrx_word' id='word_1_595' title='bbox 2707 3283 2913 3348; x_wconf 88' lang='lat' dir='ltr'><strong>altero,</strong></span> <span class='ocrx_word' id='word_1_596' title='bbox 2947 3299 3012 3338; x_wconf 81' lang='lat' dir='ltr'><strong>ex</strong></span> <span class='ocrx_word' id='word_1_597' title='bbox 3043 3283 3368 3338; x_wconf 81' lang='lat' dir='ltr'><strong>necessitate</strong></span> <span class='ocrx_word' id='word_1_598' title='bbox 3399 3297 3595 3350; x_wconf 79' lang='lat' dir='ltr'><strong>seque-</strong></span> 
     </span>
    </p>
   </div>
   <div class='ocr_carea' id='block_1_77' title="bbox 2009 3363 3594 3449">
    <p class='ocr_par' dir='ltr' id='par_1_77' title="bbox 2009 3363 3594 3449">
     <span class='ocr_line' id='line_1_77' title="bbox 2009 3363 3594 3449; baseline 0.001 -24"><span class='ocrx_word' id='word_1_599' title='bbox 2009 3380 2164 3426; x_wconf 85' lang='lat' dir='ltr'><strong>retur</strong></span> <span class='ocrx_word' id='word_1_600' title='bbox 2189 3379 2247 3426; x_wconf 94' lang='lat' dir='ltr'><strong>ut</strong></span> <span class='ocrx_word' id='word_1_601' title='bbox 2278 3381 2373 3426; x_wconf 90' lang='lat' dir='ltr'><strong>aut</strong></span> <span class='ocrx_word' id='word_1_602' title='bbox 2409 3373 2645 3442; x_wconf 83' lang='lat' dir='ltr'><strong>Spiritus</strong></span> <span class='ocrx_word' id='word_1_603' title='bbox 2670 3383 2894 3449; x_wconf 85' lang='lat' dir='ltr'><strong>sanctus</strong></span> <span class='ocrx_word' id='word_1_604' title='bbox 2931 3388 3038 3428; x_wconf 88' lang='lat' dir='ltr'><strong>non</strong></span> <span class='ocrx_word' id='word_1_605' title='bbox 3068 3363 3219 3428; x_wconf 84' lang='lat' dir='ltr'><strong>esset</strong></span> <span class='ocrx_word' id='word_1_606' title='bbox 3257 3373 3324 3427; x_wconf 91' lang='lat' dir='ltr'><strong>de</strong></span> <span class='ocrx_word' id='word_1_607' title='bbox 3355 3373 3489 3438; x_wconf 89' lang='lat' dir='ltr'><strong>hoe,</strong></span> <span class='ocrx_word' id='word_1_608' title='bbox 3539 3372 3594 3426; x_wconf 93' lang='lat' dir='ltr'><strong>in</strong></span> 
     </span>
    </p>
   </div>
   <div class='ocr_carea' id='block_1_78' title="bbox 2008 3464 3592 3535">
    <p class='ocr_par' dir='ltr' id='par_1_78' title="bbox 2008 3464 3592 3535">
     <span class='ocr_line' id='line_1_78' title="bbox 2008 3464 3592 3535; baseline 0.001 -20"><span class='ocrx_word' id='word_1_609' title='bbox 2008 3478 2115 3533; x_wconf 88' lang='lat' dir='ltr'><strong>quo</strong></span> <span class='ocrx_word' id='word_1_610' title='bbox 2145 3478 2310 3518; x_wconf 92' lang='lat' dir='ltr'><strong>unum</strong></span> <span class='ocrx_word' id='word_1_611' title='bbox 2337 3474 2459 3519; x_wconf 93' lang='lat' dir='ltr'><strong>sunt</strong></span> <span class='ocrx_word' id='word_1_612' title='bbox 2483 3464 2648 3519; x_wconf 87' lang='lat' dir='ltr'><strong>Pater</strong></span> <span class='ocrx_word' id='word_1_613' title='bbox 2669 3475 2721 3520; x_wconf 89' lang='lat' dir='ltr'><strong>et</strong></span> <span class='ocrx_word' id='word_1_614' title='bbox 2750 3465 2950 3531; x_wconf 84' lang='lat' dir='ltr'><strong>Filius;</strong></span> <span class='ocrx_word' id='word_1_615' title='bbox 2976 3473 3071 3519; x_wconf 92' lang='lat' dir='ltr'><strong>aut</strong></span> <span class='ocrx_word' id='word_1_616' title='bbox 3098 3465 3271 3535; x_wconf 88' lang='lat' dir='ltr'><strong>ipsum</strong></span> <span class='ocrx_word' id='word_1_617' title='bbox 3295 3479 3459 3518; x_wconf 90' lang='lat' dir='ltr'><strong>unum</strong></span> <span class='ocrx_word' id='word_1_618' title='bbox 3485 3480 3592 3518; x_wconf 87' lang='lat' dir='ltr'><strong>non</strong></span> 
     </span>
    </p>
   </div>
   <div class='ocr_carea' id='block_1_79' title="bbox 2007 3554 3594 3625">
    <p class='ocr_par' dir='ltr' id='par_1_79' title="bbox 2007 3554 3594 3625">
     <span class='ocr_line' id='line_1_79' title="bbox 2007 3554 3594 3625; baseline 0 -17"><span class='ocrx_word' id='word_1_619' title='bbox 2007 3565 2152 3608; x_wconf 90' lang='lat' dir='ltr'><strong>esset</strong></span> <span class='ocrx_word' id='word_1_620' title='bbox 2177 3555 2417 3625; x_wconf 80' lang='lat' dir='ltr'><strong>perfecte</strong></span> <span class='ocrx_word' id='word_1_621' title='bbox 2449 3565 2505 3610; x_wconf 94' lang='lat' dir='ltr'><strong>et</strong></span> <span class='ocrx_word' id='word_1_622' title='bbox 2531 3555 2854 3624; x_wconf 88' lang='lat' dir='ltr'><strong>simpliciter</strong></span> <span class='ocrx_word' id='word_1_623' title='bbox 2881 3571 3071 3619; x_wconf 90' lang='lat' dir='ltr'><strong>unum,</strong></span> <span class='ocrx_word' id='word_1_624' title='bbox 3095 3554 3188 3608; x_wconf 89' lang='lat' dir='ltr'><strong>sed</strong></span> <span class='ocrx_word' id='word_1_625' title='bbox 3216 3563 3362 3608; x_wconf 92' lang='lat' dir='ltr'><strong>esset</strong></span> <span class='ocrx_word' id='word_1_626' title='bbox 3391 3554 3461 3609; x_wconf 90' lang='lat' dir='ltr'><strong>ibi</strong></span> <span class='ocrx_word' id='word_1_627' title='bbox 3489 3555 3594 3608; x_wconf 74' lang='lat' dir='ltr'><strong>ali-</strong></span> 
     </span>
    </p>
   </div>
   <div class='ocr_carea' id='block_1_80' title="bbox 2005 3645 3594 3718">
    <p class='ocr_par' dir='ltr' id='par_1_80' title="bbox 2005 3645 3594 3718">
     <span class='ocr_line' id='line_1_80' title="bbox 2005 3645 3594 3718; baseline -0.001 -15"><span class='ocrx_word' id='word_1_628' title='bbox 2005 3664 2110 3718; x_wconf 89' lang='lat' dir='ltr'><strong>qua</strong></span> <span class='ocrx_word' id='word_1_629' title='bbox 2145 3648 2466 3712; x_wconf 88' lang='lat' dir='ltr'><strong>diversitas,</strong></span> <span class='ocrx_word' id='word_1_630' title='bbox 2499 3648 2566 3703; x_wconf 91' lang='lat' dir='ltr'><strong>de</strong></span> <span class='ocrx_word' id='word_1_631' title='bbox 2598 3663 2703 3717; x_wconf 88' lang='lat' dir='ltr'><strong>qua</strong></span> <span class='ocrx_word' id='word_1_632' title='bbox 2736 3648 2845 3713; x_wconf 90' lang='lat' dir='ltr'><strong>illa,</strong></span> <span class='ocrx_word' id='word_1_633' title='bbox 2879 3664 3041 3718; x_wconf 83' lang='lat' dir='ltr'><strong>quam</strong></span> <span class='ocrx_word' id='word_1_634' title='bbox 3067 3649 3196 3714; x_wconf 77' lang='lat' dir='ltr'><strong>dixi,</strong></span> <span class='ocrx_word' id='word_1_635' title='bbox 3226 3649 3278 3703; x_wconf 92' lang='lat' dir='ltr'><strong>in</strong></span> <span class='ocrx_word' id='word_1_636' title='bbox 3309 3645 3594 3703; x_wconf 79' lang='lat' dir='ltr'><strong>existcndo</strong></span> 
     </span>
    </p>
   </div>
   <div class='ocr_carea' id='block_1_81' title="bbox 2006 3740 3591 3812">
    <p class='ocr_par' dir='ltr' id='par_1_81' title="bbox 2006 3740 3591 3812">
     <span class='ocr_line' id='line_1_81' title="bbox 2006 3740 3591 3812; baseline -0.002 -15"><span class='ocrx_word' id='word_1_637' title='bbox 2006 3743 2071 3797; x_wconf 90' lang='lat' dir='ltr'><strong>de</strong></span> <span class='ocrx_word' id='word_1_638' title='bbox 2100 3744 2290 3799; x_wconf 90' lang='lat' dir='ltr'><strong>eodem</strong></span> <span class='ocrx_word' id='word_1_639' title='bbox 2317 3759 2426 3798; x_wconf 90' lang='lat' dir='ltr'><strong>uno</strong></span> <span class='ocrx_word' id='word_1_640' title='bbox 2455 3742 2715 3812; x_wconf 89' lang='lat' dir='ltr'><strong>Spiritum</strong></span> <span class='ocrx_word' id='word_1_641' title='bbox 2751 3751 3002 3796; x_wconf 89' lang='lat' dir='ltr'><strong>sanetmn</strong></span> <span class='ocrx_word' id='word_1_642' title='bbox 3023 3742 3138 3809; x_wconf 73' lang='grc'><strong>⁸⁷⁸⁸⁸,</strong></span> <span class='ocrx_word' id='word_1_643' title='bbox 3165 3750 3311 3796; x_wconf 88' lang='lat' dir='ltr'><strong>esset</strong></span> <span class='ocrx_word' id='word_1_644' title='bbox 3331 3740 3591 3796; x_wconf 79' lang='lat' dir='ltr'><strong>varietas.</strong></span> 
     </span>
    </p>
   </div>
   <div class='ocr_carea' id='block_1_82' title="bbox 2006 3831 3592 3905">
    <p class='ocr_par' dir='ltr' id='par_1_82' title="bbox 2006 3831 3592 3905">
     <span class='ocr_line' id='line_1_82' title="bbox 2006 3831 3592 3905; baseline -0.003 -16"><span class='ocrx_word' id='word_1_645' title='bbox 2006 3833 2113 3889; x_wconf 91' lang='lat' dir='ltr'><strong>Sed</strong></span> <span class='ocrx_word' id='word_1_646' title='bbox 2149 3836 2252 3891; x_wconf 90' lang='lat' dir='ltr'><strong>dici</strong></span> <span class='ocrx_word' id='word_1_647' title='bbox 2299 3851 2405 3890; x_wconf 87' lang='lat' dir='ltr'><strong>non</strong></span> <span class='ocrx_word' id='word_1_648' title='bbox 2458 3843 2634 3904; x_wconf 90' lang='lat' dir='ltr'><strong>potest</strong></span> <span class='ocrx_word' id='word_1_649' title='bbox 2676 3835 2821 3905; x_wconf 92' lang='lat' dir='ltr'><strong>quod</strong></span> <span class='ocrx_word' id='word_1_650' title='bbox 2856 3833 3094 3904; x_wconf 88' lang='lat' dir='ltr'><strong>Spiritus</strong></span> <span class='ocrx_word' id='word_1_651' title='bbox 3123 3842 3352 3888; x_wconf 85' lang='lat' dir='ltr'><strong>sanctus</strong></span> <span class='ocrx_word' id='word_1_652' title='bbox 3386 3847 3491 3886; x_wconf 90' lang='lat' dir='ltr'><strong>non</strong></span> <span class='ocrx_word' id='word_1_653' title='bbox 3521 3831 3592 3885; x_wconf 89' lang='lat' dir='ltr'><strong>sit</strong></span> 
     </span>
    </p>
   </div>
   <div class='ocr_carea' id='block_1_83' title="bbox 2003 3920 3592 3994">
    <p class='ocr_par' dir='ltr' id='par_1_83' title="bbox 2003 3920 3592 3994">
     <span class='ocr_line' id='line_1_83' title="bbox 2003 3920 3592 3994; baseline -0.002 -17"><span class='ocrx_word' id='word_1_654' title='bbox 2003 3925 2070 3979; x_wconf 89' lang='lat' dir='ltr'><strong>de</strong></span> <span class='ocrx_word' id='word_1_655' title='bbox 2099 3926 2198 3980; x_wconf 91' lang='lat' dir='ltr'><strong>hoc</strong></span> <span class='ocrx_word' id='word_1_656' title='bbox 2221 3967 2234 3988; x_wconf 94' lang='lat'><strong>,</strong></span> <span class='ocrx_word' id='word_1_657' title='bbox 2267 3926 2320 3979; x_wconf 92' lang='lat' dir='ltr'><strong>in</strong></span> <span class='ocrx_word' id='word_1_658' title='bbox 2349 3940 2455 3994; x_wconf 87' lang='lat' dir='ltr'><strong>quo</strong></span> <span class='ocrx_word' id='word_1_659' title='bbox 2491 3940 2656 3978; x_wconf 87' lang='lat' dir='ltr'><strong>ttntnn</strong></span> <span class='ocrx_word' id='word_1_660' title='bbox 2691 3933 2817 3978; x_wconf 79' lang='lat' dir='ltr'><strong>sunt.</strong></span> <span class='ocrx_word' id='word_1_661' title='bbox 2847 3923 3010 3978; x_wconf 89' lang='lat' dir='ltr'><strong>Pater</strong></span> <span class='ocrx_word' id='word_1_662' title='bbox 3037 3932 3089 3976; x_wconf 90' lang='lat' dir='ltr'><strong>et</strong></span> <span class='ocrx_word' id='word_1_663' title='bbox 3120 3922 3320 3982; x_wconf 77' lang='lat' dir='ltr'><strong>Filius;</strong></span> <span class='ocrx_word' id='word_1_664' title='bbox 3354 3920 3592 3990; x_wconf 84' lang='lat' dir='ltr'><strong>alioquin</strong></span> 
     </span>
    </p>
   </div>
   <div class='ocr_carea' id='block_1_84' title="bbox 2005 4010 3593 4078">
    <p class='ocr_par' dir='ltr' id='par_1_84' title="bbox 2005 4010 3593 4078">
     <span class='ocr_line' id='line_1_84' title="bbox 2005 4010 3593 4078; baseline -0.003 -11"><span class='ocrx_word' id='word_1_665' title='bbox 2005 4030 2110 4067; x_wconf 91' lang='lat' dir='ltr'><strong>non</strong></span> <span class='ocrx_word' id='word_1_666' title='bbox 2163 4023 2308 4067; x_wconf 87' lang='lat' dir='ltr'><strong>esset</strong></span> <span class='ocrx_word' id='word_1_667' title='bbox 2355 4015 2420 4068; x_wconf 86' lang='lat' dir='ltr'><strong>de</strong></span> <span class='ocrx_word' id='word_1_668' title='bbox 2472 4013 2599 4067; x_wconf 92' lang='lat' dir='ltr'><strong>Deo.</strong></span> <span class='ocrx_word' id='word_1_669' title='bbox 2651 4012 2762 4066; x_wconf 80' lang='lat' dir='ltr'><strong>Nec</strong></span> <span class='ocrx_word' id='word_1_670' title='bbox 2792 4012 2941 4066; x_wconf 82' lang='lat' dir='ltr'><strong>credi</strong></span> <span class='ocrx_word' id='word_1_671' title='bbox 2991 4013 3152 4065; x_wconf 88' lang='lat' dir='ltr'><strong>debet</strong></span> <span class='ocrx_word' id='word_1_672' title='bbox 3182 4010 3322 4078; x_wconf 88' lang='lat' dir='ltr'><strong>quod</strong></span> <span class='ocrx_word' id='word_1_673' title='bbox 3372 4011 3423 4062; x_wconf 94' lang='lat' dir='ltr'><strong>iu</strong></span> <span class='ocrx_word' id='word_1_674' title='bbox 3476 4010 3593 4078; x_wconf 89' lang='lat' dir='ltr'><strong>ipso</strong></span> 
     </span>
    </p>
   </div>
   <div class='ocr_carea' id='block_1_85' title="bbox 2004 4098 3594 4170">
    <p class='ocr_par' dir='ltr' id='par_1_85' title="bbox 2004 4098 3594 4170">
     <span class='ocr_line' id='line_1_85' title="bbox 2004 4098 3594 4170; baseline -0.002 -17"><span class='ocrx_word' id='word_1_675' title='bbox 2004 4102 2217 4154; x_wconf 78' lang='lat' dir='ltr'><strong>unoIm</strong></span> <span class='ocrx_word' id='word_1_676' title='bbox 2247 4102 2348 4166; x_wconf 88' lang='lat' dir='ltr'><strong>sit,</strong></span> <span class='ocrx_word' id='word_1_677' title='bbox 2378 4103 2675 4155; x_wconf 82' lang='lat' dir='ltr'><strong>secundum</strong></span> <span class='ocrx_word' id='word_1_678' title='bbox 2707 4101 2848 4170; x_wconf 89' lang='lat' dir='ltr'><strong>quod</strong></span> <span class='ocrx_word' id='word_1_679' title='bbox 2893 4109 3009 4163; x_wconf 90' lang='lat' dir='ltr'><strong>est,</strong></span> <span class='ocrx_word' id='word_1_680' title='bbox 3053 4100 3232 4168; x_wconf 87' lang='lat' dir='ltr'><strong>aliqua</strong></span> <span class='ocrx_word' id='word_1_681' title='bbox 3282 4098 3594 4151; x_wconf 68' lang='lat' dir='ltr'><strong>diversitas.</strong></span> 
     </span>
    </p>
   </div>
   <div class='ocr_carea' id='block_1_86' title="bbox 2004 4187 3593 4262">
    <p class='ocr_par' dir='ltr' id='par_1_86' title="bbox 2004 4187 3593 4262">
     <span class='ocr_line' id='line_1_86' title="bbox 2004 4187 3593 4262; baseline -0.001 -19"><span class='ocrx_word' id='word_1_682' title='bbox 2004 4191 2184 4258; x_wconf 84' lang='lat' dir='ltr'><strong>Quare</strong></span> <span class='ocrx_word' id='word_1_683' title='bbox 2219 4206 2318 4245; x_wconf 85' lang='lat' dir='ltr'><strong>nec</strong></span> <span class='ocrx_word' id='word_1_684' title='bbox 2349 4191 2499 4262; x_wconf 88' lang='lat' dir='ltr'><strong>prius</strong></span> <span class='ocrx_word' id='word_1_685' title='bbox 2522 4206 2620 4244; x_wconf 86' lang='lat' dir='ltr'><strong>nec</strong></span> <span class='ocrx_word' id='word_1_686' title='bbox 2649 4200 2787 4260; x_wconf 90' lang='lat' dir='ltr'><strong>post,</strong></span> <span class='ocrx_word' id='word_1_687' title='bbox 2816 4205 2917 4246; x_wconf 90' lang='lat' dir='ltr'><strong>nec</strong></span> <span class='ocrx_word' id='word_1_688' title='bbox 2946 4189 3122 4260; x_wconf 79' lang='lat' dir='ltr'><strong>major</strong></span> <span class='ocrx_word' id='word_1_689' title='bbox 3143 4197 3238 4243; x_wconf 89' lang='lat' dir='ltr'><strong>aut</strong></span> <span class='ocrx_word' id='word_1_690' title='bbox 3265 4187 3464 4252; x_wconf 86' lang='lat' dir='ltr'><strong>minor,</strong></span> <span class='ocrx_word' id='word_1_691' title='bbox 3494 4201 3593 4242; x_wconf 87' lang='lat' dir='ltr'><strong>nec</strong></span> 
     </span>
    </p>
   </div>
   <div class='ocr_carea' id='block_1_87' title="bbox 1975 4269 3588 4354">
    <p class='ocr_par' dir='ltr' id='par_1_87' title="bbox 1975 4269 3588 4354">
     <span class='ocr_line' id='line_1_87' title="bbox 1975 4269 3588 4354; baseline -0.002 -15"><span class='ocrx_word' id='word_1_692' title='bbox 1975 4285 2175 4354; x_wconf 79' lang='lat' dir='ltr'><strong>&#39;magis</strong></span> <span class='ocrx_word' id='word_1_693' title='bbox 2222 4295 2316 4339; x_wconf 89' lang='lat' dir='ltr'><strong>aut</strong></span> <span class='ocrx_word' id='word_1_694' title='bbox 2363 4285 2542 4339; x_wconf 90' lang='lat' dir='ltr'><strong>minus</strong></span> <span class='ocrx_word' id='word_1_695' title='bbox 2593 4293 2676 4338; x_wconf 91' lang='lat' dir='ltr'><strong>est</strong></span> <span class='ocrx_word' id='word_1_696' title='bbox 2729 4282 2967 4352; x_wconf 87' lang='lat' dir='ltr'><strong>Spiritus</strong></span> <span class='ocrx_word' id='word_1_697' title='bbox 3018 4290 3238 4337; x_wconf 81' lang='lat' dir='ltr'><strong>sanctus</strong></span> <span class='ocrx_word' id='word_1_698' title='bbox 3289 4269 3355 4337; x_wconf 86' lang='lat' dir='ltr'><strong>de</strong></span> <span class='ocrx_word' id='word_1_699' title='bbox 3399 4280 3588 4346; x_wconf 83' lang='lat' dir='ltr'><strong>Patre,</strong></span> 
     </span>
    </p>
   </div>
   <div class='ocr_carea' id='block_1_88' title="bbox 2003 4365 3589 4449">
    <p class='ocr_par' dir='ltr' id='par_1_88' title="bbox 2003 4365 3589 4449">
     <span class='ocr_line' id='line_1_88' title="bbox 2003 4365 3589 4449; baseline -0.003 -20"><span class='ocrx_word' id='word_1_700' title='bbox 2003 4395 2162 4449; x_wconf 89' lang='lat' dir='ltr'><strong>quam</strong></span> <span class='ocrx_word' id='word_1_701' title='bbox 2192 4377 2258 4432; x_wconf 90' lang='lat' dir='ltr'><strong>de</strong></span> <span class='ocrx_word' id='word_1_702' title='bbox 2297 4377 2467 4443; x_wconf 76' lang='lat' dir='ltr'><strong>Filio;</strong></span> <span class='ocrx_word' id='word_1_703' title='bbox 2499 4386 2592 4431; x_wconf 90' lang='lat' dir='ltr'><strong>aut</strong></span> <span class='ocrx_word' id='word_1_704' title='bbox 2622 4376 2690 4431; x_wconf 89' lang='lat' dir='ltr'><strong>de</strong></span> <span class='ocrx_word' id='word_1_705' title='bbox 2737 4375 2903 4443; x_wconf 78' lang='lat' dir='ltr'><strong>Filio,</strong></span> <span class='ocrx_word' id='word_1_706' title='bbox 2935 4390 3096 4446; x_wconf 90' lang='lat' dir='ltr'><strong>quam</strong></span> <span class='ocrx_word' id='word_1_707' title='bbox 3145 4375 3214 4430; x_wconf 92' lang='lat' dir='ltr'><strong>de</strong></span> <span class='ocrx_word' id='word_1_708' title='bbox 3262 4365 3442 4428; x_wconf 81' lang='lat' dir='ltr'><strong>Patre.</strong></span> <span class='ocrx_word' id='word_1_709' title='bbox 3474 4371 3589 4426; x_wconf 74' lang='lat' dir='ltr'><strong>Non</strong></span> 
     </span>
    </p>
   </div>
   <div class='ocr_carea' id='block_1_89' title="bbox 319 4462 3590 4542">
    <p class='ocr_par' dir='ltr' id='par_1_89' title="bbox 319 4462 3590 4542">
     <span class='ocr_line' id='line_1_89' title="bbox 319 4462 3590 4542; baseline 0 -25"><span class='ocrx_word' id='word_1_710' title='bbox 319 4481 601 4532; x_wconf 82' lang='lat' dir='ltr'><strong>neramur;</strong></span> <span class='ocrx_word' id='word_1_711' title='bbox 635 4466 777 4520; x_wconf 87' lang='lat' dir='ltr'><strong>istud</strong></span> <span class='ocrx_word' id='word_1_712' title='bbox 805 4475 1018 4531; x_wconf 87' lang='lat' dir='ltr'><strong>autem,</strong></span> <span class='ocrx_word' id='word_1_713' title='bbox 1071 4467 1278 4536; x_wconf 76' lang='lat' dir='ltr'><strong>quo‘m</strong></span> <span class='ocrx_word' id='word_1_714' title='bbox 1316 4469 1655 4538; x_wconf 79' lang='lat' dir='ltr'><strong>frequentius</strong></span> <span class='ocrx_word' id='word_1_715' title='bbox 1702 4472 1754 4526; x_wconf 92' lang='lat' dir='ltr'><strong>in</strong></span> <span class='ocrx_word' id='word_1_716' title='bbox 1804 4487 1897 4542; x_wconf 81' lang='lat' dir='ltr'><strong>po-</strong></span> <span class='ocrx_word' id='word_1_717' title='bbox 1928 4473 2147 4536; x_wconf 83' lang='lat' dir='ltr'><strong>Deuim</strong></span> <span class='ocrx_word' id='word_1_718' title='bbox 2197 4489 2334 4526; x_wconf 90' lang='lat' dir='ltr'><strong>unus</strong></span> <span class='ocrx_word' id='word_1_719' title='bbox 2382 4470 2634 4541; x_wconf 87' lang='lat' dir='ltr'><strong>idemque</strong></span> <span class='ocrx_word' id='word_1_720' title='bbox 2681 4468 2916 4540; x_wconf 90' lang='lat' dir='ltr'><strong>Spiritus</strong></span> <span class='ocrx_word' id='word_1_721' title='bbox 2963 4477 3220 4532; x_wconf 88' lang='lat' dir='ltr'><strong>sanetus,</strong></span> <span class='ocrx_word' id='word_1_722' title='bbox 3278 4468 3368 4538; x_wconf 79' lang='lat' dir='ltr'><strong>qui</strong></span> <span class='ocrx_word' id='word_1_723' title='bbox 3420 4462 3590 4520; x_wconf 86' lang='lat' dir='ltr'><strong>semel</strong></span> 
     </span>
    </p>
   </div>
   <div class='ocr_carea' id='block_1_90' title="bbox 318 4557 1892 4624">
    <p class='ocr_par' dir='ltr' id='par_1_90' title="bbox 318 4557 1892 4624">
     <span class='ocr_line' id='line_1_90' title="bbox 318 4557 1892 4624; baseline 0.008 -18"><span class='ocrx_word' id='word_1_724' title='bbox 318 4557 418 4623; x_wconf 70' lang='lat' dir='ltr'><strong>puli</strong></span> <span class='ocrx_word' id='word_1_725' title='bbox 451 4557 730 4610; x_wconf 89' lang='lat' dir='ltr'><strong>audientia</strong></span> <span class='ocrx_word' id='word_1_726' title='bbox 783 4557 1005 4624; x_wconf 89' lang='lat' dir='ltr'><strong>utimur,</strong></span> <span class='ocrx_word' id='word_1_727' title='bbox 1054 4558 1250 4613; x_wconf 89' lang='lat' dir='ltr'><strong>Latino</strong></span> <span class='ocrx_word' id='word_1_728' title='bbox 1281 4576 1430 4615; x_wconf 87' lang='lat' dir='ltr'><strong>more</strong></span> <span class='ocrx_word' id='word_1_729' title='bbox 1476 4560 1734 4617; x_wconf 76' lang='lat' dir='ltr'><strong>dictatum</strong></span> <span class='ocrx_word' id='word_1_730' title='bbox 1769 4580 1892 4618; x_wconf 90' lang='lat' dir='ltr'><strong>cum</strong></span> 
     </span>
    </p>
   </div>
   <div class='ocr_carea' id='block_1_91' title="bbox 318 4646 1894 4722">
    <p class='ocr_par' dir='ltr' id='par_1_91' title="bbox 318 4646 1894 4722">
     <span class='ocr_line' id='line_1_91' title="bbox 318 4646 1894 4722; baseline 0.004 -22"><span class='ocrx_word' id='word_1_731' title='bbox 318 4646 624 4703; x_wconf 87' lang='lat' dir='ltr'><strong>addituento</strong></span> <span class='ocrx_word' id='word_1_732' title='bbox 654 4649 968 4718; x_wconf 86' lang='lat' dir='ltr'><strong>supradicto</strong></span> <span class='ocrx_word' id='word_1_733' title='bbox 1003 4649 1293 4704; x_wconf 85' lang='lat' dir='ltr'><strong>edidimus.</strong></span> <span class='ocrx_word' id='word_1_734' title='bbox 1328 4649 1482 4717; x_wconf 80' lang='lat' dir='ltr'><strong>Quod</strong></span> <span class='ocrx_word' id='word_1_735' title='bbox 1511 4660 1692 4706; x_wconf 88' lang='lat' dir='ltr'><strong>autem</strong></span> <span class='ocrx_word' id='word_1_736' title='bbox 1744 4668 1894 4722; x_wconf 76' lang='lat' dir='ltr'><strong>qua:-</strong></span> 
     </span>
    </p>
   </div>
   <div class='ocr_carea' id='block_1_92' title="bbox 318 4735 1900 4808">
    <p class='ocr_par' dir='ltr' id='par_1_92' title="bbox 318 4735 1900 4808">
     <span class='ocr_line' id='line_1_92' title="bbox 318 4735 1900 4808; baseline 0.005 -20"><span class='ocrx_word' id='word_1_737' title='bbox 318 4735 470 4802; x_wconf 78' lang='lat' dir='ltr'><strong>titur,</strong></span> <span class='ocrx_word' id='word_1_738' title='bbox 487 4753 659 4808; x_wconf 88' lang='lat' dir='ltr'><strong>quare</strong></span> <span class='ocrx_word' id='word_1_739' title='bbox 676 4738 778 4793; x_wconf 89' lang='lat' dir='ltr'><strong>hoc</strong></span> <span class='ocrx_word' id='word_1_740' title='bbox 800 4737 1112 4794; x_wconf 64' lang='lat' dir='ltr'><strong>Graecorum</strong></span> <span class='ocrx_word' id='word_1_741' title='bbox 1138 4739 1382 4794; x_wconf 70' lang='lat' dir='ltr'><strong>ecclesiae</strong></span> <span class='ocrx_word' id='word_1_742' title='bbox 1401 4754 1671 4796; x_wconf 86' lang='lat' dir='ltr'><strong>consensu</strong></span> <span class='ocrx_word' id='word_1_743' title='bbox 1696 4741 1900 4796; x_wconf 76' lang='lat' dir='ltr'><strong>factum</strong></span> 
     </span>
    </p>
   </div>
   <div class='ocr_carea' id='block_1_93' title="bbox 2007 4557 3592 4630">
    <p class='ocr_par' dir='ltr' id='par_1_93' title="bbox 2007 4557 3592 4630">
     <span class='ocr_line' id='line_1_93' title="bbox 2007 4557 3592 4630; baseline -0.007 -12"><span class='ocrx_word' id='word_1_744' title='bbox 2007 4573 2151 4618; x_wconf 88' lang='lat' dir='ltr'><strong>totus</strong></span> <span class='ocrx_word' id='word_1_745' title='bbox 2176 4563 2347 4618; x_wconf 86' lang='lat' dir='ltr'><strong>estde</strong></span> <span class='ocrx_word' id='word_1_746' title='bbox 2372 4561 2480 4615; x_wconf 90' lang='lat' dir='ltr'><strong>Deo</strong></span> <span class='ocrx_word' id='word_1_747' title='bbox 2505 4569 2636 4625; x_wconf 91' lang='lat' dir='ltr'><strong>toto,</strong></span> <span class='ocrx_word' id='word_1_748' title='bbox 2665 4559 2944 4630; x_wconf 72' lang='lat' dir='ltr'><strong>magis‘&quot;°</strong></span> <span class='ocrx_word' id='word_1_749' title='bbox 2975 4567 3070 4612; x_wconf 89' lang='lat' dir='ltr'><strong>aut</strong></span> <span class='ocrx_word' id='word_1_750' title='bbox 3094 4557 3380 4614; x_wconf 73' lang='lat' dir='ltr'><strong>minus‘m</strong></span> <span class='ocrx_word' id='word_1_751' title='bbox 3414 4561 3592 4626; x_wconf 84' lang='lat' dir='ltr'><strong>potest</strong></span> 
     </span>
    </p>
   </div>
   <div class='ocr_carea' id='block_1_94' title="bbox 2003 4649 3209 4723">
    <p class='ocr_par' dir='ltr' id='par_1_94' title="bbox 2003 4649 3209 4723">
     <span class='ocr_line' id='line_1_94' title="bbox 2003 4649 3209 4723; baseline -0.005 -13"><span class='ocrx_word' id='word_1_752' title='bbox 2003 4670 2123 4710; x_wconf 87' lang='lat' dir='ltr'><strong>esse</strong></span> <span class='ocrx_word' id='word_1_753' title='bbox 2160 4657 2225 4710; x_wconf 90' lang='lat' dir='ltr'><strong>de</strong></span> <span class='ocrx_word' id='word_1_754' title='bbox 2254 4669 2360 4709; x_wconf 91' lang='lat' dir='ltr'><strong>uno</strong></span> <span class='ocrx_word' id='word_1_755' title='bbox 2391 4663 2444 4708; x_wconf 92' lang='lat' dir='ltr'><strong>et</strong></span> <span class='ocrx_word' id='word_1_756' title='bbox 2469 4667 2678 4709; x_wconf 90' lang='lat' dir='ltr'><strong>summe</strong></span> <span class='ocrx_word' id='word_1_757' title='bbox 2706 4651 2934 4723; x_wconf 86' lang='lat' dir='ltr'><strong>simplici</strong></span> <span class='ocrx_word' id='word_1_758' title='bbox 2954 4651 3042 4682; x_wconf 83' lang='grc'>¹⁷⁶²</span> <span class='ocrx_word' id='word_1_759' title='bbox 3077 4649 3209 4706; x_wconf 85' lang='lat' dir='ltr'><strong>Deo.</strong></span> 
     </span>
    </p>
   </div>
   <div class='ocr_carea' id='block_1_95' title="bbox 1590 4877 2260 4937">
    <p class='ocr_par' dir='ltr' id='par_1_95' title="bbox 1590 4877 2260 4937">
     <span class='ocr_line' id='line_1_95' title="bbox 1590 4877 2260 4937; baseline 0 -2"><span class='ocrx_word' id='word_1_760' title='bbox 1590 4879 1818 4935; x_wconf 65' lang='lat' dir='ltr'><strong>VARUE</strong></span> <span class='ocrx_word' id='word_1_761' title='bbox 1860 4877 2260 4937; x_wconf 66' lang='lat' dir='ltr'><strong>LEC&#39;I‘IONES.</strong></span> 
     </span>
    </p>
   </div>
   <div class='ocr_carea' id='block_1_96' title="bbox 387 5027 3588 5107">
    <p class='ocr_par' dir='ltr' id='par_1_96' title="bbox 387 5027 3588 5107">
     <span class='ocr_line' id='line_1_96' title="bbox 387 5027 3588 5107; baseline 0 -22"><span class='ocrx_word' id='word_1_762' title='bbox 387 5030 880 5107; x_wconf 58' lang='lat' dir='ltr'><strong>&quot;‘:Et_itttttlligeti_t</strong></span> <span class='ocrx_word' id='word_1_763' title='bbox 899 5048 1164 5107; x_wconf 46' lang='lat' dir='ltr'><strong>cummis.</strong></span> <span class='ocrx_word' id='word_1_764' title='bbox 1184 5043 1240 5107; x_wconf 67' lang='lat' dir='ltr'><strong>et</strong></span> <span class='ocrx_word' id='word_1_765' title='bbox 1265 5033 1408 5088; x_wconf 70' lang='lat' dir='ltr'><strong>lfdit.</strong></span> <span class='ocrx_word' id='word_1_766' title='bbox 1442 5035 1597 5090; x_wconf 74' lang='lat' dir='ltr'><strong>Galli.</strong></span> <span class='ocrx_word' id='word_1_767' title='bbox 1622 5044 1674 5090; x_wconf 91' lang='lat' dir='ltr'><strong>et</strong></span> <span class='ocrx_word' id='word_1_768' title='bbox 1703 5035 2003 5107; x_wconf 78' lang='lat' dir='ltr'><strong>intelligant</strong></span> <span class='ocrx_word' id='word_1_769' title='bbox 2026 5053 2148 5093; x_wconf 92' lang='lat' dir='ltr'><strong>eum</strong></span> <span class='ocrx_word' id='word_1_770' title='bbox 2177 5055 2274 5091; x_wconf 89' lang='lat' dir='ltr'><strong>ms.</strong></span> <span class='ocrx_word' id='word_1_771' title='bbox 2301 5036 2458 5091; x_wconf 80' lang='lat' dir='ltr'><strong>Corb.</strong></span> <span class='ocrx_word' id='word_1_772' title='bbox 2485 5037 2784 5105; x_wconf 83' lang='lat' dir='ltr'><strong>intelligant</strong></span> <span class='ocrx_word' id='word_1_773' title='bbox 2813 5051 2935 5090; x_wconf 86' lang='lat' dir='ltr'><strong>eum</strong></span> <span class='ocrx_word' id='word_1_774' title='bbox 3013 5034 3103 5066; x_wconf 79' lang='lat'><strong>&quot;“</strong></span> <span class='ocrx_word' id='word_1_775' title='bbox 3132 5031 3258 5088; x_wconf 74' lang='lat' dir='ltr'><strong>Csr.</strong></span> <span class='ocrx_word' id='word_1_776' title='bbox 3284 5031 3372 5086; x_wconf 72' lang='grc'><strong>91.</strong></span> <span class='ocrx_word' id='word_1_777' title='bbox 3406 5027 3501 5085; x_wconf 85' lang='lat' dir='ltr'><strong>Est</strong></span> <span class='ocrx_word' id='word_1_778' title='bbox 3530 5032 3588 5086; x_wconf 76' lang='lat' dir='ltr'><strong>in</strong></span> 
     </span>
    </p>
   </div>
   <div class='ocr_carea' id='block_1_97' title="bbox 315 5100 884 5172">
    <p class='ocr_par' dir='ltr' id='par_1_97' title="bbox 315 5100 884 5172">
     <span class='ocr_line' id='line_1_97' title="bbox 315 5100 884 5172; baseline 0.004 -22"><span class='ocrx_word' id='word_1_779' title='bbox 315 5116 408 5172; x_wconf 78' lang='lat' dir='ltr'><strong>ms.</strong></span> <span class='ocrx_word' id='word_1_780' title='bbox 447 5100 604 5155; x_wconf 82' lang='lat' dir='ltr'><strong>Corb.</strong></span> <span class='ocrx_word' id='word_1_781' title='bbox 633 5100 778 5172; x_wconf 50' lang='lat' dir='ltr'><strong>(lup:</strong></span> <span class='ocrx_word' id='word_1_782' title='bbox 795 5103 884 5156; x_wconf 70' lang='lat'><strong>9:2.</strong></span> 
     </span>
    </p>
   </div>
   <div class='ocr_carea' id='block_1_98' title="bbox 965 5103 3587 5162">
    <p class='ocr_par' dir='ltr' id='par_1_98' title="bbox 965 5103 3587 5162">
     <span class='ocr_line' id='line_1_98' title="bbox 965 5103 3587 5162; baseline -0.001 -2"><span class='ocrx_word' id='word_1_783' title='bbox 965 5105 1055 5135; x_wconf 72' lang='grc'><strong><em>³⁷³⁷</em></strong></span> <span class='ocrx_word' id='word_1_784' title='bbox 1083 5103 1147 5160; x_wconf 86' lang='lat' dir='ltr'><strong>Ut</strong></span> <span class='ocrx_word' id='word_1_785' title='bbox 1177 5105 1278 5158; x_wconf 87' lang='lat' dir='ltr'><strong>alia</strong></span> <span class='ocrx_word' id='word_1_786' title='bbox 1315 5116 1520 5160; x_wconf 86' lang='lat' dir='ltr'><strong>taceam</strong></span> <span class='ocrx_word' id='word_1_787' title='bbox 1550 5123 1674 5160; x_wconf 87' lang='lat' dir='ltr'><strong>mss.</strong></span> <span class='ocrx_word' id='word_1_788' title='bbox 1710 5115 1767 5162; x_wconf 92' lang='lat' dir='ltr'><strong>ut</strong></span> <span class='ocrx_word' id='word_1_789' title='bbox 1792 5103 1940 5162; x_wconf 69' lang='lat' dir='ltr'><strong>eniiu</strong></span> <span class='ocrx_word' id='word_1_790' title='bbox 1981 5109 2083 5162; x_wconf 89' lang='lat' dir='ltr'><strong>alia</strong></span> <span class='ocrx_word' id='word_1_791' title='bbox 2117 5117 2322 5161; x_wconf 78' lang='lat' dir='ltr'><strong>taceant</strong></span> <span class='ocrx_word' id='word_1_792' title='bbox 2403 5108 2495 5141; x_wconf 67' lang='grc'><strong>⁸⁷⁵³</strong></span> <span class='ocrx_word' id='word_1_793' title='bbox 2535 5103 2878 5162; x_wconf 76' lang='lat' dir='ltr'><strong>Auctoritate</strong></span> <span class='ocrx_word' id='word_1_794' title='bbox 2914 5107 3184 5159; x_wconf 71' lang='lat' dir='ltr'><strong>tit-malum</strong></span> <span class='ocrx_word' id='word_1_795' title='bbox 3230 5119 3355 5155; x_wconf 84' lang='lat' dir='ltr'><strong>mss.</strong></span> <span class='ocrx_word' id='word_1_796' title='bbox 3389 5110 3587 5156; x_wconf 80' lang='lat' dir='ltr'><strong>aucto-</strong></span> 
     </span>
    </p>
   </div>
   <div class='ocr_carea' id='block_1_99' title="bbox 319 5170 3584 5241">
    <p class='ocr_par' dir='ltr' id='par_1_99' title="bbox 319 5170 3584 5241">
     <span class='ocr_line' id='line_1_99' title="bbox 319 5170 3584 5241; baseline 0.001 -20"><span class='ocrx_word' id='word_1_797' title='bbox 319 5170 760 5241; x_wconf 12' lang='lat' dir='ltr'><strong>ritatedtaxatum</strong></span> <span class='ocrx_word' id='word_1_798' title='bbox 838 5173 928 5204; x_wconf 65' lang='lat'><strong>&quot;&quot;9</strong></span> <span class='ocrx_word' id='word_1_799' title='bbox 963 5173 1062 5231; x_wconf 79' lang='lat' dir='ltr'><strong>Ubi</strong></span> <span class='ocrx_word' id='word_1_800' title='bbox 1098 5175 1228 5229; x_wconf 88' lang='lat' dir='ltr'><strong>nihil</strong></span> <span class='ocrx_word' id='word_1_801' title='bbox 1259 5175 1568 5230; x_wconf 88' lang='lat' dir='ltr'><strong>addidimus</strong></span> <span class='ocrx_word' id='word_1_802' title='bbox 1599 5193 1722 5231; x_wconf 88' lang='lat' dir='ltr'><strong>mss.</strong></span> <span class='ocrx_word' id='word_1_803' title='bbox 1789 5175 1919 5232; x_wconf 84' lang='lat' dir='ltr'><strong>Vict.</strong></span> <span class='ocrx_word' id='word_1_804' title='bbox 1959 5178 2114 5232; x_wconf 81' lang='lat' dir='ltr'><strong>Corb.</strong></span> <span class='ocrx_word' id='word_1_805' title='bbox 2168 5177 2254 5231; x_wconf 91' lang='lat' dir='ltr'><strong>ubi</strong></span> <span class='ocrx_word' id='word_1_806' title='bbox 2311 5179 2443 5233; x_wconf 89' lang='lat' dir='ltr'><strong>nihil</strong></span> <span class='ocrx_word' id='word_1_807' title='bbox 2493 5179 2746 5233; x_wconf 87' lang='lat' dir='ltr'><strong>addimus</strong></span> <span class='ocrx_word' id='word_1_808' title='bbox 2824 5177 2916 5207; x_wconf 84' lang='grc'><strong>¹⁷⁵⁰</strong></span> <span class='ocrx_word' id='word_1_809' title='bbox 2969 5173 3266 5229; x_wconf 79' lang='lat' dir='ltr'><strong>Defendere</strong></span> <span class='ocrx_word' id='word_1_810' title='bbox 3298 5186 3584 5241; x_wconf 84' lang='lat' dir='ltr'><strong>possemus</strong></span> 
     </span>
    </p>
   </div>
   <div class='ocr_carea' id='block_1_100' title="bbox 317 5239 3581 5314">
    <p class='ocr_par' dir='ltr' id='par_1_100' title="bbox 317 5239 3581 5314">
     <span class='ocr_line' id='line_1_100' title="bbox 317 5239 3581 5314; baseline 0.003 -27"><span class='ocrx_word' id='word_1_811' title='bbox 317 5255 436 5293; x_wconf 75' lang='lat' dir='ltr'><strong>mss.</strong></span> <span class='ocrx_word' id='word_1_812' title='bbox 483 5239 610 5314; x_wconf 79' lang='lat' dir='ltr'><strong>Vict.</strong></span> <span class='ocrx_word' id='word_1_813' title='bbox 648 5241 1123 5314; x_wconf 63' lang='lat' dir='ltr'><strong>Corb.defeudere</strong></span> <span class='ocrx_word' id='word_1_814' title='bbox 1147 5246 1416 5314; x_wconf 84' lang='lat' dir='ltr'><strong>possimus</strong></span> <span class='ocrx_word' id='word_1_815' title='bbox 1493 5247 1582 5279; x_wconf 77' lang='grc'><strong>³⁷³⁸</strong></span> <span class='ocrx_word' id='word_1_816' title='bbox 1612 5247 1742 5301; x_wconf 89' lang='lat' dir='ltr'><strong>Illud</strong></span> <span class='ocrx_word' id='word_1_817' title='bbox 1775 5251 2072 5304; x_wconf 84' lang='lat' dir='ltr'><strong>secundum</strong></span> <span class='ocrx_word' id='word_1_818' title='bbox 2117 5265 2241 5301; x_wconf 86' lang='lat' dir='ltr'><strong>mss.</strong></span> <span class='ocrx_word' id='word_1_819' title='bbox 2285 5248 2414 5302; x_wconf 90' lang='lat' dir='ltr'><strong>illttd</strong></span> <span class='ocrx_word' id='word_1_820' title='bbox 2442 5249 2585 5303; x_wconf 93' lang='lat' dir='ltr'><strong>enim</strong></span> <span class='ocrx_word' id='word_1_821' title='bbox 2629 5247 2926 5302; x_wconf 88' lang='lat' dir='ltr'><strong>secumlum</strong></span> <span class='ocrx_word' id='word_1_822' title='bbox 2955 5262 3053 5298; x_wconf 86' lang='lat' dir='ltr'><strong>ms.</strong></span> <span class='ocrx_word' id='word_1_823' title='bbox 3093 5243 3249 5298; x_wconf 78' lang='lat' dir='ltr'><strong>Corb.</strong></span> <span class='ocrx_word' id='word_1_824' title='bbox 3279 5239 3411 5314; x_wconf 78' lang='lat' dir='ltr'><strong>iilud</strong></span> <span class='ocrx_word' id='word_1_825' title='bbox 3437 5243 3581 5312; x_wconf 79' lang='lat' dir='ltr'><strong>quod</strong></span> 
     </span>
    </p>
   </div>
   <div class='ocr_carea' id='block_1_101' title="bbox 319 5313 3578 5388">
    <p class='ocr_par' dir='ltr' id='par_1_101' title="bbox 319 5313 3578 5388">
     <span class='ocr_line' id='line_1_101' title="bbox 319 5313 3578 5388; baseline 0.002 -28"><span class='ocrx_word' id='word_1_826' title='bbox 319 5313 610 5388; x_wconf 45' lang='lat' dir='ltr'><strong>fecundum</strong></span> <span class='ocrx_word' id='word_1_827' title='bbox 675 5313 779 5388; x_wconf 43' lang='lat' dir='ltr'><strong>ff”</strong></span> <span class='ocrx_word' id='word_1_828' title='bbox 811 5313 939 5367; x_wconf 89' lang='lat' dir='ltr'><strong>Illud</strong></span> <span class='ocrx_word' id='word_1_829' title='bbox 978 5313 1296 5388; x_wconf 77' lang='lat' dir='ltr'><strong>autemquo</strong></span> <span class='ocrx_word' id='word_1_830' title='bbox 1339 5333 1464 5388; x_wconf 81' lang='lat' dir='ltr'><strong>mss.</strong></span> <span class='ocrx_word' id='word_1_831' title='bbox 1499 5318 1640 5372; x_wconf 89' lang='lat' dir='ltr'><strong>istud</strong></span> <span class='ocrx_word' id='word_1_832' title='bbox 1692 5327 1871 5372; x_wconf 78' lang='lat' dir='ltr'><strong>autem</strong></span> <span class='ocrx_word' id='word_1_833' title='bbox 1910 5335 2019 5388; x_wconf 87' lang='lat' dir='ltr'><strong>quo</strong></span> <span class='ocrx_word' id='word_1_834' title='bbox 2094 5318 2186 5350; x_wconf 75' lang='grc'><strong>³⁷⁵³</strong></span> <span class='ocrx_word' id='word_1_835' title='bbox 2216 5319 2272 5373; x_wconf 83' lang='grc' dir='ltr'><strong>1η</strong></span> <span class='ocrx_word' id='word_1_836' title='bbox 2315 5320 2417 5374; x_wconf 92' lang='lat' dir='ltr'><strong>hoc</strong></span> <span class='ocrx_word' id='word_1_837' title='bbox 2447 5319 2802 5388; x_wconf 71' lang='lat' dir='ltr'><strong>qtuestiouem</strong></span> <span class='ocrx_word' id='word_1_838' title='bbox 2833 5333 2962 5388; x_wconf 74' lang='lat' dir='ltr'><strong>mss.</strong></span> <span class='ocrx_word' id='word_1_839' title='bbox 3010 5316 3110 5388; x_wconf 86' lang='lat' dir='ltr'><strong>hoc</strong></span> <span class='ocrx_word' id='word_1_840' title='bbox 3128 5314 3194 5388; x_wconf 89' lang='lat' dir='ltr'><strong>_in</strong></span> <span class='ocrx_word' id='word_1_841' title='bbox 3227 5313 3578 5388; x_wconf 61' lang='lat' dir='ltr'><strong>qtttestiOItetii</strong></span> 
     </span>
    </p>
   </div>
   <div class='ocr_carea' id='block_1_102' title="bbox 319 5377 1072 5451">
    <p class='ocr_par' dir='ltr' id='par_1_102' title="bbox 319 5377 1072 5451">
     <span class='ocr_line' id='line_1_102' title="bbox 319 5377 1072 5451; baseline 0.019 -27"><span class='ocrx_word' id='word_1_842' title='bbox 319 5377 405 5451; x_wconf 48' lang='lat'><strong>‘1’“</strong></span> <span class='ocrx_word' id='word_1_843' title='bbox 446 5380 610 5451; x_wconf 74' lang='lat' dir='ltr'><strong>Regni</strong></span> <span class='ocrx_word' id='word_1_844' title='bbox 657 5383 911 5437; x_wconf 86' lang='lat' dir='ltr'><strong>dilatatur</strong></span> <span class='ocrx_word' id='word_1_845' title='bbox 950 5402 1072 5438; x_wconf 88' lang='lat' dir='ltr'><strong>mss.</strong></span> 
     </span>
    </p>
   </div>
   <div class='ocr_carea' id='block_1_103' title="bbox 1147 5379 3582 5458">
    <p class='ocr_par' dir='ltr' id='par_1_103' title="bbox 1147 5379 3582 5458">
     <span class='ocr_line' id='line_1_103' title="bbox 1147 5379 3582 5458; baseline -0.004 -21"><span class='ocrx_word' id='word_1_846' title='bbox 1147 5379 1276 5458; x_wconf 64' lang='lat' dir='ltr'><strong>Vict.</strong></span> <span class='ocrx_word' id='word_1_847' title='bbox 1326 5387 1480 5441; x_wconf 66' lang='grc' dir='ltr'><strong>(ἐστιν.</strong></span> <span class='ocrx_word' id='word_1_848' title='bbox 1542 5390 1706 5458; x_wconf 77' lang='lat' dir='ltr'><strong>Regni</strong></span> <span class='ocrx_word' id='word_1_849' title='bbox 1751 5379 2006 5444; x_wconf 72' lang='lat' dir='ltr'><strong>dilatetur</strong></span> <span class='ocrx_word' id='word_1_850' title='bbox 2083 5389 2174 5420; x_wconf 68' lang='lat'><strong>&quot;5&#39;</strong></span> <span class='ocrx_word' id='word_1_851' title='bbox 2219 5389 2348 5443; x_wconf 72' lang='lat' dir='ltr'><strong>Cse.</strong></span> <span class='ocrx_word' id='word_1_852' title='bbox 2391 5379 2484 5443; x_wconf 55' lang='lat'><strong>22&#39;.</strong></span> <span class='ocrx_word' id='word_1_853' title='bbox 2549 5387 2640 5441; x_wconf 80' lang='lat' dir='ltr'><strong>Est</strong></span> <span class='ocrx_word' id='word_1_854' title='bbox 2686 5389 2738 5440; x_wconf 84' lang='lat' dir='ltr'><strong>in</strong></span> <span class='ocrx_word' id='word_1_855' title='bbox 2789 5385 3079 5458; x_wconf 33' lang='lat' dir='ltr'><strong>msrCorb.</strong></span> <span class='ocrx_word' id='word_1_856' title='bbox 3115 5379 3410 5458; x_wconf 42' lang='lat' dir='ltr'><strong>Caput);</strong></span> <span class='ocrx_word' id='word_1_857' title='bbox 3489 5379 3582 5458; x_wconf 37' lang='lat'><strong>&quot;7.“</strong></span> 
     </span>
    </p>
   </div>
   <div class='ocr_carea' id='block_1_104' title="bbox 327 5448 3582 5528">
    <p class='ocr_par' dir='ltr' id='par_1_104' title="bbox 327 5448 3582 5528">
     <span class='ocr_line' id='line_1_104' title="bbox 327 5448 3582 5528; baseline 0.002 -29"><span class='ocrx_word' id='word_1_858' title='bbox 327 5448 454 5528; x_wconf 51' lang='lat' dir='ltr'><strong>lgsse</strong></span> <span class='ocrx_word' id='word_1_859' title='bbox 485 5448 784 5528; x_wconf 66' lang='lat' dir='ltr'><strong>detluohus</strong></span> <span class='ocrx_word' id='word_1_860' title='bbox 809 5455 1054 5517; x_wconf 83' lang='lat' dir='ltr'><strong>diversis,</strong></span> <span class='ocrx_word' id='word_1_861' title='bbox 1088 5457 1180 5510; x_wconf 78' lang='lat' dir='ltr'><strong>sed</strong></span> <span class='ocrx_word' id='word_1_862' title='bbox 1213 5457 1294 5528; x_wconf 80' lang='lat' dir='ltr'><strong>de</strong></span> <span class='ocrx_word' id='word_1_863' title='bbox 1323 5473 1432 5511; x_wconf 92' lang='lat' dir='ltr'><strong>uno</strong></span> <span class='ocrx_word' id='word_1_864' title='bbox 1461 5475 1586 5513; x_wconf 85' lang='lat' dir='ltr'><strong>mss.</strong></span> <span class='ocrx_word' id='word_1_865' title='bbox 1619 5448 1744 5512; x_wconf 61' lang='lat' dir='ltr'><strong>csse</strong></span> <span class='ocrx_word' id='word_1_866' title='bbox 1773 5460 1928 5528; x_wconf 84' lang='lat' dir='ltr'><strong>quasi</strong></span> <span class='ocrx_word' id='word_1_867' title='bbox 1977 5461 2042 5515; x_wconf 89' lang='lat' dir='ltr'><strong>de</strong></span> <span class='ocrx_word' id='word_1_868' title='bbox 2083 5459 2296 5513; x_wconf 87' lang='lat' dir='ltr'><strong>duolms</strong></span> <span class='ocrx_word' id='word_1_869' title='bbox 2333 5461 2588 5523; x_wconf 88' lang='lat' dir='ltr'><strong>diversis,</strong></span> <span class='ocrx_word' id='word_1_870' title='bbox 2639 5459 2732 5512; x_wconf 87' lang='lat' dir='ltr'><strong>sed</strong></span> <span class='ocrx_word' id='word_1_871' title='bbox 2771 5457 2924 5526; x_wconf 84' lang='lat' dir='ltr'><strong>quasi</strong></span> <span class='ocrx_word' id='word_1_872' title='bbox 2954 5461 3019 5511; x_wconf 90' lang='lat' dir='ltr'><strong>de</strong></span> <span class='ocrx_word' id='word_1_873' title='bbox 3048 5472 3154 5528; x_wconf 82' lang='lat' dir='ltr'><strong>uno</strong></span> <span class='ocrx_word' id='word_1_874' title='bbox 3191 5448 3316 5487; x_wconf 66' lang='lat'><strong>&quot;7&quot;</strong></span> <span class='ocrx_word' id='word_1_875' title='bbox 3355 5455 3486 5510; x_wconf 83' lang='lat' dir='ltr'><strong>Nam</strong></span> <span class='ocrx_word' id='word_1_876' title='bbox 3514 5452 3582 5528; x_wconf 78' lang='lat' dir='ltr'><strong>de</strong></span> 
     </span>
    </p>
   </div>
   <div class='ocr_carea' id='block_1_105' title="bbox 316 5517 3583 5599">
    <p class='ocr_par' dir='ltr' id='par_1_105' title="bbox 316 5517 3583 5599">
     <span class='ocr_line' id='line_1_105' title="bbox 316 5517 3583 5599; baseline 0.003 -31"><span class='ocrx_word' id='word_1_877' title='bbox 316 5517 482 5599; x_wconf 76' lang='lat' dir='ltr'><strong>altero</strong></span> <span class='ocrx_word' id='word_1_878' title='bbox 518 5522 559 5575; x_wconf 83' lang='lat' dir='ltr'><strong>si</strong></span> <span class='ocrx_word' id='word_1_879' title='bbox 590 5524 855 5599; x_wconf 65' lang='lat' dir='ltr'><strong>priouaut</strong></span> <span class='ocrx_word' id='word_1_880' title='bbox 887 5528 1172 5594; x_wconf 83' lang='lat' dir='ltr'><strong>posterior,</strong></span> <span class='ocrx_word' id='word_1_881' title='bbox 1216 5525 1446 5599; x_wconf 49' lang='lat' dir='ltr'><strong>\‘eln&#39;tss.</strong></span> <span class='ocrx_word' id='word_1_882' title='bbox 1484 5545 1608 5582; x_wconf 90' lang='lat' dir='ltr'><strong>nam</strong></span> <span class='ocrx_word' id='word_1_883' title='bbox 1650 5529 1694 5582; x_wconf 91' lang='lat' dir='ltr'><strong>si</strong></span> <span class='ocrx_word' id='word_1_884' title='bbox 1725 5517 1874 5597; x_wconf 81' lang='lat' dir='ltr'><strong>prius</strong></span> <span class='ocrx_word' id='word_1_885' title='bbox 1906 5539 2001 5584; x_wconf 91' lang='lat' dir='ltr'><strong>aut</strong></span> <span class='ocrx_word' id='word_1_886' title='bbox 2030 5540 2158 5599; x_wconf 85' lang='lat' dir='ltr'><strong>post</strong></span> <span class='ocrx_word' id='word_1_887' title='bbox 2185 5529 2266 5583; x_wconf 85' lang='lat' dir='ltr'><strong>vel</strong></span> <span class='ocrx_word' id='word_1_888' title='bbox 2297 5530 2386 5564; x_wconf 79' lang='grc'><strong>³⁷⁵⁸</strong></span> <span class='ocrx_word' id='word_1_889' title='bbox 2415 5531 2490 5583; x_wconf 88' lang='lat' dir='ltr'><strong>De</strong></span> <span class='ocrx_word' id='word_1_890' title='bbox 2521 5517 2628 5582; x_wconf 82' lang='lat' dir='ltr'><strong>uno</strong></span> <span class='ocrx_word' id='word_1_891' title='bbox 2673 5517 2861 5582; x_wconf 67' lang='lat' dir='ltr'><strong>codém</strong></span> <span class='ocrx_word' id='word_1_892' title='bbox 2895 5527 3482 5599; x_wconf 17' lang='lat' dir='ltr'><strong>SpirituSaneto‘mss.</strong></span> <span class='ocrx_word' id='word_1_893' title='bbox 3514 5524 3583 5577; x_wconf 79' lang='lat' dir='ltr'><strong>de</strong></span> 
     </span>
    </p>
   </div>
   <div class='ocr_carea' id='block_1_106' title="bbox 317 5591 637 5644">
    <p class='ocr_par' dir='ltr' id='par_1_106' title="bbox 317 5591 637 5644">
     <span class='ocr_line' id='line_1_106' title="bbox 317 5591 637 5644; baseline 0.013 -4"><span class='ocrx_word' id='word_1_894' title='bbox 317 5591 500 5644; x_wconf 80' lang='lat' dir='ltr'><strong>eodem</strong></span> <span class='ocrx_word' id='word_1_895' title='bbox 530 5591 637 5644; x_wconf 86' lang='lat' dir='ltr'><strong>uno</strong></span> 
     </span>
    </p>
   </div>
   <div class='ocr_carea' id='block_1_107' title="bbox 663 5583 3578 5668">
    <p class='ocr_par' dir='ltr' id='par_1_107' title="bbox 663 5583 3578 5668">
     <span class='ocr_line' id='line_1_107' title="bbox 663 5583 3578 5668; baseline 0.001 -23"><span class='ocrx_word' id='word_1_896' title='bbox 663 5583 922 5663; x_wconf 78' lang='lat' dir='ltr'><strong>Spiritum</strong></span> <span class='ocrx_word' id='word_1_897' title='bbox 965 5583 1214 5668; x_wconf 79' lang='lat' dir='ltr'><strong>sanctum</strong></span> <span class='ocrx_word' id='word_1_898' title='bbox 1295 5583 1384 5633; x_wconf 66' lang='lat'><strong>&quot;‘0</strong></span> <span class='ocrx_word' id='word_1_899' title='bbox 1426 5599 1577 5664; x_wconf 82' lang='lat' dir='ltr'><strong>Quod</strong></span> <span class='ocrx_word' id='word_1_900' title='bbox 1607 5599 1658 5652; x_wconf 94' lang='lat' dir='ltr'><strong>iu</strong></span> <span class='ocrx_word' id='word_1_901' title='bbox 1698 5583 1814 5666; x_wconf 71' lang='lat' dir='ltr'><strong>ipso</strong></span> <span class='ocrx_word' id='word_1_902' title='bbox 1846 5615 1952 5654; x_wconf 91' lang='lat' dir='ltr'><strong>uno</strong></span> <span class='ocrx_word' id='word_1_903' title='bbox 1981 5583 2079 5654; x_wconf 55' lang='lat' dir='ltr'><strong>in}.</strong></span> <span class='ocrx_word' id='word_1_904' title='bbox 2127 5598 2256 5652; x_wconf 84' lang='lat' dir='ltr'><strong>Vict.</strong></span> <span class='ocrx_word' id='word_1_905' title='bbox 2299 5599 2384 5654; x_wconf 80' lang='grc'><strong>15.</strong></span> <span class='ocrx_word' id='word_1_906' title='bbox 2421 5601 2562 5668; x_wconf 87' lang='lat' dir='ltr'><strong>quod</strong></span> <span class='ocrx_word' id='word_1_907' title='bbox 2599 5614 2663 5653; x_wconf 77' lang='lat' dir='ltr'><strong>ex</strong></span> <span class='ocrx_word' id='word_1_908' title='bbox 2707 5599 2823 5667; x_wconf 87' lang='lat' dir='ltr'><strong>ipso</strong></span> <span class='ocrx_word' id='word_1_909' title='bbox 2865 5583 2971 5653; x_wconf 74' lang='lat' dir='ltr'><strong>uno</strong></span> <span class='ocrx_word' id='word_1_910' title='bbox 3051 5598 3144 5629; x_wconf 82' lang='grc'><strong>¹⁷⁶⁰</strong></span> <span class='ocrx_word' id='word_1_911' title='bbox 3174 5597 3275 5665; x_wconf 91' lang='lat' dir='ltr'><strong>Qui</strong></span> <span class='ocrx_word' id='word_1_912' title='bbox 3301 5593 3461 5650; x_wconf 83' lang='lat' dir='ltr'><strong>simul</strong></span> <span class='ocrx_word' id='word_1_913' title='bbox 3493 5604 3578 5648; x_wconf 81' lang='lat' dir='ltr'><strong>est</strong></span> 
     </span>
    </p>
   </div>
   <div class='ocr_carea' id='block_1_108' title="bbox 321 5661 3578 5739">
    <p class='ocr_par' dir='ltr' id='par_1_108' title="bbox 321 5661 3578 5739">
     <span class='ocr_line' id='line_1_108' title="bbox 321 5661 3578 5739; baseline 0.003 -28"><span class='ocrx_word' id='word_1_914' title='bbox 321 5668 481 5739; x_wconf 57' lang='lat' dir='ltr'><strong>tfvttts,</strong></span> <span class='ocrx_word' id='word_1_915' title='bbox 521 5664 584 5715; x_wconf 91' lang='lat' dir='ltr'><strong>de</strong></span> <span class='ocrx_word' id='word_1_916' title='bbox 618 5661 725 5739; x_wconf 72' lang='lat' dir='ltr'><strong>Deo</strong></span> <span class='ocrx_word' id='word_1_917' title='bbox 753 5665 1087 5739; x_wconf 64' lang='lat' dir='ltr'><strong>toto_,tuagis</strong></span> <span class='ocrx_word' id='word_1_918' title='bbox 1123 5683 1246 5721; x_wconf 85' lang='lat' dir='ltr'><strong>mss.</strong></span> <span class='ocrx_word' id='word_1_919' title='bbox 1278 5668 1368 5735; x_wconf 87' lang='lat' dir='ltr'><strong>qui</strong></span> <span class='ocrx_word' id='word_1_920' title='bbox 1400 5661 1566 5723; x_wconf 49' lang='lat' dir='ltr'><strong>se&#39;mel</strong></span> <span class='ocrx_word' id='word_1_921' title='bbox 1613 5661 1756 5723; x_wconf 74' lang='lat' dir='ltr'><strong>totus</strong></span> <span class='ocrx_word' id='word_1_922' title='bbox 1785 5678 1868 5723; x_wconf 88' lang='lat' dir='ltr'><strong>est</strong></span> <span class='ocrx_word' id='word_1_923' title='bbox 1896 5670 1962 5724; x_wconf 92' lang='lat' dir='ltr'><strong>de</strong></span> <span class='ocrx_word' id='word_1_924' title='bbox 1994 5669 2102 5725; x_wconf 88' lang='lat' dir='ltr'><strong>Deo</strong></span> <span class='ocrx_word' id='word_1_925' title='bbox 2131 5677 2261 5728; x_wconf 90' lang='lat' dir='ltr'><strong>toto.</strong></span> <span class='ocrx_word' id='word_1_926' title='bbox 2309 5661 2481 5739; x_wconf 68' lang='lat' dir='ltr'><strong>magis</strong></span> <span class='ocrx_word' id='word_1_927' title='bbox 2530 5686 2630 5723; x_wconf 84' lang='lat' dir='ltr'><strong>ms.</strong></span> <span class='ocrx_word' id='word_1_928' title='bbox 2668 5661 2801 5723; x_wconf 73' lang='lat' dir='ltr'><strong>Tliu.</strong></span> <span class='ocrx_word' id='word_1_929' title='bbox 2835 5673 2924 5724; x_wconf 80' lang='lat'><strong>90.</strong></span> <span class='ocrx_word' id='word_1_930' title='bbox 2959 5669 3051 5739; x_wconf 90' lang='lat' dir='ltr'><strong>qui</strong></span> <span class='ocrx_word' id='word_1_931' title='bbox 3092 5661 3260 5724; x_wconf 66' lang='lat' dir='ltr'><strong>seuiel</strong></span> <span class='ocrx_word' id='word_1_932' title='bbox 3310 5676 3454 5739; x_wconf 89' lang='lat' dir='ltr'><strong>totus</strong></span> <span class='ocrx_word' id='word_1_933' title='bbox 3487 5673 3578 5739; x_wconf 59' lang='lat' dir='ltr'><strong>est</strong></span> 
     </span>
    </p>
   </div>
   <div class='ocr_carea' id='block_1_109' title="bbox 318 5727 3585 5810">
    <p class='ocr_par' dir='ltr' id='par_1_109' title="bbox 318 5727 3585 5810">
     <span class='ocr_line' id='line_1_109' title="bbox 318 5727 3585 5810; baseline 0.004 -34"><span class='ocrx_word' id='word_1_934' title='bbox 318 5727 379 5782; x_wconf 82' lang='lat' dir='ltr'><strong>de</strong></span> <span class='ocrx_word' id='word_1_935' title='bbox 411 5729 538 5796; x_wconf 70' lang='lat' dir='ltr'><strong>Deo,</strong></span> <span class='ocrx_word' id='word_1_936' title='bbox 572 5733 738 5804; x_wconf 69' lang='lat' dir='ltr'><strong>magis</strong></span> <span class='ocrx_word' id='word_1_937' title='bbox 817 5734 902 5764; x_wconf 62' lang='grc' dir='ltr'><strong>’ττι</strong></span> <span class='ocrx_word' id='word_1_938' title='bbox 944 5727 1106 5798; x_wconf 55' lang='lat' dir='ltr'><strong>Magis</strong></span> <span class='ocrx_word' id='word_1_939' title='bbox 1149 5748 1231 5790; x_wconf 84' lang='lat' dir='ltr'><strong>aut</strong></span> <span class='ocrx_word' id='word_1_940' title='bbox 1270 5727 1446 5792; x_wconf 78' lang='lat' dir='ltr'><strong>minus</strong></span> <span class='ocrx_word' id='word_1_941' title='bbox 1478 5755 1600 5792; x_wconf 75' lang='lat' dir='ltr'><strong>mss.</strong></span> <span class='ocrx_word' id='word_1_942' title='bbox 1637 5756 1685 5793; x_wconf 79' lang='grc' dir='ltr'>ιιι</span> <span class='ocrx_word' id='word_1_943' title='bbox 1729 5739 1809 5808; x_wconf 68' lang='lat' dir='ltr'><strong>gis</strong></span> <span class='ocrx_word' id='word_1_944' title='bbox 1838 5749 1887 5793; x_wconf 88' lang='lat' dir='ltr'><strong>et</strong></span> <span class='ocrx_word' id='word_1_945' title='bbox 1924 5739 2101 5794; x_wconf 88' lang='lat' dir='ltr'><strong>minus</strong></span> <span class='ocrx_word' id='word_1_946' title='bbox 2182 5741 2270 5771; x_wconf 52' lang='grc' dir='ltr'><strong>’π’</strong></span> <span class='ocrx_word' id='word_1_947' title='bbox 2301 5740 2361 5796; x_wconf 80' lang='lat' dir='ltr'><strong>Et</strong></span> <span class='ocrx_word' id='word_1_948' title='bbox 2399 5727 2616 5797; x_wconf 47' lang='lat' dir='ltr'><strong>Summo</strong></span> <span class='ocrx_word' id='word_1_949' title='bbox 2648 5741 2873 5810; x_wconf 67' lang='lat' dir='ltr'><strong>simplici</strong></span> <span class='ocrx_word' id='word_1_950' title='bbox 2911 5727 3032 5795; x_wconf 54' lang='lat' dir='ltr'><strong>ms&#39;s.</strong></span> <span class='ocrx_word' id='word_1_951' title='bbox 3085 5756 3292 5795; x_wconf 80' lang='lat' dir='ltr'><strong>summe</strong></span> <span class='ocrx_word' id='word_1_952' title='bbox 3344 5733 3585 5804; x_wconf 76' lang='lat' dir='ltr'><strong>simplici</strong></span> 
     </span>
    </p>
   </div>
  </div>
