4030 6290
767 300 770 303 “
805 294 927 325 gat"?!

185 321 278 391 atto

1225 327 1312 384 DE
1355 314 1827 386 necessum;
1869 325 1928 384 s.
1977 326 2313 388 SPlltl'l‘US.

3347 333 3462 390 δια

193 467 298 508 :nen
352 457 436 505 est
461 447 534 502 de
583 444 780 516 seipse,
811 444 908 499 sed
964 444 1338 500 tantummodo
1388 443 1455 498 de
1509 441 1670 496 Patre
1713 451 1771 497 et:
1799 449 1843 505 Α
1870 453 1991 501 ctus
2021 455 2109 501 est
2146 446 2336 501 Adam.
2371 447 2440 502 At
2477 446 2710 502 lnferent
2739 446 2878 501 |“‘l":
2909 442 3296 500 Benedicimus
3325 443 3451 515 Spi-

208 542 331 595 ’ilie.

208 543 233 558 ..
260 543 331 595 ,η’

191 543 298 598 Μ’
641 626 868 685 carm
898 627 1011 682 xw
1041 626 1136 700 [aL
1170 627 1308 700 va;

1876 538 2036 593 ritum
2066 550 2316 594 sanctum
2349 555 2454 594 non
2489 537 2882 608 procedere‘de
2907 537 3060 601 Filio,
3088 535 3181 591 sed
3205 535 3272 590 de
3294 533 3456 590 Patre

1873 647 1971 702 per
2012 631 2228 700 Filium,
2257 631 2505 703 quamvis
2549 632 2619 686 sit
2647 632 2713 688 de
2745 631 2904 686 Patre
2933 639 2988 686 et
3030 630 3096 686 de
3125 627 3285 692 Filio,
3315 627 3462 689 sicut

190 725 330 790 Quod
390 722 623 793 Spiritus
664 733 878 776 sanctus
933 739 1036 776 non
1080 725 1326 791 procedat
1379 743 1412 793 ῃ
1464 721 1626 778 Putre
1682 739 1780 792 per
1875 723 2014 779 dicis
2038 724 2214 779 lacum
2245 741 2366 781 esse
2391 725 2456 780 de
2481 723 2630 778 fonte
2657 724 2802 778 etde
2827 724 2963 778 rivo.
2997 723 3070 777 De
3091 719 3460 791 processionis

243 791 492 858 Filium;
553 801 687 847 stcut
723 793 900 846 omnia
940 810 984 846 re
1018 793 1188 848 Putre
1223 811 1313 862 per
1376 791 1595 848 Verbum
1651 791 1774 848 sunt

241 885 404 952 facta.

251 996 620 1052 Dicent:Cur
646 1013 754 1052 non
800 996 1054 1051 similiter
1114 996 1202 1028 “7‘
1255 997 1438 1051 dicere
1489 1011 1774 1066 possumus

191 1089 446 1157 Spiritum
504 1097 752 1143 sanctum
802 1089 868 1143 de
910 1088 1071 1144 Patre
1101 1103 1198 1158 per
1224 1088 1422 1142 Filium
1458 1088 1771 1158 procedere,

189 1182 325 1235 sicut
348 1179 584 1235 dicimus
623 1195 652 1256 a
681 1178 843 1235 Patre
873 1180 1054 1235 omnia
1086 1179 1225 1235 facta
1251 1195 1346 1249 per
1369 1178 1600 1234 Verbum
1632 1178 1789 1249 quod

193 1282 269 1324 est
302 1272 396 1303 ¹⁶τ³
423 1271 639 1326 Filius?
671 1271 825 1327 Sient
851 1273 996 1326 enim
1027 1287 1148 1327 cum
1185 1272 1350 1327 Pater
1383 1271 1511 1326 facit
1537 1287 1634 1340 per
1653 1271 1778 1326 Ver-

191 1362 310 1416 lmm
349 1377 532 1427 sumo,
585 1377 690 1416 non
726 1361 858 1416 facit
887 1377 982 1432 per
1007 1361 1152 1414 aliud
1176 1375 1349 1431 quam
1374 1360 1598 1430 perhoc
1633 1361 1776 1431 quod

192 1453 434 1519 ipse‘est,
486 1453 586 1506 hoc
613 1462 697 1506 cst
727 1467 823 1520 per
870 1451 1220 1506 essentialetn
1270 1461 1610 1520 potestatem,
1659 1467 1778 1521 qua:

191 1553 266 1598 est
291 1544 481 1596 eadem
509 1543 668 1598 Verbi
695 1560 709 1609 ;
738 1553 794 1598 et
825 1553 1003 1598 tamen
1045 1544 1244 1598 dicitur
1298 1542 1480 1598 facere
1527 1559 1622 1613 per
1650 1543 1779 1598 Ver-

194 1636 310 1689 lmm
343 1635 437 1670 ⁸⁸⁷⁵
469 1652 482 1688 :
513 1651 611 1688 cur
659 1650 765 1689 non
793 1634 1044 1690 similiter
1083 1634 1314 1690 dicimus
1347 1633 1606 1704 Spiritum
1653 1650 1780 1689 san-

194 1735 328 1778 etum
359 1743 388 1777 a
422 1724 583 1780 Patre
603 1725 896 1796 procedere
932 1741 1028 1796 per
1053 1723 1285 1779 Verbum
1327 1740 1450 1779 etnu
1501 1739 1606 1778 non
1656 1739 1779 1794 pro—

1878 832 2109 888 namque
2138 819 2303 873 verbo
2325 821 2554 888 quaestio
2583 828 2668 874 est
2698 817 2840 871 inter
2865 829 3171 889 nos,qnam
3189 827 3284 866 vos
3309 825 3460 866 assc-

1878 907 1997 962 ritis
2025 923 2146 963 esse
2184 909 2250 962 de
2288 908 2443 971 Filio,
2484 918 2540 964 et
2577 923 2675 963 nos
2700 921 2958 976 negamus
2983 904 3074 937 ¹⁸⁸¹
3109 923 3122 958 :
3155 917 3282 958 ecce
3314 902 3458 956 enim

1878 999 2072 1054 videtis
2105 999 2278 1053 rivum
2311 999 2378 1054 de
2409 999 2556 1054 fonte
2587 997 2898 1070 procedere,
2933 995 3091 1064 quasi
3121 996 3186 1050 de
3209 993 3462 1064 originali

1878 1089 2178 1161 principio;
2215 1090 2363 1146 lacus
2404 1100 2583 1146 autem
2629 1103 2740 1143 non
2767 1087 3032 1158 procedit,
3062 1084 3155 1139 sed
3191 1084 3464 1155 colligitur

1879 1180 1945 1234 de
1997 1181 2136 1247 rivo,
2181 1180 2427 1251 quamvis
2455 1181 2652 1235 habeat
2673 1193 2793 1234 esse
2817 1178 2882 1232 de
2914 1176 3026 1232 illo.
3063 1175 3138 1230 lta
3172 1175 3336 1246 igitur
3359 1173 3464 1229 etsi

1881 1271 2117 1341 Spiritus
2153 1284 2374 1328 sanctus
2417 1273 2613 1327 habeat
2644 1286 2768 1327 esse
2813 1269 2882 1324 de
2933 1266 3104 1332 Filio,
3139 1281 3244 1321 non
3283 1275 3464 1319 tamen

1879 1363 2171 1432 procedere
2208 1365 2427 1434 proprie
2458 1364 2661 1419 dicitur
2707 1362 2794 1417 de-
2826 1358 2990 1424 Filio,
3050 1359 3144 1413 sed
3189 1357 3256 1412 de
3303 1355 3467 1410 Patre

1879 1453 2034 1523 quasi
2065 1454 2134 1509 de
2170 1455 2458 1525 principio.
2501 1453 2614 1509 Hoc
2643 1452 2872 1508 forsitan
2905 1451 3376 1512 diceretur’recte,
3419 1447 3468 1501 si

1881 1546 2051 1602 Filius
2077 1562 2306 1604 nascens
2336 1549 2403 1603 de
2429 1547 2598 1603 Patre
2615 1546 2934 1618 procederet
2958 1553 3112 1599 extra
3149 1539 3388 1604 Patrem,
3412 1549 3471 1593 et

1879 1637 2058 1692 medio
2087 1638 2322 1708 quodam
2352 1637 2529 1709 Spatio
2569 1635 2982 1700 interveniente,
3025 1634 3176 1703 prius
3206 1632 3470 1702 intellige-

1882 1736 2032 1782 retur
2055 1743 2177 1783 esse
2200 1727 2441 1799 Spiritus
2470 1737 2688 1783 sanctus
2717 1726 2784 1781 de
2810 1724 2974 1780 Patre
3003 1737 3171 1794 quam
3200 1721 3266 1776 de
3295 1719 3466 1784 Filio;

195 1814 344 1869 cedat
368 1831 398 1868 a
427 1813 607 1879 Patre,
642 1815 826 1870 niside
856 1816 959 1871 hoc
984 1825 1038 1870 et
1062 1829 1156 1886 per
1182 1814 1285 1870 hoc
1315 1815 1458 1884 quod
1513 1815 1654 1869 idem
1695 1824 1782 1870 est
1812 1812 1855 1867 Β
1881 1819 2022 1876 sicut
2052 1819 2200 1876 rivus
2229 1799 2294 1876 de
2331 1819 2482 1876 fonte‘
2507 1821 2677 1874 fluens
2708 1828 2861 1874 extra
2892 1815 3096 1872 fontem
3125 1813 3389 1886 procedit,
3414 1823 3472 1868 et

199 1905 280 1938 ³⁸⁷⁸
303 1905 382 1961 illi
407 1921 532 1961 cum
565 1906 704 1961 Filio
727 1908 978 1978 quatnvis
1021 1922 1126 1962 non
1175 1899 1560 1972 utmcreatura,
1605 1906 1698 1961 sed
1724 1914 1784 1960 ιιι

196 1994 424 2066 idipsum
452 1994 733 2052 deeodem
793 1996 946 2066 ipso?
1001 1997 1292 2052 Videamus
1327 1997 1456 2066 quid
1499 2007 1778 2066 sequatur,

197 2087 240 2141 si
275 2087 382 2163 hoc
412 2086 671 2153 dicimus;
701 2096 754 2141 et
794 2103 899 2157 pax
953 2089 1028 2143 sit
1074 2089 1216 2144 inter
1243 2105 1359 2144 nos.
1409 2087 1614 2160 Nempe
1663 2104 1785 2160 qua:

197 2167 330 2229 facta
357 2186 489 2230 sunt
513 2191 543 2229 a
567 2175 730 2231 Patre
775 2191 872 2246 per
905 2177 1158 2242 Verbum,
1201 2178 1339 2233 facta
1387 2188 1517 2232 sunt
1560 2177 1628 2232 ab
1667 2178 1784 2249 ipso

198 2264 614 2336 Verlio:ipsum
665 2283 900 2339 namque
953 2268 1185 2324 Verbum
1237 2270 1368 2324 dicit
1399 2269 1784 2339 :-Qurecunque

196 2360 324 2410 enim
359 2355 526 2412 Pater
565 2358 657 2390 ³⁸⁷⁸
683 2359 895 2428 fecerit,
938 2361 1050 2414 lucc
1088 2371 1135 2413 et
1179 2357 1352 2413 Filius
1387 2359 1630 2414 similiter
1655 2358 1781 2426 facit

197 2447 375 2512 (Joan.
417 2464 468 2512 v,
508 2448 612 2517 l9).
651 2449 1093 2519 Dicamusigitur
1123 2450 1247 2519 quia
1272 2451 1510 2520 Spiritus
1537 2461 1781 2516 sanctus,

196 2555 310 2591 «tutu
339 2542 589 2608 procedit
613 2557 642 2595 a
675 2541 834 2597 Patre
865 2558 959 2612 per
974 2541 1168 2596 Filium
1194 2583 1206 2605 ,
1239 2543 1488 2611 procedit
1512 2554 1564 2598 et
1595 2559 1625 2598 a
1651 2544 1786 2599 Filio

198 2630 484 2696 similiter;
519 2634 661 2688 sicut
689 2649 810 2701 qua:
839 2635 978 2690 facta
1004 2643 1131 2688 sunt
1160 2651 1188 2687 a
1209 2633 1370 2687 Patre
1402 2649 1498 2703 per
1530 2633 1784 2702 Verbum,

197 2723 334 2778 facta
362 2733 495 2779 sunt
518 2723 769 2780 similiter
795 2725 864 2780 ab
910 2727 1026 2796 ipso
1072 2725 1269 2789 Verbo,
1301 2726 1402 2782 nisi
1429 2727 1566 2783 forte
1591 2728 1786 2785 intelli-

196 2815 608 2886 guntSp'ritum
658 2829 906 2874 sanctmn
935 2820 1230 2889 procedere
1281 2821 1346 2875 de
1397 2820 1557 2875 Patre
1580 2820 1786 2892 perFio

194 2905 323 2960 lium
348 2909 808 2976 quemadmodum
864 2925 987 2965 cum
1052 2910 1174 2966 fons
1233 2911 1350 2966 [luit
1379 2913 1432 2966 in
1481 2912 1678 2979 rivum,
1735 2922 1790 2967 et

196 2996 346 3052 rivus
377 2996 652 3069 colligitur
678 3000 730 3053 in
760 2999 955 3063 laeum,
983 3001 1182 3056 dicitur
1211 3002 1360 3058 lacus
1394 3017 1514 3058 esse
1541 3001 1609 3057 de
1641 3002 1793 3059 fonte

194 3099 289 3153 per
316 3086 518 3142 rivum.
546 3089 653 3144 Sed
677 3090 878 3145 ibinon
907 3103 989 3146 est
1019 3081 1178 3148 rivus
1198 3094 1249 3147 in
1303 3093 1478 3156 fonte,
1509 3093 1602 3148 sed
1633 3107 1790 3150 extra

1885 1912 2118 1980 quodam
2170 1912 2456 1967 intervallo
2497 1911 2550 1966 in
2597 1911 2774 1966 lacum
2807 1908 3102 1979 colligitur,
3135 1915 3189 1962 et
3218 1905 3367 1976 prius
3388 1917 3474 1959 est

1886 1999 2036 2056 lacus
2072 2000 2136 2056 de
2184 2001 2330 2056 fonte
2385 2017 2546 2072 quam
2576 2001 2643 2055 de
2677 2001 2836 2055 rivo:
2868 2009 2924 2054 et
2971 1998 3090 2052 ideo
3118 2005 3199 2050 est
3225 1996 3291 2049 de
3323 1994 3472 2050 fonte

1885 2105 1982 2161 per
2026 2092 2226 2157 rivum,
2275 2107 2379 2148 non
2433 2092 2501 2148 de
2551 2092 2665 2145 rivo
2709 2107 2808 2162 per
2851 2089 3074 2146 fontetn.
3109 2086 3307 2141 Verum
3349 2104 3472 2143 cum

1885 2181 2056 2238 Filius
2097 2199 2325 2239 nascens
2355 2185 2422 2239 de
2464 2183 2624 2239 Patre
2672 2201 2776 2239 non
2825 2193 2984 2239 cacat
3029 2195 3182 2241 extra
3223 2184 3470 2243 Patrem;

1887 2275 1982 2329 sed
2017 2273 2070 2328 in
2103 2274 2220 2343 ipso
2248 2288 2495 2336 manens,
2535 2290 2632 2328 nec
2664 2273 2802 2339 loco,
2837 2288 2936 2327 nec
2965 2284 3231 2344 tempore,
3262 2289 3362 2328 nec
3383 2286 3469 2326 es-

1888 2367 2059 2422 sentia
2085 2367 2292 2423 divisus
2319 2368 2390 2422 sit
2414 2368 2504 2399 ¹⁶⁸¹
2526 2385 2554 2422 a
2579 2365 2770 2431 Patre;
2798 2376 2848 2422 et
2877 2384 3001 2437 cum
3024 2385 3189 2423 unum
3220 2367 3291 2422 sit
3311 2366 3478 2420 idem-

1887 2472 1994 2527 que
2025 2455 2174 2512 Patri
2196 2467 2246 2511 et
2283 2456 2416 2512 Filio
2439 2456 2489 2511 id
2521 2457 2663 2511 unde
2694 2457 2937 2526 procedit
2967 2456 3207 2526 Spiritus
3227 2464 3489 2519 sanctus,

1890 2565 1991 2604 nec
2047 2549 2270 2618 intelligi
2307 2557 2504 2619 potest,
2555 2563 2654 2602 nee
2701 2547 2807 2602 dici
2848 2547 3010 2603 debet
3044 2548 3306 2617 Spiritum
3349 2560 3473 2599 sau-

1891 2650 2036 2696 ctum
2066 2640 2361 2710 procedere
2383 2640 2449 2693 de
2472 2637 2655 2702 Patre,
2691 2649 2748 2693 et
2775 2653 2879 2692 non
2907 2639 2974 2692 de
2997 2637 3156 2692 Filio.
3190 2635 3306 2690 Non
3343 2650 3480 2706 ergo

1891 2734 2105 2788 videtur
2149 2747 2253 2802 qua
2305 2730 2515 2785 ratione
2563 2729 2778 2785 dicatur
2825 2729 3062 2800 Spiritus
3106 2735 3328 2782 sanctus
3370 2737 3480 2781 non

1895 2823 2208 2896 procedere
2233 2824 2300 2878 de
2332 2821 2490 2888 Filio,
2532 2821 2626 2876 sed
2678 2821 2746 2875 de
2794 2819 2954 2897 Patre
2984 2833 3081 2888 per
3108 2815 3321 2879 Filium,
3355 2825 3490 2870 cum

1894 2915 2104 2971 etiamsi
2133 2930 2228 2986 per
2249 2913 2443 2968 Filium
2468 2920 2858 2982 nequeat,.non
2891 2910 2956 2964 de
2981 2908 3136 2964 Filio.
3161 2905 3217 2962 Si
3251 2903 3372 2976 quis
3402 2915 3456 2960 ta

1896 3024 2020 3062 men
2073 3005 2186 3062 vult
2225 3005 2408 3061 dicere
2441 3004 2633 3060 Filium
2678 3004 2742 3060 de
2789 3003 2951 3059 Patre
2983 3000 3276 3074 prceedere
3304 3000 3484 3070 magis

1897 3101 2114 3173 proprie
2154 3115 2318 3170 quam
2369 3097 2628 3169 Spiritum
2664 3105 2908 3152 sanctmn
2943 3095 3008 3151 de
3037 3093 3198 3160 Filio,
3230 3092 3488 3163 quamvis

195 3176 401 3232 fontem
432 3181 567 3234 sit-ut
610 3191 696 3236 est
722 3181 890 3237 Filius
922 3183 972 3236 in
1005 3181 1186 3248 Patre,
1237 3194 1291 3239 et
1321 3199 1441 3238 non,
1477 3193 1627 3238 extra
1685 3184 1790 3239 Pa-
1818 3172 1867 3237 C
1899 3172 2132 3265 Spit-itus
2165 3200 2384 3248 sanctus
2415 3193 2480 3246 de
2511 3191 2630 3256 illo;
2674 3191 2815 3245 εξρυι
2847 3189 2994 3244 rivus
3026 3187 3196 3258 magis
3226 3184 3304 3240 iui
3335 3184 3484 3238 vide.

195 3279 358 3329 tecm.
388 3271 571 3339 Quare
593 3289 699 3329 non
751 3275 830 3330 sic
870 3287 952 3332 est
1009 3278 1100 3309 “‘77
1161 3278 1396 3348 Spiritus
1450 3291 1670 3337 sanctus
1725 3281 1792 3334 de

196 3361 358 3417 Patre
389 3364 722 3434 perEilium,
750 3369 888 3424 sicut
912 3380 992 3425 est
1024 3371 1180 3427 lacus
1197 3373 1263 3427 de
1296 3371 1446 3428 fonte
1463 3388 1561 3442 per
1593 3375 1789 3429 rivum.

191 3455 249 3510 Si
291 3465 478 3512 tamen
510 3454 718 3524 siccat,
752 3462 936 3532 negari
971 3464 1156 3534 nequit
1181 3477 1300 3519 esse
1330 3464 1396 3520 de
1435 3463 1572 3521 Filio
1602 3482 1795 3538 quam-

192 3547 273 3601 vis
301 3548 376 3602 sit
411 3548 479 3602 de
502 3548 663 3606 Patre
689 3567 786 3621 per
823 3552 1052 3620 Filium;
1086 3555 1228 3609 sicut
1250 3555 1529 3610 fatendmn
1578 3567 1664 3612 est
1716 3557 1794 3611 la-

189 3656 314 3692 eum
366 3657 491 3695 esse
551 3642 616 3696 de
638 3710 644 3717 .
670 3645 783 3698 rivo
819 3646 1072 3714 quamvis
1108 3647 1264 3701 sitde
1295 3647 1442 3702 fonte
1471 3663 1569 3717 per
1595 3650 1792 3706 rivum.

187 3733 290 3796 Qui
339 3736 492 3788 enim
525 3746 683 3806 negat
718 3737 894 3792 lucum
951 3756 1074 3795 esse
1126 3742 1194 3796 de
1240 3742 1356 3795 rivo
1413 3741 1506 3774 ⁸⁵⁷⁸
1537 3744 1792 3812 quoniam

185 3825 345 3893 prius
378 3837 465 3882 est
495 3828 560 3882 de
586 3829 732 3884 fonte
794 3831 942 3887 rivus
967 3833 1156 3888 adicat
1177 3851 1238 3890 se
1259 3851 1368 3891 non
1396 3848 1516 3892 esse
1545 3835 1610 3890 de
1635 3835 1798 3893 Patre

185 3936 320 3981 suo,
335 3922 440 3975 sed
482 3924 547 3976 de
572 3923 765 3990 Adam,
790 3927 1044 3996 quoniatn
1075 3943 1175 3998 per
1201 3929 1418 3986 Patrem
1443 3945 1599 3986 suum
1624 3939 1709 3986 est
1728 3933 1797 3987 de

183 4011 392 4064 Adam.
455 4012 607 4066 Dicat
632 4015 797 4069 etiam
846 4014 1044 4071 Filium
1100 4017 1330 4090 virginis
1382 4035 1488 4075 non
1545 4035 1668 4076 esse
1731 4021 1796 4075 de

182 4097 390 4164 Maria,
422 4116 524 4155 nec
545 4102 612 4157 de
637 4103 826 4168 David,
869 4121 969 4161 nec
998 4105 1353 4163 deAbrabam
1377 4126 1390 4174 ;
1417 4111 1673 4180 quoniam
1708 4110 1800 4164 isti

1897 3298 1984 3341 tur
2013 3286 2307 3355 procedere
2339 3283 2403 3337 de
2433 3283 2580 3337 fonte
2602 3297 2763 3352 quam
2791 3281 2941 3335 lacus
2964 3278 3030 3334 de
3054 3279 3170 3333 rivo
3196 3295 3210 3332 :
3254 3291 3320 3332 ne
3347 3291 3482 3330 con-

1896 3377 2052 3432 cedat
2091 3376 2353 3447 Spiritnm
2383 3371 2746 3429 sanctmn'm
2772 3371 3069 3441 procedere
3105 3369 3174 3423 de
3217 3366 3374 3430 Filio,
3415 3368 3486 3422 de

1897 3484 2005 3540 quo
2055 3467 2214 3522 liabet
2249 3483 2390 3531 esse,
2419 3465 2561 3521 sicut
2600 3465 2750 3520 lacus
2775 3465 2842 3519 de
2875 3464 3011 3530 rivo,
3058 3477 3158 3517 nos
3185 3477 3290 3516 non
3319 3476 3486 3533 nega-

1897 3578 2018 3616 mus
2064 3571 2378 3616 nascentem
2415 3558 2598 3628 aliquo
2635 3557 2794 3612 modo
2822 3556 3118 3629 procedere
3157 3555 3223 3610 de
3267 3554 3378 3619 illo,
3411 3553 3485 3608 de

1898 3668 2007 3723 quo
2058 3651 2334 3717 nascitur;
2388 3658 2443 3704 et
2477 3648 2742 3720 Spiritum
2781 3659 3027 3703 sanctum
3058 3645 3354 3702 asserimus
3385 3659 3487 3699 suo

1899 3745 2079 3808 modo.
2106 3761 2211 3799 non
2236 3743 2389 3815 quasi
2417 3743 2484 3798 de
2511 3742 2726 3798 duobus
2747 3741 3006 3807 fontibus,
3039 3739 3133 3796 sed
3157 3753 3284 3794 vere
3297 3739 3363 3793 de
3376 3751 3487 3791 uno

1899 3841 2047 3894 fonte
2072 3836 2396 3907 procedere;
2430 3835 2500 3890 ita
2536 3844 2712 3891 tamen
2745 3841 2804 3888 ut
2835 3847 3031 3888 nomen
3063 3822 3359 3884 nativitatis
3382 3843 3486 3883 nec

1899 3928 2174 3999 processio
2195 3911 2314 3981 Filii
2346 3926 2581 3992 amittat,
2627 3940 2727 3982 nec
2751 3924 2986 3993 Spiritus
3007 3921 3178 3977 sancti
3206 3918 3489 3990 processio

1898 4019 2144 4090 recipiat.
2192 4016 2309 4072 Non
2340 4015 2605 4087 estigitur
2629 4031 2728 4070 cur
2753 4015 2927 4085 magis
2962 4013 3066 4068 dici
3090 4011 3286 4067 debeat
3313 4008 3486 4064 Filius

1899 4109 2191 4181 pzocedcre
2217 4107 2282 4163 de
2307 4109 2467 4162 Patre
2513 4122 2676 4178 quam
2705 4105 2939 4176 Spiritus
2969 4112 3190 4159 sanctus
3227 4102 3295 4157 de
3323 4099 3495 4156 Filim

2263 4200 2492 4258 CAPUT
2532 4199 2671 4255 xvu
2714 4199 2811 4272 [αι.
2851 4195 3015 4270 xvm
3048 4195 3162 4250 tm.

1903 4299 2056 4364 Quod
2081 4299 2214 4351 sicut
2238 4295 2383 4349 locus
2409 4305 2484 4349 est
2513 4294 2576 4347 de
2609 4294 2714 4346 rivo
2735 4303 2783 4364 et
2813 4292 2979 4362 futue,
3002 4289 3330 4364 itttLSpiritus
3359 4304 3489 4343 utn-

179 4193 342 4256 prins
403 4192 497 4249 fue
530 4204 625 4249 unt
652 4195 718 4250 de
746 4195 915 4250 Adam
947 4214 962 4253 :
1002 4208 1058 4253 et
1079 4198 1225 4254 dicat
1272 4200 1467 4256 falsum
1496 4215 1616 4257 esse
1655 4201 1797 4272 quod

174 4285 498 4340 d’ezumesl
527 4287 758 4343 Abrabte
789 4308 800 4342 :
826 4287 890 4343 In
909 4291 1103 4346 semine
1124 4301 1213 4346 tuo
1231 4293 1600 4348 benedicentur
1620 4311 1797 4350 omnes

174 4386 370 4441 gentes
402 4375 558 4446 (Gen.
589 4393 723 4442 ml,
765 4377 874 4449 18).
903 4379 966 4434 Et
989 4382 1055 4434 ad
1074 4380 1240 4437 David
1271 4400 1286 4436 :
1314 4381 1389 4437 De
1415 4384 1786 4453 fructurentrit

1909 4360 1940 4364 Ἰ
2221 4377 2331 4420 clm
2361 4365 2609 4436 procedat
2636 4365 2700 4418 de
2725 4360 2888 4417 Patre
2919 4373 2965 4416 et
2999 4360 3162 4415 Filio.

172 4472 256 4518 mi
277 4485 495 4535 ponam
518 4486 676 4535 super
711 4471 881 4525 sedem
909 4482 1053 4526 (nam
1085 4471 1462 4543 (Psul.cx.vm,
1498 4476 1608 4546 Η).
1635 4476 1697 4531 Et
1730 4478 1786 4532 ad

1977 4461 2296 4534 Diligentius
2347 4459 2755 4516 consideremus
2797 4456 3080 4528 quomodo
3112 4453 3262 4510 lacus
3309 4453 3382 4510 sit
3419 4453 3488 4508 de

177 4562 431 4614 \lariam
462 4579 475 4613 :
511 4561 818 4616 Benedictus
873 4524 1312 4632 frucltts\centris
1335 4569 1410 4619 tui
1434 4524 1583 4638 (Luc:
1609 4586 1648 4634 ι,
1678 4567 1786 4638 42).

1900 4524 2312 4625 [ιιιιιε,”ῃ;ιιθίιριε
2331 4561 2388 4608 et
2422 4553 2488 4608 de
2517 4551 2632 4606 rivo
2667 4569 2679 4605 :
2707 4559 2763 4604 ut
2789 4524 2886 4619 per
2911 4550 3035 4611 hoc,
3059 4547 3196 4603 sicut
3227 4560 3322 4617 per
3353 4554 3492 4600 tem-

173 4655 472 4720 Dicatqnc
496 4653 772 4707 Christum
802 4671 906 4708 non
929 4668 1050 4709 esse
1078 4671 1264 4710 semen
1313 4658 1500 4712 borum
1520 4698 1536 4724 ,
1570 4658 1649 4713 vel
1685 4658 1797 4713 t'r.t-
1902 4653 2084 4724 porale
2114 4660 2166 4705 et
2219 4646 2391 4704 locale
2421 4644 2626 4716 aliquid
2669 4654 2855 4715 potest
2883 4641 3110 4712 intelligi
3138 4640 3284 4710 quod
3322 4647 3487 4693 teter-

176 4755 341 4797 etnm
379 4741 500 4812 57
537 4744 632 4797 sed
669 4743 829 4808 Adtc;
877 4745 1132 4814 quoniam
1169 4747 1253 4801 isti
1285 4749 1352 4802 ab
1385 4749 1476 4802 illo
1505 4749 1796 4802 descende-
1901 4761 2029 4799 tlttlll
2081 4751 2186 4808 est,
2221 4753 2613 4812 cognoscamus
2667 4736 2932 4807 Spiritum
2979 4742 3229 4790 sanctum
3268 4743 3391 4786 esse
3418 4726 3488 4781 de

171 4847 305 4890 ιιιιιι
339 4836 475 4892 ¹⁶⁷⁹.
528 4837 633 4891 Sed
671 4852 843 4906 neque
880 4837 944 4892 de
995 4837 1166 4892 Adam
1195 4847 1276 4894 est
1328 4839 1496 4896 Filius
1541 4840 1795 4913 Virginis,
1899 4839 2062 4894 Patre
2098 4835 2334 4913 et‘Filio.
2363 4832 2524 4887 Multa
2553 4831 2698 4886 enim
2722 4832 2774 4884 in
2806 4830 2998 4886 horutn
3028 4822 3486 4883 consideratione,

169 4932 508 4988 secundum
552 4931 694 4986 hunc
742 4948 958 4987 sensum
988 4951 1002 4998 ;
1037 4933 1130 4989 sed
1161 4935 1226 4988 de
1261 4934 1408 5000 limo,
1453 4933 1518 4988 de
1569 4911 1676 5004 quo
1720 4933 1798 4987 fa-
1902 4932 2042 4986 sicut
2075 4929 2128 4983 in
2170 4911 2400 4998 epistola
2433 4923 2501 4979 ad
2530 4921 2858 4978 venerabilis
2888 4917 3160 4976 memoriae
3208 4913 3486 4970 Urbanum

1537 5026 1618 5081 VA
1631 5025 1767 5080 [{le
1808 5019 2215 5080 LEC'I'IONES.

241 5125 351 5156 ‘5"
397 5120 622 5183 Dicent,
651 5121 761 5176 Cur
807 5137 909 5173 non
941 5120 1188 5175 similiter
1247 5131 1345 5176 etc.
1403 5119 1470 5174 In
1525 5137 1620 5173 ms.
1678 5118 1836 5174 Corb.
1898 5118 1982 5170 hic
2038 5115 2196 5169 modo
2257 5114 2454 5186 incipit
2507 5110 2677 5178 Caput
2722 5101 3488 5186 Δρζὶηξψεοηιὶηκιξξηςᾳη·

159 5193 356 5265 εσρω
403 5173 746 5265 ίρ-ιέὰνίεὲιέηξ
776 5261 787 5265 Α
813 5191 904 5222 ⁸⁸⁷³
931 5173 1057 5245 Per
1082 5173 1311 5265 verbum
1367 5173 1501 5245 facta
1553 5190 1694 5260 quod
1738 5187 2170 5265 'e_s_t_mss._faeta
2205 5200 2304 5256 per
2343 5173 2768 5265 vulturii-quod
2791 5179 2938 5265 ν¹⁶⁷δ
2975 5173 3490 5265 monhdli‘citnu‘r

427 5242 789 5316 indeuia
848 5242 950 5331 per
983 5242 1500 5331 Eiertviinﬂim’."
1545 5242 1724 5314 tamen
1760 5242 2183 5331 diciturfacerg
2208 5242 2310 5327 per
2351 5242 2904 5331 verbumv'm'iNou
2933 5242 3486 5331 procedatdePatre,

160 5315 406 5392 ilisi'de
442 5333 551 5386 hoc
583 5315 725 5401 quod
758 5315 899 5387 idein
928 5342 1010 5385 est
1038 5315 1171 5385 ίηιςε.
1199 5343 1245 5385 et
1278 5329 1424 5385 Edit.
1458 5329 1612 5385 Catii.
1645 5346 1750 5383 non
1796 5329 2052 5398 procedat
2083 5343 2112 5380 a
2145 5315 2328 5401 Pa'tre,
2361 5325 2464 5379 nisi
2497 5324 2564 5376 de
2599 5315 2700 5376 lioc
2727 5330 2789 5401 et.
2811 5334 2920 5401 per;
2933 5315 3034 5401 hoc
3059 5316 3212 5401 quod
3235 5315 3488 5401 idcmde‘st

157 5385 682 5474 Qi‘i‘dﬂécunqne
713 5385 870 5457 Pater
919 5418 1045 5454 utar.
1095 5401 1442 5474 ρ’·ιιιεριωηηεξ
1502 5402 1644 5474 enim
1679 5385 1837 5474 Pater
1868 5401 1959 5474 {6"
1993 5401 2173 5465 Quare
2198 5398 2277 5474 sic
2310 5385 2417 5474 non
2448 5401 2690 5474 esurias.
2729 5385 2943 5474 Vict-9.
2977 5385 3131 5474 carl».
3170 5386 3488 5474 Quare-titan

153 5486 237 5534 sic
274 5453 1050 5544 cZi'T'e‘tjatenEane{illa
1078 5453 1377 5544 ’ὥςδῖᾮῖέά
1398 5453 1650 5544 (Iarbas.
1685 5453 2051 5544 Mendaeum
2076 5484 2195 5544 esse
2225 5468 2292 5544 de
2325 5468 2454 5544 rivo
2640 5460 3042 5544 Descettderttnt
3065 5453 3285 5544 13:38.18.

424 5543 530 5600 iilo
564 5525 903 5597 descendunt
936 5525 948 5528 ⁷
981 5543 1070 5573 ¹⁶⁸⁰
1101 5544 1167 5596 At
1195 5525 1429 5597 infer'ent
1455 5525 1553 5596 etc.
1600 5541 1661 5594 In
1694 5558 1791 5594 ms.
1825 5541 1986 5612 Corb,
2032 5541 2116 5592 ltic
2159 5538 2312 5591 modo
2350 5534 2530 5601 incipit
2559 5530 2869 5612 Cupntulli‘.‘
2893 5529 3035 5584 Olim
3076 5525 3496 5612 continuabatt‘t‘r

406 5593 725 5689 prtecetlem
804 5614 891 5644 ‘5‘“
937 5612 1007 5666 De
1041 5613 1196 5689 filio,
1241 5630 1337 5667 nos
1395 5627 1804 5689 neganntsntss.
1838 5613 1901 5664 de
1939 5610 2094 5668 Filio,
2129 5618 2181 5660 et
2215 5623 2310 5660 nos
2331 5593 2647 5689 purgamus
2691 5602 2782 5633 ⁸⁸⁸⁸
2812 5601 3066 5689 Diversus
3097 5605 3169 5656 sit
3207 5616 3235 5653 a
3264 5614 3390 5689 nisi.
3415 5593 3485 5689 lS:

390 5667 574 5740 Core.
609 5667 811 5737 divisus
855 5694 937 5737 est
982 5683 1105 5714 """3
1128 5667 1252 5737 (vi...
1285 5667 1546 5738 concedat
1579 5683 1838 5750 Spiritum
1879 5698 2002 5734 mss.
2039 5697 2104 5733 ne
2143 5677 2405 5731 concedat
2425 5667 2708 5750 'Spiritum
2762 5689 2859 5750 ms:
2910 5670 3064 5727 Corb.
3098 5688 3195 5727 nec
3225 5667 3499 5726 concedat

151 5741 480 5836 Spiritum
521 5755 610 5785 "‘“
644 5756 774 5810 (lar.
817 5756 894 5808 lt}.
940 5754 1030 5808 list
1075 5755 1125 5808 in
1170 5771 1263 5816 ms.
1301 5753 1452 5808 (λοι-ὑ.
1488 5741 1654 5823 Caput
1700 5753 1780 5806 Π.
1818 5752 1939 5806 aliut
1985 5753 2035 5803 in
2079 5749 2259 5803 eodem
2300 5763 2396 5800 ins.
2442 5754 2550 5799 crut
2590 5743 2756 5815 Caput
2797 5741 2857 5798 l4
