4030 6290
563 320 667 383 ω

1066 319 1128 374 S.
1174 318 1468 376 ANSELMI
1499 313 1828 373 CANTUAR
1890 311 2211 370 MICHIEP.
2250 312 2401 368 OPP.
2447 309 2623 366 PARS
2664 309 2702 363 l.
2744 340 2753 346 -
2849 308 3268 366 DOGMATICA.

3714 310 3819 372 349.

584 448 763 506 δτιμαῖ
786 428 971 489 ἀθ¹¹⁸³
1011 429 1383 487 incarnatione
1413 427 1571 483 Verbi
1607 427 1823 499 scripsi,
1859 427 2142 482 inveniun—
2172 424 2217 481 Α
2245 421 2478 492 Spiritus
2500 431 2721 477 sanctus
2758 421 3080 492 principium
3115 421 3232 477 sive
3275 430 3507 479 creator.
3552 422 3615 480 Si
3659 425 3827 497 igitur

572 541 806 597 1111⁵11113
854 524 949 579 uni
992 524 1101 579 Deo
1128 532 1183 577 et
1220 524 1395 577 tribus
1419 522 1668 592 personis
1721 536 1816 592 per
1850 520 2139 592 quamdam

571 615 983 672 similitudinem
1046 623 1322 682 aptantur.
1409 612 1635 667 Constat
1704 613 1864 682 quia!
1898 627 2009 665 una
2052 610 2142 644 ιη’

570 708 866 776 eidemque
895 721 1032 774 aqua
1061 715 1167 771 est,
1189 720 1309 775 qua:
1340 714 1396 760 et
1425 704 1565 769 fons,
1604 714 1659 758 et
1693 705 1857 767 rivus,
1898 714 1953 758 et
1995 704 2144 760 lacus

569 799 789 860 dicitur,
813 812 916 850 non
942 806 1050 851 tres
1085 812 1260 867 aqua),
1283 796 1530 866 quamvis
1548 805 1660 851 tres
1677 796 1807 859 sint,
1831 796 1971 861 fons,
1996 796 2144 850 rivus

568 900 623 942 et
654 890 820 943 lacus.
856 890 1235 945 Disceruamus
1261 890 1442 959 itaque
1469 890 1607 943 inter
1632 888 1856 955 fontem,
1887 891 2063 945 rivum
2086 898 2146 943 et

568 978 777 1043 lacum;
809 988 864 1033 et
900 980 1178 1034 videamus
1209 980 1334 1050 quid
1359 980 1565 1049 singula
1594 979 1684 1011 ¹⁶⁸⁷
1714 981 1849 1044 haec,
1879 997 2001 1035 cum
2041 980 2141 1034 tria

569 1073 700 1138 sint,
739 1073 792 1127 in
850 1089 956 1128 una
1003 1073 1369 1143 intelligantur
1406 1090 1567 1144 aqua.
1619 1075 1672 1128 lu
1728 1074 1878 1129 fonte
1922 1076 2145 1144 quidem

570 1180 710 1232 aqua
756 1166 821 1219 de
857 1167 1055 1235 abysso
1083 1165 1378 1219 ascendens
1408 1165 1629 1230 ebullit;
1657 1165 1706 1217 itt
1738 1166 1853 1219 rivo
1888 1166 1957 1220 tle
1997 1165 2149 1219 fonte

568 1256 903 1312 descendens
952 1256 1104 1320 fiuit;
1148 1258 1201 1311 in
1234 1256 1349 1311 lacu
1406 1258 1792 1329 colligitur‘m
1840 1266 1895 1312 et
1938 1267 2142 1313 manet.

568 1343 674 1399 Per
702 1346 903 1401 fontem
950 1362 1078 1417 ergo
1121 1347 1438 1418 intelligitur
1468 1363 1603 1417 aqua
1657 1350 1722 1402 de
1767 1349 1961 1419 abysso
1994 1349 2144 1403 elud-

569 1438 737 1505 l’eus;
767 1454 863 1508 per
893 1439 1082 1500 rivum,
1115 1440 1239 1509 quia
1272 1440 1337 1495 de
1365 1440 1509 1494 fonte
1544 1440 1689 1505 fluit;
1722 1457 1815 1511 per
1838 1440 2141 1503 lacum‘m,

569 1529 696 1599 quia
727 1529 887 1584 simul
921 1530 990 1584 ibi
1028 1531 1379 1585 coadunatur.
1412 1528 1668 1583 Videmus
1699 1540 1877 1584 autem
1909 1529 2034 1600 quia
2069 1530 2145 1584 ri-

569 1634 669 1673 vus
698 1633 801 1673 non
838 1628 921 1673 est
953 1619 1019 1675 de
1059 1620 1160 1673 hoc
1206 1619 1347 1674 unde
1372 1635 1511 1688 aqua
1545 1619 1664 1674 fons
1690 1620 1916 1684 dicitur;
1948 1620 2042 1675 sed
2079 1620 2146 1675 de

568 1712 672 1764 hoc
700 1712 839 1780 quod
891 1720 995 1773 est,
1025 1698 1077 1765 id
1103 1720 1187 1765 est
1232 1712 1298 1766 de
1320 1726 1488 1781 aqua;
1521 1726 1620 1766 nec
1655 1711 1806 1766 lacus
1832 1721 1916 1766 est
1947 1711 2013 1765 de
2042 1710 2144 1766 lioc

2245 516 2492 584 quamvis
2540 514 2701 567 Pater
2736 514 2806 567 sit
2840 513 3181 583 principium,
3212 524 3267 568 et
3312 514 3478 570 Filius
3525 515 3595 571 sit
3623 518 3820 587 princi-

2245 609 2410 677 pium.
2443 616 2498 661 et
2529 606 2762 675 Spiritus
2788 615 3013 661 sanctus
3040 607 3113 660 sit
3142 606 3497 678 principium,
3520 620 3819 665 nontamen

2244 707 2372 753 sunt
2414 698 2514 753 tria
2564 699 2852 769 principia,
2906 699 3000 752 sed
3047 715 3211 754 unum
3246 717 3259 753 :
3296 700 3391 763 ita,
3431 714 3553 756 cum
3590 701 3823 772 Spiritus

2246 800 2464 845 sanctus
2495 791 2693 846 dicitur
2734 806 2860 847 esse
2880 792 2946 847 de
2975 790 3133 846 Patre
3159 801 3213 847 et
3245 792 3311 847 de
3331 792 3489 858 Filio,
3516 802 3622 847 non
3648 802 3733 848 est
3759 794 3824 847 de

2247 882 2458 936 duobus
2489 881 2793 951 principiis,
2842 882 2935 937 sed
2991 883 3057 937 de
3100 898 3226 949 uno,
3278 885 3419 949 quod
3461 892 3546 939 est
3574 883 3737 939 Pater
3772 892 3822 939 cf

2247 972 2439 1037 Filius,
2481 973 2617 1028 sicut
2646 984 2728 1028 est
2755 975 2821 1030 de
2847 990 2954 1029 uno
2985 973 3093 1028 Deo
3122 974 3211 1044 qui
3244 982 3327 1029 est
3356 974 3519 1031 Pater
3543 984 3598 1029 et
3626 975 3819 1040 Filius;

2246 1067 2289 1120 si
2310 1078 2487 1121 tamen
2520 1066 2614 1098 ¹⁶⁹³
2645 1067 2753 1121 dici
2795 1067 2955 1122 debet
2984 1069 3123 1123 Deus
3152 1070 3353 1122 habere
3382 1069 3707 1138 principium
3734 1078 3823 1124 aut

2248 1174 2495 1215 causam.
2512 1157 2842 1228 Principium
2865 1174 3098 1228 namque
3122 1159 3332 1213 videtur
3356 1160 3567 1214 nonnisi
3596 1160 3671 1214 rei
3698 1160 3826 1213 inci-

2248 1250 2443 1320 pientis
2471 1265 2590 1306 esse
2615 1250 2705 1284 ¹⁶⁹⁶
2734 1260 2789 1305 et
2812 1267 2969 1305 causa
3005 1252 3217 1304 ntmnisi
3246 1251 3468 1307 effectus
3492 1250 3748 1318 alicuius;
3773 1261 3823 1308 et

2248 1345 2482 1414 Spiritus
2512 1352 2729 1399 sanctus
2751 1358 3023 1413 nunquam
3054 1343 3273 1412 inrmpit
3296 1359 3437 1407 esse,
3465 1359 3567 1397 nec
3588 1354 3672 1397 est
3702 1342 3825 1397 effe-

2246 1443 2368 1488 ctus
2406 1433 2635 1503 alicujus
2660 1434 2770 1488 ³⁸⁸⁷.
2806 1433 2956 1501 Quod
3009 1433 3152 1486 enim
3205 1434 3393 1503 incipit
3430 1449 3573 1501 esse,
3615 1433 3825 1505 proﬁcit

2248 1527 2314 1580 de
2343 1541 2446 1580 non
2477 1542 2595 1581 esse
2619 1524 2686 1579 ad
2714 1540 2833 1582 esse
2859 1544 2872 1579 :
2904 1538 2957 1580 et
2988 1540 3179 1580 nomen
3212 1524 3459 1589 effectus,
3489 1527 3565 1580 rei
3598 1544 3719 1596 qua:
3770 1528 3826 1581 fit

2247 1619 2419 1688 aptari
2468 1619 2680 1673 videtur
2730 1618 2972 1688 proprie.
2999 1618 3262 1684 Quoniam
3297 1626 3478 1672 tamen
3511 1618 3609 1651 *m
3640 1633 3821 1673 verum

2248 1719 2331 1765 est
2367 1711 2559 1765 Filium
2604 1725 2725 1765 esse
2756 1710 2824 1765 de
2864 1709 3041 1771 Patre,
3088 1719 3142 1762 et
3190 1709 3452 1780 Spiritum
3488 1719 3733 1765 sanctum
3766 1710 3825 1761 de

568 1802 709 1856 unde
733 1817 871 1873 aqua
904 1802 1100 1857 dicitur
1138 1802 1267 1856 fons
1292 1812 1387 1856 aut
1424 1803 1593 1867 rivus,
1625 1802 1716 1857 sed
1745 1803 1811 1856 de
1840 1802 1953 1872 ipsa
1980 1816 2140 1871 aqua,
2178 1789 2220 1849 Β
2252 1801 2409 1856 Patre
2456 1809 2511 1855 et
2552 1800 2705 1863 Filio,
2753 1801 2796 1856 si
2835 1815 2935 1855 suo
2968 1799 3221 1855 ineffabili
3263 1801 3496 1870 quodam
3554 1802 3716 1855 modo
3738 1800 3827 1832 “”

568 1908 689 1962 quae
714 1910 819 1948 uua
848 1903 903 1949 et
929 1895 1117 1950 eadem
1140 1903 1223 1949 est
1258 1894 1309 1949 in
1337 1895 1486 1949 fonte
1511 1903 1565 1949 et
1596 1895 1731 1949 rivo.
1768 1893 1883 1948 Non
1914 1909 2043 1964 ergo
2079 1894 2146 1948 de

568 1983 692 2052 hoc,
723 1984 863 2039 unde
892 1984 1143 2045 differunt
1175 1984 1295 2040 fons
1322 1994 1375 2038 et
1406 1986 1581 2049 rivus;
1611 1984 1705 2039 sed
1730 1985 1795 2039 de
1826 1984 1928 2039 hoc
1959 1985 2011 2038 in
2040 1999 2148 2055 quo

571 2092 736 2128 ιιιιυιιι
763 2086 908 2137 sunt,
942 2075 1088 2131 lacus
1120 2077 1323 2132 existit.
1352 2074 1406 2131 Si
1433 2090 1561 2143 ergo
1592 2091 1697 2130 non
1728 2075 1898 2145 magis
1929 2075 2049 2129 fons
2066 2084 2150 2130 est

568 2166 673 2219 hoc
703 2166 842 2219 unde
872 2166 1021 2221 lacus
1068 2176 1151 2222 est
1178 2182 1338 2236 quam
1374 2166 1557 2230 rivus,
1593 2165 1777 2235 nequit
1816 2165 2041 2235 intelligi
2073 2165 2149 2219 la-

569 2273 665 2312 cus
703 2258 874 2328 magis
903 2272 1022 2313 esse
1071 2258 1137 2313 de
1181 2258 1326 2313 forute
1367 2274 1529 2328 quam
1559 2257 1625 2312 de
1663 2258 1798 2312 rivo.
1841 2257 1932 2312 Sic
1965 2258 2149 2328 itaque

565 2362 691 2402 cum
716 2349 811 2381 ¹⁶⁹⁰
848 2348 1043 2404 dicitur
1069 2348 1207 2405 Deus
1234 2349 1415 2414 Pater,
1452 2358 1543 2403 aut
1570 2348 1757 2414 Filius,
1785 2358 1880 2403 aut
1915 2350 2150 2419 Spiritus

568 2448 821 2505 sanctus;
857 2456 961 2495 una
990 2441 1044 2497 in
1076 2443 1247 2496 tribus
1279 2439 1593 2512 intelligitur
1627 2442 1884 2505 essentia,
1920 2449 1977 2496 et
2010 2457 2149 2496 unus

568 2532 730 2593 Deus.
760 2534 901 2598 quod
950 2549 1143 2589 nomen
1180 2544 1262 2588 est
1298 2534 1469 2601 ipsius
1497 2531 1915 2602 significativum
1958 2549 2147 2590 essen-

567 2633 689 2691 tne;
720 2627 815 2680 sed
850 2625 904 2681 in
931 2626 1091 2683 Patre
1122 2627 1438 2697 intelligitur
1472 2632 1724 2701 gignens,
1754 2630 1806 2683 iu
1837 2626 1972 2683 Filio
2000 2628 2149 2697 geni-

570 2726 677 2779 tus.
707 2726 760 2773 et
790 2717 842 2771 in
872 2717 1075 2788 Spiritu
1108 2730 1297 2774 sancto
1323 2719 1578 2788 singulari
1603 2720 1836 2790 quodam
1872 2728 1924 2775 et
1958 2718 2146 2775 iuef‘l'a-

566 2807 659 2861 bili
701 2808 861 2863 modo
911 2808 1229 2878 procedens.
1284 2808 1746 2875 Quemadmodum
1792 2808 1960 2878 igitur
1998 2806 2148 2863 lacus

568 2912 676 2954 non
700 2906 786 2952 est
813 2898 879 2951 de
902 2898 1021 2960 hoc,
1047 2898 1188 2951 unde
1218 2897 1416 2951 diversi
1443 2905 1570 2951 sunt
1590 2897 1659 2953 ab
1687 2896 1918 2951 invicem
1947 2895 2068 2950 fons
2093 2904 2147 2950 et

568 2989 746 3053 rivus;
778 2989 872 3044 sed
901 2988 966 3042 de
994 3004 1139 3059 aqua
1166 2989 1218 3042 in
1240 3004 1343 3056 qua
1368 3004 1533 3042 unum
1562 2995 1689 3043 sunt
1714 2987 1929 3049 Hm:ita
1972 2986 2148 3057 Spiri-

572 3090 657 3132 tus
687 3088 910 3133 sanctus
944 3094 1048 3134 non
1075 3088 1157 3133 est
1195 3094 1259 3135 oe
1301 3082 1428 3145 hoc,
1460 3080 1604 3135 unde
1635 3079 1721 3133 alii
1749 3088 1875 3133 sunt
1911 3079 1980 3134 ab
2011 3077 2146 3132 invi-

569 3185 687 3224 cem
719 3169 876 3224 Pater
913 3180 965 3225 et
994 3170 1192 3236 Filius;
1241 3170 1334 3226 sed
1367 3171 1433 3227 de
1459 3171 1636 3226 divina
1666 3169 1925 3235 essentia,
1960 3170 2011 3224 in
2040 3183 2142 3240 qua

569 3277 734 3315 unum
770 3271 915 3316 sunt.
963 3261 1017 3316 Si
1060 3279 1190 3333 ergo
1223 3279 1330 3318 nou
1370 3264 1541 3333 magis
1568 3275 1650 3318 est
1679 3263 1840 3319 Pater
1871 3264 1974 3318 hoc
2004 3264 2149 3317 unde

569 3355 805 3424 Spiritus
831 3364 1051 3410 sanctus
1073 3371 1154 3410 est
1179 3373 1338 3427 quam
1368 3357 1537 3412 Filius
1556 3399 1572 3423 ,
1601 3357 1821 3429 intelligi
1845 3358 2031 3426 nequit
2050 3371 2147 3411 cur

569 3446 741 3516 magis
770 3449 841 3500 sit
875 3447 941 3501 de
970 3447 1127 3502 Patre
1152 3463 1317 3515 quam
1340 3449 1415 3503 de
1439 3448 1596 3503 FlllOs

898 3536 1125 3592 CAPUT
1165 3538 1325 3593 xvut
1360 3539 1455 3611 [aL
1492 3539 1654 3613 xvuj
1685 3540 1797 3594 ιευ.

586 3636 751 3693 αππιαν
774 3634 825 3684 τε
846 3626 1016 3681 Filius
1035 3638 1152 3682 sunt
1181 3646 1341 3683 unum
1370 3630 1680 3699 principium
1706 3630 1934 3700 Spiritus
1958 3630 2146 3684 sancti.

641 3719 793 3784 Quod
821 3720 863 3774 si
893 3719 1078 3773 dicunt
1106 3736 1215 3775 non
1230 3734 1353 3775 eum
1378 3734 1497 3775 csso
1518 3735 1672 3790 pesse
1699 3721 1763 3775 de
1787 3720 1994 3774 duabus
2017 3735 2145 3774 cau-

571 3811 669 3871 sis,
699 3809 813 3863 sive
858 3825 923 3863 ex
958 3810 1163 3865 duobus
1202 3810 1501 3880 principiis,
1540 3812 1925 3880 respondemus
1960 3808 2123 3876 :'Quo

570 3899 714 3952 uiam
740 3899 880 3954 sicut
925 3916 1031 3954 non
1060 3901 1327 3957 credimus
1358 3901 1617 3970 Spiritum
1652 3913 1896 3956 sanctum
1929 3918 2049 3957 esse
2080 3901 2144 3956 de

567 3993 667 4046 hoc
697 3993 837 4047 unde
863 3994 968 4047 duo
994 4006 1119 4048 sunt
1146 3992 1310 4050 Pater
1333 4003 1387 4049 et
1408 3994 1595 4059 Filius,
1609 3995 1701 4050 sed
1731 3995 1802 4049 de
1825 3995 1927 4050 hoc
1954 3994 2006 4048 in
2036 4009 2142 4064 quo

568 4099 729 4136 lllltltlt
757 4094 910 4149 sunt,
946 4086 1016 4139 ita
1051 4102 1156 4140 non
1190 4086 1423 4142 dicimus
1449 4088 1554 4141 duo
1585 4102 1703 4142 esse
1725 4088 1841 4157 ejus
1868 4087 1960 4118 ¹⁶⁹³
1989 4087 2141 4156 priu-

565 4173 729 4238 eip'a,
772 4174 865 4229 sed
904 4191 1069 4229 unum
1113 4177 1459 4247 principium.
1496 4177 1704 4247 Quippe
1752 4193 1873 4231 cum
1910 4178 2142 4231 dicimus

572 4265 740 4315 Deum
791 4266 1111 4334 principium
1158 4275 1443 4332 creaturae,
1472 4266 1819 4337 intelligimus
1850 4268 1922 4322 Pa
1950 4283 2060 4322 rem
2087 4278 2141 4322 et

567 4348 760 4405 Filium
788 4364 840 4407 et
878 4355 1139 4424 Spiritum
1188 4363 1432 4410 sanetum
1467 4370 1628 4409 unum
1658 4357 1999 4426 principium,
2034 4374 2136 4409 non

566 4444 665 4496 tria
701 4445 995 4517 principia;
1026 4447 1167 4500 sicut
1192 4462 1353 4500 unum
1370 4447 1698 4509 Creatorem,
1727 4464 1828 4502 non
1857 4458 1965 4501 tres
1986 4463 2132 4501 crea-

565 4546 727 4599 tures,
759 4538 1004 4606 quamvis
1046 4548 1155 4593 tres
1192 4538 1300 4594 sint
1342 4540 1503 4595 Pater
1542 4550 1597 4595 et
1628 4540 1795 4595 Filius
1813 4553 1866 4594 et
1897 4540 2134 4608 Spiritus

562 4636 813 4693 sanctus;
848 4629 1099 4697 quoniam
1136 4645 1230 4699 per
1282 4631 1381 4685 hoc
1422 4631 1473 4685 iu
1508 4647 1614 4702 quo
1658 4647 1820 4685 manu
1852 4640 1998 4694 sunt,
2027 4646 2131 4684 non

560 4732 657 4783 per
688 4717 786 4773 hoc
830 4719 972 4788 quod
998 4728 1109 4774 tres
1148 4730 1274 4775 situt
1297 4722 1384 4754 “9‘
1415 4733 1496 4776 est
1528 4714 1687 4777 Pater
1724 4732 1815 4776 aut
1848 4722 2015 4777 Filius
2039 4732 2132 4776 aut

2250 1894 2582 1964 intelligitur,
2614 1894 2869 1964 quoniam
2903 1894 3061 1948 aliter
3083 1894 3309 1964 proferri
3343 1895 3550 1965 nequit,
3580 1894 3687 1948 dici
3718 1909 3824 1949 non

2251 1987 2543 2057 incongrue
2600 1995 2783 2055 potest
2840 1986 3000 2040 Pater
3066 1987 3465 2056 quodammodo
3504 1987 3827 2056 principium

2248 2077 2391 2142 Filii,
2421 2087 2474 2132 ct
2511 2077 2667 2131 Pater
2693 2086 2748 2130 et
2789 2076 2956 2131 Filius
2999 2077 3320 2147 principium
3354 2076 3591 2147 Spiritus
3632 2079 3825 2132 sancti.

2250 2167 2360 2223 Nec
2393 2176 2567 2222 tamen
2596 2168 2707 2220 duo
2723 2167 3045 2221 confitemur
3071 2168 3368 2238 principia;
3399 2184 3589 2233 unum,
3617 2165 3831 2220 Patrem

2251 2259 2317 2313 ad
2343 2258 2533 2313 Filium
2568 2258 2692 2324 ‘7”;
2723 2258 2974 2321 alterum,
3011 2258 3223 2313 Patrem
3259 2268 3314 2314 et
3347 2259 3538 2314 Filium
3565 2260 3629 2312 ad
3664 2258 3836 2327 Spiri-

2254 2359 2650 2405 tutnsanctum.
2689 2350 2837 2406 Sicut
2890 2367 2993 2405 non
3026 2351 3296 2406 credimus
3324 2350 3488 2404 alium
3530 2350 3697 2405 Deum
3734 2350 3834 2405 Pa-

2254 2450 2391 2495 trem
2438 2442 2503 2495 de
2555 2456 2663 2510 quo
2700 2451 2783 2495 est
2811 2440 2997 2500 Filius.
3037 2450 3091 2496 et
3131 2442 3294 2495 alium
3329 2443 3495 2496 Deum
3532 2440 3747 2495 Patrem
3777 2450 3832 2495 et

2251 2532 2444 2587 Filium
2466 2533 2532 2586 de
2555 2549 2662 2603 quo
2675 2532 3257 2604 estSpiritussanctus,
3274 2534 3521 2603 quamvis
3554 2534 3619 2588 de
3642 2533 3831 2587 eodem

2236 2624 2382 2691 ,Deo,
2408 2640 2522 2680 Sive
2552 2626 2619 2681 de
2647 2627 2833 2681 eodem
2862 2625 3129 2696 principio
3153 2639 3252 2680 suo
3278 2626 3508 2696 quisque
3532 2627 3693 2680 modo
3724 2626 3826 2689 sit,

2252 2719 2390 2773 alter
2428 2718 2635 2774 scilicet
2664 2721 2953 2782 nascendo,
3002 2719 3147 2772 alter
3198 2720 3571 2789 procedendo;
3616 2719 3663 2773 si
3702 2735 3841 2789 quo-

2251 2812 2375 2865 dam
2406 2811 2497 2843 ’τοι
2528 2810 2791 2882 singulari
2829 2820 2885 2864 ct
2912 2810 3169 2866 incﬂ‘abili
3202 2812 3360 2866 modo
3388 2811 3483 2843 ¹⁶⁹⁸
3515 2812 3843 2884 intelligitur

2252 2902 2355 2958 ista
2386 2902 2681 2973 processio.
2716 2901 2999 2957 Processio
3048 2918 3285 2972 namque
3318 2902 3502 2958 nndtis
3546 2905 3725 2959 modis
3755 2904 3842 2958 di-

2250 2995 2411 3060 citur,
2442 2995 2508 3050 de
2536 2995 2732 3064 quibus
2766 2995 2867 3049 iste
2888 2995 3164 3049 solitarius
3197 2994 3538 3064 intelligitur,
3564 2996 3710 3049 sicut
3738 3011 3835 3048 ua-

2254 3087 2436 3141 tivitas
2479 3085 2599 3140 Filii
2645 3086 2935 3157 singularis
2962 3086 3325 3156 cognoscitur.
3357 3085 3592 3155 ldipsum
3638 3086 3839 3141 intelli-

2252 3179 2393 3248 gitur
2418 3178 2532 3245 ¹⁷⁰¹,
2567 3179 2609 3233 si
2642 3178 2869 3232 dicimus
2918 3178 3131 3232 Patrem
3160 3192 3282 3232 esse
3313 3192 3532 3231 causam
3564 3178 3658 3209 "”
3687 3178 3836 3243 Fili,

2247 3281 2302 3326 ct
2330 3270 2546 3325 Patrem
2593 3281 2647 3324 et
2702 3269 2897 3323 Filiqu
2947 3283 3163 3323 causam
3218 3268 3456 3339 Spiritus
3481 3270 3682 3324 sancti.
3716 3269 3841 3325 Non

2248 3366 2391 3424 enim
2420 3364 2555 3418 duas
2589 3377 2875 3433 possumus
2908 3362 3091 3416 dicere
3125 3377 3318 3416 causas
3338 3401 3355 3427 ,
3384 3361 3547 3416 aliam
3575 3362 3841 3419 videlicet

2248 3456 2389 3521 Filii,
2417 3455 2579 3509 aliant
2613 3454 2845 3525 Spiritus
2872 3454 3067 3521 sancti,
3098 3455 3191 3510 sed
3224 3471 3386 3510 unam
3412 3452 3440 3511 ~:
3471 3457 3836 3526 quemade

2248 3550 2372 3603 dum
2405 3564 2511 3602 non
2543 3547 2650 3601 duo
2689 3547 2760 3601 dii
2794 3557 2939 3609 sunt,
2984 3547 3078 3602 sed
3125 3563 3263 3602 unus
3301 3547 3465 3615 Deus,
3504 3549 3571 3603 de
3598 3563 3715 3619 quo
3747 3558 3841 3603 cst

2246 3640 2414 3694 Filius
2438 3648 2492 3694 et
2523 3638 2760 3708 Spiritus
2786 3649 3031 3694 sanctus.

2582 3752 2809 3809 CAPUT
2850 3739 2968 3807 XIX
3009 3753 3104 3826 [aL
3136 3753 3318 3828 xvut]
3350 3705 3464 3808 ιτλι.

2247 3843 2471 3913 lnfringi
2498 3859 2560 3897 ur
2590 3852 2950 3913 argumentum
2984 3846 3195 3897 ductum
3225 3862 3289 3898 ea:
3328 3860 3387 3898 eo
3414 3845 3556 3913 quod
3584 3830 3837 3900 Christus

2314 3915 2619 4035 tifpresscrit
2661 3916 2827 3968 solum
2871 3912 3100 3983 Spiritus
3152 3915 3321 3969 sancti
3366 3917 3759 3985 processianem
3807 3936 3847 3971 α

2366 3995 2476 4037 ulte

2317 4074 2372 4131 Si
2399 4084 2579 4129 autem
2608 4074 2887 4144 qumritur,
2929 4092 3050 4130 cum
3083 4076 3340 4131 Dominus
3374 4076 3511 4131 dixit
3543 4096 3557 4131 :
3591 4077 3734 4131 Cum
3759 4094 3851 4132 re-

2244 4165 2375 4219 nerit
2410 4162 2727 4227 Paraclilvs,
2754 4181 2906 4234 quem
2926 4182 3018 4235 ego
3051 4167 3252 4219 mittam
3280 4167 3418 4219 rabie
3440 4184 3472 4219 a
3499 4165 3691 4231 Patre,
3720 4166 3845 4237 Spi-

2243 4258 2423 4318 ritum,
2452 4255 2680 4325 Spiritus
2722 4257 2972 4317 veritatis,
2999 4258 3085 4326 qui
3129 4274 3160 4308 α
3196 4254 3354 4309 I'atre
3382 4257 3614 4325 procedit
3636 4256 3842 4328 (Joan.

2244 4364 2330 4413 xv,
2360 4346 2451 4413 26)
2480 4365 2494 4401 :
2525 4363 2623 4402 cur
2650 4363 2754 4402 non
2800 4347 3023 4413 addidit,
3057 4359 3103 4401 et
3130 4366 3160 4400 a
3194 4346 3354 4414 17.3!io,
3388 4348 3527 4402 vela
3558 4365 3643 4403 me
3679 4350 3732 4404 si
3758 4350 3844 4403 sic

2243 4441 2409 4495 voluit
2456 4440 2711 4512 intelligi?
2766 4439 2878 4494 Non
2911 4452 2993 4495 est
3047 4442 3146 4495 boc
3184 4442 3499 4495 inusitatqu
3549 4443 3602 4495 in
3667 4444 3853 4499 dictis

2244 4534 2404 4599 illius,
2438 4543 2497 4588 ut
2523 4549 2643 4590 cum
2688 4535 2931 4589 attribuit
2967 4536 3165 4605 aliquid
3188 4536 3298 4607 58
3326 4536 3471 4590 Patri
3501 4537 3661 4606 quasi
3708 4539 3845 4599 soli,

2244 4625 2324 4681 vel
2372 4624 2605 4691 sibi,vel
2647 4624 2868 4695 Spiritui
2919 4628 3290 4692 sancto;velit
3338 4627 3390 4681 in
3432 4627 3482 4680 al
3510 4628 3555 4681 is
3597 4627 3847 4697 intelligi

2240 4716 2383 4788 quod
2417 4716 2469 4771 in
2499 4731 2605 4771 uno
2631 4715 2986 4785 loquitur'm.
3013 4715 3144 4769 Nam
3179 4733 3300 4771 cum
3323 4718 3457 4771 dicit
3481 4735 3499 4772 :
3526 4716 3738 4773 Beatus
3763 4736 3844 4783 es,

1836 4834 1921 4889 \‘A
1932 4831 2069 4887 I1le
2113 4828 2512 4886 Ll‘lCTlONES.

632 4960 1011 5035 "”_Urbanum
1030 4964 1094 5017 tle
1112 4963 1524 5020 mss.Urbanutn
1543 4966 1739 5035 Papam
1767 4967 1831 5017 de
1908 4966 1996 4999 ιδθδ
2014 4966 2234 5020 Constat
2251 4964 2393 5035 cuitu
2410 4963 2669 5035 quodzttna
2700 4978 2822 5035 mss.
2849 4971 3060 5035 constat
3085 4964 3206 5031 quia
3230 4980 3331 5018 una
3414 4967 3505 4998 ’(³⁸⁷
3526 4967 3837 5032 Quomodo

556 5032 762 5106 singula
780 5034 1034 5106 numquid
1050 5035 1255 5106 singula
1285 5030 1638 5088 “"Inlacuui
1656 5035 1922 5106 colligitur
1945 5053 2065 5089 mss.
2087 5037 2138 5089 iu
2161 5030 2850 5106 lacueolligiturim.(garb.
2882 5030 3168 5106 petilacuut
3192 5036 3467 5106 colligitur
3538 5030 3642 5069 ῖ⁶⁸⁹
3673 5038 3837 5095 Fluit

557 5106 609 5156 in
628 5102 802 5156 lacum
830 5102 1387 5175 nisuﬂuitperlacum
1444 5105 1536 5138 "9°
1568 5106 1626 5159 Si
1656 5102 1835 5175 itaque
1862 5123 1983 5162 eum
2012 5123 2136 5160 mss.
2165 5106 2243 5159 sic
2276 5105 2456 5171 itaque
2482 5117 2625 5156 cum.

2703 5100 2889 5176 inme.
2909 5100 2965 5156 S.
2991 5103 3271 5176 ⁸,Ψιεζιίιοιὶδ
3294 5100 3485 5176 ca'tera
3507 5108 3678 5176 hujus
3712 5111 3849 5163 libri

554 5176 918 5249 desiderantur
990 5174 1086 5249 “_"_‘_
1106 5171 1870 5249 VA_qg.t_a_i_n_unuutsuntin“.
1901 5178 2053 5249 Aqua
2084 5176 2133 5249 i_u
2162 5189 2285 5249 qua_
2307 5188 2473 5227 tmuut
2504 5180 2629 5249 sunt
2705 5171 2951 5249 υίῖξβ-ΑΡ.
2989 5173 3071 5226 17.
3107 5173 3197 5226 Eu
3234 5176 3290 5227 in
3322 5192 3420 5228 ms.
3450 5171 3607 5230 σοι-6.
3646 5177 3849 5249 Caput

554 5245 641 5296 18.
675 5243 799 5296 olim
824 5241 992 5312 Caput
1140 5245 1517 5319 _‘°"_Qieimus
1564 5246 1670 5300 duo
1698 5245 1814 5313 ejus
1837 5240 2361 5319 inssfgieiuuisduo
2396 5256 2524 5319 esse
2543 5240 2660 5307 ejus
2736 5240 2827 5319 ξω
2860 5241 2913 5294 In
2943 5258 3058 5319 quo
3082 5254 3191 5319 tres
3221 5256 3370 5310 sunt,
3401 5262 3643 5319 estut“.
3683 5240 3849 5319 quod

556 5322 665 5367 tres
694 5322 841 5373 sunt,
867 5311 954 5368 est
1024 5313 1115 5345 ’m
1139 5314 1205 5369 Et
1241 5314 1433 5379 Filius,
1456 5316 1499 5369 si
1529 5326 1703 5371 tamen
1727 5311 1859 5369 nm.
1902 5324 1954 5367 et
1992 5314 2180 5375 Filius,
2212 5313 2350 5366 sicut
2381 5320 2465 5365 est
2493 5312 2559 5365 de
2600 5326 2707 5365 uno
2739 5311 2847 5364 Deo
2884 5316 2975 5433 (pii
3014 5324 3098 5365 est
3131 5313 3289 5369 Pater
3320 5326 3368 5369 et
3421 5316 3618 5379 Filius.
3653 5311 3723 5373 si'
3759 5330 3841 5374 ta-

556 5399 675 5433 men
754 5382 848 5413 ⁸⁸⁸⁸
876 5382 1066 5433 Incipit
1092 5399 1213 5433 esse
1238 5402 1360 5433 mss.
1397 5386 1596 5433 ineonit.
1631 5400 1750 5433 esse
1827 5387 1915 5419 ιοοτ
1957 5385 2063 5433 Nec
2094 5394 2179 5433 est
2201 5380 2424 5433 aﬂ‘ectus
2449 5378 2677 5433 alicuius
2719 5397 2843 5433 mss.
2924 5383 3029 5433 .irt.
3063 5394 3109 5433 et
3153 5384 3341 5433 Cister.
3372 5388 3544 5433 οπιὶιι-
3577 5388 3841 5433 alienius

552 5399 712 5454 ψέξῃ,
754 5382 848 5413 im
876 5382 1066 5454 Incipit
1092 5399 1213 5438 esse
1238 5402 1360 5439 mar.
1397 5386 1596 5454 incepit
1631 5400 1750 5440 esse
1827 5387 1915 5419 ¹⁶⁹⁷
1957 5385 2063 5438 Nec
2094 5394 2179 5454 cst
2201 5380 2424 5436 aﬂ‘ectus
2449 5378 2843 5454 alicujusinss.

2128 5453 2368 5520 Quodam
2396 5460 2447 5504 et
2474 5450 2731 5520 ineffabili
2765 5450 2924 5520 tuodo
2970 5469 3093 5505 mss.
3159 5452 3291 5507 Vict.
3324 5454 3481 5510 ϐοῶ.
3543 5450 3839 5516 ἰηεῆὶιῦξιί

556 5453 645 5485 ’⁸⁸⁸
685 5452 963 5519 Quomodo
1006 5464 1184 5506 tamen
1239 5472 1363 5508 mss.
1406 5452 1671 5520 Qamiam
1727 5466 1903 5508 tamen
1985 5455 2074 5486 ’Ἥ

2924 5383 3029 5434 Vict.
3063 5394 3109 5436 et
3153 5384 3553 5460 Qistertoniitt.
3577 5388 3848 5460 alicujus

550 5526 781 5593 quodam
813 5523 971 5575 modo
1049 5525 1141 5558 ’τοο
1176 5519 1462 5593 Principia.
1501 5541 1663 5579 unum
1698 5525 1909 5578 Patrem
1940 5524 2005 5576 ad
2047 5519 2237 5576 Filium
2282 5538 2407 5574 utss.
2452 5519 2671 5593 rl’ictiii.
2703 5530 2749 5573 ct
2792 5519 2873 5573 15.
2899 5522 3181 5593 principio,
3231 5526 3322 5578 sed
3368 5542 3557 5588 unum,
3587 5527 3844 5584 Patrem

551 5591 831 5668 j‘t__l“il_iu_m
908 5593 995 5623 ⁸⁷⁸⁸
1065 5594 1168 5647 Sed
1211 5590 1444 5663 quodam
1493 5597 1693 5668 mss__si
1727 5595 1996 5668 qtt_olattt__
2039 5595 2130 5668 f7“
2166 5593 2397 5661 ldipsum
2449 5590 2764 5657 intelligitur
2801 5590 3105 5668 tits.___l.'orb.
3173 5595 3400 5668 i-iipsutu
3455 5596 3853 5668 intelligimut

555 5662 643 5693 ‘7‘”
673 5662 906 5715 Dicimus
936 5678 1055 5713 esse.
1108 5662 1321 5717 causam
1372 5681 1495 5716 mss.
1526 5676 1569 5716 et
1613 5662 1920 5716 I‘Itlittlo:!i.
1949 5664 2179 5715 dicimus
2211 5673 2420 5731 patrem
2451 5674 2817 5731 essecaaszun
2864 5664 2867 5667 λ
2898 5662 2991 5691 ¹⁷⁰⁵
3014 5662 3143 5716 Cia.
3187 5665 3265 5719 18.
3306 5664 3396 5718 Est
3424 5668 3479 5720 in
3510 5684 3615 5722 ms.
3646 5662 3845 5725 Ἐστι),

552 5732 717 5791 ξί-ιμηε
748 5734 831 5786 19.
871 5734 992 5785 olim
1027 5733 1193 5789 (LL-ml
1237 5736 1297 5787 16
1376 5735 1464 5764 ¹⁷⁰³
1496 5735 1644 5799 Quod
1701 5736 1764 5788 de
1801 5750 1904 5789 uao
1943 5734 1989 5785 lo
2012 5734 2179 5798 ptitur
2212 5727 2339 5785 ima.
2391 5731 2531 5789 quod
2572 5730 2621 5784 in
2655 5744 2762 5782 uno
2807 5727 3049 5798 loquitur
