4030 6290
289 326 391 382 Si?)

1265 284 1271 291 ’
1321 320 1409 377 DE
1446 295 1921 377 PitOCESSIONE
1953 323 2010 377 ε.
2045 286 2380 381 ειιιιιιτυε.

3427 334 3533 390 διι

290 438 474 493 Simon
522 434 787 505 Ba:jona-,
831 434 954 505 quia
994 450 1117 488 caro
1155 443 1203 490 et
1224 438 1438 506 sanguis
1482 453 1585 491 non
1626 434 1861 490 reuelauit
1890 426 1937 500 Α
1968 436 2069 492 hoc
2103 438 2248 492 enim
2294 446 2377 494 est
2419 438 2650 508 Spiritus
2694 450 2933 507 sanctus,
2966 440 3107 511 quod
3153 450 3235 497 est
3274 442 3464 500 Filius'
3489 454 3546 499 et

290 529 399 585 ti'i.
426 527 517 581 sed
557 522 718 580 Pater
738 542 881 580 meus
908 528 997 597 qui
1021 528 1074 581 in
1098 527 1237 582 cmlis
1261 539 1332 582 est
1350 527 1565 597 (Matth.
1606 544 1714 589 XVI.
1754 529 1862 599 l7).

291 617 477 672 Nonne
532 603 646 687 ipse
688 616 854 672 Filius
897 627 953 672 et
971 618 1210 687 Spiritus
1235 628 1454 674 sanctus
1491 620 1868 690 intelligendus

288 718 369 763 est
416 707 683 762 revelasse
719 700 840 761 cum
873 705 1077 761 Patre?
1098 706 1359 775 Quoniam
1389 711 1531 769 enim
1563 709 1725 763 Pater
1760 725 1863 763 non

289 798 490 852 revelat
535 811 632 866 per
661 799 785 864 hoc,
836 799 961 867 quia
998 798 1156 853 Pater
1193 809 1277 853 est
1306 796 1430 865 ‘7“;
1477 798 1570 852 sed
1610 814 1706 869 per
1741 800 1864 865 hoc,

287 889 428 957 quod
460 888 598 942 Deus
623 896 727 954 est,
753 897 806 941 et
829 886 968 942 idem
1003 887 1145 941 Deus
1178 899 1259 941 est
1288 887 1455 942 Filius
1479 888 1570 920 "°’
1606 897 1660 951 et
1698 888 1867 957 Spiri-

290 986 374 1031 tus
402 986 657 1041 sanctus;
688 975 933 1045 sequitur
957 985 1035 1044 ut,
1064 977 1206 1046 quod
1239 977 1440 1032 revelat
1463 977 1643 1046 Pater,
1663 978 1866 1034 revelet

287 1066 474 1131 Filius,
506 1078 557 1122 et
601 1067 836 1136 Spiritus
866 1076 1107 1121 sanctus.
1145 1065 1275 1121 ltem
1311 1083 1434 1122 cum
1483 1069 1653 1123 dicit:
1697 1068 1865 1123 Nemo

287 1161 423 1213 novit
458 1156 678 1225 Filium,
714 1160 814 1215 nisi
866 1158 1061 1225 Pater;
1098 1176 1259 1231 neque
1294 1158 1507 1215 Patrem
1548 1164 1664 1234 quis
1706 1165 1864 1229 novit,

287 1247 387 1299 nisi
427 1244 621 1313 Filius,
665 1257 712 1301 et
759 1248 843 1301 cui
897 1248 1115 1302 voluerit
1157 1247 1331 1304 Filius
1381 1250 1609 1306 revelare
1649 1252 1861 1320 (Matth.

285 1352 359 1403 xv,
399 1335 511 1407 Ξῖ),
542 1337 696 1407 quasi
746 1337 892 1414 solus
939 1336 1109 1394 Filius
1138 1341 1540 1410 cognoscat!m
1582 1351 1637 1396 et
1668 1343 1868 1398 revelet

286 1426 519 1494 Patrem,
554 1438 603 1483 et
634 1443 720 1494 se;
753 1438 808 1483 et
834 1430 981 1484 solus
1006 1429 1169 1486 Pater
1200 1430 1293 1465 ¹⁷⁰⁹
1319 1442 1612 1500 cognoscat
1635 1432 1862 1487 Filium:

287 1517 688 1595 intelligendum
711 1530 793 1573 est
820 1520 888 1573 ibi
922 1520 1162 1575 revelare
1192 1533 1245 1577 et
1272 1537 1450 1589 nosse,
1483 1523 1653 1579 tribus
1679 1539 1868 1595 perso-

286 1609 367 1659 nis
404 1622 525 1660 esse
549 1594 867 1676 commune;
900 1610 1155 1680 quoniam
1186 1626 1292 1666 non
1321 1625 1419 1680 per
1448 1612 1568 1680 hoc,
1600 1594 1742 1682 quod
1776 1613 1864 1667 alii

286 1703 407 1747 sunt
438 1696 507 1747 ειὶι
532 1695 788 1760 invicem;
825 1705 915 1753 seu
948 1713 1044 1768 per
1079 1700 1206 1765 hoc,
1237 1700 1379 1770 quod
1420 1718 1584 1756 unum
1610 1713 1736 1758 sunt
1764 1703 1867 1757 Pa-

1967 528 2108 599 quod
2131 538 2215 584 est
2236 528 2398 583 Pater

2341 617 2568 675 CAPUT
2609 618 2704 675 xx
2749 618 2844 694 [aL
2875 620 3016 691 xm
3044 623 3153 675 ιτη.

2136 705 2389 778 Ejusdem
2420 711 2713 776 argutneuti
2741 710 3070 780 confirmatio
3105 711 3381 779 refutatur.

2038 796 2144 853 Sed
2167 798 2308 854 dicet
2332 800 2529 870 aliquis
2561 819 2573 855 :
2618 800 2741 855 Ideo
2766 800 3120 872 intelligimus
3147 801 3341 855 Filium
3367 802 3549 872 etSpi-

1965 890 2127 943 ritum
2173 901 2417 951 sanctum
2447 874 2706 958 revelare,
2740 894 2883 962 quod
2922 894 3069 947 solus
3108 892 3269 947 Pater
3308 895 3548 948 revelare

1967 980 2193 1048 dicitur;
2228 991 2282 1036 et
2327 983 2538 1037 Patrem
2571 992 2624 1037 et
2658 984 2917 1053 Spiritum
2948 995 3191 1038 sanctum
3222 984 3465 1039 revelare
3494 993 3552 1037 et

1967 1088 2148 1139 nosse,
2189 1074 2329 1142 quod
2374 1072 2520 1129 solus
2550 1074 2719 1129 Filius
2760 1074 2939 1129 facere
2970 1076 3196 1142 dicitur;
3235 1086 3286 1132 et
3333 1075 3547 1129 Patrem

1966 1172 2020 1216 et
2042 1162 2233 1218 Filium
2261 1165 2475 1229 docere,
2500 1164 2640 1233 quod
2675 1164 2820 1219 solus
2848 1164 3069 1233 spiritus
3094 1174 3313 1219 sanctus
3336 1165 3553 1218 doctum

1968 1255 2046 1308 ire
2083 1255 2434 1325 promittitur,
2473 1256 2595 1325 quia
2645 1256 2791 1325 quod
2836 1257 2900 1308 de
2941 1270 3046 1308 uno
3074 1255 3187 1307 solo
3221 1255 3271 1307 in
3301 1270 3407 1306 uno
3438 1254 3559 1307 loco

1971 1344 2189 1415 legitur,
2233 1346 2298 1399 de
2330 1347 2449 1400 aliis
2485 1344 2608 1400 alibi
2652 1356 2840 1416 aperte
2889 1344 3227 1412 signiﬁcatur
3268 1343 3379 1395 ‘7“.
3417 1342 3550 1397 Cum

1967 1449 2096 1489 vero
2148 1434 2275 1488 dicit
2311 1434 2570 1503 Spiritum
2613 1445 2858 1488 sanctum
2912 1434 2979 1486 de
3025 1433 3181 1486 Patre
3236 1435 3554 1501 procedere,

1970 1539 2072 1578 non
2108 1525 2334 1595 legimus
2383 1524 2576 1580 alicubi
2620 1539 2741 1578 cum
2795 1525 2861 1577 de
2908 1518 3044 1577 Filio
3083 1525 3394 1594 procedere.
3456 1523 3560 1575 Per

1967 1617 2109 1686 quod
2136 1633 2415 1671 monemur
2438 1617 2527 1647 ¹⁷²¹
2562 1632 2665 1670 non
2693 1624 2878 1669 nostro
2904 1630 3086 1677 sensu,
3112 1616 3253 1682 quod
3287 1629 3552 1682 nuSqnam
3626 1676 3629 1681 ι

1970 1708 2170 1762 dictum
2210 1716 2311 1769 est,
2370 1723 2637 1763 asserere.
2689 1707 2767 1761 Ad
2806 1706 2947 1772 quod
2995 1706 3384 1774 respondemus
3425 1706 3551 1774 quia

288 1793 369 1839 ter
398 1794 454 1841 et
483 1787 651 1843 Filius
699 1798 752 1842 et
793 1788 1030 1859 Spiritus
1071 1788 1289 1845 sanetus
1314 1792 1429 1857 ‘7'”,
1458 1802 1789 1862 cognoscunt
1816 1802 1870 1848 et
1902 1803 1942 1858 Β
1971 1799 2148 1867 potius
2174 1800 2431 1854 docemur
2455 1814 2551 1869 per
2573 1800 2686 1854 haec
2713 1814 2832 1866 qua:
2868 1797 2947 1851 sic
2975 1796 3114 1850 dicta
3148 1807 3293 1857 sunt,
3324 1811 3407 1857 ea,
3437 1810 3558 1863 qum

288 1876 547 1931 revelant.
580 1878 711 1931 Cum
741 1879 904 1933 etiam
937 1880 1067 1934 dicit
1092 1879 1179 1911 ¹⁷¹¹
1212 1879 1427 1935 Patrem
1456 1895 1613 1936 nosse
1648 1881 1865 1947 Filium,

285 1980 337 2021 et
356 1966 550 2023 Filium
594 1985 753 2025 nosse
782 1969 1020 2037 Patrem,
1063 1981 1118 2027 et
1165 1971 1407 2028 revelare
1446 1988 1505 2027 se
1544 1982 1600 2027 et
1628 1972 1865 2038 Patrem,

285 2074 467 2131 aperte
502 2063 611 2117 vult
662 2064 883 2134 intelligi
926 2066 1050 2134 quia
1100 2064 1260 2119 Pater
1290 2067 1568 2136 cognoscit
1603 2065 1865 2134 Spiritum

285 2162 551 2219 sanctum,
585 2163 638 2208 et
668 2154 835 2209 Filius
884 2156 1058 2210 noscit
1091 2164 1143 2210 et
1189 2158 1394 2211 revelat
1441 2156 1701 2227 Spiritqu
1746 2172 1870 2211 san-

284 2259 312 2297 c
338 2261 456 2309 ttztt;
493 2247 748 2316 quoniam
790 2246 1022 2314 idipsum
1059 2248 1201 2316 quod
1249 2258 1335 2302 est
1376 2246 1536 2303 Pater
1574 2257 1628 2302 et
1676 2246 1866 2314 Filius,

285 2350 312 2385 e
349 2346 365 2387 t
393 2337 563 2388 etiam
602 2336 837 2405 Spiritus
866 2337 956 2366 ¹⁷¹²
993 2349 1235 2392 sanctus.
1262 2339 1528 2395 Similiter
1556 2356 1680 2394 cum
1706 2340 1866 2394 dicit:

289 2427 388 2491 Qui
413 2443 499 2481 me
522 2428 680 2491 videt,
710 2427 842 2481 videt
882 2437 930 2482 ct
963 2426 1176 2484 Patrem
1200 2428 1385 2502 (Joan.
1413 2446 1522 2495 xlv,
1551 2430 1583 2485 9
1588 2447 1628 2502 ),
1656 2446 1760 2484 non
1786 2438 1871 2485 est

285 2520 617 2587 separandus
644 2518 879 2589 Spiritus
910 2530 1160 2587 sanctus;
1189 2522 1447 2593 quoniam
1476 2516 1565 2591 qui
1601 2523 1747 2576 videt
1771 2523 1872 2577 hoc

285 2607 335 2661 in
367 2625 475 2679 quo
516 2625 680 2663 unum
723 2618 849 2663 sunt
873 2608 966 2642 ”"
1015 2609 1177 2665 Pater
1222 2619 1276 2666 et
1325 2609 1495 2665 Filius
1534 2618 1588 2665 et
1637 2611 1873 2679 Spiritus

284 2710 525 2766 satctus,
554 2717 656 2753 non
691 2711 866 2772 potest
907 2701 1093 2755 videre
1134 2716 1300 2755 unum
1331 2701 1397 2755 de
1430 2701 1515 2756 his
1549 2700 1723 2755 tribus
1755 2701 1871 2757 sine

284 2795 404 2845 alizs
431 2793 657 2846 duobus.
694 2793 766 2848 De
796 2792 1000 2863 Spiritu
1030 2804 1220 2848 sancto
1248 2808 1466 2863 quoque
1492 2793 1626 2848 dicit
1649 2794 1714 2846 ad
1744 2809 1871 2863 apo-

281 2892 332 2939 st
354 2883 453 2938 )lOS
481 2899 497 2935 :
525 2879 656 2936 Cum
694 2892 867 2938 autem
892 2888 1084 2939 venerit
1114 2882 1202 2937 ille
1226 2881 1453 2951 Spiritus
1478 2884 1737 2949 veritatis,
1766 2885 1870 2937 do-

281 2974 413 3027 cebit
446 2990 533 3028 vos
560 2991 759 3029 omnem
794 2970 1059 3029 reritatem
1086 2972 1266 3045 (Joau.
1298 2991 1410 3040 xvt,
1444 2974 1555 3044 13),
1596 2978 1748 3045 quasi
1783 2991 1873 3031 so-

281 3067 298 3121 l
323 3084 369 3120 ts
398 3066 634 3137 Spiritus
668 3077 887 3121 sanctus
926 3068 1117 3121 doceat
1145 3082 1362 3135 omnem
1392 3067 1677 3123 veritatem
1702 3086 1716 3133 ;
1746 3082 1867 3123 cum

1973 1893 2025 1949 in
2052 1894 2321 1949 similibus
2372 1894 2530 1946 dictis
2582 1901 2866 1968 laeentpr,
2919 1889 3170 1943 similiter
3216 1887 3556 1958 intelligere;

1969 1974 2269 2058 p'mscrtim
2304 2000 2426 2040 cum
2476 2000 2539 2038 ex
2572 1983 2659 2037 his
2688 1998 2807 2052 qum
2835 1981 3109 2046 dicuntur,
3160 1979 3301 2033 nulla
3350 1979 3561 2032 ratione

1971 2066 2397 2143 contradicente,
2423 2091 2509 2138 ea,
2536 2090 2654 2145 qnte
2678 2089 2780 2128 non
2813 2073 3091 2132 dicuntur,
3124 2067 3433 2123 rationabili
3464 2084 3560 2121 ne-

1973 2179 2224 2225 cessuatc
2267 2184 2521 2237 consequi
2561 2165 2904 2237 apertissime
2946 2162 3241 2216 viderimus
3265 2159 3377 2213 ’7".
3423 2158 3557 2214 Cum

1973 2262 2061 2316 cui
2086 2278 2115 2312 ιι
2144 2261 2271 2313 dicit
2299 2259 2556 2313 Dominus
2589 2259 2653 2311 ad
2678 2254 2934 2310 Patrem:
2983 2253 3110 2307 llazc
3148 2262 3222 2306 est
3254 2260 3426 2304 autent
3453 2250 3559 2303 rita

1973 2361 2190 2412 (eterna,
2221 2358 2275 2401 ut
2311 2357 2618 2418 cognoscant
2650 2357 2698 2398 te
2726 2342 2896 2398 solum
2926 2359 3101 2396 rerum
3124 2340 3306 2403 Deum,
3339 2350 3384 2393 et
3407 2354 3560 2409 quem

1974 2436 2357 2493 misistilesum
2389 2436 2650 2489 Christum
2669 2434 2853 2505 (Joan.
2883 2449 3018 2497 xvtt,
3049 2431 3125 2498 5);
3181 2447 3248 2484 an
3306 2426 3425 2481 ideo
3455 2427 3553 2480 de-

1975 2530 2164 2584 bemus
2197 2543 2454 2597 separare
2503 2527 2570 2580 ab
2616 2527 2715 2580 bac
2745 2524 2946 2579 salubri
2980 2534 3031 2577 et
3062 2520 3210 2575 vituli
3252 2519 3562 2588 cognitione

1977 2621 2235 2691 Spiritum
2283 2628 2554 2682 sanctum,
2585 2618 2708 2687 quia
2754 2630 3017 2684 nusquam
3060 2613 3299 2683 legitur:
3337 2609 3463 2663 Ηατε
3486 2617 3564 2662 est

1974 2722 2146 2765 niuem
2177 2712 2282 2765 vita
2302 2720 2519 2769 (eterna,
2536 2718 2591 2761 ut
2615 2716 2925 2777 cognoscant
2953 2704 3170 2758 Patrem
3195 2702 3364 2756 solum
3389 2706 3563 2754 rerum

1976 2801 2163 2864 Deum,
2197 2810 2243 2854 et
2271 2799 2523 2867 Spiritum
2540 2808 2799 2852 sanctum.
2833 2798 2982 2852 Aut:
3023 2793 3151 2849 "(re
3181 2804 3255 2848 est
3285 2792 3388 2847 vita
3412 2802 3566 2845 αἰεν-

1975 2912 2065 2961 nn,
2092 2902 2148 2946 ut
2171 2901 2484 2963 cognoscant
2531 2889 2727 2943 Filium
2761 2886 2927 2942 solum
2954 2902 3128 2941 rerum
3168 2883 3331 2937 Deum
3362 2893 3408 2936 et
3442 2879 3567 2950 Spi-

1975 2987 2132 3038 ritum
2155 2992 2394 3038 sanctum
2426 2982 2450 3035 ?
2477 2981 2584 3035 Aut
2607 2995 2729 3035 cum
2760 2979 2986 3047 legimus
3027 2991 3042 3030 :
3070 2976 3204 3044 Quia
3234 2976 3369 3027 sicut
3404 2970 3564 3025 Pater

1976 3075 2126 3129 habet
2167 3074 2324 3128 vitam
2360 3073 2413 3125 in
2452 3072 2763 3139 semetipso;
2813 3070 2887 3122 sic
2934 3068 3077 3121 dedit
3123 3075 3173 3121 et
3220 3062 3361 3118 Filio
3404 3063 3567 3116 vitam

282 3174 387 3213 nec
416 3160 534 3213 sine
555 3157 735 3222 Patro,
763 3173 862 3212 nec
893 3158 1010 3212 sine
1044 3155 1179 3211 Filio
1205 3156 1400 3212 doceat
1429 3172 1643 3213 omnem
1675 3158 1871 3211 vcrita-
1899 3141 1944 3202 C
1976 3166 2164 3218 habere
2185 3165 2238 3218 in
2267 3163 2540 3230 semetipso
2564 3161 2743 3232 (loqu.
2784 3175 2838 3222 ν,
2866 3158 2980 3229 26),
3016 3158 3258 3211 dicemus
3298 3153 3561 3222 Spiritum

281 3257 418 3302 tem.
452 3245 569 3301 Non
602 3247 745 3301 enim
793 3261 887 3317 per
914 3247 1037 3312 hoc,
1080 3245 1205 3315 quia
1237 3256 1320 3300 est
1352 3243 1587 3316 Spiritus
1618 3244 1868 3314 alicujus,

282 3340 492 3396 scilicet
509 3339 686 3394 Patris
716 3349 770 3393 ct
795 3338 913 3393 Filii
939 3347 993 3392 et
1021 3337 1298 3407 Spiritus;
1330 3337 1422 3391 sed
1456 3353 1551 3406 per
1581 3338 1703 3401 hoc,
1730 3337 1870 3406 quod

280 3447 453 3484 unum
499 3438 581 3485 est
624 3445 745 3485 cum
777 3428 938 3482 Patre
968 3438 1023 3482 et
1064 3427 1223 3492 Filio,
1261 3428 1421 3482 idest
1458 3442 1556 3497 per
1587 3427 1690 3481 bo'c
1729 3426 1873 3496 quod

282 3524 429 3578 Dens
457 3531 561 3586 cst,
584 3524 740 3576 docet
766 3536 979 3576 omnem
1003 3521 1305 3600 veritatem.
1334 3520 1720 3590 Videtisigitur
1741 3534 1875 3588 quo-

283 3615 448 3669 modo
489 3615 539 3667 in
569 3614 655 3668 his
691 3630 809 3683 qua:
857 3612 1111 3684 proposui
1144 3613 1257 3679 ‘7",
1286 3613 1429 3683 quod
1464 3612 1553 3665 uni
1583 3612 1735 3682 quasi
1774 3611 1872 3665 soli

284 3703 534 3758 attribuit
565 3701 678 3765 "",
735 3702 801 3756 ab
846 3703 965 3758 aliis
1011 3702 1223 3758 duabus
1279 3700 1529 3772 personis
1592 3715 1698 3754 non
1744 3715 1871 3770 pos—

280 3798 353 3851 εἰ
388 3795 482 3825 ’⁷³³
509 3795 768 3864 separari.
799 3794 959 3849 Multa
1000 3792 1305 3861 huiusmodi
1335 3792 1386 3846 in
1409 3806 1564 3845 sacra
1589 3790 1870 3859 Scriptura

286 3885 562 3954 l'ginms:
597 3892 656 3937 ut
696 3886 838 3953 qn0.l
869 3887 935 3939 de
980 3901 1079 3938 una
1110 3898 1338 3954 persona
1372 3882 1721 3953 singulariter
1745 3880 1875 3934 dici-

286 3982 401 4036 tur,
443 3971 814 4026 indilierenter
860 3973 926 4026 de
983 3973 1154 4026 tribus
1205 3968 1550 4041 intelligatur.
1602 3968 1873 4038 Quidquid

280 4066 433 4122 enim
459 4065 525 4119 de
563 4080 666 4118 una
712 4080 939 4137 persona
987 4064 1395 4133 pronuntiatur,
1428 4063 1493 4117 de
1527 4061 1651 4116 aliis
1674 4062 1876 4132 pariter

281 4164 503 4226 Oporzel
535 4154 787 4226 intelligi;
848 4155 947 4208 nisi
979 4169 1099 4208 cum
1139 4155 1239 4208 hoc
1256 4154 1373 4218 "’7,
1411 4153 1553 4207 unde
1581 4151 1698 4205 alia!
1725 4160 1872 4216 sunt,

282 4263 338 4304 ut
374 4248 510 4312 dixi,
538 4246 605 4301 ab
626 4248 855 4302 invicem
881 4248 1101 4302 obviare
1131 4236 1499 4317 cognoscitur:
1532 4245 1876 4317 Quapropter

1978 3261 2219 3309 sanctum
2253 3267 2356 3305 non
2400 3251 2603 3305 habere
2634 3267 2661 3303 a
2705 3249 2892 3311 Patre,
2923 3263 2951 3300 a
2995 3263 3100 3317 quo
3136 3253 3243 3307 est,
3277 3252 3334 3296 ut
3371 3242 3571 3295 habeat

1977 3343 2029 3397 in
2061 3343 2347 3410 semetipso
2368 3340 2557 3405 vitam,
2585 3339 2725 3393 sicut
2748 3340 2911 3392 habet
2937 3336 3096 3390 Pater
3120 3346 3169 3389 et
3196 3333 3397 3396 Filius;
3425 3344 3570 3399 quo-

1977 3430 2121 3486 niam
2158 3432 2261 3484 ltoc
2316 3444 2577 3498 nusquam
2615 3428 2745 3482 dicit
2779 3425 2946 3479 Filius
2983 3424 3048 3478 de
3098 3420 3301 3492 Spiritu
3344 3427 3563 3483 sancto,

1977 3521 2122 3576 sicut
2138 3522 2203 3575 de
2227 3521 2427 3591 seipso.
2457 3519 2586 3572 Item
2630 3532 2753 3571 cum
2796 3515 2927 3571 dicit
2960 3532 2975 3569 :
3010 3513 3167 3568 Pater
3188 3514 3244 3566 in
3286 3527 3366 3564 me
3386 3520 3481 3574 est,
3518 3517 3569 3562 et

1976 3632 2068 3684 ego
2113 3616 2171 3668 iu
2214 3611 2391 3666 Patre.
2429 3611 2493 3669 Et
2549 3629 2562 3665 :
2609 3609 2713 3678 Qui
2748 3611 2881 3665 videt
2933 3625 3035 3673 me,
3078 3608 3213 3663 videt
3261 3617 3308 3660 et
3350 3605 3568 3658 Patrem

1977 3704 2159 3778 (Joun.
2211 3721 2322 3770 xw,
2372 3705 2483 3774 £0),
2529 3720 2596 3758 an
2648 3703 2962 3774 negabimus
3003 3700 3263 3772 Spiritum
3316 3706 3565 3753 sanctum

1975 3811 2095 3852 esse
2143 3796 2193 3851 in
2234 3796 2396 3850 Patre
2446 3805 2497 3850 et
2525 3794 2681 3859 Filio,
2724 3805 2777 3849 et
2802 3794 3017 3848 Patrem
3042 3802 3095 3847 ct
3119 3791 3314 3845 Filium
3360 3803 3480 3843 esse
3510 3785 3563 3839 in

1978 3888 2181 3958 Spiritu
2224 3896 2444 3952 saneto;
2495 3897 2586 3939 aut
2617 3902 2760 3949 eum,
2802 3885 2896 3955 qui
2940 3884 3089 3937 videt
3116 3881 3336 3943 Filium,
3373 3878 3562 3931 videre

1980 3977 2235 4047 Spiritum
2265 3988 2532 4040 sanctum,
2565 3974 2705 4028 sient
2737 3975 2880 4028 videt
2918 3972 3172 4034 Patrem;
3213 3969 3256 4023 si
3306 3968 3421 4021 lucc
3449 3972 3570 4022 tam

1976 4070 2163 4124 eadem
2192 4067 2626 4139 pronuntiatione
2666 4065 2936 4133 leguntur,
2982 4078 3086 4132 qua
3110 4058 3205 4092 ⁸⁷η
3233 4059 3299 4112 de
3322 4057 3481 4111 Patre
3504 4066 3561 4109 et

1977 4160 2112 4216 Filio
2144 4157 2530 4231 proferuntur?
2556 4144 2665 4210 ltuo
2688 4153 2943 4226 quoniam
2978 4169 3115 4206 unus
3140 4152 3392 4218 idemque
3423 4148 3566 4201 Deus

1977 4262 2080 4318 est,
2110 4253 2294 4315 Pater,
2325 4260 2380 4305 et
2406 4250 2594 4310 Filius,
2627 4259 2682 4305 et
2712 4246 2948 4318 Spiritus
2978 4255 3200 4300 sanctus
3226 4261 3240 4296 :
3271 4257 3393 4294 cum
3427 4240 3565 4293 dici-

283 4356 415 4396 cn:n
469 4340 739 4395 credimus
771 4339 1029 4408 Spiritum
1085 4347 1331 4393 sanctum
1369 4340 1436 4392 de
1484 4337 1646 4393 Patre
1682 4352 1874 4407 proce-
1977 4352 2066 4398 tur
2103 4356 2431 4413 cognoscere
2466 4341 2639 4395 solum
2686 4354 2873 4395 verum
2929 4339 3094 4392 Deum
3134 4334 3349 4388 Patrem
3390 4342 3443 4386 et
3474 4332 3573 4386 lii...

284 4433 447 4495 dere;
478 4430 730 4500 quoniam
764 4432 902 4485 Dens
933 4431 997 4484 de
1031 4430 1161 4494 Deo,
1187 4430 1238 4483 id
1266 4439 1345 4485 est
1378 4430 1611 4484 essentia
1641 4429 1874 4499 Spiritus
1905 4492 1941 4500 Α
1978 4432 2105 4485 lium
2131 4446 2253 4487 esse
2276 4431 2443 4484 vitam
2474 4440 2756 4496 mternam,
2782 4424 3217 4498 inseparabiliter
3248 4422 3562 4492 intelligen-

282 4519 463 4575 smrti
491 4520 557 4573 de
578 4519 812 4574 essentia
852 4519 1046 4584 Patris,
1081 4534 1200 4589 qua:
1229 4534 1333 4572 una
1365 4530 1448 4574 est
1472 4519 1523 4573 in
1555 4521 1729 4575 tribus
1752 4521 1866 4586 '7“,
1904 4492 1952 4552 θ
1977 4526 2076 4580 dus
2114 4534 2201 4580 est
2249 4525 2300 4579 in
2349 4523 2437 4579 illa
2480 4524 2784 4595 cognitione
2815 4523 3049 4594 Spiritus
3076 4531 3314 4575 sanctus.
3348 4517 3413 4573 Et
3437 4532 3569 4573 cum~

280 4629 411 4667 ese
435 4613 787 4684 intelligitur:
822 4628 1042 4669 necesse
1081 4625 1164 4668 est
1209 4624 1266 4668 ut
1299 4616 1364 4668 de
1394 4614 1530 4669 Filio
1559 4631 1682 4670 eum
1712 4617 1867 4671 simi-
1977 4615 2202 4684 legimus
2228 4634 2241 4669 :
2274 4616 2411 4682 Quia
2435 4618 2569 4671 sit-ut
2601 4614 2760 4670 Pater
2785 4617 2936 4669 habet
2967 4615 3123 4669 vitam
3160 4614 3217 4667 in
3249 4611 3520 4677 semetipso
3541 4625 3572 4672 ξ

283 4706 417 4759 li.cr
446 4720 568 4761 esse
595 4704 971 4772 contiteamur,
1006 4706 1052 4761 si
1095 4705 1266 4761 Filius
1304 4722 1409 4760 non
1436 4716 1521 4761 est
1550 4706 1614 4762 de
1644 4707 1763 4773 illo;
1801 4708 1867 4762 de
1927 4729 1948 4764 ι
1973 4709 2048 4762 sic
2067 4708 2208 4763 dedit
2236 4705 2381 4763 Filio
2422 4707 2612 4762 habere
2648 4709 2807 4762 vitam
2849 4707 2902 4760 in
2938 4704 3237 4776 semetipso,
3266 4720 3370 4758 non
3400 4702 3567 4758 debe-

1608 4816 1840 4872 VARIAS
1882 4819 2286 4877 LECTIONES.

360 4929 460 5004 "°‘_
487 4930 673 5004 Abuliis
684 4932 881 5004 ferbts,
920 4945 1032 4984 non
1049 4939 1260 5004 _rev_e.at
1287 4945 1385 5001 per
1408 4930 1661 5004 hocquia
1679 4931 1842 5004 Pater
1862 4942 1968 4996 est,
1987 4951 2147 5004 usque
2171 4935 2240 4987 ad
2263 4935 2383 4999 ista,
2401 4933 2662 5002 Quamvis
2692 4947 2813 5001 qme
2830 4947 2989 5004 supra
3009 4930 3119 5004 iam
3137 4940 3236 4983 ete.
3255 4944 3354 4982 ms.
3397 4925 3560 5004 Corb.

284 5000 481 5074 emittit
541 5000 650 5074 ff"
684 5000 785 5055 Per
808 5002 937 5074 “hoc
966 5002 1100 5074 quia
1126 4997 1403 5074 petts'est.
1438 5010 1493 5055 ct
1522 4997 1659 5055 idem
1695 5003 1832 5055 Deus
1862 5013 1944 5074 est
1972 4997 2154 5064 Paier.
2177 5015 2232 5059 et
2260 4997 2573 5060 Filius'mss.
2597 5020 2695 5074 per
2711 4997 2985 5074 hoeqnod
3016 5001 3159 5055 Deus
3194 5007 3312 5074 est,_
3332 5006 3387 5050 et
3404 4997 3567 5074 idem

288 5069 712 5142 DeuspstFilins
786 5066 1047 5126 "'“Solus
1063 5070 1228 5142 Filius
1253 5071 1417 5124 Filius
1435 5082 1722 5135 cognoscat
1751 5090 1876 5126 mss.
1907 5073 2035 5127 Vict.
2063 5075 2211 5128 solus
2236 5075 2400 5129 Filius
2426 5066 2720 5142 cognoscat
2793 5066 2884 5104 ²⁷⁰⁵
2914 5071 3131 5124 Patrem
3161 5079 3214 5123 et
3237 5067 3382 5142 stilus
3403 5066 3571 5142 Pater

286 5137 652 5213 mss.APatrem
677 5151 731 5195 et
756 5157 832 5213 se,
864 5152 917 5195 et
948 5141 1287 5213 soluspPater
1362 5142 1454 5173 ²τ³⁰
1487 5142 1637 5208 Quod
1681 5159 1843 5196 unum
1872 5154 1996 5198 sunt
2024 5144 2185 5197 Pater
2205 5156 2259 5199 et
2291 5146 2458 5200 Filius
2479 5135 2533 5199 et
2563 5145 2798 5213 Spiritus
2824 5151 3205 5213 sanctusmﬂss.
3246 5135 3564 5213 Geruﬂec.

284 5211 434 5281 quod
464 5225 629 5281 unum
652 5222 786 5281 sunt
814 5212 972 5265 Pater
1006 5221 1061 5265 et
1093 5211 1330 5280 Spiritus
1357 5206 1579 5265 sanctus
1655 5214 1744 5244 '7“
1774 5214 1908 5267 Cum
1942 5215 2083 5268 enim
2117 5214 2248 5268 dicit
2276 5232 2401 5269 mss.
2428 5231 2551 5271 cum
2581 5206 2744 5267 etiam
2780 5212 2914 5265 dicit
2982 5210 3089 5281 7”"
3118 5209 3212 5262 Est
3238 5216 3292 5281 et
3324 5206 3563 5276 Spiritus

285 5279 418 5336 mss.
468 5279 599 5355 Vict.
628 5280 814 5355 Cister.
838 5283 926 5355 Est
960 5282 1129 5355 etiam
1139 5279 1379 5350 Spiritus
1446 5282 1538 5314 ¹⁷¹³
1570 5281 1720 5355 Unde
1750 5299 1912 5355 unum
1943 5293 2065 5339 sunt
2095 5299 2217 5337 mss.
2252 5286 2304 5340 in
2328 5300 2436 5355 quo
2461 5300 2625 5338 unum
2644 5292 2779 5355 sunt
2808 5280 3091 5355 AA"“_Qu_:e
3112 5279 3266 5355 posui
3290 5295 3417 5355 mss.
3442 5294 3569 5355 qtae

286 5351 561 5424 proposui
577 5366 702 5424 mss.
738 5350 869 5424 Pici.
904 5354 957 5424 9.
985 5352 1152 5424 eti'5.
1188 5349 1307 5421 quae
1336 5354 1615 5421 proposuit
1663 5353 1779 5424 7""
1815 5353 1913 5409 Uni
1938 5355 2092 5424 quasi
2128 5354 2227 5408 soli
2259 5349 2479 5410 attribui
2506 5371 2633 5409 mss.
2658 5364 2707 5408 et
2734 5352 2879 5406 Edit.
2928 5349 3251 5424 Gottuquod
3291 5350 3380 5424 uni
3407 5349 3562 5424 quasi

284 5420 665 5496 Soli’attribuit
740 5421 942 5496 "_’_‘_Ah_
966 5421 1085 5476 aliis
1123 5420 1233 5496 non
1260 5420 1704 5492 possit’personis
1731 5441 1856 5479 mss.
1886 5420 2101 5478 ab'aliis
2128 5426 2337 5496 duabus
2364 5425 2611 5496 personis
2644 5439 2754 5496 non
2785 5424 2956 5496 possit
3030 5421 3128 5496 "fi
3165 5420 3322 5496 Ωιιφῇ
3348 5421 3416 5496 de
3462 5421 3571 5474 boc.

284 5509 431 5562 mss.
452 5504 575 5562 cum
606 5492 705 5545 hoc
782 5492 873 5562 "f8
904 5491 1014 5547 Una
1039 5502 1121 5545 est
1149 5492 1323 5545 tribus
1351 5490 1473 5545 mssl
1502 5509 1604 5545 una
1635 5508 1719 5548 est
1750 5496 1803 5548 in
1847 5495 2020 5549 tribus
2096 5494 2187 5525 ¹τ¹⁰
2211 5495 2340 5548 CAP.
2365 5490 2462 5551 ἶ19.
2497 5494 2563 5547 In
2589 5511 2687 5547 ms.
2715 5490 2871 5547 Co'rb.
2907 5493 3037 5562 Cap.
3064 5491 3155 5546 20.
3233 5490 3327 5523 ¹⁷¹⁰
3354 5492 3558 5562 Aperte

286 5560 633 5636 signiﬁcatur
660 5577 757 5613 ms.
787 5560 935 5615 Gem:
964 5571 1147 5636 aperte
1173 5562 1434 5636 ﬁguratur
1462 5564 1731 5636 ms._Vict.
1770 5564 1854 5618 l5.
1887 5576 2074 5636 aperte
2102 5575 2436 5636 monstratur
2481 5565 2601 5636 d7“
2634 5563 2735 5619 Per
2767 5563 2910 5636 quod
2943 5558 3229 5619 monemur
3250 5577 3373 5615 mss.
3405 5558 3559 5636 Gem.

286 5646 393 5700 per
420 5631 563 5698 quod
615 5645 895 5687 monemus
972 5634 1061 5663 ’7“
1109 5631 1464 5703 Ape'rtissime
1504 5633 1747 5690 videmus
1778 5631 2293 5708 mssfapertissime
2324 5634 2621 5692 viderimus
2698 5635 2789 5666 ⁵⁷³³
2843 5634 3139 5707 Leguntur,
3179 5648 3298 5705 quae
3325 5647 3451 5684 mss.
3486 5631 3565 5685 lc-

286 5710 518 5773 gtttttttr,
554 5715 658 5768 qua
3084 5770 3089 5773 ἠ
3536 5724 3539 5725 ν
