4030 6290
991 303 1051 358 S.
1090 293 1392 357 ANSELMI
1435 287 1786 351 CANTUAIL
1829 281 2149 342 ARCHIEP.
2181 278 2332 338 OPP.
2365 274 2546 334 PARS
2584 273 2625 330 l.
2665 303 2738 315 —
2771 267 3203 329 DOGMATICA.

3632 267 3735 326 296

461 420 1033 490 IIII.Videau|r'|laqile
1047 414 1189 486 quod
1212 411 1448 483 Spiritus
1470 413 1690 464 sanctus
1714 419 1823 460 non
1851 401 1920 457 sit
1946 414 2044 471 per
2073 399 2118 456 Α
2144 394 2200 450 in
2237 395 2339 449 hoc
2376 389 2649 446 immorari
2692 387 2805 454 ml,
2827 384 3090 463 quoniam
3133 397 3238 438 non
3268 398 3448 454 parvm
3486 384 3733 439 auctori-‘

461 519 606 576 aliud
633 533 665 572 a
694 516 856 571 Patre
883 511 1040 574 alius,
1071 506 1174 563 nisi
1206 505 1331 574 quia
1360 503 1426 557 ab
1449 501 1538 556 illo
1564 500 1727 554 habet
1759 509 1880 552 esse
1903 495 2045 564 quod

2148 484 2273 540 tatis
2295 489 2415 537 erat
2439 481 2528 534 ille
2555 480 2695 534 inter
2720 491 2865 540 suos,
2891 489 3049 544 quem
3073 474 3217 528 sensi
3246 490 3351 530 non
3379 473 3584 528 sentire
3609 472 3734 543 Spi-

461 619 585 676 cst;
621 605 865 679 quamvis
896 602 1002 656 alio
1038 613 1135 654 suo
1175 595 1359 659 modo,
1394 607 1557 662 quam
1586 588 1774 644 Filius.
1821 585 2048 640 Investi-

2186 576 2311 629 ltum
2341 580 2587 628 sanctum
2622 571 2747 635 hoc;
2775 567 2919 638 quod
2948 575 3052 630 est,
3085 565 3288 620 habere
3312 581 3377 621 ex
3403 565 3598 632 Patre;
3635 579 3739 621 nec

464 716 654 776 gemus
687 710 864 752 tamen
899 694 988 726 ⁸⁸³³
1020 693 1122 748 hoc
1151 685 1483 759 diligentius.
1533 682 1732 751 Utique
1763 687 1857 735 aut
1896 685 2048 765 posts

465 766 627 866 quam
657 789 758 845 iuit
803 785 1036 858 Spiritus
1063 788 1286 860 sanctus
1325 778 1428 833 h0c
1470 775 1615 846 quod
1656 779 1742 828 est
1766 811 1782 838 ,
1827 766 2054 839 contigit

467 862 543 944 illi
571 884 737 939 alium
769 894 889 935 esse
920 894 948 932 a
979 872 1160 937 Patre,
1190 880 1284 926 aut
1314 871 1366 924 in
1399 865 1682 924 existendo
1723 864 1882 918 habet
1909 862 2053 916 unde

467 977 604 1033 alius
627 982 730 1031 est.
757 969 1036 1039 Contingit
1074 965 1218 1021 enim
1248 963 1340 995 ¹⁸³³
1366 961 1598 1039 aliquem
1629 972 1748 1013 esse
1782 954 1922 1025 quod
1949 960 2051 1018 est,

468 1070 785 1140 priusquam
818 1065 889 1119 sit
930 1037 1104 1124 alius;
1149 1064 1204 1114 et
1233 1042 1498 1126 centin'g'i't
1524 1037 1760 1122 aliquem
1809 1049 1970 1103 alium
2001 1049 2054 1101 in

468 1138 753 1216 existendo
798 1152 913 1208 licri
943 1170 956 1206 :
989 1150 1138 1222 prius
1166 1157 1346 1202 autem
1369 1157 1695 1214 quemquam
1721 1154 1844 1194 esse
1870 1138 2055 1203 alium,

470 1263 634 1318 quam
671 1247 742 1301 sit
772 1244 874 1299 hoc
903 1241 1046 1311 quod
1084 1246 1190 1302 est,
1231 1251 1336 1291 non
1369 1242 1452 1289 est
1493 1229 1771 1302 possibile.
1815 1227 2059 1296 Namque

471 1339 682 1408 primus
707 1336 892 1398 homo,
920 1333 1238 1402 priusquam
1267 1327 1334 1381 de
1363 1324 1452 1379 illo
1479 1330 1627 1378 esset
1653 1323 1816 1376 homo
1841 1317 2056 1408 aliquis,

474 1407 596 1486 erat
631 1428 745 1498 ipse
773 1426 957 1488 homo,
1003 1420 1096 1476 scd
1127 1435 1232 1474 non
1263 1423 1383 1472 erat
1424 1413 1564 1468 alius
1591 1429 1605 1466 :
1637 1425 1761 1466 cum
1794 1423 1922 1464 vero
1952 1407 2063 1475 pri-

479 1535 626 1574 mum
655 1497 866 1574 exstitit
910 1514 977 1570 de
1010 1509 1100 1567 illo
1141 1510 1376 1578 aliquis;
1410 1514 1466 1561 et
1496 1504 1582 1558 ille
1615 1504 1681 1558 de
1707 1516 1814 1572 quo
1856 1497 2065 1554 chtitit

475 1620 764 1681 postquam
800 1608 929 1668 fuit,
979 1604 1153 1658 factus
1190 1609 1273 1655 est
1305 1599 1443 1653 alius
1476 1597 1604 1662 ¹⁸³δ;
1645 1602 1701 1648 et
1741 1592 1835 1664 qui
1879 1592 1946 1647 de
1976 1590 2065 1646 illo

477 1702 712 1766 exstitit,
745 1697 903 1753 simul
953 1693 1141 1750 habuit
1176 1701 1230 1747 et
1272 1705 1430 1756 esse,
1476 1696 1534 1744 et
1580 1686 1744 1740 alium
1773 1698 1914 1738 esse.
1960 1683 2070 1738 Aut

2151 675 2280 722 tunc
2309 664 2471 721 habui
2499 662 2960 735 opportunitatem
2995 659 3380 729 respondendi.

2689 770 2919 830 CAPUT
2963 768 3026 823 Vl
3067 771 3177 823 ηδ’.

2155 892 2413 964 Spiritum
2461 899 2740 964 sanciunt,
2782 887 2883 941 nisi
2931 904 3041 964 esse
3085 903 3117 938 a
3165 882 3328 937 Patre
3367 881 3552 964 habent
3581 922 3597 942 .
3644 898 3747 936 non

2225 979 2372 1033 posse
2397 960 2618 1033 intelligi
2655 959 2819 1012 alium
2845 974 2955 1012 esse
2984 957 3048 1010 ab
3083 969 3172 1019 eo,
3208 969 3298 1023 per
3327 953 3626 1007 missionem
3657 966 3748 1006 κα

2225 1026 2628 1103 procationem.

2229 1143 2329 1212 Qui
2374 1142 2504 1212 ergo
2543 1137 2805 1212 Spiritum
2845 1147 3093 1194 sanctum
3142 1136 3324 1192 dicere
3362 1135 3474 1188 vult
3520 1149 3588 1189 ex
3637 1132 3750 1188 sola

2158 1233 2510 1306 processione
2540 1231 2702 1285 alium
2727 1244 2849 1284 esse
2874 1246 2902 1282 a
2934 1227 3115 1295 Patre,
3147 1226 3274 1281 licet
3307 1241 3410 1280 non
3442 1225 3514 1278 sit
3539 1239 3606 1279 ex
3637 1223 3748 1289 illo,

2164 1324 2419 1396 intelligit
2447 1331 2538 1377 aut
2563 1323 2793 1392 idipsum
2819 1334 2937 1375 esse
2959 1317 3254 1390 procedere
3279 1317 3344 1371 de
3366 1315 3528 1370 Patre
3555 1313 3754 1369 solum-

2165 1416 2345 1481 mbdb,
2373 1414 2514 1486 quod
2543 1423 2627 1469 est
2654 1413 2791 1467 mitti
2816 1411 2896 1466 vel
2929 1411 3044 1467 dari
3073 1426 3101 1465 a
3129 1409 3292 1464 Patre
3317 1427 3329 1462 :
3359 1417 3418 1462 ut
3441 1424 3564 1463 cum
3593 1405 3756 1460 mittit

2163 1508 2251 1564 vel
2282 1508 2372 1562 dat
2395 1522 2518 1560 cum
2549 1504 2731 1570 Pater,
2770 1498 2900 1559 tunc
2933 1503 3138 1557 tantum
3173 1502 3432 1571 procedat
3462 1487 3555 1533 ’⁵⁸³
3587 1516 3617 1555 a
3650 1499 3754 1554 Pa-

2167 1610 2272 1668 tre,
2306 1610 2399 1654 aut
2421 1601 2524 1656 hoc
2557 1612 2678 1654 esse
2703 1598 3020 1670 procedere,
3048 1596 3190 1667 quod
3219 1605 3300 1650 est
3331 1596 3398 1651 de
3425 1595 3619 1660 Patre;
3662 1593 3757 1648 sed

2171 1694 2217 1750 si
2257 1688 2399 1748 idem
2439 1700 2523 1746 est
2561 1685 2652 1722 ‘3“
2679 1689 3004 1762 procedere,
3038 1688 3178 1758 quod
3209 1697 3294 1742 est
3323 1687 3440 1742 dari
3473 1687 3557 1740 vel
3586 1686 3756 1752 mitti,

479 1809 608 1865 ergo
639 1791 874 1862 Spiritus
913 1796 1134 1844 sanctus
1160 1823 1176 1850 ,
1224 1783 1368 1839 sicut
1405 1779 1515 1836 dixi
1542 1819 1556 1842 ,
1602 1785 1886 1848 postquam
1931 1773 2065 1838 fuit,

2186 1784 2420 1857 procedit
2450 1783 2660 1854 pariter
2684 1798 2714 1836 a
2747 1781 2886 1836 Filio
2919 1780 3062 1836 sicut
3097 1797 3126 1834 a
3165 1775 3330 1835 Patre
3363 1777 3600 1850 Spiritus
3638 1783 3762 1834 san-

478 1862 654 1940 {aetus
699 1888 782 1936 est
829 1895 859 1933 a
897 1879 1060 1934 Patre
1107 1875 1281 1939 alius;
1334 1879 1428 1926 aut
1474 1868 1639 1930 habet
1685 1866 1738 1920 in
1787 1862 2068 1919 cxisteudo‘

480 1984 703 2048 prapter
732 1972 876 2042 quod
926 1970 1067 2024 alius
1095 1967 1312 2021 dicitur.
1351 1961 1460 2018 Sed
1509 1960 1553 2016 si
1599 1969 1884 2030 postquam
1928 1955 2066 2021 fuit,

486 2068 710 2137 contigit
748 2065 821 2119 illi
860 2062 1026 2117 alium
1071 2075 1192 2115 esse
1222 2072 1252 2112 a
1290 2056 1480 2119 Patre;
1524 2067 1647 2108 cum
1697 2067 1806 2106 non
1852 2049 1922 2104 sit
1963 2048 2071 2104 alia

485 2173 742 2230 persona,
774 2154 877 2210 nisi
907 2153 1164 2223 quoniam
1195 2149 1333 2204 alius
1363 2155 1446 2203 est
1474 2146 1542 2200 ab
1569 2145 1691 2208 illo,
1719 2158 1827 2198 nou
1857 2141 2075 2196 fuerunt

486 2251 592 2307 illa:
629 2261 843 2316 semper
891 2255 1004 2300 tres
1050 2257 1336 2315 personat;
1381 2240 1505 2310 quia
1556 2239 1660 2294 ista
1706 2253 1812 2293 non
1860 2239 2076 2306 semper

487 2341 630 2408 fuit,
675 2341 818 2396 sicut
867 2351 974 2392 non
1022 2350 1236 2406 semper
1284 2333 1386 2387 fuit
1430 2331 1523 2364 ¹⁵³⁵
1570 2329 1808 2400 Spiritus
1856 2337 2076 2383 sanctus

490 2431 630 2486 alius
667 2445 698 2484 a
728 2429 911 2485 Patre.
946 2425 1216 2495 Quoniam
1247 2424 1430 2493 itaque
1463 2421 1557 2452 ³⁸³⁸
1585 2419 1720 2474 falsa
1765 2427 1893 2474 sunt
1921 2419 2074 2473 lucc:

488 2529 641 2594 patet
669 2519 794 2592 quia
833 2519 886 2573 in
913 2516 1198 2573 existendo
1245 2513 1411 2570 habet
1445 2512 1588 2569 unde
1621 2511 1759 2566 alius
1801 2518 1904 2566 est.
1949 2509 2082 2564 Esse

489 2619 671 2667 autem
719 2607 909 2678 nequit
937 2606 1040 2662 nisi
1072 2612 1167 2661 aut
1194 2617 1261 2659 ex
1303 2603 1524 2673 aliquo,
1570 2600 1710 2657 sicut
1753 2599 1950 2664 Filius;
1988 2604 2083 2652 aut

490 2716 559 2758 ex
591 2699 758 2765 nullo,
795 2699 936 2754 sicut
963 2696 1146 2752 Pater.
1177 2694 1333 2762 Quod
1360 2694 1405 2749 si
1445 2708 1510 2748 ex
1550 2691 1695 2747 nullo
1725 2690 2084 2762 quemadmo-

494 2793 621 2849 dum
664 2791 827 2846 Pater
855 2789 1072 2853 existit;
1121 2795 1216 2841 aut
1245 2786 1319 2840 ita
1349 2784 1540 2840 existit
1579 2782 1951 2852 unusquisque
1987 2784 2086 2850 per

493 2897 584 2948 se,
625 2890 686 2936 ut
723 2888 912 2936 neuter
949 2879 1018 2934 ab
1055 2877 1226 2932 altero
1254 2876 1547 2945 quidquam
1592 2872 1813 2937 habeat;
1863 2879 1919 2926 et
1961 2875 2087 2925 sunt

494 2976 604 3030 duo
632 2974 706 3028 dii
736 2973 850 3038 ¹⁵³⁷,
881 2969 1044 3025 Pater
1072 2977 1126 3024 et
1151 2968 1388 3039 Spiritus
1416 2972 1638 3020 sanctus
1667 2982 1681 3018 :
1713 2971 1804 3018 aut
1832 2963 2088 3034 quoniam

496 3080 639 3121 unus
663 3065 808 3120 Deus
841 3070 967 3118 sunt
999 3061 1112 3127 ³⁸³⁸,
1147 3060 1193 3115 si
1222 3068 1450 3127 uterque
1470 3057 1537 3112 de
1567 3055 1716 3111 nullo
1741 3063 1844 3122 est,
1875 3054 2112 3125 penitus.

2170 1887 2322 1941 ctus;
2364 1876 2628 1946 quauiam
2673 1875 2739 1930 ab
2779 1871 2870 1928 illo
2917 1871 3168 1928 similiter
3211 1870 3445 1925 mittitur
3478 1879 3532 1924 et
3578 1871 3758 1925 datur.

2169 1969 2302 2024 ltetu
2337 1987 2350 2021 :
2381 1968 2439 2023 Si
2468 1983 2573 2022 non
2599 1966 2744 2021 aliud
2774 1964 2999 2036 Spiritui
3031 1972 3219 2018 sancto
3249 1962 3565 2034 procedere,
3598 1967 3759 2031 quam"

2173 2061 2318 2118 mitti
2349 2059 2435 2116 vel
2465 2060 2612 2124 dari;
2655 2074 2760 2113 non
2797 2066 2881 2112 eSt
2911 2055 3052 2111 alius
3087 2070 3116 2109 a
3149 2053 3344 2118 Patre,
3376 2067 3476 2108 nec
3521 2050 3766 2124 procedit

2175 2167 2206 2207 a
2235 2151 2426 2216 Patre,
2464 2149 2568 2206 nisi
2601 2164 2724 2205 cum
2759 2148 2918 2202 datur
2943 2145 3027 2199 Vel
3070 2144 3309 2199 mittitur
3342 2161 3355 2197 :
3386 2143 3529 2213 quod
3566 2148 3765 2206 nemo;

2175 2255 2336 2316 puto,
2371 2215 2643 2310 intelligit.
2685 2239 2913 2309 Semper
2939 2235 3084 2290 enim
3115 2244 3201 2289 est
3229 2233 3367 2288 alius
3396 2248 3424 2286 a
3455 2232 3618 2286 Patre
3649 2215 3769 2310 Sp?-

2180 2337 2321 2391 i‘itus
2359 2341 2609 2397 sanctus,
2650 2330 2817 2385 etiam
2871 2338 2998 2382 ante
3054 2335 3398 2392 crealuram;
3440 2340 3548 2378 non
3587 2331 3768 2378 autem

2184 2428 2369 2491 datur,
2394 2423 2479 2480 vel
2509 2422 2764 2488 mittitur;
2792 2420 2897 2475 nisi
2923 2428 3226 2495 creaturae;
3250 2434 3353 2473 nec
3384 2426 3561 2495 tamen
3589 2416 3771 2473 dicens

2183 2519 2308 2574 dum
2338 2525 2420 2574 est
2449 2516 2593 2586 quod
2625 2513 2838 2569 accidat
2867 2512 2916 2568 ei
2949 2495 3108 2577 dari,
3145 2494 3232 2566 vel
3269 2510 3431 2565 mitti.
3479 2494 3616 2564 Nam
3647 2511 3767 2564 cu‘ut

2184 2610 2301 2681 ipse
2342 2609 2414 2665 sit
2455 2606 2656 2678 ubique
2689 2613 2744 2661 et
2779 2603 3167 2670 immutabilis,
3215 2603 3500 2674 accipienti
3555 2602 3774 2672 quidem

2186 2700 2388 2757 accidit
2417 2698 2646 2770 aliquid;
2674 2698 2800 2768 quia
2835 2697 2982 2752 circa
3014 2695 3162 2751 illum
3199 2695 3256 2749 lit
3298 2696 3442 2764 quod
3476 2694 3629 2766 prius
3671 2705 3779 2748 non

2189 2799 2348 2856 erat,
2400 2795 2453 2844 et
2507 2789 2700 2844 abesse
2749 2795 2964 2856 potest;
3020 2785 3166 2841 circa
3213 2783 3478 2855 Spiritum
3528 2793 3779 2840 sanctum

2187 2899 2318 2940 vero
2349 2882 2483 2938 nihil
2515 2881 2574 2936 lit
2618 2880 2760 2952 quod
2797 2880 2948 2951 prius
2996 2890 3102 2935 non
3146 2883 3267 2932 erat
3306 2876 3418 2931 "“.-
3456 2876 3593 2933 Cum
3636 2876 3781 2931 enim

2189 2991 2366 3033 carens
2409 2976 2462 3030 in
2508 2973 2630 3029 luce
2672 2988 2777 3027 nou
2826 2971 2994 3027 sentit
3037 2970 3256 3037 lucem,
3307 2985 3416 3024 non
3468 2969 3641 3040 magis
3687 2982 3785 3025 nec

2194 3066 2285 3101 ¹³⁸⁶
2337 3067 2516 3123 minus
2571 3065 2734 3121 habet
2782 3063 2982 3134 aliquid
3034 3062 3167 3128 lux;
3219 3070 3276 3118 et
3310 3062 3354 3116 si
3405 3061 3626 3131 depulsa
3679 3076 3787 3115 ca:-

497 3157 637 3214 nibil
680 3154 911 3212 inveniri
943 3152 1088 3210 valet
1115 3153 1168 3207 in
1199 3151 1304 3206 {ide
1331 3148 1670 3212 Christiana,
1703 3146 1846 3203 unde
1879 3145 1988 3201 sint
2021 3145 2091 3200 ab
2118 3149 2162 3212 C
2195 3158 2360 3215 cimc
2389 3156 2589 3211 senum
2635 3169 2815 3208 caecus
2849 3152 3021 3207 lucem
3048 3193 3064 3219 ,
3097 3151 3242 3206 circa
3283 3149 3433 3206 ίιιιηη
3474 3150 3532 3204 ῆι
3566 3155 3748 3204 motus
3771 3184 3786 3214 ,

499 3249 734 3308 invicem
783 3246 914 3313 alii;
949 3245 1043 3301 sed
1075 3258 1216 3300 unus
1254 3241 1506 3311 idemque
1544 3249 1629 3296 est
1667 3239 1832 3294 Pater
1878 3237 1990 3302 "",
2033 3245 2090 3292 et

501 3337 740 3410 Spiritus
771 3345 992 3394 sanctus
1016 3375 1032 3403 ,
1078 3344 1135 3391 et
1169 3347 1276 3389 una
1321 3345 1552 3403 persona
1587 3345 1603 3385 :
1635 3346 1755 3401 quae
1788 3344 1918 3385 vera
1957 3329 2092 3385 ﬁdes

501 3431 779 3488 abhorret.
815 3428 933 3485 Non
960 3437 1046 3484 est
1090 3441 1222 3498 ergo
1250 3439 1436 3480 verum
1474 3423 1735 3494 Spiritum
1769 3432 2017 3478 sanctum
2059 3437 2090 3477 a

501 3521 652 3576 nullo
681 3535 823 3575 esse.
859 3519 917 3575 Si
963 3526 1142 3574 autem
1170 3524 1254 3571 est
1294 3515 1362 3571 ab
1387 3515 1590 3585 aliquo,
1623 3531 1728 3570 non
1770 3524 1853 3570 est
1890 3514 1993 3569 nisi
2023 3525 2092 3569 ex

504 3614 617 3669 Deo
641 3610 736 3682 qui
759 3620 844 3665 est
866 3609 1049 3672 Pater,
1077 3616 1132 3662 et
1159 3607 1350 3672 Filius,
1375 3615 1431 3661 et
1457 3605 1694 3675 Spiritus
1716 3613 1964 3671 sanctus;
1999 3606 2092 3660 sed

507 3720 538 3759 a
565 3704 742 3773 seipso
768 3703 956 3772 nequit
980 3715 1124 3767 esse,
1149 3699 1408 3770 quoniam
1434 3698 1579 3752 nulla
1603 3712 1833 3768 persona
1857 3713 1888 3752 a
1915 3698 2094 3769 seipsa

506 3805 685 3869 potest
709 3794 944 3851 existere
976 3793 1087 3846 "*°.
1120 3791 1304 3859 Quare
1333 3791 1378 3846 si
1414 3790 1538 3861 quis
1563 3805 1690 3846 eum
1720 3798 1881 3863 negat
1911 3805 2031 3846 esse
2063 3805 2095 3845 a

508 3888 666 3954 Filio,
697 3903 899 3950 negare
923 3885 1114 3949 nequit
1142 3883 1294 3940 illum
1323 3898 1353 3938 a
1382 3882 1544 3939 Patre
1573 3895 1716 3939 esse.
1759 3884 1815 3938 Si
1845 3884 1967 3954 quis
1995 3899 2096 3938 au-

511 3989 618 4037 tem
649 3980 779 4036 dicit
800 3979 926 4051 quia
952 3979 1078 4035 licet
1103 3993 1208 4032 non
1233 3977 1431 4032 habeat
1455 3990 1576 4031 esse
1597 3977 1662 4031 de
1689 3975 1883 4043 Patre;
1914 3982 2094 4032 tamen

508 4086 609 4143 per
636 4072 1036 4143 processionem
1067 4070 1206 4125 alius
1237 4077 1412 4140 potest
1440 4068 1687 4139 intelligi.
1714 4068 1794 4123 Ad
1830 4069 1932 4125 hoc
1959 4085 2095 4139 quo-

509 4177 616 4233 que
644 4161 1076 4232 respondendum
1099 4162 1356 4226 arbitror,
1387 4175 1455 4216 ne
1483 4160 1656 4231 possit
1681 4161 1886 4232 aliquid
1911 4161 1964 4216 in
1993 4162 2107 4217 ltac'

510 4253 806 4322 quaestione
845 4263 1044 4307 nostra:
1084 4251 1246 4319 ohjici
1290 4251 1614 4318 assertioni,
1662 4253 1749 4307 cui
1795 4262 1976 4308 nostra
2009 4269 2096 4308 re-

2193 3266 2298 3306 nou
2332 3249 2477 3303 circa
2525 3247 2719 3301 lucem.
2757 3244 2916 3300 Patet
2950 3244 3132 3312 itaque
3172 3243 3261 3275 ’⁵⁵⁷
3306 3259 3414 3298 non
3447 3257 3566 3298 esse
3610 3240 3787 3312 Spiri-

2195 3352 2306 3397 tum
2336 3341 2439 3412 53
2472 3349 2717 3396 sanctum
2750 3337 2913 3392 alium
2947 3352 2976 3391 a
3008 3336 3169 3392 Patre
3192 3350 3290 3407 per
3316 3336 3397 3392 sic
3447 3335 3778 3391 intellectam

2193 3434 2624 3504 processionem,
2670 3440 2730 3484 ut
2769 3445 2873 3484 non
2927 3429 2998 3485 sit
3023 3428 3168 3484 aliud
3199 3428 3271 3482 illi
3301 3429 3594 3500 procedere
3628 3439 3791 3497 quam

2197 3525 2315 3580 dari
2347 3525 2432 3579 vel
2462 3523 2623 3579 mitti.
2650 3523 2745 3577 Est
2775 3538 2905 3594 ergo
2931 3531 3120 3592 patens
3145 3522 3238 3554 ¹³⁸³
3291 3538 3412 3578 eutn
3446 3537 3542 3593 per
3569 3537 3793 3592 proces-

2200 3621 2410 3675 sionem
2475 3617 2677 3672 habere
2723 3631 2844 3671 esse
2896 3617 2963 3672 de
3013 3614 3211 3682 Patre;
3241 3623 3296 3671 et
3330 3629 3428 3686 per
3475 3616 3579 3670 hoc
3612 3614 3784 3669 alium

2203 3723 2323 3764 esse
2350 3721 2378 3762 a
2426 3706 2609 3772 Patre,
2644 3705 2786 3761 sicut
2840 3704 3009 3760 Filius
3062 3720 3169 3760 non
3201 3719 3297 3774 per
3327 3704 3472 3760 aliud
3509 3713 3595 3758 est
3618 3719 3647 3756 a
3680 3703 3789 3758 Pa-

2205 3810 2288 3856 tre
2317 3799 2455 3854 alius
2485 3809 2646 3868 quam
2679 3813 2774 3870 per
2796 3800 2897 3853 hoc
2917 3797 3044 3869 quia
3069 3798 3133 3852 de
3162 3791 3254 3852 illo
3297 3796 3507 3852 existit.
3547 3795 3645 3850 Est
3700 3794 3796 3864 igi-

2205 3901 2292 3947 tur
2320 3893 2460 3947 Deus
2483 3892 2548 3946 de
2575 3891 2708 3956 Deo,
2732 3899 2786 3944 et
2809 3889 3048 3960 procedit
3073 3890 3140 3945 de
3169 3891 3312 3955 Deo;
3337 3889 3462 3958 quia
3486 3896 3540 3944 et
3575 3887 3689 3958 ipse
3711 3895 3801 3941 est

2208 3983 2367 4048 Deus,
2394 3991 2449 4037 et
2500 3981 2660 4036 Pater
2709 3977 2871 4045 Deus,
2899 3981 2964 4036 de
2992 3995 3100 4050 quo
3129 3989 3212 4034 cst
3237 3991 3288 4034 et
3331 3978 3597 4050 procedit.
3632 3979 3703 4031 At
3752 3975 3800 4030 si

2207 4073 2441 4129 dicimus
2484 4073 2623 4127 duas
2673 4071 2907 4142 Spiritus
2942 4071 3113 4127 sancti
3153 4085 3313 4141 posse
3351 4069 3619 4125 nominari
3667 4084 3798 4139 pro-

2207 4166 2483 4222 ccssiones
2516 4182 2529 4219 :
2570 4179 2754 4229 unum,
2783 4163 2997 4234 quando
3020 4162 3204 4218 existit
3230 4162 3295 4217 de
3314 4159 3477 4216 Patre
3501 4169 3516 4227 ;
3546 4161 3800 4225 alteram,

2206 4259 2421 4329 quando
2444 4258 2602 4312 datur
2632 4256 2716 4311 vel
2750 4255 3005 4310 mittitur.
3034 4253 3153 4313 Non
3198 4262 3331 4327 puto
3390 4253 3493 4310 hoc
3542 4264 3666 4310 esse
3695 4268 3800 4308 nea

512 4343 732 4414 sponsio
761 4358 866 4398 non
893 4343 1076 4398 obviet
1105 4359 1120 4397 :
1153 4355 1254 4397 nec
1285 4341 1517 4397 miretur
1542 4340 1740 4412 aliquis
1770 4358 1856 4398 me
1887 4352 2076 4398 tantun

2206 4351 2461 4422 gaudum,
2494 4350 2536 4405 si
2569 4357 2904 4420 unaquaeque
2936 4349 2989 4404 in
3019 4363 3120 4405 suo
3143 4364 3306 4405 sensu
3339 4346 3802 4419 iutelligitur’m.

1817 4505 2053 4562 VARl/E
2095 4509 2502 4566 LECTIONES.

689 4592 843 4675 Quod
860 4609 965 4675 nop
979 4601 1064 4648 est
1078 4592 1220 4675 aliuu
1237 4592 1338 4675 nisi
1360 4593 1580 4675 quodde
1594 4595 1708 4667 ipso
1727 4598 2192 4675 existitnascendo
2208 4617 2331 4675 mss.
2351 4599 2482 4655 Vict.
2500 4599 2622 4675 Bec.
2637 4600 2784 4655 Gem.
2800 4599 2942 4672 qtlod
2956 4610 3160 4675 nonest
3183 4600 3326 4657 aliud
3341 4601 3443 4675 nisi
3458 4590 3583 4672 quia
3602 4601 3670 4656 de
3692 4615 3808 4671 .pso

513 4663 984 4746 existitnascendo
1019 4681 1117 4746 prs.
1137 4661 1268 4746 Vict.
1286 4665 1353 4746 Δὅτ
1378 4661 1520 4735 quod
1544 4661 1648 4746 non
1662 4676 1743 4746 est
1757 4668 1917 4746 alius,
1937 4669 2041 4746 nisi
2062 4671 2186 4740 quia
2204 4671 2272 4726 de
2293 4676 2409 4742 ipso
2424 4674 2610 4746 existit
2625 4661 2898 4746 nascett'tlo
2920 4673 3195 4746 mgCorb.
3208 4673 3353 4746 quod
3369 4661 3582 4728 nou'est
3601 4661 3809 4741 aliquid

516 4735 663 4819 aliud
680 4735 919 4819 njgiqttia
937 4748 1002 4814 ex
1021 4735 1136 4819 ipso
1157 4735 1358 4819 esistat
1372 4739 1655 4819 irascendo
1732 4735 2235 4819 ‘f’flnvestigemus
2259 4735 2439 4819 tamen
2467 4754 2565 4797 etc.
2595 4745 2646 4796 in
2677 4759 2776 4819 ms.
2808 4742 3064 4796 Coertic
3091 4735 3271 4812 incipit
3301 4741 3539 4813 Capntii.
3572 4752 3620 4795 et
3646 4735 3710 4795 in
3732 4758 3810 4796 nu

521 4803 659 4891 That.
681 4803 1339 4891 _9l_)..‘.ltic‘7incipit_.Caput_
1501 4808 1595 4891 ξ³³³
1617 4803 2080 4891 Contigitpeniml.
2114 4821 2170 4867 et
2192 4813 2420 4891 contigit
2447 4830 2579 4891 mss.
2599 4813 2876 4891 contingit
2905 4813 3095 4891 enith
3125 4823 3179 4866 et
3198 4803 3508 4891 con-tingit”
3541 4812 3636 4843 "“
3665 4812 3803 4866 Cum

517 4875 950 4956 vero_exti_tit_de
972 4875 1062 4929 illo
1088 4875 1270 4956 aliquo
1292 4878 1460 4956 et_illc
1487 4878 1551 4932 de
1576 4893 1685 4948 quo
1717 4875 1919 4956 extitit,
1980 4892 2265 4956 postquam
2307 4875 2396 4938 hic
2443 4883 2557 4956 fuit
2595 4883 2771 4956 iactus
2796 4875 3096 4956 vestalius;
3135 4883 3314 4956 etqul
3346 4875 3416 4938 de
3456 4882 3548 4939 illo
3592 4883 3814 4942 extitit.

515 4945 680 5032 simul
708 4945 1075 5032 ritabpit‘es'se,
1093 4956 1150 5032 et
1170 4946 1311 5032 alius
1335 4947 1511 5032 factus
1541 4945 1621 5032 est
1654 4945 2376 5032 mss.-Cum-vero'pri_mut_n
2408 4954 2589 5032 extitit
2618 4954 2686 5009 de
2716 4953 2808 5008 illo
2832 4945 3090 5032 aliquis;
3122 4960 3177 5006 et
3208 4945 3310 5032 ille
3339 4956 3405 5006 de
3438 4969 3546 5022 quo
3568 4953 3760 5008 extitit
3794 4969 3809 5004 :

517 5031 782 5097 posqttam
814 5015 1146 5101 iuitzlactus
1167 5026 1223 5101 et
1244 5018 1507 5101 aliuslpet
1531 5020 1621 5088 qui
1654 5021 2047 5101 dt;_i_|_lq_extitit
2073 5015 2235 5079 simul
2263 5023 2452 5101 habuit
2483 5032 2537 5078 et
2559 5039 2680 5101 esse
2703 5033 2759 5079 et
2796 5015 2962 5079 aliuui
2995 5015 3114 5078 esse
3140 5040 3246 5101 ηιςζ
3269 5023 3436 5077 Corb.
3456 5015 3592 5078 'cum
3620 5036 3813 5078 verum

521 5089 759 5170 primum
812 5089 979 5141 exivit
1013 5099 1110 5170 etc.
1140 5097 1207 5170 ut
1259 5089 1315 5142 in
1344 5089 1619 5170 πῆξε-ιρις.
1643 5160 1658 5170 _
1697 5090 1790 5123 ¹³³⁵
1818 5092 2256 5170 Sinonsemper
2296 5094 2397 5147 fuit
2422 5095 2772 5170 _mss‘.__sic‘t_t_t_
2811 5111 2917 5170 non
2961 5109 3179 5170 semper
3222 5094 3324 5170 fuit
3403 5094 3493 5125 ³⁸³⁸
3529 5093 3820 5161 Quomodo

520 5166 703 5239 Itaque
730 5160 1143 5243 mu._\quoniam_
1175 5160 1392 5243 itaque"
1432 5160 1658 5243 “'(Sed
1689 5173 1841 5243 sunt;
1846 5163 1951 5218 duo
1984 5163 2086 5219 Dii.
2111 5160 2232 5243 nisi.
2260 5172 2385 5219 sunt
2403 5164 2508 5243 duo
2530 5165 2604 5243 _dii
2683 5165 2774 5197 ¹⁸³⁸
2803 5160 3404 5243 ΩιΨηίαιῐι-ιιηυεηῡευε
3428 5174 3512 5220 est
3528 5160 3657 5218 mss.
3683 5178 3821 5233 quo-

1024 5229 1322 5329 Mr:
1349 5229 2116 5329 l-J‘pnltsni‘dﬁtnlquefater-tnss.
2158 5235 2295 5290 Vict.
2315 5251 2464 5329 .upus
2491 5235 2744 5329 idemque
2771 5227 3040 5329 es't‘Ba'tet;
3070 5252 3168 5289 ms.
3227 5234 3389 5290 Corb.
3441 5227 3820 5329 upusquiéque

521 5299 663 5385 idem
679 5297 851 5385 Pater!
916 5298 1006 5331 ⁸⁸⁸⁸
1031 5297 1323 5385 Exigere":
1367 5303 1470 5385 pisi
1510 5303 1626 5385 so_la
1653 5297 1849 5358 Patris.
1882 5305 2215 5385 QuareAmss.
2244 5307 2480 5385 existere
2514 5322 2530 5385 ξ
2563 5297 2743 5373 Quare
2820 5307 2908 5338 ¹⁸³¹
2937 5307 2992 5360 In
3026 5307 3128 5361 hoc
3159 5308 3484 5362 coiumorari
3518 5297 3641 5359 me.
3679 5297 3816 5358 Vict.

523 5368 754 5456 i‘t'tuho‘c"
787 5368 1079 5456 immorari
1103 5389 1203 5456 ms.
1245 5370 1415 5456 ﬁeri.
1458 5374 1510 5427 in
1543 5375 1665 5456 Ahac
1708 5368 1980 5456 morari“
2007 5377 2096 5408 ³⁸⁵⁸
2148 5368 2961 5456 ἣρω..ρονὺζῆριηιὶηιιαιω·
3000 5375 3169 5447 Caput
3231 5378 3550 5446 prweedens.
3583 5372 3650 5429 In
3716 5391 3817 5426 ms.

534 5435 886 5526 ictpiliiae‘st
913 5439 1079 5510 Caput
1191 5512 1202 5524 .
1233 5443 1334 5526 ff"
1360 5443 1511 5526 Tunc
1541 5453 1749 5526 tantth
1765 5447 2007 5526 procedit
2029 5464 2154 5501 mss.
2193 5445 2328 5500 Vict.
2358 5447 2456 5526 19ἒ
2462 5456 2534 5526 'et
2558 5449 2630 5526 52-
2647 5445 2945 5526 (ἱρηηΒεε.
2975 5435 3340 5526 tunctanium
3373 5447 3632 5518 procedat
3701 5441 3818 5526 3""

523 5507 751 5595 Silii?!"
775 5517 856 5564 est
886 5507 1128 5595 mssg'se‘d
1149 5512 1204 5595 _si
1232 5513 1372 5569 idem
1403 5525 1486 5595 est
1559 5515 1649 5547 ¹⁵⁸⁵
1677 5507 1932 5595 Ἑὶίᾳίιοςί
1977 5534 2080 5573 non
2109 5526 2230 5595 erat
2269 5534 2395 5571 mss.
2440 5514 2571 5595 Vict:
2685 5516 2842 5595 Coro.
2883 5517 3026 5587 quod
3051 5518 3199 5588 prius
3222 5533 3329 5572 non
3367 5507 3486 5572 erat
3565 5516 3656 5547 “M
3701 5514 3818 5569 Non

523 5579 696 5659 magis
725 5595 830 5659 pec
854 5596 953 5659 me:
979 5579 1125 5659 _Vict.
1149 5583 1320 5639 3.nec
1347 5586 1519 5655 magis
1542 5601 1639 5640 nec
1663 5603 1762 5640 ms.
1789 5579 1945 5644 Carb.
1973 5604 2072 5643 nec
2099 5588 2273 5656 majus
2305 5603 2403 5659 nec
2469 5587 2568 5659 :5"
2594 5587 2751 5642 Patet
2782 5579 2964 5659 itaque
2989 5579 3086 5642 etc'.
3111 5590 3163 5641 in
3197 5605 3295 5642 ms.
3332 5589 3486 5642 (ἐστι).
3514 5588 3600 5640 In'c
3639 5585 3803 5654 incipi

520 5647 800 5777 ξξξξὲιέυ
839 5651 1334 5793 ίξξὲιξὲξωεέυοίιυθ
1382 5647 1571 5728 Paleas
1608 5674 1733 5712 mss.
1794 5659 1890 5715 Est
1919 5675 2047 5731 ergo
2079 5647 2269 5731 patens
2343 5657 2434 5690 'm
2463 5655 2573 5716 Suo
2599 5673 2762 5715 sensu
2792 5647 3054 5730 accipitur
3077 5677 3200 5713 ηιδε.
3237 5657 3371 5714 Vict.
3425 5656 3580 5712 (ἔοι-ὑ.
3628 5647 3801 5710 eam
