4030 6290
572 342 676 405 δη

1076 341 1137 397 S.
1182 340 1478 398 ANSEUII
1508 335 1837 395 CANTUAB
1899 334 2219 392 ARCHIEP.
2260 334 2410 390 OPP.
2456 330 2632 388 PARS
2673 331 2711 385 Ι.
2753 362 2762 368 -
2858 330 3277 388 DOGMATICA.

594 471 772 529 sapam
796 451 981 511 dem'
1021 451 1393 509 incarnatione
1423 448 1581 505 Verbi
1616 450 1832 521 scripsi,
1869 448 2152 505 inveniun—
2182 446 2227 503 Α
2254 444 2487 514 Spiritus
2509 452 2730 499 sanctus
2766 443 3089 514 principium
3124 442 3241 498 sive
3284 453 3515 499 creator.
3561 443 3623 501 Si
3668 446 3825 517 igitur

581 567 669 606 tu-r
695 564 815 620 quae
863 546 959 602 uni
1002 547 1110 601 Deo
1138 554 1192 599 et
1229 545 1403 600 tri-bus
1428 544 1678 614 personis
1730 558 1825 615 per
1860 542 2148 614 quamdam

581 638 992 695 similitudinem
1056 645 1332 704 aptantur.
1418 634 1645 689 Constat
1714 636 1873 704 quia!
1908 649 2018 687 una
2061 632 2151 666 ³⁸⁸⁵

580 731 876 798 eidemque
905 743 1042 796 aqua
1071 737 1175 792 est,
1198 742 1319 797 qua:
1349 736 1405 782 et
1435 727 1574 791 loris,
1613 736 1669 781 et
1702 727 1866 790 rivus,
1907 736 1963 780 et
2004 726 2153 780 lacus

579 822 799 882 dicitur,
823 834 925 872 non
951 828 1059 873 tres
1094 835 1269 889 aqum,
1292 818 1669 889 quamvistrcs
1686 818 1816 881 sint,
1841 818 1980 883 fons,
2006 818 2153 872 rivus

578 923 632 964 et
664 913 830 965 lacus.
866 911 1245 966 Diseernamus
1271 912 1452 981 itaque
1478 913 1616 965 inter
1641 910 1865 977 fontem,
1897 913 2070 966 rivum
2095 919 2156 965 et

578 1001 786 1065 Lac-um;
818 1010 873 1055 et
910 1002 1188 1056 videamus
1218 1002 1343 1072 quid
1369 1002 1573 1071 singula
1603 1002 1694 1033 ¹⁶⁸⁷
1723 1003 1858 1066 lucc,
1888 1019 2010 1057 cum
2050 1001 2150 1056 tria

578 1095 709 1159 sint,
748 1096 801 1149 in
860 1111 965 1150 una
1012 1095 1378 1165 intelligantur
1416 1112 1576 1166 aqua.
1628 1097 1681 1150 ln
1737 1096 1887 1151 fonte
1931 1098 2153 1166 quidem

579 1202 720 1255 aqua
766 1188 831 1241 de
866 1189 1065 1257 abysso
1092 1187 1387 1241 ascendens
1418 1187 1635 1252 ebullit;
1666 1188 1716 1240 in
1748 1188 1863 1241 rivo
1898 1188 1967 1242 de
2006 1187 2157 1240 fonte

578 1278 912 1334 descendens
962 1278 1113 1343 ﬁuit;
1157 1280 1210 1332 in
1243 1278 1359 1333 lacu
1415 1279 1801 1350 colligitur‘m
1849 1288 1904 1334 et
1948 1288 2152 1335 manet.

578 1365 683 1421 Per
710 1368 913 1423 fontem
960 1384 1087 1439 ergo
1131 1369 1447 1440 intelligitur
1477 1385 1612 1439 aqua
1666 1372 1732 1423 de
1776 1371 1971 1440 abysso
2003 1371 2154 1424 ebul-

579 1460 746 1526 l'ens;
777 1476 872 1530 per
902 1462 1091 1523 rivum,
1125 1462 1249 1531 quia
1281 1462 1347 1516 de
1374 1462 1519 1516 l'onle
1553 1462 1698 1527 linit;
1732 1479 1824 1533 per
1848 1462 2150 1524 lacum'm,

578 1552 705 1620 quia
736 1551 896 1606 simul
930 1552 1000 1605 ibi
1038 1553 1389 1607 coadunatur.
1422 1550 1678 1605 Videmus
1708 1562 1886 1606 autem
1918 1552 2043 1621 quia
2078 1552 2154 1606 ri-

578 1656 679 1695 vus
708 1655 810 1695 non
848 1649 930 1695 est
963 1641 1029 1697 de
1069 1642 1169 1695 boc
1216 1641 1356 1696 unde
1382 1657 1521 1710 aqua
1554 1641 1674 1696 fons
1699 1642 1925 1706 dicitur;
1958 1642 2051 1697 sed
2089 1641 2156 1697 de

578 1734 681 1786 hoc
709 1734 849 1802 quod
900 1742 1004 1796 est,
1034 1733 1087 1787 id
1113 1741 1197 1787 est
1242 1733 1308 1788 de
1329 1748 1497 1803 aqua;
1531 1748 1630 1788 nec
1665 1733 1815 1788 lacus
1842 1742 1926 1788 est
1957 1733 2022 1787 de
2051 1732 2153 1788 boc

2255 537 2502 606 quamvis
2549 535 2709 589 Pater
2745 536 2815 589 sit
2849 535 3189 605 principium,
3221 545 3276 590 et
3320 535 3487 590 Filius
3534 536 3604 592 sit
3631 539 3818 608 princi-

2254 631 2419 699 pium,
2452 638 2507 683 et
2539 628 2771 697 Spiritus
2798 637 3023 682 sanctus
3049 629 3121 682 sit
3150 628 3506 699 principium,
3529 640 3818 686 nontamen

2253 729 2381 775 sunt
2424 721 2523 775 tria
2573 721 2861 791 principia,
2915 721 3010 774 sed
3056 737 3220 776 unum
3255 739 3268 774 :
3305 722 3400 785 ita,
3440 737 3563 778 cum
3600 723 3824 793 Spiritus

2255 822 2474 867 sanctus
2504 812 2702 867 dicitur
2743 828 2868 868 esse
2890 814 2956 868 de
2984 812 3141 868 Patre
3168 822 3221 868 et
3254 814 3319 869 de
3340 813 3499 879 Filio,
3525 823 3630 868 n'on
3656 824 3739 869 est
3762 815 3824 869 de

2256 904 2467 958 duobus
2498 902 2803 973 principiis,
2852 904 2944 959 sed
3000 905 3066 958 de
3108 919 3235 970 uno,
3287 905 3429 970 quod
3470 913 3555 960 cst
3584 903 3743 960 Pater
3774 914 3823 960 ct

2256 994 2448 1059 Filius,
2490 994 2625 1049 sicut
2656 1005 2738 1049 est
2765 997 2830 1051 de
2856 1012 2963 1050 uno
2994 995 3102 1050 Deo
3130 995 3220 1065 qui
3253 1004 3337 1050 est
3365 995 3527 1052 Pater
3552 1005 3606 1050 et
3634 995 3820 1061 Filius;

2256 1088 2298 1142 si
2320 1100 2497 1143 tamen
2529 1088 2623 1120 ¹⁶⁹⁸
2655 1088 2761 1143 dici
2804 1089 2964 1144 debet
2993 1090 3132 1144 Deus
3161 1091 3363 1143 habere
3392 1090 3716 1159 principium
3741 1099 3825 1145 aut

2258 1196 2505 1236 causam.
2522 1179 2851 1250 Principium
2874 1196 3107 1250 namque
3131 1180 3341 1235 videtur
3365 1180 3576 1234 nonnisi
3604 1180 3680 1234 rei
3706 1180 3829 1234 inci-

2257 1272 2453 1342 pientis
2481 1286 2600 1327 essc
2625 1272 2714 1305 ¹⁶⁹⁶
2744 1282 2798 1327 et
2821 1288 2979 1327 causa
3014 1273 3226 1326 nonnisi
3255 1272 3478 1328 cﬁ‘ccms
3501 1270 3754 1339 alicujus;
3777 1282 3826 1328 et

2258 1367 2491 1436 Spiritus
2522 1374 2739 1421 sanctus
2760 1380 3033 1435 nunquam
3062 1364 3283 1433 illt'leil
3305 1380 3446 1428 csso,
3475 1380 3575 1418 nec
3596 1374 3681 1419 est
3712 1363 3829 1417 clle-

2256 1466 2377 1510 ctus
2416 1455 2644 1524 alicujus
2670 1455 2779 1510 ¹⁰⁹⁷.
2815 1454 2966 1522 Quod
3018 1454 3162 1507 enim
3214 1455 3403 1524 incipit
3440 1470 3582 1522 esse,
3623 1455 3829 1525 prolicit

2257 1549 2324 1602 de
2352 1564 2456 1602 non
2486 1563 2604 1602 esse
2628 1546 2695 1601 ad
2724 1561 2842 1603 esse
2869 1565 2881 1600 :
2913 1560 2966 1602 et
2998 1560 3189 1602 nomen
3221 1544 3469 1610 cllectus,
3498 1548 3575 1601 rei
3607 1564 3728 1617 qua:
3775 1549 3830 1602 lit

2257 1641 2428 1710 aptari
2478 1640 2689 1694 videtur
2739 1639 2982 1709 proprie.
3008 1640 3271 1705 Quoniam
3306 1647 3487 1693 tamen
3521 1639 3618 1672 *m
3649 1654 3825 1693 verum

2258 1741 2340 1787 est
2376 1733 2569 1787 Filium
2615 1747 2735 1787 esse
2766 1731 2833 1786 de
2874 1730 3051 1792 Patre,
3098 1740 3151 1784 ct
3199 1730 3461 1801 Spiritum
3497 1739 3742 1786 sanctum
3772 1730 3829 1782 de

578 1824 719 1878 unde
743 1839 880 1895 aqua
913 1824 1111 1879 dicitur
1148 1823 1268 1878 l‘oas
1302 1833 1397 1878 aut
1435 1824 1602 1888 rivus,
1634 1825 1725 1878 sed
1754 1825 1820 1878 de
1850 1823 1961 1893 ipsa
1989 1837 2149 1892 aqua,
2188 1811 2229 1870 Β
2262 1822 2418 1877 Patre
2465 1831 2521 1876 et
2562 1822 2714 1884 Filio.
2763 1822 2805 1877 si
2844 1837 2945 1877 suo
2978 1820 3230 1876 iuell‘abili
3273 1822 3506 1890 quodam
3563 1823 3726 1876 modo
3746 1820 3832 1853 “”

578 1930 699 1984 qua:
724 1932 829 1970 una
858 1926 913 1971 et
939 1917 1127 1971 cadem
1150 1925 1233 1970 est
1268 1915 1319 1970 in
1348 1916 1495 1971 fonte
1520 1924 1574 1971 et
1606 1916 1741 1970 rivo.
1777 1915 1892 1969 Non
1923 1931 2052 1985 ergo
2088 1916 2156 1970 de

577 2006 702 2074 hoc,
733 2006 873 2061 unde
902 2005 1153 2061 dill'erunt
1184 2006 1305 2062 fons
1332 2016 1385 2060 et
1415 2008 1591 2071 rivus;
1620 2006 1715 2061 sed
1739 2006 1805 2060 de
1836 2006 1937 2060 hoc
1969 2006 2021 2059 in
2049 2020 2157 2076 quo

581 2114 745 2150 numu
773 2108 917 2159 sunt.
952 2097 1098 2153 lacus
1130 2098 1333 2154 existit.
1361 2096 1416 2152 Si
1442 2112 1571 2165 ergo
1602 2112 1707 2151 non
1737 2096 1907 2167 magis
1938 2097 2059 2151 lous
2076 2106 2160 2151 est

578 2188 683 2241 hoc
713 2188 852 2240 unde
882 2188 1030 2242 lacus
1077 2198 1161 2243 est
1188 2203 1348 2258 quant
1384 2187 1567 2252 rivus,
1602 2186 1786 2256 nequit
1826 2186 2050 2256 intelligi
2082 2186 2160 2241 la-

579 2294 675 2333 cus
712 2280 884 2349 magis
912 2294 1031 2335 esse
1081 2280 1147 2334 de
1191 2279 1335 2334 lente
1378 2295 1539 2349 quam
1569 2278 1637 2333 de
1673 2280 1808 2333 rivo.
1851 2278 1942 2333 Sic
1976 2279 2160 2349 itaque

575 2384 701 2424 cum
726 2370 820 2403 ¹⁶⁹⁰
858 2370 1053 2426 dicitur
1079 2370 1216 2427 Deus
1244 2370 1425 2435 Pater,
1462 2380 1554 2425 aut
1580 2370 1766 2435 Filius,
1795 2379 1890 2425 aut
1925 2371 2160 2440 Spiritus

578 2470 830 2527 sanctus;
867 2478 971 2517 una
1000 2463 1054 2519 in
1086 2464 1257 2517 tribus
1289 2461 1604 2533 intelligitur
1637 2463 1894 2527 esSentia,
1930 2470 1986 2517 et
2020 2478 2159 2517 unus

577 2554 740 2615 Deus.
770 2555 911 2620 quod
960 2570 1153 2611 nomen
1190 2566 1272 2611 est
1308 2556 1479 2624 ipsius
1508 2553 1929 2624 signiﬁcauvum
1968 2570 2157 2611 essen-

576 2654 699 2713 tuc;
730 2648 825 2703 sed
859 2646 913 2703 in
941 2647 1101 2705 Patre
1132 2649 1448 2719 intelligitur
1482 2654 1734 2723 gignens,
1764 2652 1816 2705 itt
1848 2648 1982 2705 Filio
2011 2649 2159 2719 geni-

580 2748 687 2801 tus.
717 2747 770 2794 et
801 2739 853 2794 in
883 2739 1086 2809 Spiritu
1119 2752 1308 2795 sancto
1333 2740 1588 2810 singulari
1613 2742 1847 2811 quodam
1883 2749 1935 2797 et
1968 2740 2156 2796 inell'a-

577 2828 669 2884 bili
711 2830 871 2884 modo
922 2830 1240 2900 procedens.
1295 2829 1756 2898 Quemadmodum
1802 2829 1970 2899 igitur
2008 2828 2159 2884 lacus

580 2934 686 2975 non
711 2927 796 2973 est
823 2919 890 2973 de
912 2919 1031 2981 hoc.
1058 2920 1199 2973 unde
1228 2919 1427 2973 diversi
1453 2926 1580 2972 sunt
1600 2918 1669 2973 ab
1698 2918 1928 2972 invicem
1957 2916 2078 2971 lens
2104 2926 2158 2971 et

580 3010 757 3074 rivus;
789 3010 883 3065 sed
911 3010 977 3063 de
1005 3025 1145 3080 aqua
1176 3010 1228 3064 in
1250 3026 1352 3077 qua
1379 3025 1543 3063 unum
1572 3017 1699 3064 sunt
1725 3008 1939 3071 u"';ita
1982 3008 2159 3078 Spiri-

582 3110 667 3153 tus
697 3110 920 3155 sanctus
955 3115 1059 3155 non
1086 3109 1168 3154 est
1205 3116 1270 3157 oe
1312 3103 1438 3166 boc,
1470 3102 1614 3155 unde
1645 3100 1732 3155 alii
1759 3109 1885 3154 sunt
1922 3100 1990 3156 ab
2021 3099 2157 3153 invi-

580 3207 697 3246 cem
729 3190 885 3245 latter
923 3201 976 3246 et
1004 3191 1202 3258 Filius;
1251 3191 1345 3248 sed
1377 3192 1443 3248 de
1469 3192 1646 3247 divina
1676 3190 1936 3256 essentia,
1969 3192 2021 3245 in
2050 3204 2153 3262 qua

579 3298 745 3337 unum
780 3292 924 3338 sunt.
973 3283 1028 3337 Si
1070 3300 1200 3354 ergo
1234 3301 1340 3339 non
1381 3285 1552 3354 magis
1578 3296 1661 3340 est
1689 3284 1850 3340 Pater
1882 3285 1985 3339 hoc
2015 3284 2159 3338 unde

579 3376 815 3445 Spiritus
842 3386 1061 3431 sanctus
1083 3392 1164 3431 est
1190 3394 1349 3448 quam
1381 3378 1547 3434 Filius
1567 3420 1582 3444 ,
1611 3378 1831 3450 intelligi
1856 3379 2041 3447 nequit
2061 3392 2157 3433 cur

579 3467 751 3537 magis
781 3470 851 3521 sit
885 3468 952 3523 de
980 3468 1138 3524 Patre
1163 3484 1328 3537 quam
1351 3470 1425 3524 de
1449 3469 1606 3524 Filio.

908 3558 1135 3613 CAPUT
1175 3559 1335 3615 xvnt
1370 3560 1465 3633 [ιιι.
1502 3560 1665 3634 XVII]
1696 3562 1807 3615 ιεη.

597 3658 762 3714 »επιστ
784 3656 836 3705 τι
857 3648 1026 3701 Filius
1046 3660 1163 3703 sunt
1192 3667 1351 3704 unum
1380 3652 1690 3720 principium
1716 3651 1944 3721 Spiritus
1969 3651 2156 3705 sancti.

652 3740 803 3805 Quod
832 3740 874 3794 si
903 3740 1089 3794 dicunt
1115 3757 1225 3795 non
1240 3755 1363 3796 eum
1388 3756 1507 3797 esse
1528 3756 1682 3811 posse
1710 3742 1774 3796 dc
1798 3742 2005 3795 duabus
2028 3756 2155 3795 can-

582 3846 679 3893 διε,
710 3831 824 3884 sive
869 3846 933 3884 ex
968 3831 1173 3886 duobus
1212 3831 1511 3900 principiis,
1551 3832 1936 3901 respondemus
1971 3829 2134 3897 :‘Quo

580 3920 725 3973 aiant
751 3920 890 3975 sicut
936 3937 1040 3975 non
1070 3922 1337 3977 credimus
1369 3923 1628 3991 Spiritum
1663 3934 1906 3977 sanctum
1939 3938 2059 3977 esse
2090 3922 2155 3976 de

578 4014 677 4067 boc
708 4014 848 4068 unde
874 4015 978 4068 duo
1005 4027 1129 4069 sunt
1157 4014 1320 4072 Pater
1343 4025 1397 4070 et
1418 4014 1455 4070 Ρ
1464 4016 1607 4081 ilius,
1620 4016 1711 4071 sed
1741 4016 1813 4071 de
1836 4016 1938 4070 hoc
1964 4015 2017 4068 in
2047 4030 2153 4084 quo

578 4120 740 4158 unum
768 4115 921 4170 sunt,
957 4107 1026 4161 ita
1061 4123 1167 4162 non
1201 4108 1434 4164 dicimus
1460 4110 1565 4163 duo
1595 4123 1715 4163 esse
1736 4109 1851 4178 ejus
1880 4108 1970 4139 ⁸⁸³³
2000 4108 2151 4176 priu-

576 4194 740 4260 cip'a,
783 4196 875 4250 sed
915 4213 1079 4251 unum
1123 4199 1469 4269 principium.
1506 4199 1715 4269 Quippe
1763 4214 1884 4251 cum
1922 4198 2153 4251 dicimus

584 4286 751 4336 Deum
801 4286 1121 4356 principium
1168 4298 1452 4353 creaturtc,
1482 4289 1830 4358 intelligimus
1861 4289 1933 4342 Pa
1961 4304 2071 4342 rem
2098 4298 2153 4343 et

578 4370 771 4426 Filium
799 4384 851 4428 et
889 4376 1148 4445 Spiritum
1198 4384 1443 4431 sanetum
1477 4392 1639 4429 utinm
1669 4377 2010 4446 principium,
2045 4394 2147 4429 non

576 4464 676 4517 tria
712 4467 969 4538 principia
992 4484 1005 4532 ;
1036 4468 1177 4521 sicut
1202 4484 1363 4521 unum
1380 4468 1710 4527 Creatorem.
1739 4483 1840 4521 non
1868 4478 1977 4520 tres
1998 4482 2143 4521 crea-

576 4566 738 4619 tures.
770 4559 1014 4627 quamvis
1057 4568 1166 4613 tres
1202 4558 1311 4615 sint
1354 4560 1515 4615 Pater
1554 4570 1608 4615 et
1639 4560 1807 4614 Filius
1824 4573 1878 4613 et
1909 4559 2145 4627 Spiritus

573 4658 824 4715 sanctus;
858 4650 1110 4718 quoniam
1146 4666 1240 4719 per
1292 4652 1392 4706 lioc
1434 4652 1485 4705 in
1519 4667 1625 4722 quo
1670 4667 1832 4704 unum
1864 4660 2010 4713 sunt,
2039 4666 2143 4703 non

572 4752 667 4804 per
698 4738 797 4793 hoc
841 4740 983 4810 quod
1009 4750 1120 4795 tres
1159 4751 1285 4796 Slllll
1308 4743 1395 4775 ‘6”
1427 4754 1508 4796 est
1539 4734 1699 4797 Pater
1736 4751 1827 4795 aut
1860 4742 2026 4795 Filius
2051 4751 2143 4796 aut

2260 1915 2591 1986 intelligitur,
2624 1915 2879 1985 quoniam
2912 1915 3071 1969 aliter
3093 1914 3319 1985 proferri
3352 1916 3560 1986 nequit,
3590 1914 3698 1969 dici
3728 1929 3829 1970 non

2260 2008 2552 2078 incongrue
2610 2016 2792 2076 potest
2849 2007 3010 2062 Pater
3076 2008 3475 2077 quodammodo
3515 2008 3831 2077 principium

2259 2098 2401 2163 Filii,
2431 2108 2485 2153 et
2521 2098 2677 2152 Pater
2703 2107 2758 2151 et
2799 2096 2966 2153 Filius
3009 2098 3330 2168 principium
3364 2096 3601 2168 Spiritus
3644 2099 3829 2152 sancti.

2260 2188 2370 2244 Nec
2403 2198 2577 2243 tamen
2606 2189 2717 2241 duo
2733 2188 3055 2243 conﬁtemur
3080 2189 3378 2259 principia;
3409 2205 3597 2254 unum,
3627 2186 3837 2241 Patrem

2261 2279 2327 2334 ad
2354 2280 2544 2334 Filium
2578 2279 2702 2345 "°°;
2733 2280 2984 2343 alterunt,
3021 2279 3232 2334 Patrem
3269 2289 3324 2335 ct
3356 2279 3549 2335 Filium
3575 2280 3640 2332 ad
3676 2279 3841 2348 Spiri-

2264 2380 2374 2425 tum
2396 2380 2660 2426 sanctum.
2699 2372 2847 2427 Sicut
2900 2388 3003 2426 non
3036 2372 3306 2426 credimus
3334 2371 3498 2425 alium
3540 2371 3710 2426 Deum
3744 2371 3838 2425 Pa~

2264 2471 2401 2517 trem
2448 2463 2514 2517 de
2566 2477 2673 2531 quo
2710 2473 2793 2517 est
2822 2461 3007 2521 Filius.
3047 2471 3101 2517 et
3141 2462 3304 2516 alium
3339 2463 3505 2517 Demn
3543 2460 3757 2515 Patrem
3786 2470 3837 2515 et

2261 2553 2454 2608 Filium
2477 2554 2543 2607 de
2566 2570 2673 2624 quo
2685 2553 3011 2625 estSpiritus
3026 2563 3266 2618 sanctus,
3283 2554 3531 2624 quamvis
3564 2554 3630 2609 de
3654 2554 3836 2607 eodem

2248 2645 2392 2712 ,Deo,
2418 2661 2532 2702 save
2563 2648 2629 2701 de
2657 2649 2843 2701 eodem
2872 2646 3139 2717 principio
3163 2660 3262 2701 suo
3288 2646 3518 2717 quisque
3543 2648 3705 2701 modo
3735 2646 3831 2709 sit,

2263 2740 2400 2795 alter
2439 2740 2645 2794 scilicet
2675 2742 2964 2803 nascendo,
3013 2739 3157 2793 alter
3207 2740 3582 2810 procedendo;
3626 2740 3676 2793 si
3715 2755 3843 2809 quo-

2262 2833 2384 2887 dam
2416 2832 2507 2864 ¹⁷⁰ί
2538 2832 2799 2902 singulari
2839 2841 2895 2885 et
2923 2830 3178 2886 inclIabili
3212 2832 3369 2887 modo
3398 2832 3495 2864 ’⁸³⁸
3525 2833 3847 2904 intelligitur

2263 2924 2365 2979 ista
2397 2924 2691 2994 processio.
2726 2923 3009 2978 Processio
3058 2938 3295 2992 namque
3328 2923 3512 2978 multis
3556 2926 3737 2979 modis
3766 2925 3847 2977 di-

2260 3016 2422 3081 citur,
2453 3016 2519 3071 de
2546 3016 2743 3085 quibus
2777 3016 2878 3070 iste
2899 3015 3174 3070 solitarius
3207 3015 3548 3084 intelligitur.
3574 3016 3722 3069 sicut
3750 3031 3839 3069 na-

2264 3108 2446 3163 tivitas
2489 3107 2609 3161 Filii
2656 3107 2946 3178 singularis
2972 3107 3336 3177 cognoscitur.
3369 3106 3601 3175 ldipsum
3651 3106 3845 3161 intelli-

2262 3200 2404 3270 gitur
2429 3199 2542 3265 ¹⁷⁰²,
2576 3200 2619 3253 si
2652 3199 2879 3253 dicimus
2929 3198 3140 3252 Patrem
3170 3213 3292 3252 esse
3322 3212 3542 3252 causam
3574 3198 3673 3230 ⁸⁷⁸⁸
3701 3198 3840 3262 Fili,

2258 3302 2312 3347 et
2341 3292 2556 3346 Patrem
2603 3302 2657 3345 et
2712 3290 2751 3344 F
2759 3290 2907 3343 ilium
2957 3304 3173 3343 causam
3229 3288 3467 3360 Spiritus
3491 3291 3696 3345 sancti.
3729 3290 3845 3345 Non

2258 3387 2401 3445 enim
2431 3385 2565 3439 duas
2599 3398 2885 3453 possumus
2918 3382 3101 3437 dicere
3135 3397 3328 3436 causas
3349 3421 3365 3447 ,
3395 3382 3557 3436 aliaat
3585 3382 3844 3439 videlicet

2258 3477 2399 3541 Filii,
2428 3476 2590 3530 aliam
2623 3475 2855 3546 Spiritus
2882 3475 3077 3541 sancti,
3109 3475 3202 3529 sed
3234 3491 3397 3530 unam
3424 3474 3451 3531 ':
3482 3477 3841 3547 qttemadmo-

2259 3571 2383 3624 dum
2417 3585 2521 3623 non
2554 3568 2660 3621 duo
2700 3567 2770 3621 dii
2804 3576 2949 3630 sunt,
2994 3568 3088 3622 scd
3135 3583 3274 3623 unus
3312 3567 3477 3636 Deus,
3516 3570 3581 3623 dc
3608 3583 3727 3640 quo
3757 3576 3844 3623 est

2257 3660 2425 3715 Filius
2449 3669 2503 3714 et
2534 3658 2771 3729 Spiritus
2797 3670 3042 3715 sanctus.

2592 3772 2820 3829 CAPUT
2860 3759 2977 3827 Xix
3020 3773 3115 3845 [aL
3147 3773 3329 3848 xvm]
3361 3725 3475 3829 ι’δι.

2258 3863 2483 3932 lnfringi
2509 3879 2571 3917 ur
2600 3873 2961 3931 argumentum
2994 3866 3206 3918 ductum
3235 3882 3300 3918 ea:
3338 3880 3398 3918 co
3424 3865 3565 3933 quod
3593 3852 3842 3920 Christus

2325 3935 2631 4055 iisrpresscrit
2671 3935 2838 3988 solum
2882 3933 3111 4003 Spiritus
3163 3935 3332 3990 sancti
3377 3938 3767 4005 processionem
3812 3955 3847 3990 ο

2376 4014 2487 4057 utre

2376 4024 2405 4056 ll

2328 4095 2383 4151 Si
2410 4104 2590 4149 autem
2619 4094 2898 4165 qumritnr,
2940 4112 3061 4150 cum
3093 4096 3351 4151 Dominus
3385 4096 3520 4151 dixit
3553 4116 3566 4151 :
3600 4098 3744 4152 Cum
3767 4115 3853 4152 rc-

2255 4186 2386 4239 nerit
2422 4182 2739 4247 Paraclitvs,
2764 4201 2917 4255 quem
2937 4203 3029 4255 ego
3062 4188 3262 4239 mittam
3292 4187 3430 4239 vobis
3450 4205 3482 4239 a
3510 4185 3703 4251 Patre,
3730 4186 3847 4255 Spi-

2254 4278 2434 4338 ritum,
2463 4275 2691 4345 Spiritus
2734 4278 2983 4336 tverilutis.
3009 4278 3096 4346 qui
3140 4294 3171 4328 a
3207 4274 3365 4329 I'atrc
3393 4277 3627 4345 procedit
3650 4276 3843 4349 (Joan.

2255 4384 2341 4433 xv,
2371 4366 2463 4433 ‘26)
2492 4385 2505 4421 :
2536 4383 2634 4422 cur
2661 4383 2764 4422 non
2811 4367 3033 4433 addidit,
3068 4379 3113 4421 et
3141 4386 3171 4421 τι
3205 4367 3365 4434 Filio,
3399 4368 3538 4422 vela
3569 4385 3657 4423 me
3691 4370 3740 4425 si
3765 4369 3845 4424 sic

2254 4461 2420 4514 voluit
2468 4460 2723 4532 intelligi?
2778 4459 2889 4514 Non
2922 4472 3004 4515 est
3057 4462 3156 4514 hoc
3195 4463 3510 4516 inusitatum
3560 4463 3613 4515 in
3680 4464 3853 4519 dictis

2256 4553 2416 4618 illius,
2450 4563 2509 4608 ut
2534 4570 2654 4609 cum
2699 4556 2942 4610 attribuit
2978 4555 3176 4625 aliquid
3199 4556 3309 4627 58
3337 4556 3482 4611 Patri
3512 4558 3674 4627 quasi
3718 4559 3846 4617 soli,

2256 4645 2335 4701 vel
2383 4644 2616 4711 sibi,vel
2658 4644 2879 4716 Spiritui
2930 4648 3301 4712 sancto;vclit
3349 4648 3401 4701 in
3444 4648 3493 4701 al
3520 4648 3566 4702 is
3608 4647 3849 4716 intelligi

2251 4736 2393 4807 quod
2428 4736 2480 4790 in
2510 4751 2615 4790 uno
2642 4734 2997 4806 loquiturm’.
3025 4736 3155 4789 Nam
3190 4753 3311 4791 cum
3334 4739 3467 4792 dicit
3491 4755 3508 4792 :
3536 4737 3745 4793 Beatus
3769 4756 3845 4802 es,

1848 4853 1932 4907 γλ
1944 4850 2080 4906 Rl/E
2125 4848 2523 4907 Ll‘lCTlON‘ES.

643 4983 732 5017 ’⁸⁸³
750 4983 1021 5039 Urbanum
1041 4985 1105 5039 de
1124 4984 1535 5041 mss.Urhauutu
1554 4987 1752 5054 Papam
1779 4986 1843 5035 de
1920 4984 2009 5017 ιδθδ
2026 4984 2402 5054 Constatcnini
2420 4982 2681 5052 quodiuna
2711 4998 2833 5054 mss.
2860 4991 3071 5037 constat
3096 4985 3217 5052 quia
3241 5001 3342 5039 una
3424 4987 3515 5019 ⁸⁸⁸⁷
3536 4986 3837 5053 Quomodo

567 5055 773 5127 singula
790 5055 1046 5127 numquid
1061 5056 1265 5127 singula
1296 5057 1458 5109 “"ln
1478 5050 1649 5127 lyaeum
1668 5054 1935 5127 colligitur
1957 5070 2077 5107 mss.
2098 5056 2149 5108 in
2172 5050 2575 5127 lacu‘colligitur
2591 5050 2861 5127 uulgari).
2893 5050 3179 5127 perﬁlactiin
3204 5057 3477 5127 colligitur
3550 5050 3653 5090 ῖ⁶⁸⁹
3683 5058 3838 5113 Fluit

569 5129 620 5178 in
639 5120 813 5178 larum
841 5120 1398 5197 mss—.lluitperlacnm
1455 5125 1548 5158 "9°
1579 5125 1637 5178 Si
1668 5120 1847 5193 itaque
1874 5142 1995 5197 cum
2023 5141 2147 5197 mss.
2177 5124 2255 5178 sic
2287 5120 2467 5191 itaque
2493 5137 2636 5176 cum.
2714 5120 2899 5197 ams.
2920 5120 2975 5176 S.
3002 5124 3282 5197 _.llicttaelis
3304 5120 3497 5197 cirtera
3516 5128 3687 5197 hujus
3719 5130 3848 5182 libri

565 5198 929 5270 desiderantur
1002 5191 1881 5270 ‘°_’_‘_'A‘quajunnuut_sunt_inss.
1912 5196 2064 5270 Aqua
2095 5195 2144 5270 in
2173 5209 2296 5270 qua_
2319 5208 2484 5246 unum
2514 5200 2640 5269 sunt
2716 5191 2961 5270 ,(Ξ-Αρ.
3000 5194 3081 5246 l7.
3117 5193 3207 5246 Est
3246 5197 3301 5249 in
3332 5213 3430 5249 ms.
3460 5191 3620 5251 Certi.
3656 5198 3847 5270 Caput

566 5266 653 5317 18.
686 5265 811 5317 olim
836 5262 1004 5333 Caput
1033 5264 1125 5338 l5”
1152 5258 1529 5338 _“”_Dieimu_s
1576 5265 1682 5318 duo
1710 5263 1826 5331 ejus
1849 5258 2372 5338 nissticimusduo
2406 5258 2670 5338 esseejus
2747 5260 2838 5338 ξεῖ
2871 5262 2923 5314 ln
2954 5278 3068 5338 quo
3092 5274 3202 5338 tres
3231 5276 3379 5331 sunt,
3411 5282 3494 5338 est
3520 5284 3653 5323 mss.
3691 5258 3847 5338 quod

568 5343 676 5386 tres
706 5342 853 5392 sarit.
879 5331 966 5388 est
1035 5334 1127 5366 ’m
1151 5334 1217 5388 Et
1253 5334 1445 5397 Filius,
1468 5335 1511 5388 si
1541 5344 1715 5388 tamen
1746 5351 1870 5389 mss.
1914 5344 1965 5386 et
2004 5333 2191 5395 Filius.
2222 5333 2360 5386 sicut
2392 5339 2476 5385 est
2498 5332 2569 5400 de
2606 5346 2718 5400 uno
2750 5331 2857 5384 Deo
2894 5336 2985 5400 qui
3025 5343 3107 5386 est
3142 5333 3300 5389 Pater
3330 5347 3379 5390 et
3431 5337 3627 5400 Filius.
3662 5331 3728 5393 si'
3762 5350 3841 5393 ta-

565 5418 687 5479 men
708 5471 734 5479 Α
767 5402 860 5433 ³⁵⁸⁸
888 5402 1079 5479 Incipit
1104 5419 1225 5458 esse
1249 5420 1372 5457 mss.
1409 5404 1607 5479 incepit
1642 5419 1762 5459 esse
1839 5406 1926 5439 "’7
1968 5404 2083 5479 Nec
2105 5414 2190 5479 est
2211 5401 2435 5479 adjectus
2460 5398 2853 5479 alicuiusumss.
2884 5398 3039 5479 .Vt'ct.
3073 5414 3119 5457 et
3163 5406 3553 5479 (iisteraomiu.
3586 5398 3849 5479 alicujus

569 5472 657 5505 "9"
697 5471 975 5538 Quomodo
1018 5483 1195 5525 tamen
1251 5490 1375 5525 mss.
1418 5470 1682 5539 Quintam
1739 5485 1913 5529 tamen
1996 5474 2085 5505 ’νη
2138 5473 2379 5539 Quodam
2406 5480 2457 5524 et
2485 5470 2742 5524 incll'abili
2776 5471 2934 5523 modo
2981 5489 3103 5525 mss.
3170 5473 3302 5528 Vict.
3335 5476 3491 5531 Corb.
3553 5470 3837 5535 ineffaﬁili

562 5544 795 5612 quintam
826 5542 983 5593 modo
1061 5544 1153 5577 ποθ
1188 5542 1474 5612 Principia.
1513 5561 1674 5598 unum
1709 5544 1920 5598 Patrem
1951 5543 2015 5596 ad
2057 5542 2247 5612 Filium
2293 5558 2418 5594 mss.
2462 5539 2681 5612 il’ictzll.
2714 5550 2759 5594 et
2802 5540 2884 5593 l5.
2910 5542 3191 5612 principio,
3241 5547 3333 5598 sed
3378 5563 3566 5608 unum,
3597 5547 3842 5603 Patrem

564 5609 844 5687 f-t__l"il_iu_m
920 5612 1007 5641 ³⁷⁸³
1077 5612 1179 5666 Sed
1222 5609 1455 5683 quodam
1504 5616 1704 5687 missi
1738 5616 2008 5687 quplani__
2050 5613 2141 5687 f7“
2177 5611 2407 5679 ldipsnm
2460 5610 2775 5677 intelligitur
2812 5611 3117 5687 ηιμ-(ξομ),
3182 5616 3411 5687 iiipsum
3465 5616 3851 5687 intelligimus

568 5681 657 5713 ³⁷³³³
685 5680 918 5734 Dicimus
948 5697 1066 5733 esse,
1118 5680 1331 5737 causam
1382 5701 1506 5735 mss.
1537 5696 1581 5735 et
1624 5680 1931 5736 I‘Itlitlhy't.
1961 5682 2191 5733 dicimus
2222 5692 2431 5749 patrem
2461 5694 2582 5734 esse
2604 5695 2825 5749 causam
2908 5682 3002 5711 ‘7”
3024 5682 3153 5736 Car.
3197 5680 3275 5739 l8.
3316 5685 3407 5739 Est
3435 5689 3489 5741 in
3519 5704 3623 5742 ms.
3648 5680 3843 5742 '(Iorb.

564 5751 729 5809 (.‘mut
760 5752 843 5805 l9.
883 5752 1003 5804 olim
1038 5752 1204 5809 (λῃ-λιιι
1248 5754 1306 5808 l6
1385 5755 1474 5785 ‘7'”
1506 5755 1655 5819 Quod
1712 5755 1775 5807 dc
1812 5768 1915 5809 uno
1954 5753 2191 5815 loptitur
2226 5748 2350 5804 mss.
2402 5750 2542 5809 quod
2582 5750 2632 5804 in
2665 5765 2772 5803 uno
2817 5748 3059 5819 loquitur
