4030 6290
272 330 374 385 523

1246 286 1253 293 ’
1303 322 1391 379 or;
1428 320 1903 379 euocassth;
1934 324 1991 378 s.
2026 324 2361 381 SPitttTUS.

3410 331 3516 388 3H

274 442 455 497 Simon
505 437 771 508 Ba:joua-,
814 436 937 508 quia
977 453 1099 491 caro
1138 446 1186 493 et
1206 440 1421 509 sanguis
1464 456 1567 493 non
1608 436 1843 493 reretavit
1872 443 1919 501 Α
1950 437 2051 493 hoc
2085 439 2229 493 enim
2275 448 2358 495 est
2400 439 2632 509 Spiritus
2675 450 2915 506 sanctus,
2948 439 3089 510 quod
3136 448 3218 496 est
3256 441 3447 498 Filius'
3472 452 3530 497 et

273 533 382 588 ti'i.
409 531 500 584 sed
541 526 701 583 Pater
721 546 864 583 meus
891 531 980 600 qui
1004 532 1057 584 in
1080 530 1220 585 catis
1243 542 1314 585 est
1333 530 1547 600 (Matth.
1587 546 1697 590 va.
1735 531 1844 600 17).

274 621 461 675 Nonne
516 621 629 690 ipse
672 619 837 674 Filius
880 630 936 675 et
954 621 1192 689 Spiritus
1218 630 1437 675 sanctus
1474 622 1850 691 intelligendus

272 721 353 767 est
400 709 667 766 revelasse
703 704 823 764 cum
856 708 1016 764 Patre
1037 711 1060 762 ?
1081 709 1341 777 Quoniam
1371 712 1513 764 enim
1546 711 1707 764 Pater
1742 727 1846 765 non

274 801 473 855 revelat
519 815 616 869 per
645 801 770 865 hoc,
819 801 945 869 quia
981 800 1139 856 Pater
1176 811 1259 855 est
1289 798 1412 866 ‘7“;
1459 800 1553 854 sed
1592 814 1689 870 per
1723 801 1846 867 hoc,

269 892 411 961 quod
444 891 582 945 Deus
607 898 711 956 est,
737 900 790 943 et
812 888 951 945 idem
987 889 1129 943 Deus
1161 900 1242 943 est
1271 889 1438 944 Filius
1462 890 1552 922 ¹⁷⁰⁷
1588 898 1642 953 et
1680 890 1850 959 Spiri-

274 990 358 1034 tus
386 989 641 1043 sanctus;
672 978 918 1047 sequitur
941 988 1019 1046 ut,
1048 979 1190 1048 quod
1223 979 1423 1033 revelat
1446 979 1625 1048 Pater,
1646 979 1849 1035 revelet

271 1069 457 1134 Filius,
490 1080 542 1125 et
586 1070 820 1139 Spiritus
850 1078 1091 1123 sanctus.
1129 1067 1259 1123 Item
1294 1085 1417 1123 cum
1465 1070 1635 1124 dicit:
1679 1069 1848 1124 Nemo

270 1165 406 1216 uouit
441 1159 662 1227 Filium,
698 1162 798 1217 nisi
850 1160 1045 1227 Pater;
1082 1178 1243 1233 neque
1278 1160 1489 1217 Patrem
1530 1164 1646 1235 quis
1689 1166 1847 1229 novit,

270 1250 371 1303 nisi
413 1247 606 1314 Filius,
649 1260 697 1302 et
742 1250 827 1303 cui
882 1250 1099 1303 voluerit
1142 1248 1314 1305 Filius
1365 1251 1592 1307 rerelare
1631 1252 1844 1321 (Matth.

269 1356 344 1406 xv,
383 1338 495 1409 27),
527 1339 680 1410 quasi
731 1338 877 1395 solus
924 1337 1094 1395 Filius
1123 1352 1411 1411 cognoscat
1430 1342 1524 1379 ¹⁷⁰⁸
1565 1352 1619 1397 ct
1652 1344 1851 1399 revelet

269 1430 504 1496 Patrem,
538 1440 588 1486 et
619 1445 705 1496 se;
738 1440 793 1485 et
820 1431 965 1486 solus
990 1430 1153 1487 Pater
1184 1431 1277 1465 "°’
1304 1442 1595 1501 cognoscat
1618 1432 1845 1488 Filium:

270 1520 672 1592 intelligendum
696 1532 778 1575 est
804 1522 873 1576 ibi
906 1521 1146 1576 revelare
1176 1534 1230 1579 et
1257 1538 1435 1591 nosse,
1467 1524 1637 1579 tribus
1662 1540 1851 1595 perso-

270 1614 353 1664 nis
389 1626 509 1665 esse
533 1596 853 1678 commune;
884 1612 1140 1682 quoniam
1170 1628 1277 1667 non
1305 1626 1403 1682 per
1432 1614 1552 1681 boc,
1584 1613 1726 1683 quod
1761 1613 1848 1667 alii

270 1708 391 1752 sunt
423 1699 491 1751 ab
515 1698 773 1762 invicem;
811 1708 900 1756 seu
933 1715 1029 1770 per
1065 1702 1192 1767 hoc,
1222 1701 1363 1772 quod
1405 1719 1569 1757 unum
1595 1714 1720 1759 sunt
1748 1703 1851 1758 Pa-

1949 529 2090 600 quod
2113 539 2196 585 est
2217 529 2380 584 Pater

2322 618 2550 676 CAPUT
2591 618 2685 675 xx
2730 618 2826 693 [aL
2856 620 2999 691 xm
3027 622 3136 675 ατη.

2119 706 2372 778 Ejusdem
2402 711 2695 777 argumenti
2723 710 3053 779 conﬁrmatio
3088 710 3364 778 refutatur.

2020 797 2127 854 Sed
2150 799 2290 855 dicet
2315 801 2511 870 aliquis
2543 819 2555 855 :
2600 801 2723 856 Ideo
2753 801 3102 872 intelligimus
3130 800 3323 855 Filium
3350 812 3399 855 et
3416 801 3533 870 Spi-

1948 890 2110 944 ritum
2156 901 2399 947 sanctum
2430 876 2688 967 revelare,
2723 894 2866 962 quod
2904 894 3051 947 solus
3091 893 3252 946 Pater
3290 894 3531 947 revelare

1950 982 2175 1049 dicitur;
2211 992 2265 1037 et
2311 983 2521 1037 Patrem
2554 992 2606 1037 et
2641 984 2899 1053 Spiritum
2931 995 3173 1038 sanctum
3205 983 3448 1038 revelare
3477 992 3535 1036 et

1950 1088 2132 1140 nosse,
2172 1075 2312 1142 quod
2358 1073 2503 1129 solus
2532 1074 2702 1129 Filius
2743 1074 2922 1129 facere
2953 1076 3179 1142 dicitur;
3218 1086 3269 1131 ot
3316 1074 3543 1128 Patrem

1950 1173 2004 1217 et
2025 1162 2217 1219 Filium
2245 1164 2459 1229 docere,
2484 1164 2623 1233 quod
2658 1164 2804 1219 solus
2831 1164 3052 1233 spiritus
3077 1173 3296 1218 sanctus
3319 1164 3535 1217 doctum

1951 1256 2029 1309 ire
2066 1255 2418 1325 promittitur,
2456 1256 2578 1325 quia
2629 1256 2774 1325 quod
2820 1257 2883 1308 de
2925 1269 3029 1307 uno
3058 1254 3171 1307 solo
3205 1254 3255 1306 in
3285 1270 3391 1306 uno
3421 1253 3541 1306 loco

1954 1345 2172 1416 legitur,
2217 1346 2281 1399 de
2314 1347 2433 1399 aliis
2469 1344 2591 1399 alibi
2636 1356 2823 1415 aperte
2873 1345 3211 1411 signiﬁcatur
3252 1342 3362 1394 ¹⁷¹⁶.
3401 1341 3534 1395 Cum

1951 1450 2080 1489 vero
2131 1434 2258 1488 dicit
2295 1433 2554 1503 Spiritum
2597 1444 2841 1487 sanctum
2896 1434 2962 1485 de
3008 1433 3165 1485 Patre
3220 1433 3538 1500 procedere,

1953 1540 2056 1579 non
2092 1525 2318 1596 legimus
2367 1523 2560 1579 alicubi
2604 1539 2725 1577 cum
2779 1524 2845 1577 de
2892 1521 3028 1577 Filio
3066 1524 3379 1593 procedere.
3440 1522 3543 1574 Per

1951 1617 2093 1687 quod
2119 1632 2398 1671 monemur
2422 1616 2510 1647 ¹⁷¹¹
2546 1631 2649 1669 non
2677 1624 2862 1668 nostro
2888 1628 3070 1676 sensu,
3096 1615 3237 1681 quod
3271 1627 3537 1680 nusquam
3610 1674 3613 1677 _

1954 1708 2154 1762 dictum
2195 1717 2295 1769 est.
2355 1722 2621 1763 asserere.
2673 1706 2751 1760 Ad
2790 1705 2931 1771 quod
2978 1705 3368 1773 respondemus
3410 1704 3536 1772 quia

270 1798 354 1845 ter
383 1799 437 1845 et
466 1791 636 1846 Filius
684 1801 737 1845 ct
778 1791 1015 1861 Spiritus
1056 1802 1274 1847 sanctus
1299 1793 1413 1858 "'°,
1443 1802 1774 1864 cognoscunt
1800 1802 1855 1848 et
1888 1804 1927 1858 Β
1956 1799 2133 1868 potius
2159 1800 2415 1854 docemur
2440 1814 2535 1868 per
2557 1799 2671 1853 lucc
2697 1813 2816 1865 qme
2852 1796 2931 1850 sic
2958 1795 3099 1848 dicta
3132 1806 3277 1855 sunt,
3309 1810 3392 1857 ea,
3421 1809 3543 1862 qum

270 1881 532 1935 revelant.
565 1881 696 1935 Cum
727 1881 890 1937 etiam
922 1881 1052 1936 dicit
1077 1880 1165 1912 ¹⁷¹¹
1197 1881 1411 1937 Patrem
1441 1896 1599 1937 nosse
1633 1882 1850 1947 Filium,

268 1986 322 2026 et
342 1971 535 2027 Filium
579 1988 738 2027 nosse
767 1972 1007 2039 Patrem,
1049 1983 1105 2029 et
1151 1973 1393 2030 revelare
1431 1989 1490 2029 se
1530 1984 1584 2028 et
1612 1974 1850 2039 Patrem,

268 2078 452 2136 aperte
487 2067 597 2121 vult
648 2066 869 2137 intelligi
912 2068 1036 2136 quia
1086 2066 1246 2121 Pater
1276 2068 1554 2139 cognoscit
1588 2066 1850 2136 Spiritum

270 2166 536 2223 sanctum,
570 2166 623 2211 et
653 2156 821 2212 Filius
870 2157 1044 2213 noscit
1077 2166 1129 2212 ct
1176 2159 1380 2213 revelat
1426 2158 1686 2228 Spiritum
1731 2173 1855 2211 san-

268 2266 443 2313 cum;
479 2251 732 2320 quoniam
774 2249 1007 2318 idipsum
1044 2250 1186 2319 quod
1235 2260 1321 2304 est
1361 2248 1521 2304 Pater
1558 2258 1612 2304 et
1662 2248 1851 2315 Filius,

268 2356 297 2389 ρ
336 2351 352 2392 ι
380 2342 547 2393 etiam
586 2341 821 2410 Spiritus
850 2341 940 2370 ¹⁷¹²
977 2352 1219 2396 sanctus.
1248 2342 1512 2397 Similiter
1541 2357 1664 2396 cum
1690 2341 1850 2395 dicit:

272 2432 376 2495 Qui
401 2449 485 2486 me
508 2433 664 2496 videt,
694 2433 826 2486 videt
865 2441 914 2486 et
947 2431 1160 2487 Patrem
1185 2431 1369 2506 (Joau.
1397 2447 1507 2497 xlv,
1534 2432 1613 2504 9),
1640 2448 1743 2486 non
1770 2439 1855 2486 est

269 2525 602 2592 separandus
629 2523 864 2594 Spiritus
895 2533 1145 2591 sanctus;
1174 2525 1431 2597 quoniam
1460 2522 1549 2594 qui
1585 2525 1730 2578 videt
1755 2525 1855 2579 boc

269 2612 461 2683 inquo
502 2630 666 2669 unum
709 2613 952 2668 suntm’
1000 2613 1162 2669 Pater
1207 2622 1261 2669 et
1310 2612 1479 2668 Filius
1518 2621 1572 2667 et
1622 2613 1856 2681 Spiritus

270 2714 512 2770 sanctus,
540 2722 643 2759 non
678 2716 852 2777 potest
893 2706 1079 2760 videre
1120 2720 1286 2759 unum
1316 2704 1382 2759 de
1415 2704 1500 2759 his
1534 2702 1707 2756 tribus
1739 2703 1855 2758 sine

270 2800 391 2849 alis
417 2798 643 2850 duobus.
680 2798 753 2852 De
783 2796 986 2867 Spiritu
1016 2808 1206 2851 sancto
1234 2811 1451 2866 quoque
1478 2796 1611 2850 dicit
1634 2796 1699 2848 ad
1729 2810 1856 2865 ιιι)οο

269 2897 320 2944 st
342 2887 439 2942 ›1οδ
467 2904 483 2940 :
511 2884 643 2941 Cum
680 2897 854 2942 autem
879 2892 1070 2943 venerit
1100 2888 1189 2941 ille
1213 2886 1439 2955 Spiritus
1464 2887 1723 2951 veritatis,
1751 2886 1855 2939 do-

269 2979 400 3032 cebit
433 2996 519 3033 vos
546 2995 746 3033 onmem
781 2974 1045 3033 reritatem
1072 2977 1252 3047 (Joan.
1284 2994 1396 3043 va,
1429 2978 1541 3047 13),
1581 2980 1734 3047 quasi
1769 2992 1858 3032 so-

270 3072 356 3125 lts
384 3071 621 3141 Spiritus
654 3082 874 3125 sanctus
913 3072 1104 3125 doceat
1132 3085 1348 3139 omnem
1379 3070 1701 3135 veritatem;
1733 3083 1853 3124 cum

1958 1893 2010 1947 in
2038 1894 2305 1948 similibus
2357 1893 2514 1946 dictis
2567 1900 2850 1967 tacentur,
2903 1888 3154 1942 similiter
3200 1886 3540 1956 intelligere;

1955 1974 2254 2058 p":esertim
2289 2000 2411 2040 cum
2461 1999 2524 2037 ex
2557 1982 2643 2036 his
2672 1998 2791 2051 quae
2819 1980 3093 2045 dicuntur,
3144 1978 3285 2031 nulla
3334 1977 3545 2030 ratione

1957 2068 2383 2142 contradicente,
2409 2090 2494 2138 ea,
2521 2090 2639 2143 qua-
2662 2088 2765 2127 non
2798 2072 3075 2131 dicuntur,
3108 2066 3417 2123 rationabili
3449 2082 3545 2119 ne-

1957 2180 2209 2225 cessnate
2252 2183 2506 2236 consequi
2547 2164 2888 2235 apertissime
2930 2161 3226 2215 viderimus
3249 2157 3362 2212 ‘7".
3408 2157 3542 2213 Cum

1957 2262 2045 2316 cui
2072 2278 2100 2312 ιι
2129 2261 2256 2312 dicit
2284 2259 2541 2314 Dominus
2575 2257 2639 2309 ad
2664 2256 2876 2309 Patrem
2907 2271 2919 2305 :
2968 2252 3095 2307 [lare
3133 2262 3207 2305 est
3238 2260 3412 2303 autent
3439 2249 3544 2302 rita

1957 2362 2175 2411 trterua,
2206 2358 2260 2401 ut
2296 2356 2604 2418 cognoscant
2636 2356 2684 2398 te
2712 2344 2881 2397 solum
2912 2358 3085 2395 rerum
3109 2339 3292 2402 Deum,
3324 2349 3368 2391 et
3392 2353 3545 2408 quam

1958 2439 2145 2493 misisti
2161 2437 2341 2492 Jesum
2373 2436 2635 2489 Christum
2655 2433 2839 2505 (Joan.
2868 2448 3003 2495 xvtt,
3034 2431 3109 2497 5);
3166 2447 3232 2483 an
3292 2426 3411 2480 ideo
3440 2426 3539 2479 de-

1959 2531 2148 2585 bemus
2182 2544 2438 2598 separare
2487 2527 2555 2580 ab
2602 2527 2701 2579 hac
2730 2523 2930 2578 salubri
2965 2534 3016 2577 et
3047 2520 3195 2574 vitali
3237 2517 3548 2587 cognitione

1961 2623 2220 2692 Spiritum
2267 2628 2539 2682 sanctum,
2570 2617 2693 2687 quia
2740 2629 3001 2683 nusquam
3045 2612 3283 2682 legitur:
3321 2608 3448 2662 Ha’c
3471 2615 3549 2661 est

1959 2724 2130 2766 autem
2161 2713 2266 2765 vita
2287 2720 2503 2769 trtertta,
2520 2718 2575 2760 ut
2599 2715 2911 2776 cognoscant
2938 2703 3154 2757 Patrem
3179 2700 3348 2755 solum
3373 2703 3548 2753 rerum

1961 2802 2148 2865 Deum,
2182 2811 2228 2855 et
2255 2800 2506 2868 Spiritum
2524 2808 2784 2852 sanctum.
2819 2797 2968 2850 Aut:
3008 2792 3135 2848 Htcc
3166 2802 3239 2846 est
3270 2791 3372 2846 vita
3396 2801 3551 2844 (vter-

1960 2913 2051 2961 πη,
2076 2904 2134 2947 ut
2156 2901 2469 2964 cognoscant
2516 2889 2712 2942 Filium
2746 2886 2913 2941 soluat
2940 2900 3114 2940 rerum
3152 2881 3316 2935 Deum
3346 2892 3393 2934 et
3427 2877 3552 2949 Spi-

1961 2988 2117 3040 ritum
2141 2994 2380 3038 sanctum
2411 2982 2435 3035 ?
2463 2982 2569 3035 Aut
2592 2996 2714 3035 cum
2746 2978 2973 3047 legimus
3014 2989 3029 3028 :
3056 2973 3190 3042 Quia
3220 2974 3354 3025 sicut
3389 2969 3549 3023 Pater

1962 3076 2112 3130 habet
2153 3075 2310 3128 vitam
2346 3073 2399 3125 iu
2438 3072 2749 3139 semetipso;
2799 3069 2873 3122 sic
2922 3066 3063 3120 dedit
3110 3073 3159 3119 et
3207 3061 3347 3115 Filio
3390 3061 3552 3113 vitam

270 3178 374 3218 nec
402 3164 521 3217 sine
541 3162 722 3227 Patro,
750 3176 849 3216 nec
880 3162 997 3216 sine
1031 3160 1165 3215 Filio
1191 3160 1385 3215 doceat
1415 3175 1628 3215 omnem
1661 3160 1857 3212 verita-
1885 3142 1930 3204 C
1962 3167 2150 3219 habere
2172 3165 2224 3218 in
2254 3162 2526 3229 semetipso
2551 3160 2729 3231 (Joau.
2770 3174 2824 3221 ν.
2852 3156 2968 3229 26),
3004 3156 3244 3209 dicemus
3284 3151 3547 3220 Spiritum

270 3263 404 3307 tem.
438 3250 556 3305 Non
589 3251 733 3306 enim
780 3266 875 3321 per
901 3251 1024 3316 hoc,
1067 3249 1191 3319 quia
1223 3260 1306 3304 est
1338 3248 1571 3319 Spiritus
1603 3245 1854 3317 alicujus,

271 3345 478 3400 scilicet
496 3343 673 3399 Patris
703 3353 756 3397 ct
782 3342 900 3397 Filii
927 3351 980 3396 et
1008 3341 1285 3411 Spiritus:
1316 3341 1408 3395 sed
1441 3356 1536 3409 per
1566 3341 1687 3403 hoc,
1715 3339 1856 3409 quod

270 3452 439 3488 nrmm
486 3443 569 3489 est
611 3449 733 3488 cum
765 3433 925 3486 Patre
956 3442 1010 3486 et
1051 3431 1209 3495 Filio,
1247 3431 1297 3486 id
1325 3440 1405 3486 est
1444 3445 1541 3500 per
1572 3430 1674 3483 hoc
1714 3428 1859 3499 quod

271 3528 416 3582 Deus
444 3534 547 3591 cst,
571 3528 728 3580 docet
753 3539 967 3580 omnem
990 3524 1291 3603 veritatem.
1318 3522 1705 3593 Videtisigitur
1726 3537 1861 3590 quo-
1912 3588 1915 3589 ν

271 3619 434 3673 modo
476 3619 526 3671 in
557 3618 643 3672 liis
679 3634 797 3687 qua:
846 3616 1098 3687 proposui
1130 3616 1244 3682 ‘7“,
1273 3615 1415 3685 quod
1449 3615 1538 3668 uni
1568 3614 1721 3684 quasi
1760 3613 1858 3667 soli

272 3708 521 3762 attribuit
553 3705 666 3768 "",
723 3706 789 3759 ab
834 3706 953 3760 aliis
999 3706 1210 3760 duabus
1266 3702 1515 3774 personis
1576 3717 1684 3757 non
1731 3717 1858 3772 pos-

270 3804 341 3856 s't
375 3800 468 3829 ¹⁷¹⁶
496 3798 757 3867 srparari.
788 3797 947 3851 Multa
988 3793 1292 3863 huiusmodi
1322 3795 1373 3848 in
1395 3808 1550 3848 sacra
1574 3792 1857 3863 Scriptura

277 3890 510 3959 l-ginms
537 3907 549 3940 :
584 3896 644 3941 ut
684 3889 826 3957 qno.l
857 3890 922 3941 de
968 3903 1068 3940 una
1098 3900 1326 3956 persona
1359 3885 1708 3955 singulariter
1732 3883 1862 3938 dici-

276 3987 389 4041 tur,
429 3975 802 4030 iudiﬂ’ereuter
847 3976 913 4029 de
971 3975 1143 4030 tribtts
1193 3970 1537 4044 intelligatur.
1588 3972 1860 4041 Quidquid

271 4072 421 4126 enim
446 4071 513 4124 de
550 4085 654 4122 una
700 4084 927 4141 persona
976 4066 1383 4137 pronuntiatur,
1415 4066 1481 4120 de
1515 4065 1638 4119 aliis
1661 4065 1863 4135 pariter

271 4168 490 4230 eporzet
521 4159 775 4230 intelligi;
836 4159 936 4213 nisi
968 4172 1088 4212 cum
1127 4157 1361 4221 boc"",
1400 4156 1541 4210 unde
1568 4154 1685 4209 aliae
1712 4163 1860 4219 sunt,

274 4268 328 4307 ut
362 4252 498 4316 dixi,
525 4251 593 4304 ab
615 4252 843 4305 invicem
869 4252 1090 4306 obviare
1120 4240 1486 4321 cognoscitur:
1520 4249 1863 4320 Quapropter

1964 3262 2206 3311 sanctum
2240 3268 2344 3306 non
2387 3250 2589 3305 habere
2620 3266 2647 3303 a
2692 3248 2879 3310 Patre,
2909 3263 2937 3299 a
2982 3261 3089 3315 quo
3124 3252 3230 3305 est,
3264 3250 3321 3294 ut
3358 3240 3557 3294 habeat

1964 3345 2015 3400 iu
2048 3344 2334 3412 semetipso
2355 3340 2544 3405 vitam,
2572 3340 2711 3393 sicut
2735 3340 2897 3392 habet
2923 3335 3083 3390 Pater
3108 3344 3157 3387 et
3183 3331 3384 3394 Filius;
3411 3342 3556 3397 quo.

1963 3432 2107 3488 niam
2144 3433 2248 3486 boc
2302 3445 2564 3500 nusquam
2601 3428 2731 3483 dicit
2766 3426 2932 3480 Filius
2969 3424 3035 3478 de
3085 3419 3287 3492 Spiritu
3330 3425 3549 3480 sancto,

1962 3523 2189 3579 sicutde
2214 3523 2414 3593 seipse.
2443 3521 2573 3574 Item
2617 3533 2739 3572 cum
2782 3516 2913 3571 dicit
2947 3532 2961 3569 :
2997 3514 3154 3568 Pater
3176 3513 3229 3564 in
3273 3525 3353 3562 me
3373 3517 3468 3571 est,
3504 3514 3555 3559 et

1962 3634 2055 3686 ego
2100 3617 2157 3670 iu
2201 3613 2379 3668 Patre.
2417 3613 2481 3671 Et
2536 3630 2549 3666 :
2596 3611 2700 3678 Qui
2734 3612 2867 3665 videt
2920 3625 3023 3672 me,
3065 3607 3200 3662 videt
3247 3615 3295 3659 et
3337 3602 3555 3656 Patrem

1964 3706 2146 3780 (Joan.
2199 3722 2309 3772 xrv,
2360 3706 2471 3775 10),
2517 3720 2583 3759 an
2635 3702 2950 3773 ncgabimus
2990 3699 3250 3770 Spiritum
3303 3704 3551 3752 sanctum

1962 3814 2083 3854 esse
2130 3798 2181 3852 in
2222 3797 2383 3851 Patro
2434 3806 2486 3851 et
2512 3794 2668 3859 Filio,
2712 3804 2765 3849 et
2790 3792 3004 3847 Patrem
3029 3800 3082 3846 et
3107 3789 3301 3844 Filium
3346 3801 3467 3842 esse
3497 3784 3550 3838 in

1965 3890 2168 3961 Spiritu
2213 3898 2432 3953 sancto;
2482 3898 2573 3941 aut
2604 3902 2747 3948 eum,
2790 3884 2884 3954 qui
2928 3884 3077 3936 videt
3102 3880 3323 3942 Filium,
3360 3876 3548 3931 videre

1966 3980 2223 4050 Spiritum
2252 3990 2519 4042 sanctum,
2553 3975 2692 4030 sicut
2724 3975 2868 4028 videt
2907 3971 3160 4033 Patrem;
3200 3969 3243 4022 si
3293 3968 3408 4021 haec
3437 3971 3556 4021 mn

1963 4072 2150 4127 eadem
2180 4069 2613 4141 pronuntiatione
2653 4066 2924 4135 leguntur,
2970 4078 3073 4131 qua
3098 4058 3192 4092 ¹⁷¹²
3221 4059 3286 4111 de
3310 4057 3468 4111 Patre
3492 4064 3548 4109 et

1965 4163 2100 4218 Filio
2132 4159 2518 4232 proferuntur?
2544 4146 2653 4212 lmo
2676 4155 2930 4227 quoniam
2965 4168 3102 4207 unus
3128 4151 3379 4218 idemque
3410 4147 3554 4201 Deus

1964 4264 2068 4319 est,
2098 4254 2282 4317 Pater,
2313 4261 2367 4306 et
2394 4252 2582 4311 Filius,
2614 4260 2669 4305 et
2699 4248 2935 4318 Spiritus
2965 4254 3188 4300 sanctus
3214 4261 3227 4295 :
3259 4257 3380 4293 cum
3415 4240 3553 4292 dici-

274 4359 403 4399 cuzn
457 4345 727 4398 credimus
760 4343 1017 4412 Spiritum
1074 4352 1320 4397 sanctum
1358 4343 1425 4395 de
1472 4341 1634 4396 Patre
1669 4355 1862 4411 proce-
1965 4355 2053 4400 tur
2091 4358 2418 4416 cognoscere
2453 4343 2627 4396 solum
2674 4354 2860 4395 verum
2915 4339 3082 4392 Deum
3122 4335 3337 4388 Patrem
3378 4341 3431 4385 et
3463 4330 3559 4383 Fi-

275 4438 435 4499 dere;
466 4435 718 4504 quoniam
753 4435 891 4489 Deus
922 4436 987 4488 de
1020 4435 1150 4498 Deo,
1175 4434 1227 4487 id
1254 4443 1333 4488 est
1367 4434 1599 4487 essentia
1629 4432 1862 4501 Spiritus
1893 4495 1930 4504 ᾗ
1966 4435 2095 4489 lium
2120 4449 2241 4490 esse
2266 4434 2431 4487 vitam
2462 4442 2744 4496 attentam,
2770 4425 3204 4497 inseparabiliter
3236 4421 3551 4491 intelligen-

272 4523 451 4579 smrti
479 4525 546 4577 de
567 4524 802 4578 essentia
840 4523 1036 4588 Patris,
1070 4537 1190 4592 qua:
1219 4538 1321 4576 una
1353 4532 1437 4576 est
1460 4522 1511 4576 in
1543 4523 1716 4578 tribus
1739 4523 1854 4589 "",
1892 4495 1940 4555 θ
1966 4530 2065 4583 dus
2103 4537 2190 4583 est
2238 4528 2289 4581 in
2338 4525 2424 4581 illa
2468 4525 2772 4596 cognitione
2803 4495 3039 4594 Spiritus
3065 4530 3302 4575 sanctus.
3336 4516 3401 4571 Et
3426 4531 3559 4572 cum.

270 4634 304 4672 e
326 4634 400 4672 se
423 4617 777 4688 intelligitur:
811 4634 1031 4673 necesse
1070 4629 1153 4672 est
1198 4628 1254 4671 ut
1288 4619 1352 4671 de
1383 4617 1518 4672 Filio
1548 4634 1670 4672 eum
1700 4620 1856 4674 simi-
1966 4619 2230 4688 legimus:
2263 4618 2399 4685 Quia
2422 4620 2555 4673 situt
2589 4615 2748 4671 Pater
2773 4616 2925 4670 habet
2956 4615 3113 4668 vitam
3150 4613 3205 4666 in
3238 4610 3509 4675 semetipso
3531 4623 3562 4670 ξ

272 4710 405 4764 li.cr
434 4725 557 4765 esse
584 4708 961 4776 contiteamur,
995 4709 1042 4765 si
1084 4709 1255 4764 Filius
1293 4719 1510 4764 nonest
1539 4709 1603 4765 de
1633 4710 1753 4776 illo;
1790 4712 1856 4766 de
1917 4733 1938 4767 ι
1963 4713 2038 4765 sic
2056 4712 2197 4766 dedit
2225 4708 2369 4765 Filio
2410 4709 2599 4764 habere
2636 4710 2794 4765 vitam
2837 4708 2890 4760 in
2927 4704 3226 4775 semetipso,
3254 4718 3359 4757 non
3388 4700 3557 4757 debe-

1598 4821 1829 4875 VARUS
1872 4822 2275 4880 LECTIONES.

348 4935 447 4970 ¹⁷⁰⁶
475 4935 552 4988 Ab
583 4935 663 5005 his
686 4936 871 4998 verbis,
910 4949 1021 4988 non
1047 4943 1249 4989 reve.at
1278 4949 1374 5004 pcr
1398 4934 1503 4988 hoc
1529 4934 1650 5005 quia
1669 4934 1831 4989 Pater
1852 4944 1957 4999 est,
1977 4953 2135 5005 usque
2160 4937 2229 4989 ad
2251 4937 2372 5001 ista,
2390 4935 2650 5004 Quamvis
2679 4949 2801 5003 qua:
2817 4948 2978 5005 supra
2998 4930 3109 5005 iam
3128 4939 3226 4983 etc.
3244 4944 3343 4981 ms.
3386 4924 3551 5005 (ξφ-ἂ.

271 5006 470 5061 omittit
533 5004 639 5075 i‘jf'
675 5005 775 5059 Per
828 4997 927 5059 hoc
960 5006 1085 5075 quia
1127 4997 1393 5075 Deus'est.
1428 5014 1483 5058 et
1512 4997 1649 5058 idem
1685 5005 1822 5058 Deus
1851 4997 2143 5075 est-Pater.
2166 5016 2220 5060 et
2248 4997 2561 5061 Filius'mss.
2584 5021 2682 5075 per
2698 4997 2805 5059 hoc
2831 4997 2974 5075 quod
3001 4997 3150 5055 Deus
3183 5006 3302 5075 est,_
3322 5006 3377 5049 et
3394 4997 3555 5075 idem

277 5073 702 5144 [tensestFilius
776 5065 1037 5131 ""Solns
1053 5075 1218 5130 Filius
1243 5074 1407 5129 Filius
1425 5085 1711 5137 cognoscat
1742 5092 1866 5128 mss.
1896 5074 2025 5129 Vict.
2053 5075 2200 5129 solus
2224 5076 2390 5130 Filius
2415 5065 2707 5144 cognoscat
2781 5065 2872 5105 ίτοδ
2902 5072 3120 5126 Patrem
3151 5078 3204 5122 et
3227 5067 3372 5144 solus
3393 5065 3563 5144 Pater

275 5164 406 5200 mss.
427 5142 642 5198 Patrem
667 5156 720 5199 et
747 5161 822 5203 se.
854 5156 908 5199 et
939 5146 1084 5200 solus
1116 5146 1277 5199 Pater
1352 5145 1443 5176 ³⁷¹⁰
1476 5134 1627 5211 Quod
1672 5161 1832 5197 ιιιιιιιιι
1862 5156 1985 5200 sunt
2014 5145 2173 5198 Pater
2194 5157 2248 5200 et
2280 5147 2447 5201 Filius
2469 5134 2522 5201 (ξι
2551 5147 2786 5214 Spiritus
2814 5152 3195 5214 satietus__m_ss.
3237 5134 3555 5214 δεξιὴ-ἔζεε.

274 5216 423 5285 quod
453 5230 619 5285 unum
640 5226 776 5285 sunt
804 5216 962 5269 Pater
997 5225 1052 5269 et
1084 5215 1320 5285 Spiritus
1347 5207 1600 5285 sanctus
1645 5216 1734 5246 ¹⁷¹¹
1764 5215 1899 5269 Cum
1931 5216 2073 5269 enim
2106 5216 2237 5270 dicit
2265 5234 2390 5270 mss.
2418 5232 2541 5272 cum
2570 5207 2732 5269 etiam
2769 5214 2909 5285 dicit
2961 5211 3079 5285 Am’
3108 5209 3201 5263 Est
3229 5216 3283 5285 et
3315 5207 3557 5276 Spiritus

273 5280 407 5340 mss.
456 5283 588 5336 Vict.
618 5283 804 5356 Cister.
830 5287 917 5340 Est
951 5286 1110 5356 etiam
1127 5280 1369 5354 Spiritus
1436 5285 1528 5316 ¹⁷¹³
1560 5283 1711 5339 Unde
1740 5300 1903 5356 unum
1933 5294 2055 5340 sunt
2085 5301 2207 5338 mss.
2242 5288 2294 5341 in
2318 5302 2426 5356 quo
2451 5301 2614 5339 unum
2632 5294 2767 5356 sunt
2797 5281 3081 5356 __"“‘Qu_:e
3102 5280 3258 5356 posui
3281 5296 3407 5356 mss.
3433 5294 3559 5356 quae

275 5355 539 5425 proposui
567 5369 692 5425 mss.
728 5353 860 5409 Vict.
896 5358 949 5409 9.
977 5366 1025 5409 et
1058 5355 1143 5410 15.
1178 5349 1297 5425 qua:
1326 5357 1606 5425 proposuit
1678 5355 1769 5387 ¹⁷¹⁸
1805 5355 1904 5410 Uni
1928 5356 2082 5425 quasi
2118 5356 2217 5409 soli
2250 5349 2468 5411 attribui
2496 5371 2623 5409 mss.
2648 5364 2695 5407 et
2723 5352 2867 5407 Edit.
2906 5349 3242 5425 Cotiniqtmd
3282 5351 3371 5425 uni
3399 5349 3554 5425 quasi

274 5420 655 5496 soli'attribuit
731 5425 824 5496 "7“
849 5426 932 5496 Ab
958 5424 1077 5479 aliis
1114 5420 1217 5478 non
1250 5420 1693 5495 possit'personis
1720 5442 1847 5479 mss.
1877 5420 2092 5479 ab'aliis
2117 5428 2327 5482 duabus
2354 5426 2601 5496 personis
2634 5440 2743 5496 non
2774 5424 2945 5496 possit
3020 5423 3117 5496 "ff
3155 5422 3313 5496 Cum
3340 5420 3407 5496 de.
3454 5422 3563 5474 hoc

274 5512 408 5547 mss.
441 5508 565 5547 cum
595 5494 696 5549 hoc
772 5495 864 5528 ¹⁷²⁸
895 5494 1006 5550 Una
1030 5504 1113 5549 est
1140 5491 1313 5549 tribus
1342 5491 1463 5549 mss:
1492 5512 1594 5548 ttna
1625 5510 1709 5550 est
1741 5497 1794 5549 in
1836 5496 2011 5551 tribus
2086 5496 2176 5527 ¹⁷¹⁹
2202 5497 2330 5550 Car.
2355 5491 2451 5551 719.
2486 5495 2553 5548 lu
2579 5512 2677 5549 ms.
2704 5491 2860 5547 Co’rb.
2896 5493 3026 5563 Cap.
3054 5493 3145 5547 2t).
3224 5491 3318 5525 “‘°
3347 5492 3551 5563 Ap_erte

276 5563 624 5636 signiﬁcatur
650 5581 747 5617 ms.
778 5564 927 5619 Gem:
956 5575 1138 5632 aperte
1164 5564 1425 5636 ﬁguratur
1452 5583 1549 5619 ms.
1593 5566 1721 5619 Vict.
1760 5566 1845 5619 l3.
1878 5576 2065 5636 aperte
2092 5576 2425 5636 monstratur
2471 5566 2591 5636 7”“
2624 5563 2725 5619 Per
2758 5565 2900 5636 quod
2933 5558 3219 5619 monemur
3242 5578 3364 5616 mss.
3397 5558 3553 5636 Cera.

277 5632 381 5704 per
409 5635 553 5703 quod
605 5648 887 5692 monemus
963 5638 1053 5667 ¹τ²²
1100 5632 1455 5706 Αρείιίδεὶιηε
1495 5636 1737 5693 videmus
1768 5632 2283 5708 uisa-apertissime
2314 5635 2612 5692 viderimus
2689 5636 2780 5667 ‘7”
2834 5635 3130 5707 Leguntur,
3170 5650 3289 5707 quae
3316 5648 3443 5685 mss.
3479 5632 3557 5684 lc-

276 5714 508 5775 gutttttr,
544 5719 649 5772 qua
3078 5772 3081 5775 γ
3530 5722 3533 5725 ι
