4050 6294
341 339 445 395 517

1413 334 1502 390 DE
1542 329 2018 393 PROCESSIONE
2054 330 2114 389 S.
2153 329 2491 388 SPlBlTUS.

343 446 1928 518 assertioue,eredautpariternobiscumSpiritumsanetum
1959 451 2008 512 Α
2039 464 2145 528 non
2189 457 2295 504 est.
2331 446 2738 519 Respondemus
2774 448 2897 518 quia
2941 456 3000 503 et
3045 448 3206 502 nimis
3249 458 3365 504 erat
3409 450 3622 506 diﬁicila

344 539 594 596 similiter
637 553 758 594 esse
786 535 966 592 Patris
994 546 1049 592 et
1095 536 1214 591 Filii
1242 537 1489 606 spiritum
1515 578 1530 602 ,
1554 546 1607 592 et
1635 537 1936 608 intelligant

344 629 578 687 eum‘m
608 646 637 684 ιι
664 628 836 694 Filio,
881 629 1023 684 sicut
1051 644 1080 684 a
1112 628 1276 683 Patre
1317 629 1630 699 procedere.
1670 629 1734 683 Et
1763 629 1814 683 si
1841 643 1937 682 uos

349 723 743 793 reprehendere
791 720 1086 786 desinunt,
1141 719 1417 774 fateantur
1465 721 1746 775 nobiscum
1797 720 1936 783 hoc,

347 815 495 870 unde
514 822 850 884 cognoscunt
875 829 973 867 nos
1005 811 1326 882 reprehendi
1364 828 1472 866 non
1502 812 1720 866 debere.
1932 816 1933 820 ‘

692 925 920 983 carm
962 924 1109 979 xxu
1150 924 1248 998 [αι.
1281 923 1422 996 qu
1448 925 1560 978 ιτισ.

347 1041 456 1095 Cur
493 1043 546 1095 in
586 1040 832 1111 Symban
875 1057 978 1093 non
1016 1040 1084 1093 sit
1123 1055 1366 1111 expressa
1403 1038 1665 1111 processio
1703 1017 1934 1111 Spiritus

417 1113 586 1165 uncti
624 1107 655 1163 ἱι
704 1109 844 1163 Filio
886 1123 904 1160 :
945 1119 991 1162 et
1029 1125 1124 1162 cur
1162 1127 1194 1162 α
1236 1107 1442 1162 Latinis
1493 1107 1650 1176 fuerit
1691 1107 1930 1167 adiecta,

423 1181 620 1251 puteris
657 1181 986 1250 inconsultis.
1046 1231 1048 1233 .

417 1273 500 1326 Ad
533 1273 634 1328 huc
662 1279 841 1324 autem
862 1311 877 1334 ,
928 1270 1070 1341 quod
1116 1287 1215 1325 nos
1253 1271 1656 1340 reprehendunt
1689 1272 1740 1324 in
1771 1269 1933 1340 Sym-

347 1365 470 1419 bolo
507 1363 624 1425 illo,
656 1363 798 1432 quod
831 1363 1036 1432 pariter
1063 1378 1164 1417 nos
1190 1371 1243 1417 et
1273 1363 1346 1438 illi
1400 1363 1724 1432 suscipimus
1761 1371 1814 1414 et
1859 1373 1938 1416 tc-

349 1472 540 1511 uemus
570 1455 843 1509 addidisse
893 1452 1156 1524 Spiritum
1203 1465 1452 1509 sanctttm
1498 1470 1527 1507 a
1577 1452 1717 1508 Filio
1747 1467 1937 1522 proce-

348 1549 514 1608 dere;
549 1555 603 1602 et
634 1557 881 1616 quaerunt
912 1562 1011 1602 cur
1047 1547 1149 1611 hoc
1195 1543 1397 1600 factum
1426 1545 1528 1612 sit,
1557 1555 1611 1598 et
1638 1559 1806 1612 quare
1835 1542 1937 1596 hoc

350 1635 500 1705 prius
525 1653 713 1692 eorum
745 1636 1001 1692 Ecclesia:
1035 1645 1394 1691 monstratum
1424 1650 1528 1687 non
1555 1641 1670 1699 est,
1701 1640 1758 1686 ut
1789 1647 1938 1686 com-

351 1719 589 1780 muniter
634 1727 1094 1793 considet-aretur,
1126 1736 1180 1781 et
1221 1725 1496 1780 comnmni
1532 1738 1800 1778 consensu
1837 1723 1935 1778 ad-

2043 537 2282 604 Latinis,
2312 552 2500 592 eorum
2543 538 2831 608 episcopos
2878 538 2944 591 ad
2995 537 3384 592 consulendum
3415 539 3481 592 de
3516 540 3618 595 hac

2041 618 2100 684 re
2124 628 2408 700 colligere;
2440 643 2539 684 nec
2565 639 2684 684 erat
2707 645 2931 684 necesse
2954 631 3093 684 umle
3116 645 3222 684 non
3239 630 3495 685 dubitant
3520 630 3624 686 hoc

2041 720 2094 774 iu
2126 722 2479 790 qua-stionem
2501 722 2596 754 "“
2622 721 2912 776 adducere.
2941 721 3071 789 Qua:
3095 731 3175 776 est
3204 723 3358 776 enim
3385 722 3622 776 Ecclesia

2043 801 2160 879 qua)
2191 812 2273 865 vel
2301 827 2397 882 per
2427 813 2831 882 amplitudinem
2866 813 3026 866 unius
3055 813 3202 883 regni
3233 812 3623 879 dilatatur"”,

2039 904 2127 957 cui
2155 920 2260 958 non
2293 904 2452 960 liceat
2495 904 2697 975 aliquid
2730 906 3026 958 secuudmu
3056 914 3256 958 rectam
3289 905 3448 958 fidem
3490 919 3624 958 cono

2039 983 2296 1061 Stitue're,
2345 989 2489 1067 quod
2526 997 2578 1051 in
2630 1007 2896 1052 conventu
2948 997 3130 1067 populi
3181 997 3386 1050 utiliter
3415 997 3627 1067 legatur

2040 1097 2134 1141 aut
2171 1088 2465 1142 cantetur?
2491 1087 2710 1154 Quanto
2739 1102 2877 1157 ergo
2897 1087 3068 1156 magis
3096 1086 3245 1141 licuit
3285 1085 3493 1141 Latinis
3523 1087 3626 1140 hoc

2039 1165 2350 1233 constanter
2385 1181 2631 1248 proferre
2651 1220 2665 1244 ,
2700 1178 2752 1232 iu
2791 1193 2900 1247 quo
2927 1193 3116 1233 omnes
3145 1187 3334 1250 gentes
3360 1188 3414 1230 et
3441 1175 3624 1230 omnia

2038 1283 2235 1340 regna,
2274 1285 2399 1339 qua:
2440 1270 2650 1326 Latinis
2700 1279 2928 1324 utuntur
2979 1270 3206 1332 litteris.
3244 1270 3452 1340 pariter
3498 1283 3632 1324 cona-

2039 1363 2290 1418 cortlant.
2402 1367 2404 1369 ’

2364 1451 2591 1508 caret
2633 1452 2795 1507 xxm
2845 1451 3248 1526 [(tl..XXl|]."”

2038 1565 2261 1621 Summa
2293 1566 2546 1620 doctrina?
2566 1577 2612 1620 et
2634 1567 2997 1633 probationum
3022 1565 3366 1635 proccssibnis
3393 1563 3626 1633 Spiritus

2592 1639 2757 1690 sancu’
2787 1639 2851 1690 de
2883 1636 3046 1691 Filio.

2109 1726 2436 1794 Colligamus
2470 1728 2707 1782 breviter
2735 1728 2876 1797 quod
2923 1743 3083 1798 supra
3124 1727 3368 1798 pluribus
3401 1725 3628 1779 rationi-

347 1813 570 1894 deretur
599 1816 742 1885 quod
772 1815 1078 1870 addendum
1109 1824 1230 1870 erat
1260 1831 1275 1871 :
1306 1815 1372 1867 ad
1399 1812 1532 1878 hoc,
1568 1812 1815 1881 inquam,
1850 1825 1939 1866 rc-
1968 1802 2014 1860 Β
2042 1817 2142 1872 bus
2170 1817 2421 1872 cll'ectum
2445 1829 2550 1872 est.
2577 1819 2803 1872 Constat
2829 1818 3232 1890 inexpugnabili
3269 1818 3476 1871 ratione
3507 1816 3629 1886 Spi-

348 1922 606 1976 sponsum
637 1907 910 1964 sufﬁciens
943 1908 1226 1964 habemus.
1275 1907 1408 1962 Nam
1442 1907 1490 1962 si’
1533 1908 1796 1977 quaeritur
1841 1921 1938 1961 cur

350 2001 551 2054 factum
586 2001 686 2064 sit,
715 2001 947 2056 dicimus
972 2001 1099 2071 quia
1122 2015 1343 2056 necesse
1373 2009 1493 2056 erat
1523 2008 1741 2070 propter
1771 2013 1935 2068 quos-

351 2091 474 2145 dam
509 2091 688 2146 minus
737 2091 1134 2162 intelligentes,
1167 2093 1258 2162 qui
1287 2109 1395 2147 non
1423 2088 1937 2145 animadvertebant

351 2183 404 2236 in
435 2184 544 2238 illis
564 2225 580 2248 ,
617 2200 737 2254 qua:
765 2185 1014 2239 universa
1043 2185 1217 2239 credit
1247 2184 1486 2239 Ecclesia
1505 2224 1519 2246 ,
1553 2182 1822 2237 eorut'ineri
1845 2221 1859 2244 ,
1884 2190 1938 2236 et

349 2291 413 2330 ex
446 2275 530 2330 bis
557 2276 710 2346 sequi
742 2277 1006 2347 Spiritum
1033 2287 1283 2332 sanctum
1321 2278 1386 2332 de
1413 2277 1552 2332 Filio
1600 2279 1934 2349 procedere;

349 2386 415 2422 ιω
440 2371 580 2422 forte
616 2369 717 2423 hoc
740 2369 961 2424 credere
995 2370 1324 2424 dubitarent.
1357 2369 1510 2436 Quod
1539 2386 1700 2440 quam
1744 2385 1928 2425 neces-

351 2458 554 2513 Sarium
596 2457 788 2524 fuerit,
819 2474 917 2528 per
942 2458 1059 2512 illos
1087 2460 1176 2528 qui
1211 2460 1310 2514 hoc
1343 2471 1571 2527 negant,
1608 2461 1732 2530 quia
1764 2461 1816 2514 in
1850 2460 1938 2514 illo

352 2549 613 2619 Symlnlo
643 2551 876 2619 positum
928 2567 1036 2605 neu
1084 2561 1194 2616 est,
1228 2554 1628 2624 cognoscimus.
1673 2553 1937 2620 Quoniam

351 2639 517 2709 igitur
546 2650 601 2694 et
628 2641 930 2695 necessitas
975 2643 1239 2712 cogebat,
1271 2651 1326 2696 et
1372 2643 1516 2699 nulla
1563 2645 1702 2699 ratio
1752 2645 1936 2714 prohia

329 2727 545 2809 inibat,
577 2738 631 2782 et
663 2745 786 2784 vera
821 2730 954 2785 ﬁdes
983 2731 1084 2786 hoc
1112 2732 1462 2796 admittebat;
1495 2733 1818 2790 liducialiter
1847 2750 1942 2790 asc

351 2819 520 2875 seruit
566 2819 866 2886 Latinitas,
919 2823 1061 2891 quod
1106 2824 1434 2878 credendum
1471 2834 1528 2879 et
1575 2829 1936 2882 confitendum

351 2925 472 2965 esse
510 2911 893 2980 cognoscebat.
944 2912 1164 2969 Scimus
1194 2915 1338 2969 enim
1385 2917 1527 2986 quod
1579 2934 1683 2973 non
1713 2920 1894 2973 omnia
1921 2959 1936 2986 ,

352 3017 471 3070 qua:
503 3004 728 3058 credere
772 3012 825 3058 et
870 3005 1114 3059 confiteri
1167 3006 1456 3074 debemus,
1492 3008 1566 3063 ibi
1603 3010 1746 3065 dicta
1780 3021 1936 3078 sunt;

351 3109 450 3147 nec
499 3094 572 3148 illi
628 3096 718 3166 qui
766 3096 1080 3165 Symbolqu
1131 3098 1262 3152 illud
1311 3100 1616 3168 di‘ctavere,
1656 3103 1940 3158 voluerunt

350 3184 507 3240 ﬁdem
535 3186 900 3241 Christianam
940 3204 1061 3243 esse
1093 3199 1408 3244 contentam
1457 3208 1521 3246 ea
1569 3197 1941 3249 tantummodo

349 3277 576 3334 credere
622 3287 676 3333 et
719 3279 999 3345 conﬁteri,
1044 3297 1163 3350 qum
1208 3283 1296 3338 ubi
1328 3293 1644 3352 posuerunt.
1684 3284 1752 3339 L’t
1795 3287 1940 3340 enim

325 3368 460 3435 ,alia
508 3380 716 3424 taceam
737 3372 848 3438 ηδ’,
881 3389 988 3428 non
1039 3375 1110 3428 ibi
1144 3375 1346 3430 dicitur
1377 3377 1638 3433 Dominus
1679 3379 1744 3433 ad
1776 3379 1942 3436 infer-

354 3477 483 3516 num
531 3462 905 3530 descendisse;
961 3466 1104 3535 quod
1157 3475 1335 3521 tamen
1387 3469 1593 3538 pariter
1640 3480 1694 3526 et
1741 3487 1839 3527 nos
1887 3480 1941 3526 et

347 3553 522 3608 Graeci
555 3555 845 3611 credimus.
898 3558 954 3611 Si
1002 3568 1183 3613 autem
1229 3560 1420 3614 dicunt
1463 3561 1610 3616 nullo
1658 3563 1817 3618 modo
1847 3563 1940 3618 des

346 3644 532 3702 hui-sse
563 3649 836 3717 corrumpi
872 3649 1185 3720 Symbolum
1220 3662 1367 3706 tanta
1417 3655 1743 3710 auctoritate
1787 3665 1939 3710 taxa-

349 3745 460 3791 tstm
483 3738 600 3804 ωδ,
637 3756 734 3795 nos
767 3756 870 3796 non
896 3742 1206 3809 iudicamus
1234 3761 1354 3800 esse
1382 3748 1821 3817 corruptionem,
1849 3750 1936 3804 ubi

353 3831 484 3884 nihil
517 3831 872 3887 addimus'm
901 3836 1042 3903 quod
1074 3836 1188 3900 bis,
1226 3852 1345 3906 qua:
1383 3840 1447 3892 tbi
1483 3840 1623 3894 dicta
1657 3850 1814 3906 sunt,
1845 3843 1940 3896 ad-

349 3937 620 3978 versetur.
655 3925 721 3978 Et
749 3927 999 3996 quamvis
1045 3927 1335 3982 defendere
1375 3945 1656 3999 possemus
1679 3933 1769 3965 ’7”
1801 3935 1938 3988 hanc

350 4016 709 4084 adjectionem
743 4033 847 4073 non
875 4034 993 4073 esse
1021 4021 1465 4088 corruptionem,
1513 4024 1555 4077 si
1590 4025 1713 4094 quis
1760 4034 1935 4079 tamen

350 4107 452 4160 hoc
477 4107 823 4164 contentiose
851 4108 1086 4163 voluerit
1115 4125 1391 4175 asserere,
1422 4113 1813 4181 rcSpondcmus
1840 4127 1938 4166 nos

351 4194 480 4249 illud
513 4212 622 4250 non
654 4197 996 4267 corrupisse,
1025 4197 1118 4252 sed
1147 4198 1290 4251 aliud
1330 4215 1525 4252 novum
1561 4200 1798 4255 edidisse
1830 4218 1842 4255 :
1876 4201 1939 4256 il-

347 4285 437 4342 lud
461 4285 609 4339 enim
639 4287 935 4340 seumdum
959 4285 1047 4318 ¹¹⁸¹
1077 4289 1462 4357 preprietatem
1495 4287 1667 4344 ϐιωιί
1696 4290 1938 4345 ιΙῘειιιιιιὶο

311 4374 317 4379 ’
347 4379 434 4431 nis
465 4376 788 4430 translatum
808 4417 824 4442 ,
854 4392 974 4431 cum
1007 4375 1112 4432 illis
1142 4379 1408 4445 integrum
1459 4395 1736 4435 servamus
1765 4392 1821 4436 ct
1845 4397 1940 4436 vc-

2042 1911 2206 1964 ritum
2254 1919 2501 1965 sanctum
2535 1925 2655 1965 esse
2702 1909 2776 1965 de
2817 1910 2953 1966 Filio
2976 1951 2989 1974 ,
3021 1911 3178 1965 sicuti
3223 1921 3308 1964 est
3339 1910 3404 1964 de
3433 1908 3624 1974 Patre;

2040 2016 2141 2056 nec
2175 2010 2354 2054 tamen
2381 2016 2501 2055 esse
2533 2001 2687 2072 quasi
2726 2001 2790 2056 de
2821 2002 3031 2056 duobus
3057 2001 3307 2064 diversis,
3333 2000 3425 2054 sed
3468 2001 3626 2070 quasi

2041 2094 2106 2146 de
2139 2093 2379 2147 unum“.
2416 2093 2493 2147 Ex
2529 2107 2594 2148 eo
2622 2093 2792 2159 enim,
2826 2093 2968 2162 quod
2996 2091 3158 2146 Pater
3182 2103 3241 2173 et
3262 2091 3431 2146 Filius
3461 2106 3626 2144 lllttltlt

2035 2183 2198 2250 Sunt,
2231 2185 2282 2239 id
2314 2193 2398 2241 est
2444 2203 2509 2240 ex
2543 2186 2684 2251 Deo,
2716 2196 2801 2240 est
2843 2185 3078 2255 Spiritus
3125 2194 3387 2250 sanctus;
3428 2199 3531 2237 nou
3561 2198 3630 2236 ex

2040 2293 2135 2341 eo,
2170 2278 2312 2333 unde
2345 2278 2434 2332 alii
2469 2288 2596 2332 sunt
2629 2279 2697 2334 ab
2730 2279 2959 2334 invisent
2983 2317 3005 2342 ,
3029 2277 3124 2332 sed
3156 2276 3412 2346 quoniam
3456 2273 3627 2338 Deus,

2041 2370 2108 2423 de
2156 2385 2264 2439 quo
2306 2377 2391 2424 est
2442 2369 2680 2439 Spiritus
2719 2378 2977 2433 sanctus,
3009 2377 3093 2422 est
3142 2365 3297 2420 Pater
3326 2374 3382 2421 et
3431 2363 3627 2426 Elius;

2042 2459 2249 2514 idcirco
2280 2475 2408 2514 vere
2441 2460 2642 2515 dicitur
2669 2475 2790 2515 esse
2816 2460 2880 2514 de
2908 2458 3071 2514 Patre
3104 2468 3159 2514 et
3189 2457 3327 2512 Filio
3347 2497 3362 2522 ,
3395 2455 3486 2526 qui
3521 2453 3631 2508 duo

2030 2549 2186 2605 sunt.
2223 2550 2291 2604 Et
2318 2551 2578 2620 quoniam
2611 2551 2770 2606 Pater
2795 2567 2901 2605 non
2948 2561 3032 2606 est
3058 2550 3210 2620 prior
3239 2561 3324 2602 aut
3363 2546 3632 2618 posterior

2043 2641 2208 2706 Filio,
2253 2651 2345 2694 aut
2392 2641 2564 2712 major
2612 2651 2708 2696 aut
2743 2642 2943 2706 minor,
2991 2656 3090 2696 uec
3141 2640 3280 2694 alter
3315 2637 3488 2707 magis
3537 2645 3632 2689 aut

2043 2731 2224 2787 milms
2253 2741 2334 2787 est
2359 2731 2501 2787 Deus
2531 2748 2695 2803 quant
2731 2732 2868 2787 alter
2902 2749 2914 2786 :
2949 2747 3053 2786 non
3102 2740 3186 2785 est
3236 2728 3473 2798 Spiritus
3500 2742 3630 2782 San-

2041 2835 2162 2881 ctus
2187 2826 2339 2896 prius
2381 2825 2449 2881 de
2492 2824 2694 2900 Patre,
2723 2841 2884 2897 qttam
2931 2825 2998 2880 (le
3044 2823 3212 2889 Filio;
3247 2836 3344 2876 ucc
3370 2821 3436 2874 de
3464 2819 3631 2884 Filio,

2042 2933 2205 2987 quam
2233 2918 2299 2972 de
2330 2917 2526 2986 Patre;
2561 2933 2663 2973 nec
2709 2915 2883 2986 major
2917 2931 3018 2972 nec
3063 2916 3240 2970 minor
3267 2922 3349 2968 est
3391 2911 3633 2967 existens

2043 3010 2107 3064 de
2133 3009 2327 3075 Patre,
2379 3026 2544 3080 quam
2579 3010 2820 3065 existens
2853 3009 2920 3063 de
2961 2999 3132 3074 Filio;
3181 3023 3282 3063 nec
3317 3005 3489 3075 magis
3533 3019 3632 3059 nec

2046 3099 2226 3155 minus
2247 3109 2326 3156 est
2358 3101 2423 3154 de
2450 3116 2588 3164 uno,
2617 3117 2780 3171 quam
2805 3101 2871 3154 de
2895 3099 3086 3154 altero.
3119 3098 3253 3153 Nam
3286 3099 3331 3152 si
3362 3101 3512 3168 prius
3536 3103 3631 3149 aut

2048 3203 2200 3263 post,
2227 3193 2312 3247 vel
2331 3193 2422 3226 ¹⁷⁸⁷
2451 3194 2627 3265 major
2653 3192 2735 3248 rel
2765 3193 2965 3257 minor,
2994 3201 3088 3247 aut
3129 3192 3300 3262 magis
3331 3202 3425 3246 aut
3454 3191 3632 3246 minus

2045 3285 2111 3338 de
2141 3299 2248 3338 uno
2277 3292 2420 3338 esset
2447 3267 2612 3354 quam
2652 3285 2717 3339 de
2743 3283 2950 3348 altero,
2983 3298 3049 3338 ex
3081 3283 3406 3337 necessitate
3436 3297 3632 3351 seque-

2045 3381 2201 3428 retur
2225 3381 2284 3428 nt
2315 3383 2410 3428 aut
2445 3374 2681 3444 Spiritus
2707 3383 2931 3450 sanctus
2968 3388 3074 3428 non
3098 3360 3249 3427 esset
3294 3373 3361 3426 de
3393 3373 3525 3438 hoc,
3576 3372 3630 3426 in

2021 3480 2151 3542 (quo
2181 3480 2346 3519 untun
2373 3475 2496 3520 sunt
2520 3465 2684 3520 Pater
2706 3475 2757 3521 et
2786 3466 2986 3532 Filius;
3013 3473 3107 3520 aut
3135 3466 3308 3535 ipsum
3331 3479 3496 3518 unum
3522 3479 3628 3518 non

2043 3567 2189 3610 esset
2214 3556 2454 3627 perfecte
2486 3566 2541 3612 et
2568 3557 2891 3625 simpliciter
2917 3571 3108 3619 unum,
3131 3555 3224 3609 sed
3253 3563 3399 3608 esset
3427 3554 3498 3608 ibi
3525 3555 3630 3608 ali-

2042 3665 2147 3720 qua
2183 3650 2503 3713 diversitas,
2535 3649 2603 3704 de
2635 3665 2739 3719 qua
2772 3649 2882 3715 illa,
2917 3665 3078 3720 quam
3104 3649 3233 3714 dixi,
3263 3649 3315 3703 in
3346 3644 3632 3703 existendo

2043 3744 2109 3799 de
2137 3745 2327 3800 eodem
2355 3760 2462 3799 uno
2492 3744 2753 3814 Spiritum
2789 3752 3039 3798 sanctmn
3059 3742 3175 3809 '7",
3202 3750 3348 3796 esset
3368 3740 3627 3795 varietas.

2044 3836 2150 3892 Sed
2186 3837 2289 3892 dici
2336 3852 2442 3890 nou
2495 3844 2672 3906 potest
2714 3836 2858 3907 quod
2893 3834 3131 3906 Spiritus
3161 3842 3390 3888 sanctus
3423 3847 3528 3886 non
3558 3831 3630 3885 sit

2040 3927 2107 3981 de
2137 3929 2235 3982 hoc
2258 3968 2270 3991 ,
2304 3928 2356 3980 in
2386 3941 2492 3996 quo
2528 3942 2693 3980 untnn
2728 3935 2854 3980 sunt
2884 3925 3046 3980 Pater
3073 3933 3127 3978 et
3157 3923 3356 3984 Filius;
3390 3920 3629 3990 alioquin

2042 4032 2146 4070 non
2199 4025 2345 4069 esset
2392 4016 2456 4069 de
2508 4014 2637 4069 Deo.
2689 4013 2799 4069 Nec
2829 4014 2978 4069 credi
3028 4014 3189 4067 debet
3219 4012 3359 4080 quod
3409 4012 3460 4064 in
3513 4011 3629 4080 ipso

2041 4105 2254 4157 uno'm
2283 4104 2384 4169 sit,
2415 4105 2712 4158 secundum
2744 4104 2886 4174 quod
2931 4113 3045 4166 est,
3089 4102 3269 4170 aliqua
3318 4100 3630 4153 diversitas.

2041 4193 2221 4262 Quare
2255 4210 2355 4248 nec
2386 4195 2536 4265 prius
2559 4209 2658 4248 nec
2685 4203 2824 4263 post,
2854 4209 2954 4248 uec
2983 4192 3158 4263 major
3180 4200 3274 4246 aut
3301 4190 3499 4254 minor,
3530 4203 3629 4244 nec

2011 4288 2212 4358 'magis
2259 4297 2352 4342 aut
2401 4288 2580 4341 minus
2630 4296 2714 4342 est
2767 4285 3004 4356 Spiritus
3054 4293 3274 4340 sanctus
3325 4285 3390 4338 de
3435 4281 3626 4348 Putre.

2039 4398 2200 4452 quam
2229 4380 2294 4434 de
2335 4379 2504 4445 Filio;
2536 4389 2630 4433 aut
2660 4379 2727 4434 de
2774 4377 2940 4445 Filio,
2973 4393 3133 4448 quam
3181 4377 3250 4432 de
3298 4375 3478 4430 Patre.
3511 4373 3626 4428 Non

349 4484 638 4533 neramur;
673 4468 814 4523 istud
843 4479 1056 4533 autem,
1110 4470 1315 4538 quo‘m
1354 4471 1692 4540 frequentius
1740 4474 1792 4528 in
1842 4490 1935 4544 po-
1966 4477 2185 4539 Denim
2234 4491 2372 4529 unus
2420 4473 2671 4544 idemque
2718 4471 2954 4542 Spiritus
3001 4479 3256 4533 sanctus,
3314 4470 3406 4540 qui
3457 4466 3628 4523 semel

347 4559 456 4628 μιιί
490 4559 768 4613 audientia
819 4560 1042 4626 utimur,
1093 4560 1288 4615 Latino
1319 4579 1468 4618 more
1514 4563 1773 4620 dictatum
1807 4583 1930 4621 cum

345 4649 662 4704 addimeuto
691 4651 1006 4720 supradicto
1041 4652 1331 4706 edidimus.
1365 4652 1520 4719 Quod
1549 4663 1730 4708 autem
1782 4670 1932 4724 qua:-

344 4755 364 4792 ι
379 4739 508 4803 itur,
525 4755 696 4809 quare
713 4740 815 4795 hoc
837 4739 1151 4796 Graecorum
1175 4741 1420 4796 ecclesia:
1439 4757 1708 4798 consensu
1734 4743 1937 4798 factum

2045 4576 2188 4621 lotus
2214 4566 2385 4620 estde
2410 4564 2518 4618 Deo
2543 4571 2674 4626 toto,
2703 4560 2981 4632 magis‘"°
3013 4569 3108 4614 aut
3131 4558 3418 4615 minus‘m
3451 4564 3630 4629 potest

2041 4673 2161 4712 esse
2198 4659 2263 4712 de
2292 4672 2397 4711 uno
2429 4665 2482 4711 et
2507 4668 2717 4711 smmne
2744 4653 2972 4724 simplici
2992 4653 3080 4684 ⁸⁷⁸⁸
3114 4651 3246 4708 Deo.

1627 4881 1856 4937 VARUS
1897 4880 2298 4940 LECTIONES.

417 5032 918 5110 "‘iEtiutclligeut
937 5051 1202 5110 eummss.
1222 5045 1279 5110 et
1303 5035 1446 5090 Edit.
1480 5037 1635 5093 Colit.
1660 5047 1712 5092 et
1741 5038 2041 5110 intelligant
2063 5055 2186 5095 eum
2215 5057 2312 5093 ms.
2339 5038 2496 5093 Corb.
2523 5039 2821 5107 intelligant
2850 5053 2975 5110 eum
3050 5036 3140 5069 "‘5
3169 5033 3296 5090 Car.
3322 5033 3410 5088 9|.
3445 5029 3539 5088 Est
3567 5035 3626 5088 in

341 5120 438 5157 ms.
481 5101 640 5157 Corb.
670 5101 922 5173 (Iron—9.2.
1004 5106 1094 5137 ""
1122 5105 1186 5161 Ut
1215 5107 1316 5160 alia
1353 5118 1558 5162 taceam
1588 5125 1712 5162 mss.
1748 5119 1805 5164 ut
1830 5101 1976 5164 enim
2018 5112 2121 5165 alia
2155 5120 2360 5164 taceam
2441 5111 2534 5144 ⁸⁷⁵⁸
2573 5101 2915 5164 Auctoritatis
2951 5109 3221 5160 firmatum
3269 5121 3393 5158 mss.
3427 5113 3624 5158 attete-

344 5175 796 5244 ritatedtaxatnm
876 5174 967 5206 ω’
1001 5174 1100 5233 Ubi
1136 5177 1268 5230 nihil
1298 5177 1606 5232 addidimus
1637 5195 1760 5233 mss.
1827 5177 1957 5234 Vict.
1996 5181 2152 5235 Corb.
2206 5179 2293 5234 ttbi
2350 5181 2482 5235 nihil
2532 5182 2783 5235 addimus
2861 5178 2952 5209 ¹⁷⁵⁰
3005 5175 3303 5230 Defendere
3335 5189 3622 5244 possemus

343 5260 468 5296 ms.
517 5241 647 5316 Vict.
684 5244 1162 5316 Corbadefeuderc
1187 5248 1454 5316 possimus
1531 5249 1621 5280 ‘7“
1651 5249 1780 5302 Illud
1814 5253 2110 5306 secundmn
2156 5267 2280 5304 mss.
2324 5251 2452 5305 illud
2481 5251 2623 5312 enim
2667 5249 2964 5304 secundum
2993 5263 3090 5300 ms.
3130 5245 3286 5316 (ἐστι).
3317 5241 3449 5316 iilud
3475 5246 3619 5314 quod

345 5315 646 5390 fecundum
712 5315 816 5390 _’_7_”
847 5315 976 5368 Illud
1017 5327 1334 5390 autemqun
1377 5335 1502 5390 mss.
1537 5319 1678 5374 istud
1731 5329 1910 5374 autem
1948 5337 2057 5390 quo
2132 5320 2225 5353 ⁸⁷⁸³
2255 5321 2310 5376 lu
2353 5323 2456 5376 hoc
2485 5321 2839 5390 quaestionem
2871 5334 3000 5390 mss.
3047 5318 3147 5390 hoc
3165 5315 3232 5390 _in
3265 5315 3617 5390 qiuestioneni

345 5383 433 5460 ‘1“
478 5383 646 5460 ltegni
693 5385 948 5460 dilatatur
988 5404 1111 5460 mss.
1186 5382 1315 5460 lict.
1365 5389 1518 5442 Corb.
1579 5391 1745 5460 Regni
1790 5382 2044 5446 dilatetur
2121 5392 2212 5422 ¹τ⁵³
2257 5392 2386 5447 CAP.
2429 5382 2523 5446 22'.
2587 5389 2677 5443 Est
2723 5391 2776 5442 in
2826 5387 3116 5460 msaCorb.
3152 5382 3449 5460 Caput};
3528 5382 3620 5460 "f'

354 5453 486 5532 lisse
518 5455 822 5532 deduobus
847 5457 1219 5532 diversispsed
1252 5459 1333 5532 de_
1362 5474 1469 5512 uno
1499 5477 1624 5515 mss.
1659 5453 1782 5532 csse
1812 5462 1967 5532 quasi
2016 5463 2081 5517 de
2122 5462 2334 5515 duobus
2371 5463 2625 5526 diversis,
2677 5461 2770 5514 sed
2809 5458 2962 5532 quasi
2991 5463 3056 5532 de
3085 5473 3196 5532 uno
3229 5453 3237 5456 ⁷
3264 5457 3354 5489 ¹⁷⁸⁷
3393 5458 3525 5512 Nam
3552 5454 3620 5532 tle

342 5522 514 5602 altern
552 5523 596 5577 si
626 5526 894 5602 pri-ouant
924 5529 1210 5596 posterior,
1256 5527 1485 5602 velum.
1523 5547 1655 5602 nam
1689 5531 1743 5602 si
1763 5522 1913 5599 prius
1945 5543 2039 5586 aut
2069 5543 2197 5602 post
2223 5533 2303 5586 vel
2335 5532 2425 5567 ³⁷⁵⁸
2452 5533 2528 5586 De
2559 5522 2666 5585 uno
2711 5522 2898 5602 eodem
2933 5528 3521 5602 Spirituusanetomss.
3553 5526 3622 5579 de

343 5596 533 5648 eodem
565 5585 960 5672 t_tuo_Spit'itttm
1003 5585 1254 5672 sanctum
1334 5585 1423 5672 "‘9
1465 5601 1616 5672 Quod
1646 5601 1697 5655 iu
1737 5585 1854 5669 ipso
1885 5618 1991 5656 uno
2021 5585 2118 5656 in}.
2154 5585 2295 5655 Vict.
2338 5602 2422 5658 l3.
2459 5585 2600 5672 quod
2637 5601 2861 5672 exwipso
2903 5585 3009 5654 uno
3080 5599 3182 5672 7”“
3213 5599 3314 5672 Qui
3340 5596 3500 5653 simul
3533 5606 3617 5650 est

347 5673 512 5742 tatus,
555 5667 621 5718 de
654 5664 762 5742 llep
789 5668 1126 5742 tol_o,n_iagis
1162 5685 1285 5723 mss.
1317 5670 1406 5742 qui
1439 5664 1606 5726 semel
1652 5664 1907 5742 tetu-sest
1935 5672 2001 5726 de
2033 5672 2141 5727 Deo
2169 5681 2300 5730 toto.
2347 5664 2520 5742 magis
2569 5689 2668 5725 ms.
2706 5664 2838 5726 Tliu.
2873 5675 2962 5725 lli).
2997 5671 3090 5740 qui
3131 5664 3297 5724 sem—el
3348 5678 3494 5742 totus
3526 5675 3616 5742 est

344 5734 409 5787 de
443 5734 573 5800 Deo,
607 5736 775 5807 magis
854 5737 940 5768 ‘7”
981 5734 1145 5802 uagis
1187 5751 1270 5793 aut
1309 5734 1485 5794 minus
1517 5757 1639 5794 mss.
1676 5758 1724 5795 m
1767 5741 1848 5811 gis
1877 5752 1927 5796 et
1963 5741 2140 5797 minus
2221 5743 2308 5774 '7'"
2339 5743 2400 5798 Et
2438 5734 2654 5799 ‘s’uuun‘e
2686 5743 2912 5812 simplici
2949 5734 3071 5796 ins'a.
3123 5757 3331 5796 summe
3383 5735 3622 5807 simplici
