4050 6294
643 393 749 446 5(ὶῦ

645 510 764 564 Non
800 519 982 579 utique
1043 511 1142 566 hoc
1196 511 1400 566 iaciunt
1448 515 1612 567 verba
1657 496 1966 578 sensibilia;
2013 523 2068 569 et
2126 513 2227 568 iste
2255 513 2300 571 Α

640 603 915 657 sensibilis
938 604 1180 672 spiritus,
1204 605 1296 659 sed
1329 604 1569 676 Spiritus
1600 614 1839 669 sanctus,
1873 606 1938 660 de
1961 622 2067 675 quo
2095 606 2227 660 dicit

642 695 785 749 Deus
807 711 905 765 per
930 697 1247 764 prophetam
1278 715 1290 749 :
1317 698 1569 766 Auferam
1602 714 1693 751 cor
1712 698 1971 766 lapideum
1988 699 2051 751 de
2067 713 2222 752 carne

637 800 830 849 uestra,
861 798 906 840 et
932 788 1066 841 dabo
1099 789 1239 842 vobis
1258 805 1641 857 corvcameum,
1675 802 1721 843 et
1755 790 2007 860 Spiritum
2053 806 2223 845 meum

634 896 824 948 ponam
850 882 903 933 in
934 882 1104 934 medio
1131 882 1532 950 vestri.(Ezeclt.
1564 899 1758 947 xxxw,
1814 884 1923 953 26).
1978 883 2216 954 Spiritus

634 986 765 1043 ergo
818 973 1321 1042 sanetusinterl‘tcit
1365 975 1457 1006 ¹⁶¹³
1504 975 1749 1044 impimu,
1803 991 1927 1030 eum
1979 991 2075 1030 eor
2104 974 2222 1042 ejus

638 1065 1022 1118 convertitHm
1068 1067 1136 1119 ab
1194 1066 1477 1135 impietate
1515 1067 1581 1119 ad
1629 1067 1911 1135 pietatem.
1964 1067 2120 1133 Quod
2169 1067 2223 1121 si

634 1158 986 1228 intelligimus
1011 1158 1062 1212 in
1093 1158 1183 1213 illo
1209 1158 1376 1227 impio
1401 1158 1815 1222 Antichristum,
1846 1174 2005 1228 quem
2031 1159 2217 1213 Domi-'-

634 1267 737 1308 nus
767 1249 925 1307 Iesus
958 1251 1249 1307 interliciet
1279 1252 1473 1321 spiritu
1503 1252 1619 1306 oris
1646 1252 1727 1305 sui
1750 1292 1764 1316 ,
1794 1266 1902 1305 non
1933 1262 2062 1321 puto
2077 1253 2221 1321 quod

635 1343 832 1412 aliquis
858 1351 1067 1397 tantmn
1092 1342 1357 1396 attribuat
1384 1342 1474 1373 ¹⁶²⁸
1508 1343 1767 1396 virtutem
1810 1342 1953 1396 illam
2006 1343 2221 1412 spiritui

636 1434 785 1487 vocis
815 1434 1088 1498 humanm,
1119 1444 1379 1502 quantum
1405 1432 1497 1463 ¹⁶⁴¹⁸
1524 1433 1741 1501 spiritui
1773 1434 1974 1488 divino.
1995 1433 2049 1488 Si
2089 1450 2221 1503 ergo

636 1524 873 1594 Spiritus
901 1533 1125 1578 sanctus
1157 1524 1471 1594 intelligitur
1504 1524 1554 1578 in
1590 1526 1674 1578 his
1703 1525 1879 1583 dictis.
1921 1541 2042 1579 cum
2074 1526 2217 1595 pari-

634 1628 716 1671 ter
742 1614 957 1671 dicatur
1004 1617 1231 1686 spiritus
1286 1617 1398 1669 oris
1442 1615 1679 1679 Domini,
1719 1617 1872 1685 cujus
1931 1618 2076 1670 verba
2101 1617 2217 1670 cadi

631 1707 831 1775 ﬁrmati
858 1717 1001 1771 sunt,
1037 1707 1086 1761 id
1118 1717 1202 1761 est
1250 1704 1451 1770 Patris,
1482 1716 1533 1761 et
1586 1707 1808 1776 spiritus
1834 1708 1947 1761 uris
2002 1706 2219 1760 Domini

632 1798 781 1861 Jesu,
815 1808 868 1854 et
898 1800 1121 1870 spiritus
1172 1799 1437 1853 lahiorum
1495 1800 1645 1869 ejus;
1706 1815 1810 1853 non
1858 1809 2083 1868 apparet
2112 1815 2213 1854 cur

1153 397 1209 450 δ.
1246 370 1561 450 ausum
1603 393 1953 450 (IAN't‘lEAR.
1994 393 2311 453 ARCIIIEP.
2345 392 2494 451 ore.
2540 394 2717 450 PARS
2758 396 2796 451 ι.
2842 428 2908 438 -
2944 397 3364 457 pecuarios.

3742 404 3942 462 «θοι

2877 514 3104 572 CAPUT
3144 514 3214 572 XI
3244 516 3338 549 “’°

2332 621 2534 676 Euaem
2586 624 2848 693 processio
2871 627 3116 694 arguitur
3146 641 3235 708 ex.
3257 626 3421 681 verbis
3461 626 3699 687 Christi:
3725 630 3833 689 Ille
3864 634 3937 690 de

2918 712 3039 750 meo
3066 708 3295 766 acetptet

2398 781 2533 838 Item
2554 782 2726 839 Filius
2754 785 2885 840 dicit
2935 786 3002 840 de
3031 785 3236 856 Spiritu
3264 796 3455 844 sancto
3481 804 3494 839 :
3533 786 3656 843 Non
3682 793 3828 845 enim
3856 793 3941 847 lo-

2328 884 2514 945 quetur
2534 894 2565 929 a
2586 880 2895 945 semetipso;
2944 878 3033 932 sed
3062 896 3387 949 quacunque
3446 882 3651 948 audiet,
3680 882 3944 953 loquetur

2329 968 2510 1040 (locis.
2546 983 2658 1033 ινι,
2689 970 2802 1040 13).
2857 969 2998 1037 Quid
3036 980 3143 1036 est,
3190 970 3314 1025 Non
3334 971 3621 1037 loquetura
3646 980 3938 1047 semetipso

2328 1060 2430 1115 nisi
2465 1060 2534 1115 ab
2565 1060 2673 1117 alio
2700 1061 2919 1116 habebit
2943 1063 3084 1132 quod
3116 1063 3399 1133 loquetur?
3429 1064 3496 1119 Et
3547 1067 3675 1135 quid
3707 1078 3824 1131 est,
3862 1069 3936 1123 ab

2302 1152 2432 1206 alio
2463 1152 2678 1207 habebit
2700 1154 2843 1222 quod
2874 1154 3143 1223 loquetur,
3167 1155 3269 1209 nisi
3300 1172 3314 1209 :
3347 1158 3414 1211 ab
3437 1157 3545 1211 alio
3575 1159 3803 1214 habebit
3838 1160 3937 1193 “"

2325 1244 2606 1303 scientiam
2652 1260 2840 1299 eorum
2901 1261 3022 1315 qua:
3087 1246 3377 1317 loquetur?
3426 1248 3579 1305 Unde
3626 1259 3932 1319 postquam

2324 1334 2458 1388 dixit
2488 1350 2503 1386 :
2536 1332 2661 1389 Non
2703 1333 2997 1403 loquetura
3025 1339 3321 1407 semetipso,
3354 1338 3559 1392 addidit
3595 1356 3609 1391 :
3638 1341 3753 1393 Sed
3781 1357 3936 1408 qutt-

2323 1442 2524 1496 sunquc
2579 1428 2778 1489 audiet,
2833 1428 3092 1497 loquetur.
3121 1429 3260 1495 Quid
3309 1441 3393 1485 est
3437 1430 3626 1484 audire
3684 1432 3933 1501 Spiritui

2322 1529 2510 1573 sancto
2537 1518 2626 1552 ¹⁶¹²
2656 1519 2757 1573 nisi
2785 1520 2939 1588 quasi
2993 1521 3233 1576 discere?
3254 1522 3338 1574 .Et
3392 1523 3521 1591 quid
3552 1535 3634 1580 est
3682 1524 3936 1593 discere,

2320 1610 2421 1664 nisi
2449 1609 2728 1690 scientiam
2748 1613 3027 1684 accipere?
3056 1613 3265 1685 Sicrgo
3290 1613 3655 1685 siientiaejus
3700 1635 3814 1671 non
3846 1631 3934 1672 est

2319 1700 2466 1755 aliud
2501 1701 2603 1754 nisi
2626 1704 2862 1757 essentia
2896 1702 3037 1772 ejus,
3089 1703 3157 1758 ab
3210 1706 3300 1760 illo
3331 1706 3499 1761 habet
3542 1711 3851 1767 essentiam
3898 1728 3931 1765 a

2316 1806 2427 1859 quo
2452 1792 2682 1845 auditea
2705 1808 2822 1861 qua:
2851 1793 3085 1864 loquitur
3113 1793 3205 1825 ¹⁶²⁸
3227 1805 3291 1850 et
3312 1810 3432 1864 quae
3447 1797 3631 1862 docet;
3656 1799 3841 1867 queat
3876 1815 3935 1854 ns

628 1891 803 1960 magis
834 1889 1055 1961 intelligi
1073 1890 1265 1944 debeat
1293 1888 1584 1959 procedere
1611 1891 1678 1943 de
1712 1904 1808 1943 ore
1834 1888 2212 1956 l’atrfs,quam
2246 1870 2290 1929 Β
2320 1882 2462 1938 idem
2487 1893 2572 1939 est
2604 1884 2677 1939 illi
2715 1885 2859 1956 loqui
2896 1887 3042 1968 quod
3096 1887 3315 1942 docere.
3354 1887 3477 1942 Non
3501 1889 3651 1943 audit
3709 1900 3932 1958 autem,

629 1982 697 2036 dc
725 1997 820 2035 ore
852 1980 998 2034 Filii.
1036 1980 1170 2034 Etsi
1203 1996 1298 2050 per
1325 1996 1385 2034 os
1420 1979 1598 2033 Patris
1630 1980 1978 2049 intelligimus
2010 1994 2211 2033 essen-

628 2071 761 2126 tiam
817 2070 1017 2134 Patris,
1077 2086 1183 2124 non
1237 2071 1378 2124 enim
1430 2069 1684 2124 estaliud
1739 2084 1801 2123 os
1874 2069 1991 2138 ejus
2052 2083 2212 2138 quam

628 2163 868 2217 essentia
922 2162 1063 2230 ejus,
1103 2163 1325 2217 utsicut
1364 2155 1587 2216 verbum
1641 2160 1853 2216 Domini
1895 2171 1979 2216 est
2024 2177 2213 2216 essen-

627 2256 700 2308 tia
746 2256 880 2327 ejus.
909 2256 981 2309 ita
1018 2255 1242 2323 Spiritus
1276 2255 1392 2308 ‘oris
1418 2253 1533 2321 ejus
1564 2269 1670 2307 non
1722 2254 1793 2308 sit
1852 2255 1954 2306 nisi
2005 2248 2070 2308 de
2123 2268 2215 2308 es—

628 2346 805 2401 sentin
835 2346 952 2414 ejus
1005 2363 1017 2398 :
1074 2344 1204 2409 quid
1269 2345 1511 2413 apertius
1558 2358 1750 2413 quam,
1808 2344 1949 2397 sicut
1990 2344 2217 2411 spiritus

626 2437 751 2502 oris,
798 2435 977 2489 Patris
1023 2445 1103 2489 est
1132 2436 1196 2487 de
1243 2433 1481 2487 essentia
1530 2433 1707 2487 Patris
1738 2442 1792 2486 et
1826 2433 2100 2502 prm'edit,
2133 2433 2208 2487 ita

625 2528 733 2598 55
766 2528 993 2598 spiritus
1018 2524 1130 2581 oris
1161 2536 1215 2581 et
1242 2526 1511 2581 labiorum
1542 2525 1690 2591 Filii,
1723 2526 1797 2593 de
1824 2524 2210 2579 Filiiesscutia

626 2620 695 2673 sit
746 2627 801 2672 et
832 2618 1131 2688 procedat?
1200 2616 1338 2670 Puto
1360 2617 1505 2670 enim
1557 2617 1683 2685 quia
1743 2631 1901 2669 nemo
1947 2614 2213 2684 intelliget

623 2709 965 2779 simpliciter,
1023 2708 1111 2762 ubi
1168 2708 1370 2762 dictum
1427 2716 1513 2761 est
1560 2723 1573 2759 :
1642 2703 1811 2759 Verbo
1843 2706 2051 2758 Domini
2096 2706 2212 2759 creti

629 2797 825 2849 ﬁrmati
852 2807 994 2862 sunt,
1016 2808 1061 2850 ct
1103 2797 1316 2867 spiritus
1353 2796 1460 2851 oris
1482 2796 1597 2865 ejus
1620 2796 1793 2849 omnis
1819 2798 1982 2849 virtus
2029 2812 2210 2850 eorum

620 2882 797 2953 '(Psal.
826 2902 999 2950 χχιιι,
1042 2887 1098 2956 6)
1142 2905 1153 2939 :
1183 2888 1344 2940 verba
1372 2886 1715 2949 transitoria,
1743 2895 1797 2939 et
1821 2886 2071 2953 spiritum
2116 2886 2208 2954 qui

624 2977 692 3030 de
727 2977 827 3030 hoc
855 2992 981 3031 acre
1003 2986 1321 3046 assumptus
1351 2991 1449 3047 per
1498 2975 1773 3045 loquentis
1807 2991 1868 3029 os
1915 2976 2207 3030 emittitur.

626 3068 733 3121 Sed
755 3069 1243 3137 quomodocunquc
1278 3069 1379 3123 hoc
1409 3068 1606 3138 aliquis
1635 3080 1912 3136 exponere
1958 3078 2206 3129 conetur,

622 3156 819 3212 salilcit
845 3158 986 3227 quod
1016 3159 1171 3213 iuilla
1202 3158 1563 3214 insulilatioue
1579 3157 1788 3213 Domini
1810 3158 1862 3211 in
1887 3157 2204 3227 discipulos,

2319 1992 2495 2045 neque
2524 1977 2686 2033 habet
2710 1979 2998 2033 essent’am
3030 1979 3098 2039 ab
3134 1979 3240 2033 alio
3269 1979 3373 2034 nisi
3416 1989 3508 2034 aut
3545 1995 3575 2034 a
3605 1981 3799 2047 Patre,
3831 1997 3933 2039 aut

2318 2082 2351 2122 a
2380 2065 2518 2123 Filio
2540 2066 2657 2121 ³⁸³⁸.
2695 2066 2890 2124 Verum
2920 2069 2977 2123 si.
2998 2070 3161 2124 habet
3217 2083 3338 2125 esse
3358 2086 3386 2124 a
3410 2070 3587 2135 Patre,
3613 2086 3641 2126 s
3673 2076 3936 2128 cundum

2318 2161 2682 2227 supralic'am
2712 2162 3000 2225 rationem,
3025 2162 3185 2217 habet
3206 2162 3374 2217 etiam
3401 2179 3432 2215 a
3461 2161 3597 2217 Filio
3619 2162 3735 2217 ³⁸³⁸.
3770 2166 3934 2223 Unde

2318 2261 2371 2305 et
2401 2250 2538 2306 idem
2572 2251 2721 2307 Flius
2746 2252 2875 2306 dicit
2901 2268 2913 2304 :
2942 2250 3041 2304 Ille
3064 2268 3144 2305 me
3181 2250 3515 2321 clariﬁcabit,
3554 2254 3684 2321 quia
3715 2256 3787 2307 de
3812 2272 3934 2309 meo

2318 2346 2531 2413 accipiet
2559 2345 2653 2376 ¹⁶²⁶
2682 2355 2728 2399 et
2770 2345 3104 2399 auuumiubit
3144 2346 3282 2397 t-obis
3336 2346 3510 2415 (ΜΔ.⁸
3541 2345 3650 2414 ll).
3706 2347 3934 2417 Quippe

2316 2438 2444 2507 quid
2473 2437 2712 2492 estaliud
2752 2437 2855 2493 hoc
2884 2438 3064 2492 dicere
3094 2453 3255 2506 quam
3284 2453 3313 2490 a
3338 2453 3422 2491 me
3450 2440 3651 2504 audiet,
3686 2440 3804 2494 hoc
3843 2450 3934 2496 est

2315 2543 2347 2582 a
2373 2542 2455 2582 me
2477 2530 2610 2584 :c'et
2638 2531 2779 2597 quid
2810 2544 2991 2584 aunun
3020 2527 3149 2583 ibit
3178 2545 3221 2583 ν.
3246 2528 3506 2584 bis?Cum
3536 2530 3673 2584 dixit
3698 2548 3719 2583 :~
3747 2530 3932 2596 Quir—

2314 2632 2519 2689 cunque
2580 2622 2787 2684 audiet,
2850 2618 3113 2689 loquetur,
3148 2636 3251 2676 ton
3302 2622 3681 2677 determinavit
3733 2641 3765 2675 a
3818 2640 3933 2693 quo

2315 2715 2515 2768 audiet.
2550 2714 2685 2768 Cum
2715 2728 2843 2768 vero
2870 2714 2945 2768 ait
2974 2732 2985 2766 τ
3026 2715 3099 2766 lle
3136 2731 3247 2768 meo
3277 2718 3515 2784 accipiet,
3536 2732 3617 2781 ne
3645 2718 3780 2785 quis
3824 2718 3930 2773 soli

2314 2804 2460 2859 Patri
2491 2804 2750 2858 attribuat
2782 2803 2925 2872 quod
2953 2805 3023 2857 ab
3052 2804 3157 2858 alio
3188 2805 3369 2868 au.lit;
3398 2816 3582 2873 apete
3615 2822 3675 2861 se
3700 2823 3870 2873 esse,
3899 2827 3933 2862 δ

2313 2913 2419 2967 quo
2446 2897 2585 2951 sicut
2614 2911 2643 2950 a
2673 2896 2851 2957 Patre.
2882 2896 3175 2950 scientiam
3194 2897 3307 2950 sive
3334 2896 3620 2952 «sentiam
3650 2900 3927 2968 accipiat,

2314 2989 2671 3043 demonstrat.
2704 2986 3047 3054 Siciatenim,
3081 3002 3204 3041 eum
3254 2988 3489 3042 dicitur;
3524 2986 3643 3053 Non
3665 2988 3933 3059 loquela!

2314 3096 2346 3132 α
2372 3079 2681 3147 semetipso;
2726 3080 2815 3131 sed
2856 3077 2946 3109 ¹⁸³⁷
2990 3093 3310 3146 quwcuaque
3340 3078 3537 3144 audiet,
3565 3078 3827 3148 loquetur
3877 3093 3929 3135 ιι

2314 3172 2644 3227 annuutiabit
2665 3173 2828 3237 vobis,
2861 3171 3199 3242 signiﬁcatur
3226 3170 3319 3202 ³⁸⁸⁸
3345 3171 3413 3224 ab
3445 3185 3510 3226 eo
3552 3185 3675 3236 ese
3696 3180 3753 3227 et
3793 3188 3932 3243 pru-

625 3248 786 3316 cujus
810 3248 912 3304 feci
949 3250 1304 3314 mentionem,
1340 3251 1539 3305 factum
1564 3250 1737 3327 estad
1790 3249 2202 3318 signiﬁcandum
2236 3218 2284 3282 C
2317 3263 2529 3324 cedere,
2581 3278 2611 3316 τι
2664 3277 2771 3332 quo
2814 3218 2989 3315 ,aud'il,
3022 3261 3118 3325 Ita,
3165 3277 3286 3314 cum
3334 3260 3541 3330 prnfcﬂ,
3587 3231 3767 3315 Filius
3793 3218 3929 3318 ξος

617 3342 745 3410 quia
771 3341 836 3394 de
859 3341 1103 3408 ejusdem
1143 3356 1389 3410 personae
1437 3350 1652 3396 secreto
1677 3343 1937 3410 procedat
1969 3339 2057 3393 ille
2113 3340 2201 3371 ’⁸⁸⁷

619 3427 859 3498 Spiritus
915 3445 1077 3498 quem
1110 3432 1290 3493 dabat,
1316 3432 1383 3485 de
1407 3430 1560 3499 cujus
1581 3432 1799 3484 occulto
1832 3429 2068 3499 Spiritus
2120 3430 2208 3503 ille

617 3519 976 3586 procedebat,
1009 3536 1171 3589 quem
1201 3519 1529 3574 iusulllahat.
1563 3518 1827 3587 Denique,
1876 3534 2003 3572 cum
2054 3518 2206 3571 Scri-

616 3618 777 3679 ptura
806 3609 985 3663 divina
1016 3611 1283 3680 significat
1314 3611 1516 3680 aliquid
1542 3620 1812 3665 secretum
1842 3610 1943 3641 ωδ
1961 3625 2055 3679 per
2072 3625 2197 3665 sen-

2318 3371 2432 3409 meo
2463 3355 2745 3423 accipietet
2776 3352 3109 3406 annuntiabit
3141 3351 3301 3415 vobis,
3333 3351 3508 3421 palam
3538 3351 3636 3382 “”
3665 3356 3931 3410 ostendit

2318 3460 2441 3500 eum
2472 3445 2539 3498 de
2566 3460 2685 3507 suo,
2712 3443 2837 3507 hoc,
2870 3442 2935 3495 de
2968 3442 3203 3496 essentia
3228 3458 3323 3496 sua
3352 3442 3643 3496 essentiam
3682 3442 3791 3475 ⁸⁸³⁸
3822 3445 3929 3500 ιω-

2316 3536 2445 3590 bere
2468 3544 2521 3589 et
2545 3534 2858 3603 procedere.
2883 3533 3036 3599 Quod
3082 3533 3226 3586 enim
3277 3532 3457 3586 divina
3506 3533 3747 3587 essentia
3809 3552 3925 3592 non

2312 3634 2416 3691 est,
2445 3624 2545 3680 sub
2599 3624 2801 3695 Spiritu
2837 3634 3027 3679 sancto
3065 3634 3177 3689 est;
3211 3639 3309 3679 nee
3334 3623 3447 3692 ipse
3473 3640 3556 3679 aet
3570 3623 3668 3694 ipit
3695 3623 3924 3697 aliquid

618 3700 859 3755 sibilium
898 3701 1313 3768 similitudines;
1355 3718 1462 3757 non
1488 3717 1584 3771 per
1603 3702 1785 3756 omnia
1833 3717 1954 3771 qua:
1979 3702 2199 3777 signiti-

616 3802 745 3845 cant
774 3802 827 3847 et
856 3809 979 3864 qua:
1008 3795 1387 3864 signiﬁcantur
1410 3796 1523 3861 ω’,
1555 3796 1749 3851 similia
1774 3806 2001 3867 possunt
2030 3813 2153 3851 esse
2180 3816 2195 3852 :

613 3899 724 3939 non
771 3886 914 3939 enim
965 3888 1066 3941 hoc
1101 3897 1246 3941 esset
1288 3888 1603 3953 similitudo,
1640 3890 1734 3943 sed
1781 3889 2063 3955 identitas,
2093 3890 2197 3945 nisi

613 3974 753 4030 ferte
797 3977 922 4045 quis
977 3977 1157 4032 dicere
1218 3978 1451 4032 voluerit
1480 3978 1633 4032 illam
1675 3979 2093 4034 iusuiilationem
2124 3980 2198 4033 ita

606 4067 934 4137 simpliciter
965 4084 1087 4123 esse
1108 4068 1307 4124 factam
1332 4087 1361 4123 a
1392 4070 1661 4140 sapientia
1694 4069 1807 4132 Dei,
1868 4071 1989 4125 sine
2041 4070 2195 4125 omni

602 4160 883 4229 'spirituali
915 4162 1316 4233 signiﬁcatione
1339 4162 1453 4219 Dei.
1483 4163 1589 4220 Sed
1621 4165 1896 4220 neminem
1947 4174 2080 4237 puto
2115 4165 2192 4221 ita

609 4248 966 4317 inseasatum,
999 4260 1057 4305 ut
1084 4252 1186 4308 hoc
1216 4253 1447 4313 sentiat.

1516 4332 1588 4344 ...Α

2305 3718 2373 3770 de
2402 3718 2529 3782 hoc,
2549 3717 2692 3787 quod
2738 3718 2838 3770 sub
2872 3732 2932 3771 se
2954 3724 3058 3770 est.
3099 3716 3279 3781 Quare
3325 3731 3449 3770 cum
3500 3716 3675 3769 Filius
3721 3717 3919 3774 dicit:

2304 3809 2384 3863 De
2399 3826 2512 3863 meo
2544 3809 2782 3878 accipiet,
2806 3826 2911 3863 non
2936 3808 3083 3864 aliud
3117 3808 3193 3863 ibi
3228 3824 3390 3863 suum
3435 3807 3707 3878 signiﬁcat
3734 3824 3925 3880 quam

2303 3916 2456 3958 suam
2491 3900 2809 3955 essentiam.

2859 4011 3087 4067 CAPUT
3116 4012 3203 4067 XII
3233 4011 3344 4065 ιη’.

2298 4113 2571 4195 Urgentur
2625 4124 2695 4176 ad
2733 4138 2867 4195 iacnt
2918 4124 3085 4195 verba
3120 4124 3227 4195 alia
3258 4121 3495 4175 Christi:
3529 4120 3700 4176 Nemo
3751 4124 3926 4178 novit

2728 4191 2923 4246 Filium
2987 4193 3088 4247 nisi
3154 4192 3333 4254 Pater,
3356 4203 3462 4245 etc.
3704 4196 3711 4201 ”

2374 4284 2506 4340 Illud
2532 4286 2778 4350 forsitan,
2801 4287 2944 4355 quod
2969 4285 3103 4339 dixit
3131 4284 3223 4317 "”
3252 4283 3420 4338 Filius
3446 4300 3459 4337 :
3490 4283 3569 4337 Dc
3598 4300 3717 4337 meo
3757 4287 3925 4338 neci-

2299 4377 2427 4445 γὸτι,
2457 4385 2503 4429 et
2528 4376 2857 4429 annuntiabit
2903 4374 3041 4428 vobis
3072 4373 3255 4446 (Joan.
3295 4388 3417 4438 ut,
3473 4372 3587 4445 Η),
3610 4372 3783 4429 aliter
3815 4375 3925 4406 ⁸⁸⁸³

1933 4640 2164 4698 vanis:
2205 4626 2625 4698 LECTEONES.

681 4846 1044 4918 '“fLSanctus
1090 4847 1382 4902 interlicict
1430 4864 1555 4918 mss.
1589 4857 1636 4900 et
1669 4844 1813 4918 Edit.
1859 4845 2017 4918 Cotti.
2066 4855 2290 4918 sanctus
2331 4844 2757 4918 interlicit‘fm
2787 4845 2913 4918 Ejus
2948 4847 3285 4918 convertitur
3308 4864 3432 4902 mss.
3465 4847 3584 4918 ejus
3614 4856 3918 4911 convertis

590 4932 704 4979 ιιιε.
744 4914 880 4971 Vict.
908 4917 960 4971 9.
990 4918 1108 4987 ejus
1130 4927 1340 4973 avertet
1417 4917 1748 4987 ““’_.§liqnis
1772 4917 2029 4970 attribuat
2063 4934 2187 4971 mss.
2229 4914 2361 4970 Vict.
2398 4914 2551 4969 Corb.
2592 4914 2778 4987 Cist‘er.
2826 4914 3021 4985 aliquis
3071 4928 3279 4973 tantum
3315 4914 3577 4987 attribuat
3654 4919 3756 4954 ⁶⁴¹⁶
3789 4924 3914 4978 ΙΙιιο

603 5002 778 5042 mana:
819 4985 1032 5042 tantum
1058 5000 1319 5057 quantum
1359 5004 1481 5057 mss.
1524 4985 1653 5057 Vict.
1688 4986 2168 5057 Corb.__hnma_me,
2212 4997 2472 5057 quantum
2550 4987 2640 5017 ’⁸⁸⁷
2690 4985 3023 5041 Procedebat
3057 4988 3143 5041 ille
3173 5005 3299 5043 mss.
3345 4985 3478 5043 Vict.
3510 4991 3782 5057 procedat
3812 4995 3921 5050 ille

605 5058 696 5091 ¹⁶¹⁸
721 5058 951 5127 Aliquod
977 5053 1244 5113 secretum
1274 5075 1398 5112 mss.
1431 5056 1567 5110 Vict.
1593 5053 1749 5110 Corb.
1770 5067 1816 5127 et
1852 5053 1998 5109 Edit.
2026 5054 2183 5127 (10th.
2231 5053 2461 5127 aliquid
2487 5063 2755 5127 secretum
2830 5057 2931 5127 “ff
2957 5057 3278 5127 Signiﬁcant
3298 5069 3351 5112 et
3373 5053 3762 5127 signi'lit‘antur
3790 5081 3914 5125 uss.

585 5128 659 5191 ,8.
690 5124 854 5183 Miclt.
881 5145 1018 5198 quze
1045 5129 1349 5198 signiﬁcant
1385 5136 1440 5181 et
1464 5143 1605 5198 quae
1646 5125 2021 5198 signiﬁcantur
2044 5196 2055 5198 _
2097 5126 2190 5198 ’ν’
2238 5124 2366 5198 οιρτ
2407 5125 2490 5198 Π.
2519 5124 2619 5198 Est
2735 5141 2833 5198 ms.
2884 5124 3145 5182 Victi”).
3189 5138 3343 5197 eaput
3388 5124 3457 5183 19
3529 5128 3621 5160 ¹¹⁸⁸
3651 5128 3773 5187 Nisi
3834 5124 3914 5190 ab

586 5200 705 5261 .alio
758 5193 973 5253 habebit
1001 5193 1141 5251 Edii.
1194 5197 1349 5269 Cotti.
1376 5209 1422 5251 et
1450 5193 1605 5251 (ἰὼ-Ι).
1638 5195 1739 5249 nisi
1781 5197 1849 5249 ab
1894 5195 2000 5269 alio
2044 5196 2206 5269 habet
2280 5197 2374 5269 ff'f
2416 5193 2618 5269 {audire
2642 5195 3213 5269 Spiritum_sanetmn
3250 5193 3388 5252 'mss.
3426 5199 3619 5269 audire
3653 5199 3908 5269 Spiritui

598 5279 791 5323 sancto
869 5269 960 5298 ¹⁶²³
988 5269 1062 5335 Ea
1098 5283 1218 5337 quas
1259 5268 1506 5337 loquetur
1533 5283 1659 5337 mss.
1702 5280 1765 5320 ea
1810 5282 1930 5334 quae
1967 5265 2204 5337 loquitur
2280 5265 2370 5337 ""f
2418 5263 2529 5319 Nisi
2579 5282 2606 5318 a
2631 5263 2800 5337 Patre
2824 5276 2878 5321 et
2920 5266 3055 5321 Filio
3087 5284 3210 5321 mss.
3242 5269 3345 5321 nisi
3376 5280 3464 5323 aut
3490 5285 3518 5322 a
3546 5263 3711 5323 Patre
3738 5286 3849 5328 aut
3878 5292 3915 5329 a

582 5338 736 5393 .Ftlio
811 5337 903 5372 ⁸⁵³⁵
933 5334 1177 5393 llahetet
1208 5357 1234 5391 a
1266 5334 1402 5392 Filio
1423 5354 1520 5390 ms.
1566 5335 1720 5389 Corb.
1754 5337 1915 5390 habet
1952 5334 2114 5389 etiam
2143 5346 2195 5389 et
2234 5352 2262 5391 a
2290 5336 2428 5391 Filio
2459 5351 2581 5388 mss.
2631 5334 2766 5388 Vict.
2827 5337 2992 5391 habet
3029 5338 3193 5391 etiam
3252 5354 3278 5389 a
3326 5338 3461 5392 Filio
3537 5339 3633 5371 ¹⁶¹⁶
3670 5340 3769 5397 Ille
3834 5345 3913 5399 de

597 5425 720 5462 meo
748 5408 977 5476 accipiet
999 5425 1123 5461 mss.
1152 5408 1238 5463 ille
1277 5424 1361 5462 me
1385 5406 1889 5477 clariﬁcabitmuia
1915 5406 1981 5477 de
2023 5420 2142 5461 meo
2178 5407 2409 5477 accipiet
2478 5405 2568 5477 “3"
2610 5405 2655 5459 Α
2687 5406 2887 5476 seipse,
2928 5408 3020 5461 sed
3044 5423 3169 5461 mss.
3230 5406 3360 5461 Vict.
3402 5409 3559 5463 (ἐστιν.
3605 5408 3815 5468 Cister.
3873 5431 3905 5467 a

580 5474 909 5549 semetipso,
938 5479 1032 5532 sed
1090 5479 1202 5549 _'°"
1223 5478 1418 5534 Audiet
1445 5476 1719 5549 loquetur,
1761 5475 2097 5549 signiﬁcatur
2138 5494 2260 5549 mss.
2292 5474 2494 5549 audiet,
2526 5474 2795 5549 loquetur,
2851 5485 2907 5530 et
2937 5479 3289 5549 annunciabit
3323 5480 3505 5543 vobis;
3537 5479 3915 5549 signiﬁcatu

598 5548 691 5579 ¹⁶²⁹
720 5548 985 5616 Accipiet,
1018 5547 1194 5616 palam
1228 5564 1352 5602 mss.
1383 5548 1720 5617 accipiet,_et
1749 5546 2096 5617 annunciabit
2145 5547 2295 5602 vobis
2347 5546 2524 5615 palam
2603 5545 2695 5577 “'°
2725 5547 3055 5617 lteessentia
3094 5564 3190 5602 sua
3232 5551 3526 5603 essentiam
3575 5545 3675 5603 riis.
3733 5552 3909 5608 Ceus.

578 5619 662 5694 de
696 5614 929 5694 essentia
967 5614 1118 5694 suam
1158 5620 1451 5694 essentiam
1496 5614 1599 5694 ius.
1635 5615 1774 5694 Tim...
1794 5616 1879 5694 99.
1911 5617 1976 5694 de
2025 5618 2256 5694 essentia
2302 5614 2651 5694 essentiam“
2673 5616 2762 5694 “1‘
2788 5614 2915 5689 CAP.
2950 5618 3035 5671 12.
3062 5617 3168 5694 Est
3184 5620 3238 5672 in
3274 5634 3371 5694 ιιι-ι.
3415 5618 3547 5673 Vict.
3580 5620 3670 5694 l3.
3725 5636 3911 5694 caput

578 5690 665 5752 _t5
742 5687 832 5719 “"
876 5687 1126 5741 Forsitan
1188 5690 1345 5759 quod
1399 5687 1535 5759 dixit
1582 5703 1683 5759 ms.
1734 5684 1890 5743 Corb.
1947 5684 2177 5743 forsitan
2238 5697 2293 5745 et
2348 5686 2484 5743 dixit
2560 5685 2653 5719 ¹⁸³³
2708 5686 2784 5744 De
2838 5686 2958 5744 meo
2998 5688 3249 5759 accipiet.
3280 5688 3439 5746 aliter
3464 5705 3593 5745 mss.
3639 5692 3714 5748 de
3758 5684 3911 5751 n'seo

574 5759 829 5829 ,aecipiet
881 5767 938 5813 et
966 5756 1317 5812 antittnciabit
1342 5756 1511 5823 vobis,
1546 5757 1701 5813 aliter
