4050 6294
765 271 768 273 λ
802 267 924 294 ,κα

194 305 280 362 3'59
803 292 843 294 Si
1223 297 1310 353 DE
1353 292 1825 354 PBOCESSIONE
1867 294 1926 353 S.
1976 295 2311 356 SPllll'l‘US.

3345 303 3460 359 Slo-

202 437 298 480 πιθα
348 427 432 474 εκ(
458 417 532 472 de
580 413 777 486 seipso,
807 413 905 469 sed
961 414 1336 469 tantummodo
1385 411 1452 467 de
1506 411 1669 465 Patre
1711 421 1768 466 et
1797 419 1841 475 Α
1869 423 1989 470 ctus
2019 423 2107 471 est
2144 415 2335 471 Adam.
2369 415 2438 470 At
2474 415 2708 471 int‘erent
2737 415 2876 471 κως
2909 416 3052 470 Bene
3066 413 3295 469 dicimus
3324 413 3449 485 Spi-

216 513 328 566 "ilio.

216 513 241 528 ..
265 513 328 564 ,ω

200 513 298 568 Μ’
639 596 866 655 (ΖΛΡυΤ
895 596 1008 652 xvr
1037 595 1133 670 [aL
1167 596 1259 651 xv
1268 598 1306 670 1;

199 694 325 764 Quod
387 692 620 764 Spiritus
661 703 874 746 sanum
931 709 1045 764 non,
1077 695 1323 761 procedat
1375 712 1411 764 ρ
1463 690 1624 764 Putre
1681 709 1776 762 per

251 761 488 829 Filium;
549 771 684 817 ctcut
721 764 897 816 omnia
937 780 981 815 aI.
1015 762 1186 818 Patre
1220 780 1311 833 per
1375 761 1593 818 Verbum
1650 774 1771 818 sunt

249 855 400 924 facta.

257 966 619 1022 Dicent:Cnr
643 983 750 1021 non
797 965 1051 1021 similiter
1111 966 1200 998 ’⁸⁷⁸
1253 967 1436 1022 dicere
1487 981 1773 1036 possumus

200 1060 442 1127 Spiritum
500 1067 748 1113 sanctum
799 1059 864 1113 de
908 1057 1068 1114 Patre
1098 1073 1195 1128 per
1222 1058 1419 1112 Filiqu
1455 1057 1769 1128 procedere,

198 1152 321 1204 sicut
344 1149 581 1205 dicimus
620 1165 650 1225 a
677 1148 840 1205 Patre
869 1150 1052 1205 omnia
1083 1149 1223 1205 facta
1249 1165 1345 1219 per
1367 1148 1598 1204 Verbum
1630 1148 1787 1219 quod"

203 1252 272 1294 est
301 1242 392 1272 “7'
419 1241 636 1296 Filius?
668 1241 830 1296 Sicut.
849 1243 994 1296 enim
1025 1257 1146 1296 cum
1182 1242 1348 1296 Pater
1380 1241 1508 1296 facit
1535 1257 1631 1310 per
1651 1241 1779 1296 Ver;

201 1330 308 1385 lqu
346 1347 541 1396 suum,
581 1346 686 1385 non
723 1330 854 1386 facit
885 1347 979 1402 per
1005 1331 1150 1384 aliud
1173 1345 1347 1400 quam-
1372 1330 1594 1400 pcrlioc
1630 1331 1774 1400 quod

202 1422 430 1488 ipse'est,
482 1422 583 1474 hoc
610 1432 694 1475 est
724 1437 819 1490 per
867 1420 1216 1476 essentialem
1267 1430 1608 1490 potestatem,
1656 1436 1776 1490 qme

201 1523 268 1566 est
292 1513 477 1566 eadem
505 1512 666 1566 Verbi
691 1529 706 1578 ;
735 1523 790 1567 et
822 1523 1001 1568 tamen
1041 1514 1240 1568 dicitur
1295 1511 1478 1568 facere
1524 1529 1620 1583 per
1647 1513 1777 1568 Ver-

204 1605 310 1656 bum
342 1604 433 1638 ’⁸⁷⁵
465 1621 478 1657 :
510 1619 608 1656 cur
655 1606 762 1658 non
790 1604 1042 1659 similiter
1080 1593 1312 1659 dicimus
1345 1603 1604 1674 Spiritum
1651 1620 1778 1658 san-

204 1703 328 1748 ctum
355 1713 383 1746 a
418 1693 580 1749 Patre
600 1695 893 1765 procedere
930 1710 1025 1766 per
1051 1693 1283 1749 Verbum
1325 1710 1448 1749 cmn
1499 1709 1604 1748 non
1654 1708 1777 1764 pro-

1874 508 2034 562 ritum
2065 519 2314 564 sanctum
2347 523 2452 563 non
2487 505 2880 578 procedere‘de
2904 507 3058 571 Filio,
3086 505 3179 561 sed
3204 505 3270 560 de
3293 503 3454 559 Patre

1871 617 1969 672 per
2011 600 2226 670 Filium,
2255 601 2503 673 quamvis
2547 601 2617 656 sit
2645 601 2710 656 de
2743 600 2902 656 Patre
2931 609 2986 656 et
3028 599 3094 655 de
3123 597 3283 662 Filio,
3313 597 3460 659 sicut

1874 693 2012 749 dicis
2037 693 2212 750 lacum
2244 711 2364 751 esse
2388 694 2454 749 de
2479 693 2628 747 fonte
2655 702 2710 748 et
2734 693 2800 747 de
2825 692 2961 746 rivo.
2995 692 3068 746 De
3087 689 3458 760 processionis

1876 802 2107 857 namque
2136 789 2301 842 verbo
2323 790 2552 857 quaestio
2581 797 2665 844 est
2697 787 2838 841 inter
2862 799 3159 852 nos,quam
3187 797 3281 836 vos
3307 794 3459 835 asse-

1877 877 1995 931 ritis
2023 893 2144 933 esse
2183 879 2248 932 de
2286 877 2442 941 Filio,
2482 888 2538 933 et
2576 894 2673 950 nos
2698 891 2956 946 negamus
2980 873 3072 906 ¹⁶⁸¹
3107 891 3120 927 :
3153 887 3280 928 ecce
3312 871 3456 926 enim

1877 969 2070 1024 videtis
2104 969 2276 1023 rivum
2310 969 2376 1023 de
2407 969 2555 1024 fonte
2585 968 2896 1040 procedere,
2930 965 3089 1035 quasi
3118 965 3184 1020 de
3207 962 3459 1033 originali

1876 1060 2176 1130 principio;
2212 1060 2361 1116 lacus
2402 1069 2582 1115 autent
2627 1073 2736 1114 non
2765 1057 3029 1128 procedit,
3060 1053 3152 1109 sed
3189 1053 3462 1124 colligitur

1876 1150 1943 1204 dc
1994 1151 2133 1218 rivo,
2179 1151 2425 1221 quamvis
2454 1151 2650 1205 habeat
2672 1163 2791 1204 esse
2815 1146 3023 1202 de'illo.
3060 1144 3136 1199 lta
3169 1145 3334 1216 igitur
3357 1143 3462 1198 etsi

1879 1241 2114 1311 Spiritus
2151 1253 2372 1298 sanctus
2415 1243 2611 1297 habeat
2642 1256 2766 1296 esse
2811 1239 2880 1294 de
2929 1236 3101 1302 Filio,
3137 1251 3242 1291 non
3280 1244 3461 1288 tamen

1877 1333 2169 1402 procedere
2206 1334 2424 1404 proprie
2455 1334 2659 1388 dicitur
2705 1332 2790 1387 de
2823 1329 2987 1394 Filio,
3048 1329 3142 1384 sed
3186 1328 3254 1382 de
3301 1325 3465 1380 Patre

1877 1424 2032 1492 quasi
2063 1424 2131 1479 de
2168 1425 2455 1495 principio.
2499 1423 2611 1479 Hoc
2641 1422 2869 1478 forsitan
2902 1421 3180 1475 diceretur
3206 1427 3374 1482 recte,
3417 1418 3464 1472 si

1879 1515 2048 1572 Filius
2074 1532 2303 1573 nascens
2333 1519 2400 1573 de
2427 1517 2595 1574 Patre
2612 1516 2930 1587 procederet
2954 1522 3109 1568 extra
3146 1510 3385 1574 Patrem,
3409 1519 3468 1564 et

1877 1607 2056 1662 medio
2085 1608 2319 1678 quodam
2349 1607 2526 1679 spatio
2566 1605 2979 1670 interveniente,
3021 1604 3172 1673 prius
3203 1602 3467 1672 intellige-

1879 1705 2030 1752 retur
2053 1712 2174 1753 esse
2198 1697 2438 1769 Spiritus
2467 1706 2685 1752 sanctus
2713 1696 2780 1751 de
2807 1693 2972 1749 Patre
2999 1707 3167 1764 quam
3196 1692 3263 1746 de
3292 1689 3462 1754 Filio;

205 1783 342 1838 cedat
364 1800 392 1837 a
422 1783 604 1848 Patre,
638 1785 743 1840 nisi
757 1785 824 1839 de
853 1785 956 1840 hoc
981 1794 1036 1840 et
1059 1800 1153 1855 per
1179 1784 1282 1840 ltoc
1312 1784 1455 1854 quod
1511 1784 1652 1839 idem
1693 1793 1780 1840 est
1810 1781 1853 1836 Β
1880 1790 2022 1845 sicut
2050 1789 2198 1846 rivus
2227 1769 2292 1845 de
2329 1789 2480 1845 fonte
2504 1790 2674 1844 [luens
2705 1798 2857 1843 extra
2889 1784 3093 1842 fontem
3121 1782 3385 1856 procedit,
3411 1793 3469 1838 et

209 1875 284 1906 ""
304 1874 377 1930 illi
403 1891 529 1930 cum
562 1876 701 1931 Filio
725 1877 975 1947 quamvis
1018 1892 1123 1931 non
1172 1888 1233 1931 ut.
1285 1886 1558 1942 creatura,
1603 1876 1695 1930 sed
1722 1885 1782 1930 ut

207 1963 730 2035 idipsttmdacodem
790 1965 943 2036 ipso?
998 1967 1290 2023 Videamus
1325 1967 1454 2036 quid
1497 1977 1776 2036 sequatur,

209 2057 248 2110 si
281 2057 378 2112 hoc
408 2056 669 2123 dicimus;
699 2066 751 2111 et
791 2072 896 2127 pax
949 2059 1020 2113 sit
1071 2059 1213 2113 inter
1241 2075 1356 2114 nos.
1407 2057 1612 2130 Nempe
1660 2074 1782 2130 qua:

208 2137 330 2199 farta
356 2155 485 2200 sunt
510 2160 540 2199 a
564 2144 726 2200 Patre
772 2161 870 2216 per
901 2147 1155 2212 Verbmn,
1199 2147 1337 2203 facta
1385 2158 1514 2202 sunt
1557 2147 1626 2202 ab
1665 2148 1782 2218 ipso

208 2233 404 2290 Verbo:
434 2237 610 2306 ipsum
662 2253 897 2308 namque
949 2238 1182 2293 Verbum
1234 2239 1364 2294 dicit
1395 2239 1781 2309 :-Qua’cnnque

207 2329 326 2379 enim
360 2325 523 2382 Pater
562 2328 654 2360 "7‘
681 2329 892 2398 fecerit,
935 2330 1046 2383 lucc
1085 2340 1132 2383 et
1176 2327 1349 2383 Filius
1385 2329 1627 2384 similiter
1651 2328 1779 2396 facit

209 2417 373 2480 (Joan.
413 2433 464 2482 v,
502 2418 610 2487 l9).
647 2419 1090 2488 Dicamusigitur
1120 2420 1244 2489 quia
1269 2420 1507 2490 Spiritus
1535 2431 1778 2486 sanctus,

210 2526 313 2560 cum
339 2512 586 2577 procedit
609 2527 638 2565 a
671 2511 1164 2581 Pall'upt‘l‘l-“ililltll
1191 2553 1203 2575 ,
1236 2513 1484 2582 procedit
1509 2523 1560 2568 et
1592 2529 1622 2568 a
1648 2514 1783 2569 Filio

213 2599 480 2667 similiter;
517 2604 657 2658 sicut
685 2619 808 2671 qua:
835 2605 975 2659 facta
1001 2613 1128 2657 sunt
1157 2619 1186 2657 a
1206 2603 1367 2657 Patre
1399 2619 1495 2673 per
1527 2603 1784 2671 Verbum,

213 2692 335 2747 facta
362 2703 492 2749 sunt
516 2693 766 2750 similiter
792 2695 860 2750 ab
907 2697 1024 2766 ipso
1069 2694 1266 2759 Verbo,
1298 2696 1399 2752 nisi
1426 2695 1563 2753 forte
1587 2698 1782 2754 intelli-

213 2783 605 2856 guntSp'ritum
654 2799 903 2844 sanctum
931 2790 1228 2858 procedere
1278 2790 1344 2845 de
1395 2789 1554 2844 Patre
1577 2789 1783 2861 perii.

213 2874 326 2930 limn
349 2879 804 2946 quemadmodum
861 2895 983 2934 cum
1049 2880 1171 2936 forts
1230 2880 1347 2936 ﬂuit
1376 2882 1428 2936 in
1477 2882 1675 2948 rivum,
1732 2892 1787 2936 et

215 2967 348 3022 rivus
375 2967 649 3039 colligitur
675 2969 726 3023 in
756 2969 952 3033 lacum,
979 2970 1179 3025 dicitur
1209 2971 1358 3027 lacus
1391 2987 1511 3027 esse
1539 2971 1606 3027 de
1638 2972 1790 3028 fonte

216 3069 298 3122 per
321 3057 514 3112 rivum.
541 3059 649 3115 Sed
673 3060 743 3115 ibi
769 3076 874 3114 non
904 3073 985 3116 est
1014 3051 1176 3117 rivus
1195 3063 1247 3117 in
1300 3063 1475 3125 fonte,
1506 3063 1599 3118 sed
1630 3076 1786 3119 extra

1883 1882 2116 1950 quodam
2167 1881 2454 1937 intervallo
2493 1881 2548 1936 in
2595 1880 2770 1936 lacum
2805 1878 3099 1949 colligitur,
3131 1869 3186 1931 et
3214 1876 3364 1946 prius
3385 1888 3470 1930 est

1884 1969 2034 2025 lacus
2069 1970 2134 2026 de
2181 1969 2327 2026 fonte
2383 1987 2544 2042 quam
2574 1971 2640 2024 de
2675 1971 2832 2025 rivo:
2865 1979 2920 2024 et
2967 1968 3086 2022 ideo
3114 1966 3288 2020 estde
3320 1964 3468 2020 fonte

1883 2074 1979 2131 per
2022 2062 2224 2126 rivum,
2272 2077 2376 2118 non
2431 2062 2498 2117 de
2549 2061 2662 2115 rivo
2707 2077 2805 2132 per
2848 2059 3070 2116 fontem.
3107 2056 3304 2112 Verum
3347 2075 3468 2114 cum

1883 2151 2053 2208 Filius
2093 2169 2323 2209 nascens
2353 2155 2419 2208 de
2461 2153 2621 2209 Patre
2669 2171 2773 2208 non
2822 2163 2980 2210 exeat
3026 2166 3179 2212 extra
3219 2155 3467 2213 Patrem;

1884 2244 1980 2298 sed
2015 2243 2067 2298 in
2101 2243 2218 2314 ipso
2245 2258 2492 2306 manens,
2531 2259 2629 2298 nec
2661 2243 2800 2309 loco,
2833 2259 2933 2298 net:
2963 2254 3228 2315 tempore,
3259 2259 3358 2298 nec
3380 2257 3466 2296 es-

1885 2337 2056 2392 sentia
2082 2337 2289 2393 divisus
2316 2339 2387 2392 sit
2411 2338 2501 2369 ¹⁶⁸²
2523 2355 2551 2391 a
2576 2336 2767 2402 Patre;
2795 2347 2845 2392 ct
2875 2354 2998 2406 cum
3022 2355 3186 2393 unum
3217 2337 3288 2392 sit
3308 2336 3474 2390 idem.

1884 2442 1991 2497 que
2022 2426 2167 2481 Patri
2193 2438 2244 2480 et
2279 2426 2412 2482 Filio
2435 2427 2486 2481 id
2518 2427 2660 2481 unde
2691 2427 2934 2496 procedit
2965 2426 3204 2496 Spiritus
3224 2433 3485 2488 sanctus,

1887 2535 1988 2574 nee
2045 2518 2267 2589 intelligi
2303 2527 2500 2589 potest,
2551 2533 2651 2573 nec
2697 2517 2804 2572 dici
2845 2517 3007 2572 debet
3041 2517 3302 2587 Spiritum
3346 2530 3470 2568 sau-

1888 2620 2033 2666 etmn
2063 2609 2357 2680 procedere
2379 2610 2445 2663 de
2468 2607 2650 2672 Patre,
2687 2619 2744 2663 et-
2771 2623 2876 2662 non
2904 2609 2970 2662 de
2994 2605 3153 2661 Filio.
3187 2604 3302 2660 Non
3339 2619 3476 2676 ergo

1889 2703 2102 2758 videtur
2146 2717 2250 2771 qua
2303 2699 2511 2754 ratione
2559 2699 2774 2754 dicatur
2821 2697 3058 2769 Spiritus
3103 2705 3323 2774 sanctus
3366 2707 3476 2750 non

1892 2777 2205 2866 procedere
2230 2793 2298 2847 de
2329 2791 2486 2857 Filio,
2529 2791 2623 2846 sed
2674 2790 2742 2845 de
2789 2788 2950 2867 Patre
2980 2802 3078 2858 per
3104 2784 3317 2848 Filium.
3351 2795 3486 2839 cum

1891 2885 2101 2941 etiamsi
2131 2899 2226 2956 per
2246 2882 2440 2938 Filium
2465 2890 2861 2952 nequeat,.non-
2887 2879 2953 2934 de
2978 2877 3133 2933 Filio.
3159 2875 3214 2931 Si
3247 2871 3369 2946 quis
3399 2884 3452 2929 ta

1893 2993 2020 3032 men
2071 2975 2183 3031 vnit
2222 2975 2406 3031 dicere
2437 2973 2630 3030 Filium
2674 2974 2739 3030 de
2785 2972 2947 3028 Patre
2979 2970 3273 3043 pmeedem
3304 2969 3482 3040 magis

1895 3071 2111 3142 proprie
2152 3085 2316 3140 quam
2365 3067 2626 3139 Spiritum
2661 3075 2904 3122 sanctum
2939 3064 3005 3121 de
3033 3063 3194 3129 Filio,
3227 3061 3483 3133 quamvis

218 3145 399 3202 l‘otttem
428 3151 564 3204 sit-ut
606 3161 691 3206 est
717 3151 885 3207 Filius
918 3152 968 3206 in
1002 3151 1182 3218 Patre,
1234 3163 1288 3209 et
1319 3169 1438 3208 non,
1474 3163 1624 3208 extra
1681 3153 1786 3209 Pa-
1815 3141 1864 3207 ϐ
1896 3141 2130 3234 Spit-ilus
2162 3171 2381 3217 saucius
2411 3163 2477 3216 de
2508 3160 2626 3225 illo;
2670 3160 2811 3215 sicut
2843 3158 2990 3213 rivus
3022 3156 3192 3227 magis
3223 3153 3300 3210 iui
3332 3153 3482 3208 vide.

219 3248 359 3296 ﬂent.
387 3241 567 3308 Quare
589 3259 694 3298 non
746 3245 826 3300 sic
866 3257 949 3301 est
1006 3247 1096 3278 “7"
1158 3247 1394 3318 Spiritus
1447 3261 1666 3307 sanctus
1721 3251 1789 3304 de

221 3331 359 3387 Patre
387 3333 718 3404 porEilium,
745 3339 885 3394 sicut
909 3349 988 3394 est
1020 3341 1176 3396 lacus
1194 3343 1260 3396 de
1292 3340 1443 3397 fonte
1460 3358 1558 3412 per
1589 3345 1785 3399 rivum.

221 3423 270 3477 Si
303 3433 474 3481 tamen
506 3423 715 3495 sic.est,
748 3431 932 3500 negari
967 3433 1153 3503 nequit
1177 3446 1296 3488 esse
1326 3433 1392 3490 de
1431 3433 1569 3491 Filio
1598 3452 1791 3508 quam-

224 3514 289 3568 vis
313 3516 378 3570 sit
409 3518 475 3571 de
497 3517 658 3576 Patre
684 3535 782 3590 per
817 3521 1048 3588 Filium;
1082 3524 1224 3578 sicut
1247 3525 1525 3580 fatendum
1575 3537 1660 3582 est
1712 3527 1791 3581 la-

222 3623 325 3660 vmn
368 3625 488 3663 esse
547 3612 779 3685 deirivo
815 3615 1068 3682 quamvis
1105 3616 1260 3671 sitde
1291 3617 1439 3671 ferite
1467 3633 1565 3687 per
1592 3619 1788 3678 rivum.

221 3701 306 3763 Qui
346 3704 490 3756 enim
523 3715 678 3775 negat
713 3706 903 3762 locum
947 3725 1070 3765 esse
1123 3711 1190 3766 de
1237 3712 1352 3768 rivo
1409 3711 1502 3744 ⁸⁵⁷⁸
1533 3714 1789 3782 quoniam

222 3792 352 3860 prius
380 3805 462 3849 est
493 3796 558 3850 de
583 3797 727 3854 fonte
789 3801 939 3857 rivus
963 3802 1153 3858 :.dieat
1174 3820 1235 3859 se
1255 3821 1364 3861 non
1392 3818 1512 3862 esse
1541 3805 1606 3860 de
1631 3805 1794 3863 Patre

222 3890 438 3948 suo..th
480 3892 546 3944 de
570 3891 760 3960 Mam,
785 3896 1041 3966 quoniam
1071 3912 1170 3967 per
1197 3899 1414 3956 Patrem
1438 3915 1595 3956 suum
1620 3909 1706 3957 est
1725 3902 1792 3957 de

222 3978 394 4031 Adam.
452 3980 605 4034 Dicat
629 3984 794 4038 etiam
842 3985 1040 4040 Filium
1097 3986 1326 4059 virginis
1378 4005 1484 4046 non
1541 4005 1664 4046 esse
1727 3991 1793 4046 de

224 4063 392 4132 Maria,
422 4083 522 4124 nec
543 4070 609 4124 de
635 4072 822 4137 David,
865 4091 965 4131 nec
995 4074 1350 4133 deAbrabam
1373 4096 1387 4145 ;
1413 4081 1669 4151 quoniam
1703 4081 1796 4135 isti

222 4158 354 4221 prius
405 4159 495 4216 lite
529 4171 623 4218 unt
650 4163 715 4219 de
744 4165 910 4221 Adam
943 4184 959 4224 :
998 4178 1054 4223 et
1075 4169 1221 4225 dicat
1268 4170 1464 4226 falsum
1492 4186 1612 4228 esse
1650 4172 1793 4242 quod

220 4251 494 4306 d'c2nmesi
526 4256 755 4311 Abralnc
786 4277 796 4311 :
822 4257 885 4312 In
905 4261 1099 4315 semine
1120 4271 1208 4316 tuo
1227 4263 1596 4318 benedicentur
1616 4282 1793 4320 omnes

219 4353 379 4404 gentes
405 4342 557 4413 (Cen.
589 4361 720 4410 χχιι,
762 4347 870 4417 18).
898 4349 962 4403 Et
985 4351 1050 4404 ad
1070 4349 1236 4406 David
1267 4371 1282 4406 :
1310 4351 1385 4407 De
1411 4353 1792 4422 [ructaventris

222 4437 288 4484 tui
307 4452 494 4500 ponam
517 4440 878 4504 supersederi:
905 4452 1050 4494 tuam
1081 4440 1254 4513 (Psal.
1273 4459 1458 4508 cxxvt,
1495 4445 1604 4515 ll).
1631 4445 1694 4500 Et
1725 4447 1793 4501 ad

226 4527 432 4582 Mariam
461 4549 474 4582 :
509 4530 816 4585 Benedictus
869 4532 1070 4601 [ructus
1117 4537 1308 4589 uentris
1331 4538 1405 4589 tui
1430 4535 1579 4608 (an.
1605 4537 1789 4607 1,.42).

226 4618 470 4688 liicatque
493 4623 768 4677 Christum
799 4640 902 4677 non
925 4637 1045 4678 esse
1074 4641 1259 4680 semen
1308 4627 1497 4682 horum
1517 4669 1532 4694 ,
1566 4628 1645 4684 vel
1681 4629 1794 4683 (ἰηι-

229 4719 362 4762 ctum
392 4709 498 4780 57
535 4713 629 4767 sed
665 4713 825 4778 Adae;
873 4714 1129 4782 quoniam
1164 4716 1249 4770 isti
1281 4719 1348 4772 ab
1380 4718 1471 4772 illo
1500 4719 1792 4772 descende-

182 4827 190 4882 ;
228 4811 335 4854 tum
362 4804 474 4860 ηπ.
526 4806 630 4859 Sed
667 4820 839 4874 neque
876 4806 941 4860 de
991 4805 1162 4860 Adam
1191 4817 1273 4863 est
1325 4809 1492 4866 Filius
1535 4810 1792 4883 Virginis,

161 4897 198 4966 ξς,
225 4899 506 4953 secundum
550 4899 691 4954 hunc
738 4917 954 4956 sensum
985 4919 998 4968 ;
1033 4902 1127 4957 sed
1158 4903 1223 4958 de
1257 4903 1419 4969 limo,
1449 4903 1514 4958 de
1564 4920 1672 4974 quo
1715 4903 1794 4957 Γει-

1893 3267 1981 3310 tur
2010 3255 2304 3324 proccdcre
2337 3253 2401 3307 de
2430 3253 2576 3306 fonte
2599 3267 2759 3322 quam
2786 3251 2938 3305 lacus
2960 3248 3026 3304 dc
3051 3249 3166 3304 rivo
3192 3265 3207 3302 :
3251 3261 3316 3302 ne
3343 3261 3479 3301 con.

1892 3347 2049 3402 cedat
2088 3345 2350 3417 Spiritum
2381 3342 2742 3399 sanctum‘m
2769 3341 3065 3411 procedere
3101 3339 3170 3394 de
3213 3337 3370 3400 Filio,
3412 3339 3482 3393 de

1893 3454 2002 3509 quo
2051 3437 2211 3493 habet
2246 3452 2387 3500 esse,
2416 3435 2558 3490 sicut
2596 3434 2746 3490 lacus
2771 3435 2838 3489 de
2871 3434 3007 3500 rivo,
3055 3447 3154 3488 nos
3181 3447 3286 3488 non
3315 3446 3482 3503 nega-

1893 3548 2015 3586 mus
2061 3541 2375 3586 nascentem
2412 3528 2594 3598 aliquo
2631 3527 2790 3582 modo
2819 3526 3114 3598 procedere
3153 3526 3230 3602 de,
3262 3525 3375 3589 illo,
3407 3523 3481 3579 do

1895 3638 2003 3693 quo
2055 3621 2331 3687 nascitur;
2385 3629 2440 3674 et
2474 3617 2738 3690 Spiritum
2777 3629 3023 3673 sanctmn
3055 3616 3350 3672 asserimus
3380 3629 3483 3670 suo

1895 3715 2076 3778 modo,
2103 3731 2208 3769 non
2233 3714 2386 3785 quasi
2414 3713 2480 3768 de
2507 3713 2722 3768 duobus
2744 3710 3002 3776 fontibus,
3035 3709 3129 3765 sed
3154 3723 3280 3764 vere
3293 3708 3359 3762 de
3372 3721 3484 3761 uno

1896 3811 2044 3864 l'ontc
2069 3806 2394 3878 procedere;
2427 3805 2496 3860 ita
2533 3813 2708 3859 tamen
2741 3811 2800 3857 ut
2830 3816 3028 3857 nomen
3059 3791 3356 3854 nativitatis
3378 3813 3483 3853 nec

1896 3898 2170 3969 processio
2192 3881 2311 3952 Filii
2342 3895 2578 3961 amittat,
2623 3909 2723 3950 nec
2747 3892 2982 3962 Spiritus
3003 3891 3174 3946 sancti
3203 3888 3486 3960 processio

1894 3989 2140 4060 recipiat.
2188 3987 2305 4042 Non
2337 3985 2602 4057 estigitur
2625 4000 2724 4039 cur
2749 3983 2922 4054 magis
2958 3983 3061 4038 dici
3085 3981 3282 4037 debeat
3309 3977 3485 4033 Filius

1896 4080 2187 4152 p:ocedere
2213 4078 2279 4134 de
2304 4079 2463 4133 Patre
2509 4091 2672 4148 quam
2701 4074 2935 4146 Spiritus
2965 4082 3186 4128 sanctus
3223 4071 3291 4127 de
3319 4068 3492 4126 Filio.

2259 4170 2488 4228 CAPUT
2528 4169 2666 4225 xvn
2710 4168 2807 4242 [al.
2847 4165 3010 4240 xvm
3043 4166 3158 4221 (σει.

1899 4269 2052 4334 Quod
2077 4269 2210 4322 sicut
2233 4265 2379 4319 lacus
2405 4275 2480 4319 est
2508 4265 2573 4316 de
2604 4264 2710 4316 rivo
2731 4273 2778 4334 et
2809 4261 2975 4332 fonte,
2997 4259 3326 4334 itaSpiritus
3355 4273 3485 4313 um-

2217 4347 2328 4391 ctu:
2358 4335 2606 4406 procedat
2633 4334 2696 4388 de
2722 4330 2884 4387 Patre
2915 4342 2961 4386 et
2995 4330 3158 4385 Filio.

1973 4432 2292 4504 Diligentius
2343 4428 2751 4485 consideremus
2795 4426 3077 4499 quomodo
3107 4424 3258 4480 lacus
3304 4423 3378 4480 sit
3415 4422 3484 4478 de

1826 4494 1870 4548 Β
1897 4494 2308 4595 [υιιιείῃηι-ἰιριο
2327 4531 2384 4578 et
2418 4523 2484 4578 de
2513 4521 2630 4576 rivo
2664 4540 2676 4576 :
2703 4530 2760 4576 ut
2786 4494 2882 4590 per
2908 4521 3031 4582 hoc,
3055 4517 3192 4573 sicut
3222 4531 3318 4587 per
3348 4524 3487 4570 tem-

1899 4623 2080 4695 porale
2110 4630 2163 4676 et
2215 4616 2386 4675 locale
2416 4615 2623 4687 aliquid
2667 4623 2851 4686 potest.
2879 4610 3106 4680 intelligi
3134 4609 3280 4680 quod
3318 4618 3482 4663 teter-

1897 4732 2026 4768 nnm
2078 4721 2182 4776 est,
2216 4723 2610 4782 cognoscamus
2664 4705 2928 4776 Spiritum
2975 4711 3224 4759 sanetum
3264 4713 3386 4756 esse
3414 4697 3483 4751 de

1895 4809 2058 4863 Patre
2093 4815 2148 4861 et
2174 4803 2330 4860 Filio.
2359 4801 2520 4856 Multa
2549 4800 2694 4855 enim
2718 4800 2770 4853 in
2803 4799 2993 4854 horum
3023 4793 3482 4854 consideratione,

1898 4901 2039 4955 sicut
2071 4898 2125 4953 in
2165 4878 2396 4968 cpistola
2429 4891 2496 4948 ad
2526 4889 2854 4948 venerabilis
2884 4885 3156 4944 memoria:
3205 4882 3482 4940 Urbanum

1532 4997 1614 5050 VA
1626 4995 1762 5050 (ιω
1803 4989 2211 5049 LEC'I'IONES.

289 5088 376 5117 ⁸⁵⁷⁸
411 5087 619 5152 Dicent,
648 5089 757 5144 Cur
803 5105 905 5142 non
937 5089 1186 5144 similiter
1244 5100 1342 5145 etc.
1402 5089 1466 5143 In
1521 5107 1616 5143 ms.
1673 5087 1831 5143 Corb.
1893 5087 1978 5140 hic
2034 5084 2192 5138 ntodo
2253 5083 2451 5156 incipit
2503 5080 2673 5148 Caput
2718 5072 3484 5156 _QlinL_continuqltatur

224 5153 382 5225 Caput
434 5144 732 5229 pra'cedens
809 5159 900 5190 ⁸⁸³⁷⁸
927 5159 1032 5214 Per
1079 5144 1300 5214 verbum
1363 5159 1497 5214 facta
1548 5159 1689 5229 quod
1745 5166 1828 5212 est
1857 5174 1982 5210 mss.
2006 5157 2167 5229 facta
2202 5169 2300 5224 per
2339 5144 2935 5229 verbunr'quotl-""‘
2986 5145 3051 5200 Ει
3109 5161 3241 5229 ειεξιτ,
3285 5144 3486 5229 dicitur

228 5213 394 5300 tamen
434 5213 632 5283 'l‘acere
684 5213 785 5285 nisi
844 5246 940 5300 per
986 5213 1210 5285 verbum
1437 5241 1493 5300 et
1541 5213 1719 5283 tamen
1755 5227 2180 5300 dicitmgl‘acere
2205 5213 2308 5295 per
2347 5223 2574 5300 verbum
2594 5285 2620 5300 __
2640 5213 2753 5252 ’³⁸⁷⁸
2787 5217 2901 5273 Non
2929 5215 3280 5300 procedatde
3303 5213 3482 5300 Patre,

229 5299 321 5369 nisi
357 5299 421 5354 de
446 5299 548 5354 hoc
578 5302 722 5369 quod
756 5286 896 5355 idein
924 5309 1007 5354 est
1043 5317 1168 5354 nisa.
1195 5312 1242 5354 et
1275 5297 1420 5354 Edit.
1454 5299 1608 5354 Galli.
1641 5316 1744 5352 non
1791 5297 2049 5367 procedat
2079 5311 2108 5348 a
2142 5286 2325 5369 Pa'tre,
2358 5293 2461 5347 nisi
2493 5293 2560 5346 de
2594 5286 2696 5346 l'toc
2723 5300 2786 5369 ft
2808 5304 2916 5369 per“
2929 5286 3030 5369 [199
3055 5287 3208 5369 quod
3230 5286 3483 5366 ίάβωθει

229 5368 312 5398 ⁸⁷⁸
335 5368 678 5439 Quaecunque
710 5372 867 5426 Pater
916 5387 1042 5423 mss.

1092 5370 1438 5441 Quicunque
1498 5371 1640 5441 enim
1675 5355 1832 5441 Pamr
1863 5370 1954 5441 9‘"
1989 5369 2170 5433 Quare
2195 5366 2274 5441 sic
2308 5355 2414 5441 non
2445 5371 2687 5441 estquae.
2725 5355 2939 5441 Vict._9.
2973 5355 3127 5441 Earl).

3166 5356 3346 5424 Quare
3374 5363 3484 5409 non

227 5441 295 5490 sic
324 5424 406 5495 est
431 5441 523 5473 ³⁸⁷⁸
557 5424 759 5496 ι’ςιουίιι
783 5424 904 5495 esse
933 5442 1048 5496 rivo
1074 5424 1196 5494 nias.
1245 5424 1374 5495 Vict'.
1398 5439 1553 5495 Corlr.
1588 5440 1647 5493 S.
1681 5439 1840 5493 Mich.
1871 5424 2045 5493 lacum
2071 5451 2192 5490 esse
2221 5435 2290 5487 de
2322 5437 2436 5487 rivo
2516 5432 2606 5463 ⁸⁸⁷³
2636 5430 3038 5486 Descenderam
3061 5446 3187 5483 (ηδε.
3220 5426 3280 5482 S.
3313 5424 3480 5480 Mich-

228 5511 406 5566 (ἔπιεν.
437 5511 526 5566 illo
561 5513 900 5566 descendunt
934 5495 941 5496 ί
977 5511 1066 5542 ¹⁶⁸⁰
1097 5512 1163 5564 At
1191 5500 1426 5565 infer'cnt
1451 5521 1548 5565 etc.
1595 5509 1657 5562 In
1690 5526 1786 5562 ms.
1821 5509 1982 5565 Corb.
2027 5509 2112 5561 hic
2155 5506 2310 5559 modo
2347 5503 2526 5570 incipit
2557 5501 2724 5570 Caput
2761 5501 2844 5554 l6.
2889 5499 3032 5554 Olim
3073 5495 3492 5570 continuabath

228 5563 404 5644 Caput
427 5563 759 5648 bim-alieni"
790 5563 888 5613 “‘3'”
933 5580 1004 5635 De
1037 5581 1192 5646 Filio,
1238 5563 1650 5635 nosﬁnevanms
1678 5597 1800 5633 mas.
1833 5563 1897 5633 ile
1934 5579 2090 5636 Filio.
2124 5587 2177 5629 et
2211 5592 2308 5628 uos
2350 5563 2644 5644 negamus'
2688 5571 2778 5603 ‘m
2809 5570 3063 5626 Diversus
3094 5574 3165 5624 sit
3203 5585 3231 5622 a
3261 5583 3384 5621 mss.
3420 5563 3481 5621 S.

230 5650 383 5702 υἱώ.
416 5652 571 5702 Corb.
605 5654 806 5702 divisus
851 5662 933 5702 est
977 5671 982 5676 ·
1012 5651 1102 5682 ¹ίι⁸³
1134 5651 1249 5702 Non
1281 5619 1542 5702 concedat
1574 5650 1834 5702 Sniritnm
1875 5667 1998 5702 mss.
2035 5665 2100 5701 ne
2139 5645 2402 5698 concedat
2448 5642 2705 5702 Spiritum
2759 5659 2856 5695 ms.
2907 5640 3060 5696 Corb.
3094 5657 3191 5696 nec
3221 5637 3481 5694 concedat

230 5650 383 5704 .Uirh.
416 5652 571 5706 Corb.
605 5654 806 5706 divisus
851 5662 933 5705 est
977 5671 982 5676 ·
1012 5651 1102 5682 ¹⁶⁸³
1134 5651 1249 5705 Non
1281 5666 1466 5705 (anteet

1487 5637 1542 5703 at.
1574 5650 1834 5718 Spiritum
1875 5667 1998 5702 mss.
2035 5665 2100 5701 ne
2139 5645 2402 5698 concedat
2423 5637 2705 5718 'Spiritnm
2759 5659 2856 5718 me:
2907 5640 3060 5696 Corb.
3094 5657 3191 5696 nec
3221 5637 3496 5695 concedat

227 5722 479 5788 Spiritum
516 5723 605 5754 “""
640 5723 770 5778 Car.
813 5724 890 5777 lli.
936 5722 1026 5775 list
1071 5722 1121 5776 in
1167 5739 1260 5783 ius.
1298 5721 1450 5776 Corb.
1485 5711 1650 5791 Caput
1696 5720 1776 5773 l7.
1815 5719 1935 5773 oliui
1981 5721 2030 5772 in
2075 5718 2256 5771 eodem
2298 5732 2394 5768 ms.
2440 5723 2547 5768 erat
2587 5713 2752 5785 Caput
2791 5711 2854 5767 M
