4050 6294
562 318 666 382 3H

1065 317 1128 373 S.
1173 315 1468 374 ANSELMI
1498 310 1827 370 CANTUAII
1888 309 2210 368 MICHIEP.
2249 308 2400 366 OPP.
2445 305 2621 362 PARS
2662 305 2701 360 I.
2741 336 2751 344 ’
2846 303 3266 362 DOGMATICA.

583 447 762 505 sapam
785 426 971 487 dem'
1010 426 1382 484 incarnatione
1411 424 1570 481 Verbi
1606 425 1822 496 scripsi,
1858 424 2142 480 inveniun—
2169 421 2217 478 Α
2244 417 2478 489 Spiritus
2499 427 2720 474 sanctus
2754 417 3078 488 principium
3113 415 3230 472 sive
3273 425 3504 474 creator.
3549 416 3612 474 Si
3657 419 3828 490 igitur
3871 439 3874 442 ’

571 543 660 582 δικ
685 539 806 596 qua:
853 521 948 578 uni
991 521 1100 578 Deo
1127 529 1182 575 et
1219 521 1395 575 tribus
1418 520 1668 590 personis
1720 533 1815 590 per
1850 516 2138 590 quamdam

570 613 983 678 similitudinem
1046 620 1320 680 aptantur.
1408 609 1636 666 Constat
1703 611 1864 679 quia!
1898 624 2009 662 una
2051 607 2141 641 ⁸⁸⁸⁸

569 707 866 774 eidemque
895 719 1032 772 aqua
1060 713 1165 768 est,
1188 718 1308 773 qua:
1339 711 1396 758 et
1425 703 1564 767 l'ons,
1603 711 1659 756 et
1692 702 1856 765 rivus,
1897 711 1953 756 et
1994 701 2144 756 lacus

569 797 789 858 dicitur,
813 810 916 848 non
941 804 1049 849 tres
1084 810 1260 865 aqua},
1282 793 1658 864 quamvistres
1676 793 1806 856 sint,
1829 793 1970 858 fons,
1995 793 2144 847 rivus

568 899 623 940 et
654 888 820 942 lacus.
856 887 1234 942 Diseernamus
1261 887 1442 957 itaque
1468 887 1606 941 inter
1630 885 1856 952 fontem,
1886 888 2063 941 rivum
2085 894 2146 940 et

568 976 777 1041 lacum;
809 985 864 1032 et
900 977 1178 1032 videamus
1209 978 1334 1048 quid
1358 977 1564 1047 singula
1593 976 1684 1009 ¹⁴³⁸⁷
1713 978 1848 1042 haec,
1877 993 2000 1032 cum
2040 976 2140 1031 tria

568 1071 700 1136 sint,
738 1071 792 1125 in
850 1087 955 1126 una
1003 1070 1370 1141 intelligantur
1406 1087 1567 1141 aqua.
1618 1072 1672 1126 In
1726 1071 1878 1127 fonte
1921 1072 2142 1141 quidem

570 1179 710 1231 aqua
756 1164 822 1218 de
857 1165 1056 1233 abysso
1083 1162 1378 1217 ascendens
1407 1162 1629 1228 ebullit;
1657 1162 1706 1216 iu
1737 1163 1854 1217 rivo
1888 1163 1958 1217 de
1996 1162 2151 1216 fonte

568 1254 904 1310 descendens
952 1254 1104 1319 ﬁuit;
1148 1256 1201 1309 in
1234 1254 1350 1310 lacu
1406 1255 1676 1326 colligitur
1702 1256 1792 1286 “"°
1841 1263 1896 1310 et
1938 1263 2142 1310 manet.

568 1341 674 1398 Per
700 1343 904 1399 fontem
951 1359 1079 1415 ergo
1122 1344 1438 1416 intelligitur
1468 1361 1603 1415 aqua
1657 1347 1722 1400 de
1767 1347 1962 1416 abysso
1994 1346 2144 1400 ebul-

569 1436 738 1502 ITens;
768 1452 863 1507 per
893 1437 1083 1498 rivum,
1117 1437 1241 1507 quia
1273 1437 1338 1492 de
1365 1437 1510 1492 I'unle
1544 1437 1690 1502 ﬂuit;
1723 1455 1815 1509 per
1838 1437 2141 1499 lacumm”,

571 1527 698 1597 quia
728 1526 888 1582 simul
921 1528 991 1582 ibi
1029 1529 1381 1583 coadunatur.
1413 1526 1674 1581 Videmus
1699 1537 1878 1582 autem
1909 1527 2034 1597 quia
2069 1527 2144 1581 ri-

570 1632 670 1671 vus
699 1631 802 1671 non
839 1625 922 1671 est
954 1617 1020 1672 tle
1059 1618 1162 1671 hoc
1207 1617 1348 1672 unde
1373 1632 1512 1687 aqua
1545 1616 1666 1672 forts
1691 1617 1916 1681 dicitur;
1949 1617 2042 1672 sed
2079 1616 2146 1672 de

569 1709 674 1762 hoc
701 1710 841 1778 quod
892 1717 996 1772 est,
1025 1709 1078 1764 id
1105 1717 1188 1763 est
1233 1709 1300 1764 de
1320 1723 1489 1779 aqua;
1522 1725 1622 1764 nec
1656 1708 1806 1764 lacus
1833 1717 1918 1764 cst
1948 1708 2014 1763 de
2042 1707 2145 1763 hoc

2244 512 2492 581 quamvis
2538 510 2699 564 Pater
2735 510 2804 563 sit
2839 509 3179 580 principium,
3210 519 3265 564 et
3310 509 3476 565 Filius
3523 509 3593 566 sit
3621 512 3822 582 princi-

2244 605 2410 674 pium.
2442 613 2497 658 et
2528 603 2761 672 Spiritus
2787 611 3012 657 sanctus
3039 603 3122 656 sit-
3140 601 3495 672 principium,-
3517 617 3624 657 non
3642 613 3820 658 tamen

2243 703 2371 750 sunt
2413 695 2513 750 tria
2563 695 2851 766 principia,
2905 695 3000 748 sed
3045 711 3210 750 unum
3243 712 3258 749 r:
3295 695 3390 758 ita,
3429 707 3551 752 cum
3588 695 3827 766 Spiritus

2245 796 2464 842 sanctus
2494 787 2692 842 dicitur
2733 803 2859 843 esse
2879 789 2946 842 de
2974 786 3132 842 Patre
3158 797 3211 842 et
3244 787 3310 842 de
3329 787 3488 853 Filio,
3514 797 3620 841 non
3646 797 3733 842 est
3758 787 3827 841 tle

2246 879 2458 933 tluolms
2487 877 2792 948 principiis,
2841 878 2938 932 sed
2990 879 3056 933 de
3098 893 3225 944 uno,
3277 879 3418 944 quod
3459 886 3544 934 est
3572 877 3738 933 Pater
3771 885 3826 932 et

2245 969 2438 1033 Filius,
2480 969 2616 1025 sicut
2645 980 2728 1024 est
2755 971 2820 1026 de
2845 986 2952 1024 uno
2984 969 3092 1024 Deo
3121 968 3210 1039 qui
3243 976 3326 1024 est
3355 968 3516 1025 Pater
3541 978 3595 1024 et
3625 968 3822 1034 Filius;

2246 1063 2288 1117 si
2310 1075 2487 1118 tamen
2519 1062 2614 1095 ¹⁶⁹³
2645 1063 2752 1118 dici
2795 1063 2954 1118 debet
2983 1065 3122 1118 Dens
3152 1064 3352 1117 habere
3381 1063 3707 1132 principium
3735 1071 3828 1117 aut

2248 1170 2495 1211 causam.
2512 1153 2841 1224 Principium
2863 1169 3098 1224 namque
3121 1154 3332 1208 videtur
3355 1154 3566 1208 nonnisi
3594 1154 3670 1208 rei
3697 1153 3832 1208 inci-

2247 1247 2443 1316 pientis
2471 1261 2590 1302 esse
2615 1246 2705 1280 ¹⁶⁹⁶
2734 1256 2789 1301 et
2811 1262 2969 1302 causa
3004 1247 3217 1300 nonnisi
3246 1245 3469 1302 ell‘cctns
3491 1243 3748 1312 alicuius;
3773 1254 3828 1301 et

2248 1341 2482 1410 Spiritus
2512 1347 2729 1396 sanctus
2751 1354 3023 1409 nunquam
3053 1338 3274 1406 iucmpit
3296 1353 3437 1402 esse,
3465 1353 3566 1392 nec
3586 1347 3671 1392 est
3701 1336 3832 1390 cﬂ‘e—

2246 1440 2368 1485 ctus
2406 1429 2635 1499 alicujus
2658 1429 2770 1484 “".
2805 1428 2956 1497 Quod
3009 1428 3153 1482 enim
3205 1428 3393 1498 incipit
3430 1443 3572 1496 esse,
3614 1427 3831 1498 prolicit

2248 1523 2314 1577 dc
2343 1538 2447 1577 non
2477 1537 2595 1578 esse
2619 1521 2687 1575 ad
2714 1535 2832 1578 esse
2859 1539 2872 1574 :
2904 1533 2957 1576 et
2988 1535 3180 1576 nomen
3212 1519 3460 1583 effectus,
3489 1521 3566 1575 rei
3597 1537 3720 1590 qua:
3773 1521 3833 1575 Iit

2247 1615 2420 1685 aptari
2469 1615 2681 1669 videtur
2729 1613 2973 1684 proprie.
2999 1613 3262 1679 Quoniam
3298 1621 3478 1667 tamen
3511 1612 3610 1645 *δ”
3637 1626 3827 1666 rerum

2249 1716 2332 1762 est
2367 1707 2560 1762 Filium
2605 1721 2726 1762 esse
2757 1705 2825 1761 de
2864 1704 3042 1766 Patre,
3088 1714 3143 1758 et
3191 1704 3452 1775 Spiritum
3487 1713 3734 1759 sanetum
3767 1703 3832 1755 de

569 1800 712 1854 unde
734 1815 872 1870 aqua
905 1799 1102 1854 dicitur
1139 1799 1267 1854 fons
1293 1808 1388 1854 aut
1425 1800 1593 1864 rivus,
1626 1800 1717 1854 sed
1746 1800 1812 1854 de
1841 1799 1953 1869 ipsa
1980 1812 2141 1868 aqua,
2178 1786 2221 1846 Β
2252 1798 2410 1852 Patre
2456 1806 2512 1852 et
2552 1796 2705 1859 Filio,
2754 1796 2796 1852 si
2836 1811 2936 1852 suo
2969 1794 3222 1850 ineﬂ’abili
3264 1795 3497 1864 quodam
3554 1795 3718 1848 modo
3739 1793 3832 1826 ¹⁶⁹⁹

570 1906 692 1960 qua:
715 1907 821 1946 una
849 1901 905 1946 et
930 1892 1118 1947 eadem
1141 1901 1224 1947 cst
1258 1892 1310 1947 in
1338 1892 1487 1948 fonte
1512 1901 1566 1947 et
1597 1892 1732 1946 rivo.
1768 1890 1884 1945 Non
1915 1906 2044 1961 ergo
2079 1891 2147 1946 de

569 1981 694 2050 huc,
724 1982 866 2037 unde
893 1982 1144 2044 dill'erunt
1175 1982 1297 2038 fons
1323 1991 1376 2036 et
1407 1983 1582 2047 rivus;
1611 1982 1706 2037 sed
1731 1982 1796 2036 de
1827 1981 1929 2036 hoc
1960 1982 2012 2035 in
2041 1996 2149 2052 quo

573 2091 737 2127 unum
764 2084 909 2136 sunt,
943 2073 1089 2129 lacus
1120 2075 1324 2130 existit.
1353 2072 1408 2128 Si
1433 2088 1562 2141 ergo
1593 2088 1698 2127 non
1729 2072 1899 2148 magis
1931 2072 2050 2127 fons
2067 2081 2152 2127 est

571 2165 675 2218 hoc
704 2164 844 2217 unde
873 2164 1022 2219 lacus
1068 2174 1152 2220 est
1179 2179 1339 2234 quant
1375 2163 1558 2228 rivus,
1593 2162 1778 2232 nequit
1817 2161 2042 2232 intelligi
2074 2162 2152 2216 Ia-

570 2271 666 2311 eus
703 2257 876 2327 magis
904 2270 1024 2311 esse
1072 2257 1139 2312 de
1182 2255 1327 2311 laute
1369 2272 1531 2325 quam
1560 2254 1629 2310 de
1664 2255 1800 2309 rivo.
1843 2254 1934 2309 Sic
1967 2255 2152 2325 itaque

567 2361 692 2402 cum
717 2347 812 2380 ¹⁶⁰⁰
849 2347 1046 2403 dicitur
1070 2347 1209 2404 Deus
1235 2346 1417 2412 Pater,
1452 2355 1546 2401 aut
1571 2346 1759 2411 Filius,
1788 2355 1882 2401 aut
1917 2347 2152 2416 Spiritus

569 2447 822 2504 sanctus;
858 2454 963 2494 una
991 2439 1046 2496 in
1077 2440 1250 2494 tribus
1281 2437 1596 2510 intelligitur
1629 2439 1886 2504 essentia,
1922 2446 1979 2493 et
2009 2453 2151 2493 unus

568 2531 733 2593 Deus.
762 2531 904 2598 quod
952 2547 1146 2588 nomen
1183 2542 1265 2587 est
1301 2532 1472 2600 ipsius
1500 2529 1922 2600 signiﬁcantium
1960 2545 2150 2586 essen-

569 2624 692 2690 tne;
723 2625 818 2680 sed
852 2623 907 2680 in
934 2623 1095 2681 Patre
1125 2625 1440 2696 intelligitur
1475 2629 1728 2699 gignens,
1757 2628 1808 2681 in
1840 2623 1975 2680 Filio
2003 2625 2152 2694 geni-

573 2725 680 2778 tus,
710 2725 763 2772 et
794 2715 846 2771 in
876 2715 1080 2786 Spiritu
1112 2728 1301 2772 sancto
1326 2717 1581 2786 singulari
1606 2718 1840 2788 quodam
1876 2725 1928 2774 et
1960 2715 2149 2772 inetia-

569 2806 664 2860 bili
705 2806 866 2862 modo
916 2806 1234 2876 procedens.
1288 2806 1750 2874 Quemadmodum
1795 2805 1964 2875 igitur
2001 2803 2152 2860 lacus

572 2911 680 2954 non
704 2905 790 2951 est
817 2896 884 2950 de
905 2896 1025 2958 hoc.
1051 2896 1192 2950 unde
1221 2895 1420 2950 diversi
1446 2902 1574 2949 sunt
1593 2894 1662 2950 ab
1691 2893 1922 2948 invicem
1951 2891 2072 2947 l'ons
2097 2901 2152 2947 et

573 2987 750 3052 rivus;
783 2987 876 3044 sed
904 2986 971 3041 de
998 3001 1142 3056 aqua
1169 2986 1222 3040 in
1244 3001 1346 3054 qua
1372 3001 1536 3040 unum
1565 2992 1693 3040 sunt
1718 2985 1844 3046 "’9‘;
1862 2984 1933 3039 ita
1976 2983 2152 3053 Spiri-

575 3088 660 3131 tus
691 3087 915 3132 sanctus
948 3092 1052 3131 non
1079 3086 1161 3130 est
1198 3092 1264 3133 oe
1305 3079 1432 3143 ltoc,
1463 3077 1608 3132 unde
1638 3076 1726 3131 alii
1753 3084 1880 3130 sunt
1915 3075 1984 3130 ab
2014 3074 2150 3129 inri-

573 3167 880 3224 cem'I-‘ater
917 3177 970 3224 et
997 3167 1200 3234 Filius;
1245 3167 1338 3224 sed
1371 3168 1437 3224 de
1463 3168 1640 3223 divina
1670 3165 1930 3232 essentia,
1963 3167 2015 3220 in
2043 3179 2146 3237 qua

573 3275 738 3314 unutn
774 3269 919 3315 sunt.
967 3259 1022 3314 Si
1064 3276 1194 3331 ergo
1227 3276 1334 3316 non
1375 3261 1546 3330 magis
1571 3271 1654 3316 est
1683 3260 1845 3316 Pater
1875 3260 1979 3315 hoc
2009 3259 2152 3314 unde

573 3353 810 3422 Spiritus
836 3363 1055 3408 sanctus
1077 3368 1158 3408 est
1183 3370 1342 3425 quam
1371 3353 1541 3410 Filius
1561 3395 1576 3420 ,
1604 3353 1826 3426 intelligi
1849 3354 2035 3423 nequit
2054 3367 2151 3408 cur

572 3444 746 3514 magis
775 3447 845 3499 sit
879 3445 946 3499 de
973 3445 1132 3500 Patre
1157 3460 1323 3513 quam
1345 3446 1419 3500 de-
1443 3445 1601 3500 FilIOs

902 3535 1129 3590 CAPUT
1169 3535 1330 3591 XVIII
1364 3536 1460 3609 [aL
1495 3536 1658 3609 XVII]
1690 3537 1802 3591 ιη’.

591 3635 756 3692 ~=atsr
778 3633 832 3683 τε
850 3624 1021 3679 Filius
1039 3636 1157 3680 sunt
1185 3643 1346 3681 unum
1373 3627 1684 3696 principium
1711 3626 1938 3697 Spiritus
1962 3627 2152 3680 sancti.

601 3783 606 3788 δ
645 3717 798 3783 Quod
825 3717 868 3772 si
897 3717 1083 3771 dicunt
1109 3733 1222 3772 non
1235 3731 1358 3773 cum
1382 3732 1502 3774 csse
1523 3731 1677 3788 pesse
1703 3717 1767 3772 de
1791 3717 1999 3771 duabus
2022 3731 2150 3771 cau-

576 3809 674 3870 sis,
704 3807 819 3862 sive
863 3823 928 3862 ex
962 3808 1168 3864 duobus
1206 3807 1506 3877 principiis,
1545 3809 1930 3877 respondemus
1965 3804 2128 3873 :’Qu0

575 3898 720 3951 uiam
745 3897 885 3952 sicut
929 3914 1036 3953 non
1065 3899 1332 3954 credimus
1363 3899 1622 3968 Spiritum
1657 3910 1901 3953 sanctum
1934 3914 2054 3953 esse
2084 3897 2150 3952 de

572 3991 672 4044 ltoe
702 3991 843 4046 unde
868 3992 973 4045 duo
999 4003 1125 4046 sunt
1152 3989 1316 4048 Pater
1338 4000 1392 4047 et
1413 3977 1601 4057 Filius,
1614 3992 1706 4048 sed
1736 3992 1808 4046 de
1831 3992 1933 4046 hoc
1959 3990 2012 4044 in
2041 4005 2148 4060 quo

572 4097 735 4135 unum
763 4091 916 4152 sunt,
952 4083 1022 4137 ita
1056 4099 1162 4138 non
1196 4083 1430 4140 dicimus
1454 4085 1560 4139 due
1590 4099 1709 4140 csse
1730 4085 1847 4154 ejus
1873 4083 1965 4114 ¹⁶⁹³
1995 4083 2146 4152 priu-

571 4171 736 4238 cip'a,
778 4172 870 4227 sed
909 4189 1075 4228 unum
1118 4175 1463 4245 principium.
1501 4175 1710 4244 Quippe
1757 4189 1879 4226 cum
1917 4172 2148 4228 dicimus

577 4263 747 4314 Deum
796 4263 1116 4333 principium
1163 4273 1448 4331 creaturae,
1477 4265 1825 4334 intelligimus
1856 4263 1929 4318 Pa
1956 4279 2066 4317 rem
2093 4273 2148 4318 et

573 4347 767 4404 Filium
795 4361 847 4405 et
884 4353 1144 4423 Spiritum
1193 4362 1437 4410 sanetum
1471 4369 1634 4406 unum
1664 4353 2005 4422 principium,
2039 4369 2142 4405 non

2251 1889 2582 1960 intelligitur,
2615 1889 2873 1960 qttoniam
2903 1889 3062 1944 aliter
3083 1888 3310 1959 proferri
3344 1889 3552 1959 nequit,
3581 1887 3692 1942 diei
3719 1903 3830 1943 non

2252 1983 2544 2053 incongrue
2601 1990 2784 2051 potest
2841 1981 3002 2036 Pater
3067 1982 3466 2051 quodammqu
3505 1981 3832 2050 principium

2251 2073 2392 2138 Filii,
2422 2083 2476 2128 et
2512 2073 2668 2126 Pater
2695 2081 2749 2126 et
2790 2071 2958 2127 Filius
3000 2071 3321 2142 principium
3355 2070 3593 2141 Spiritus
3635 2072 3831 2126 saneti.

2252 2163 2362 2220 Nec
2395 2172 2569 2218 tamen
2597 2164 2710 2216 duo
2724 2162 3046 2217 conﬁtemur
3072 2163 3370 2233 principia;
3400 2178 3592 2228 unmn,
3619 2158 3837 2214 Patrem

2253 2255 2319 2310 ad
2344 2254 2536 2310 Filium
2570 2253 2694 2319 ιτοθς
2724 2254 2976 2317 alterum,
3012 2253 3224 2308 Patrem
3260 2263 3316 2309 et
3348 2253 3541 2308 Filium
3567 2253 3632 2306 ad
3665 2252 3841 2322 Spiri-

2256 2355 2366 2400 tum
2387 2355 2652 2402 sanctum.
2691 2346 2840 2401 Sicut
2892 2345 3298 2401 non’crcditnns
3325 2344 3490 2398 alium
3531 2343 3699 2399 Deum
3734 2343 3838 2399 Pa-

2255 2447 2393 2492 trem
2439 2437 2506 2492 de
2557 2452 2664 2506 quo
2701 2447 2785 2491 est
2814 2435 2999 2496 Filius.
3039 2444 3093 2491 et
3133 2436 3296 2490 alium
3330 2437 3498 2490 Deum
3535 2434 3748 2488 Patrem
3779 2443 3837 2489 et

2253 2528 2446 2584 Filium
2469 2528 2536 2582 de
2557 2545 2664 2598 quo
2677 2537 2757 2584 est
2771 2527 3003 2599 Spiritus
3018 2537 3259 2593 sanctus,
3276 2527 3524 2597 quamvis
3556 2527 3624 2582 de
3645 2526 3834 2580 eodem

2239 2619 2385 2688 Deo,
2410 2635 2524 2676 save
2555 2622 2621 2676 de
2649 2622 2835 2676 eodem
2863 2620 3131 2692 principio
3155 2633 3255 2674 suo
3280 2620 3510 2690 quisque
3535 2620 3695 2674 modo
3725 2619 3830 2684 sit,

2255 2715 2392 2770 alter
2431 2714 2637 2769 scilicet
2667 2715 2956 2778 nascendo,
3005 2713 3150 2767 alter
3200 2713 3575 2783 procedendo;
3619 2713 3664 2766 si
3703 2728 3842 2782 quo-

2254 2807 2377 2862 dam
2408 2806 2502 2840 ’τοι
2530 2806 2794 2877 singulari
2832 2815 2888 2860 et
2915 2804 3171 2860 ineﬂ'abili
3204 2805 3363 2861 modo
3390 2805 3486 2838 "9’
3518 2805 3847 2877 intelligitur

2255 2898 2684 2970 istagprocessiu.
2719 2896 3002 2952 Processio
3051 2912 3288 2966 namque
3320 2897 3506 2952 nudtis
3549 2899 3726 2952 modis
3755 2898 3847 2951 di.-

2253 2991 2415 3056 citur,
2445 2991 2512 3046 de
2539 2990 2736 3060 quibus
2769 2990 2871 3044 iste
2891 2989 3167 3044 solitarius
3199 2987 3541 3057 intelligitur,
3567 2989 3711 3043 sicut
3739 3005 3838 3042 na-

2257 3083 2439 3138 tivitas
2482 3081 2602 3136 Filii
2649 3081 2939 3152 singularis
2965 3081 3328 3151 cognoscitur.
3361 3079 3596 3149 Idipsum
3641 3080 3843 3134 intelli-

2255 3175 2397 3244 gitur
2422 3173 2535 3240 ιη’,
2569 3175 2613 3228 si
2645 3173 2873 3227 dicimus
2921 3173 3134 3226 Patrem
3163 3187 3286 3226 esse
3315 3186 3536 3226 causam
3567 3171 3662 3203 ⁸⁷⁸³
3689 3171 3838 3236 Fili;

2251 3277 2305 3322 et
2334 3266 2550 3321 Patrem
2597 3276 2651 3319 ct
2705 3263 2901 3318 Filium
2950 3278 3166 3318 cansmn
3222 3262 3460 3333 Spiritus
3485 3263 3684 3318 sancti.
3716 3263 3843 3319 Non

2251 3361 2395 3421 enim
2424 3359 2559 3414 duas
2593 3360 2879 3428 pessumus
2911 3356 3095 3410 dicere
3129 3371 3321 3411 causas
3342 3395 3358 3422 ,
3389 3355 3552 3409 aliam
3579 3355 3841 3412 videlicet

2251 3452 2392 3516 Filii,
2421 3451 2584 3505 aliam
2616 3449 2849 3521 Spiritus
2876 3449 3072 3516 sancti,
3103 3449 3195 3504 sed
3227 3465 3390 3504 unam
3415 3444 3444 3505 ’;
3475 3451 3837 3520 quemadmo-

2252 3547 2376 3599 dum
2409 3560 2515 3598 non
2547 3543 2654 3596 duo
2693 3541 2764 3596 dii
2798 3551 2943 3605 sunt,
2988 3541 3082 3597 sed
3128 3542 3268 3596 unus
3305 3541 3470 3610 Deus,
3509 3543 3576 3597 de
3603 3555 3716 3613 quo
3744 3551 3841 3597 est

2251 3635 2419 3689 Filius
2443 3642 2496 3689 et
2528 3633 2764 3704 Spiritus
2790 3644 3036 3689 sanctus.

2586 3746 2814 3804 CAPUT
2855 3734 2972 3802 XIX
3013 3747 3109 3820 [aL
3140 3747 3323 3822 XVIII]
3354 3699 3468 3802 ’δὴ

2251 3838 2477 3908 lnfringi
2503 3853 2565 3891 ur
2595 3846 2955 3908 nrqumentum
2989 3839 3200 3892 ductum
3229 3856 3294 3892 ea:
3333 3853 3392 3892 eo
3419 3839 3560 3907 quod
3589 3823 3836 3894 Christus

2319 3909 2625 4031 tifpresscrit
2665 3909 2832 3962 solum
2877 3907 3106 3978 Spiritus
3157 3908 3326 3964 sancti
3371 3911 3753 3979 processionem
3801 3929 3844 3965 ο

2371 3989 2481 4032 utre

2322 4070 2378 4126 Si
2404 4079 2584 4125 autem
2613 4069 2892 4140 qnmritur,
2935 4085 3056 4125 cum
3087 4070 3346 4125 Dominus
3379 4069 3516 4124 dixit
3548 4089 3562 4125 :
3597 4070 3730 4125 Cum
3752 4088 3846 4126 ιιι-

2249 4161 2382 4214 nerit
2416 4157 2734 4222 Paraclitus,
2758 4175 2911 4229 quem
2931 4176 3024 4230 ego
3056 4161 3257 4214 mittam
3286 4160 3424 4213 vobis
3445 4177 3477 4213 a
3505 4159 3691 4225 Patre,
3717 4159 3840 4230 Spi-

2249 4253 2429 4314 ritum,
2457 4249 2686 4320 Spiritus
2728 4251 2978 4311 veritutis,
3004 4252 3092 4320 qui
3134 4268 3166 4302 α
3202 4248 3360 4303 Patre
3387 4251 3621 4318 procedit
3637 4249 3834 4322 (1mm.

2249 4358 2336 4408 xv,
2366 4341 2458 4408 26)
2486 4359 2500 4395 :
2531 4358 2630 4397 cur
2656 4357 2759 4396 non
2805 4341 3029 4408 addidit,
3063 4353 3109 4395 et
3135 4360 3166 4394 α
3199 4340 3360 4408 Filio,
3393 4342 3476 4396 vel
3501 4360 3533 4396 a
3564 4358 3647 4397 me
3679 4343 3727 4397 si
3751 4343 3838 4398 sic

572 4442 671 4496 tria
707 4443 1000 4516 principia;
1030 4446 1172 4500 sicut
1196 4461 1358 4500 unttm
1375 4433 1705 4504 Creatorem,
1733 4459 1835 4497 non
1864 4453 1972 4497 tres
1992 4458 2139 4497 crea-

2252 4435 2416 4489 ruluit
2463 4435 2717 4507 intelligi?
2773 4422 2884 4488 Non
2917 4445 2999 4490 cst
3053 4436 3152 4489 hoc
3190 4435 3506 4489 inusitatum
3555 4436 3609 4489 in
3669 4437 3846 4492 dictis

571 4544 733 4597 tores,
764 4537 1009 4614 quamvis
1051 4547 1160 4592 tres
1196 4537 1326 4600 sint,
1348 4538 1510 4592 Pater
1548 4546 1603 4592 et
1634 4536 1802 4590 Filius
1819 4549 1873 4590 et
1904 4534 2140 4604 Spiritus

568 4635 818 4693 Sanctus;
853 4628 1104 4696 quoniam
1141 4644 1235 4698 per
1287 4629 1388 4682 IIOC
1429 4629 1480 4682 in
1515 4643 1621 4698 quo
1665 4643 1827 4680 unum
1859 4636 2005 4689 sunt,
2034 4641 2137 4680 non

567 4731 662 4782 per
693 4716 792 4772 hoc
835 4719 978 4788 quod
1003 4728 1115 4773 tres
1155 4728 1281 4774 sunt
1303 4718 1391 4751 ‘5“
1422 4729 1504 4772 est
1534 4709 1694 4772 Pater
1731 4727 1821 4771 aut
1855 4718 2021 4772 Filius
2046 4727 2138 4772 aut

2250 4528 2411 4593 illius,
2444 4537 2503 4583 ut
2529 4544 2649 4584 cum
2694 4529 2937 4584 attribuit
2973 4529 3172 4599 aliquid
3194 4530 3303 4601 58
3332 4529 3477 4584 Patri
3507 4531 3664 4600 quasi
3705 4532 3836 4593 soli,

2207 4645 2210 4648 η
2250 4620 2330 4676 rel
2378 4619 2612 4687 sibi,vel
2653 4619 2874 4690 Spiritui
2925 4622 3296 4686 sancto;vclit
3343 4621 3396 4675 in
3439 4621 3489 4674 al
3516 4621 3562 4675 is
3605 4620 3837 4690 intelligi

2246 4711 2390 4783 quod
2423 4711 2476 4766 in
2505 4726 2612 4766 uno
2638 4709 2994 4780 quuitur‘m.
3019 4709 3150 4764 Nam
3185 4725 3306 4765 cum
3329 4711 3464 4766 dicit
3487 4728 3506 4766 :
3531 4710 3730 4766 Beatus
3753 4728 3844 4777 es,

1842 4827 2076 4885 VARle
2120 4823 2518 4883 LI’ZCTIONES.

639 4961 729 4994 ⁸⁸⁸³
746 4961 1018 5017 Urbanum
1037 4963 1102 5015 de
1121 4959 1532 5032 mss.UrItanu~ut
1549 4962 1746 5032 Papam
1774 4963 1838 5032 de
1915 4961 2004 4995 ίῧθδ
2021 4962 2242 5016 Constat
2258 4959 2402 5032 cuitu
2413 4957 2676 5032 qualium]
2706 4972 2829 5032 mss.
2856 4965 3067 5032 constat
3091 4958 3212 5026 quia
3236 4974 3338 5032 una
3364 5030 3372 5032 _
3420 4960 3512 4992 ³⁸⁸⁷
3532 4959 3824 5032 Quomodo

564 5032 770 5103 singula
787 5032 1043 5103 mss.qui_d
1057 5031 1263 5103 singula
1293 5031 1455 5084 “"ln
1474 5024 1645 5103 laeum
1663 5031 1930 5102 colligitur
1953 5048 2072 5085 mss.
2094 5034 2145 5085 in
2167 5024 2571 5103 lacucolligitur
2587 5024 2857 5103 ms.(:'orb.
2889 5024 3175 5103 pgrzlactiut
3199 5030 3472 5103 ῳιιῐείιιιι*
3550 5024 3643 5103 “f”
3671 5030 3824 5103 Fluit

565 5105 617 5156 in
635 5099 810 5155 lacum
838 5099 1396 5172 msleuitpcrlacum
1451 5102 1544 5134 “9°
1575 5099 1842 5172 Si'itaqtie
1869 5118 1991 5158 eum
2019 5118 2144 5172 mss.
2172 5101 2251 5155 sic
2283 5101 2464 5167 itaque
2489 5112 2632 5152 cum.

2709 5095 2895 5169 _l_rt_tn_s.
2915 5094 2972 5151 S.
2999 5097 3277 5169 filicltrtelis
3300 5094 3490 5169 cu'terq
3512 5101 3673 5169 hujus
3702 5101 3838 5155 libri

562 5175 927 5244 desideranti"
998 5170 1094 5244 “_’_‘_
1114 5166 1877 5244 'AAqttaiin‘tmumsuntiuss.
1908 5173 2060 5244 Aqua
2091 5171 2141 5244 in
2169 5185 2293 5244 qua
2314 5166 2481 5223 unum
2510 5175 2636 5244 sunt
2712 5166 2958 5244 “filiae.
2995 5167 3078 5220 I7.
3113 5167 3204 5220 Est
3241 5170 3297 5222 in
3327 5186 3426 5223 ms.
3455 5166 3614 5225 Cat-6.
3644 5169 3836 5241 Caput

563 5244 650 5296 lit.
683 5242 808 5294 olim
833 5239 1002 5308 Caput
1030 5239 1097 5310 15
1171 5235 1263 5274 im
1290 5242 1524 5298 Dicimus
1571 5243 1678 5296 duo
1705 5241 1822 5309 ejus
1845 5235 2236 5310 mss-Dicimus
2251 5239 2368 5310 duo
2402 5251 2530 5310 esse
2550 5235 2666 5302 ejtts
2742 5235 2834 5310 ξω
2867 5236 2919 5288 In
2950 5252 3064 5304 quo
3088 5248 3198 5310 tres
3227 5249 3375 5304 sunt,
3407 5255 3490 5310 est
3514 5257 3642 5294 mss.
3675 5235 3834 5310 quo.)

564 5321 673 5365 tres
703 5319 851 5370 sunt,
876 5306 964 5364 est
1033 5309 1124 5342 ¹⁶⁹⁵
1147 5311 1214 5365 Et
1250 5311 1441 5375 Filius,
1463 5313 1507 5366 si
1536 5321 1710 5367 tamen
1733 5306 1866 5366 mss.
1909 5319 1962 5362 et
2000 5309 2188 5371 Filius,
2218 5309 2357 5362 sicut
2388 5307 2566 5375 estde
2602 5321 2714 5375 uno
2746 5306 2853 5359 Deo
2891 5311 2982 5375 qui
3021 5317 3104 5359 est
3137 5306 3296 5362 Pater
3325 5320 3374 5362 ct
3427 5309 3620 5373 Filius,
3649 5306 3709 5364 si
3741 5320 3825 5365 ta-

562 5397 684 5451 men
710 5449 722 5451 _
763 5378 858 5410 ³⁸³⁸
885 5378 1076 5451 Incipit
1100 5396 1221 5436 esse
1245 5398 1368 5436 mss.
1403 5373 1602 5451 incepit
1637 5396 1758 5436 esse
1834 5382 1923 5415 ¹⁶⁹⁷
1965 5380 2070 5433 Nec
2102 5389 2186 5451 est
2207 5376 2432 5451 adjectus
2457 5373 2850 5451 a_lictt_jtt_s__tnss.
2879 5373 3036 5451 _Vict.
3069 5387 3115 5430 et
3159 5377 3549 5451 Quartana“.
3583 5381 3832 5451 alicujus

565 5450 654 5482 "9°
694 5449 972 5515 Quomodo
1015 5460 1192 5504 tamen
1243 5468 1371 5505 mss.
1413 5449 1678 5517 Qaruiam
1735 5461 1910 5504 tamen
1993 5451 2082 5481 νη

2135 5447 2375 5515 Quodam
2402 5444 2738 5515 etinclfabili
2772 5445 2930 5515 modo
2977 5463 3099 5499 mss.
3165 5446 3298 5501 Vict.
3331 5448 3488 5504 (ἐστιν.
3549 5444 3820 5506 ἰηεῆὶὧξιὶ

559 5513 792 5590 qundam
822 5520 980 5572 modo
1057 5522 1148 5557 ιτοο
1183 5513 1470 5590 Principia,
1508 5537 1670 5575 unum
1704 5521 1917 5574 Patrem
1947 5518 2013 5583 ad
2051 5513 2244 5590 Filium
2289 5533 2415 5569 mss.
2456 5513 2678 5590 _Vict_:_9.
2710 5524 2756 5568 ct
2799 5514 2880 5568 l5.
2907 5516 3187 5590 principio,
3220 5519 3330 5590 sed
3374 5535 3564 5582 unum,
3595 5520 3827 5576 Patrem

560 5584 840 5661 cluliilittm
916 5590 1004 5621 ¹⁷⁰¹
1073 5591 1176 5646 Sed
1219 5584 1451 5661 quodam
1501 5608 1604 5643 mss
1633 5593 1701 5661 isi
1735 5591 2004 5661 qu_ot:_m.__
2047 5589 2137 5661 tm

2252 5601 2404 5655 psum
2456 5584 2771 5652 intelligitur
2809 5584 3113 5661 mamliorb.
3179 5589 3408 5661 i_.i_ipsu_tn
3461 5589 3834 5659 intelligimus

564 5659 653 5690 1.70.1
682 5658 915 5713 Dicimus
944 5676 1062 5713 esse
1114 5655 1328 5716 causam
1379 5678 1503 5713 mss.
1534 5672 1578 5712 et
1620 5655 1928 5712 I‘Irtittlortt.
1957 5659 2188 5710 dicimus
2218 5667 2428 5725 patrem
2458 5669 2824 5725 essecauswtt
2905 5655 2998 5686 ¹⁷⁰³
3020 5655 3149 5710 Csr.
3194 5659 3272 5712 l8.
3313 5658 3403 5712 Est
3431 5661 3486 5714 in
3516 5677 3617 5716 ms.
3643 5655 3828 5714 Corb.

560 5729 726 5788 {imm
757 5731 840 5785 l9.
879 5732 1000 5784 olim
1035 5732 1202 5789 (Luam
1245 5732 1305 5785 l6
1384 5732 1472 5762 ¹⁷⁰³
1503 5731 1652 5796 Quod
1709 5731 1772 5783 de
1808 5744 1912 5784 uno
1952 5729 2187 5792 luptitur
2220 5722 2347 5780 mss.
2399 5725 2539 5784 quod
2578 5724 2629 5779 in
2661 5739 2769 5777 uno
2813 5722 3056 5793 loquitur
