4050 6294
267 351 372 408 Si?)

1245 303 1252 310 ’
1302 322 1404 396 οε
1426 302 1902 394 Ριιογεεεειοθιε
1933 337 1991 391 s.
2025 296 2360 392 senatus.

3395 337 3514 393 ιδιι

270 464 454 520 Simon
503 458 770 529 Ba:jona-,
812 455 936 528 quia
976 471 1099 510 caro
1137 463 1186 510 et
1205 455 1420 526 sanguis
1463 470 1567 508 non
1607 450 1842 508 reuelauit
1871 442 1918 515 Α
1950 450 2050 514 hoc
2084 451 2229 505 enim
2274 458 2358 506 est
2399 434 2632 520 Spiritus
2674 458 2914 515 sanctus,
2947 446 3090 519 quod
3135 455 3218 502 est
3256 447 3446 503 Filius'
3471 451 3540 503 et

269 555 381 611 ti':i.
407 552 498 606 sed
538 547 700 604 Pater
721 565 864 603 metu
891 549 979 619 qtti
1003 547 1219 606 incmlis
1243 557 1314 602 est
1332 545 1547 616 (Matth.
1587 561 1696 604 XVI.
1736 545 1844 614 17).

271 643 460 698 Neone
515 642 629 712 ipsc
671 639 837 694 Filius
880 649 936 694 et
954 639 1193 708 Spiritus
1218 646 1438 692 sanctus
1473 636 1850 706 intelligendus

269 743 351 789 est
398 731 666 787 revelasse
703 723 823 785 cum
856 727 1342 795 Patrc?Quoniam
1372 729 1515 791 enim
1547 726 1709 780 Pater
1743 741 1847 779 non

271 823 475 878 revelat
519 836 617 891 per
645 822 770 886 hoc,
819 821 946 889 quia
981 819 1140 874 Pater
1177 828 1262 872 εει
1290 814 1414 883 Vm;
1461 815 1555 870 sed
1594 830 1691 886 per
1724 815 1848 882 ltoc,

269 915 411 984 quod
443 913 584 967 Deus
608 919 712 977 est,
738 920 791 964 ct
813 909 953 964 idem
989 908 1131 962 Deus
1163 918 1244 961 est
1273 906 1440 961 Filius
1464 905 1555 938 ¹⁷⁰⁷
1591 913 1645 968 ει
1683 905 1852 974 Spiri-

273 1014 357 1057 tus
386 1010 643 1065 sanctus;
673 998 919 1068 sequitur
943 1006 1022 1066 ut,
1049 997 1192 1067 quod
1225 995 1426 1051 revelat
1448 995 1628 1063 Pater,
1648 993 1852 1050 revelet

271 1093 458 1157 Filius,
491 1102 544 1147 et
589 1091 823 1160 Spiritus
852 1097 1094 1144 sanctus.
1131 1085 1262 1142 Item
1298 1102 1420 1141 cum
1469 1086 1639 1140 dicit:
1683 1083 1851 1139 Nemo

271 1187 408 1239 novit
442 1181 665 1248 Filium,
701 1183 801 1238 nisi
853 1180 1048 1247 Pater;
1085 1196 1247 1252 neque
1282 1177 1494 1233 Patrem
1534 1179 1650 1251 quis
1692 1180 1850 1244 novit,

273 1273 372 1326 nisi
413 1269 608 1337 Filius,
652 1281 702 1338 et,
745 1271 831 1324 cui
884 1269 1103 1324 voluerit
1144 1266 1318 1323 Filius
1369 1267 1596 1323 revelare
1635 1268 1848 1336 (Matth.

272 1379 345 1429 xv,
385 1360 500 1433 27),
530 1361 684 1432 quasi
733 1359 881 1416 solus
927 1357 1098 1414 Filius
1127 1351 1528 1430 cognoScatm'
1569 1368 1624 1413 et
1656 1357 1857 1414 revelet'

271 1453 509 1519 Patrem,
543 1462 594 1507 et
623 1466 709 1518 se;
741 1461 797 1506 et
823 1451 970 1506 solus
995 1450 1158 1507 Pater
1189 1448 1282 1485 ¹⁷⁰⁹
1307 1458 1600 1519 cognoscat
1622 1448 1850 1504 Filium:

273 1541 678 1614 intelligendum
701 1553 783 1596 est
809 1542 878 1596 ibi
911 1540 1152 1596 revelare
1181 1553 1234 1596 ει
1262 1556 1440 1608 ηοεεε,
1471 1541 1642 1596 tribus
1667 1555 1857 1612 perso-

274 1636 356 1686 nis
393 1647 516 1686 esse
538 1617 858 1698 commune;
889 1631 1146 1702 quoniam
1175 1645 1282 1686 non
1311 1644 1409 1700 per
1438 1630 1558 1698 hoc,
1590 1629 1732 1700 quod
1766 1629 1855 1683 alii

274 1729 396 1775 sunt
427 1721 498 1773 ait
521 1719 778 1782 invicem:
816 1727 907 1775 sed
939 1733 1035 1789 per
1070 1721 1198 1786 hoc,
1228 1719 1370 1790 quod
1411 1736 1575 1774 unum
1601 1730 1727 1775 sunt
1754 1719 1858 1774 Pa-

1949 541 2090 613 quod
2113 550 2196 597 est
2217 539 2380 595 Pater

2323 629 2550 686 CAPUT
2591 627 2686 686 xx
2730 618 2826 702 [αι.
2856 627 2999 699 XIX]
3026 629 3137 682 ιτη.

2022 777 2025 780 ,
2119 718 2372 792 Ejusdem
2403 721 2695 788 argtttuenti
2723 718 3054 788 conﬁrmatio
3088 717 3365 786 refutatur.

2021 810 2128 867 Sed
2151 811 2292 867 dicet
2317 811 2514 881 aliquis
2545 829 2558 865 :
2601 810 2725 865 Ideo
2749 807 3104 880 intelligimus
3131 807 3326 862 Filium
3352 817 3402 861 et
3417 806 3535 876 Spi-

1950 903 2112 958 ritum
2157 913 2401 964 sanctum
2432 884 2690 967 revelare,
2725 903 2867 971 quod
2906 901 3053 955 solus
3092 899 3254 953 Pater
3292 899 3534 954 revelare

1953 993 2178 1061 dicitur;
2213 1004 2268 1049 et
2313 995 2524 1048 Patrem
2556 1001 2610 1047 et
2643 993 2902 1062 Spiritum
2933 1001 3176 1046 sanctum
3206 989 3450 1044 revelare
3479 997 3538 1041 et

1952 1101 2134 1152 nosse,
2175 1087 2316 1154 quod
2360 1083 2506 1140 solus
2536 1083 2706 1138 Filius
2746 1083 2925 1138 facere
2955 1083 3182 1148 dicitur;
3221 1092 3272 1138 et
3318 1080 3548 1134 Patrem

1953 1186 2007 1231 et
2027 1175 2220 1232 Filium
2247 1177 2463 1240 docere,
2487 1174 2628 1250 quod
2662 1173 2808 1228 solus
2835 1172 3056 1241 spiritus
3080 1179 3300 1225 sanctus
3323 1159 3538 1224 doctum

1954 1269 2033 1322 ire
2069 1267 2422 1338 promittitur,
2459 1266 2583 1336 quia
2633 1264 2778 1334 quod
2823 1265 2888 1316 de
2928 1276 3034 1315 uno
3062 1261 3175 1314 solo
3208 1261 3259 1313 in
3289 1275 3395 1312 uno
3424 1258 3546 1311 loco

1958 1357 2176 1429 legitur.
2220 1359 2285 1415 de
2317 1359 2436 1412 aliis
2465 1347 2596 1410 alibi
2640 1346 2828 1424 aperte.
2878 1351 3216 1420 signiﬁcatur
3256 1348 3368 1401 ιω.
3405 1345 3538 1401 Cum

1955 1463 2085 1502 vero
2136 1447 2263 1502 dicit
2299 1445 2558 1516 Spiritum
2601 1439 2847 1497 sanctum
2901 1442 2968 1494 de
3013 1440 3170 1493 Patre
3225 1439 3544 1507 procedere,

1959 1554 2062 1593 non
2096 1538 2323 1608 legimus
2371 1534 2564 1591 alicubi
2609 1531 2730 1588 eum
2784 1533 2850 1586 de
2897 1526 3034 1585 Filio
3073 1530 3385 1600 procedere.
3445 1527 3550 1580 Per

1957 1631 2099 1702 quod
2125 1645 2404 1684 monentur
2427 1627 2516 1658 '7“
2550 1641 2654 1681 non
2682 1633 2867 1678 nostro
2894 1636 3076 1684 sensu,
3102 1622 3243 1690 quod
3277 1633 3542 1686 nusquam
3615 1679 3621 1684 _

1960 1723 2160 1775 dictum
2201 1729 2301 1782 est,
2360 1733 2626 1774 asserere.
2679 1716 2757 1770 Ad
2796 1714 2938 1781 quod
2983 1712 3375 1782 respondemus
3415 1709 3542 1778 quia

275 1820 358 1866 ter
387 1820 443 1867 et
472 1812 642 1866 Filius
690 1821 743 1865 et
784 1810 1022 1881 Spiritus
1063 1819 1281 1864 sanctus
1305 1810 1420 1876 ‘7",
1449 1818 1782 1880 cognoscunt
1802 1817 1862 1863 et
1893 1818 1934 1872 Β
1963 1813 2139 1882 potius
2165 1812 2422 1876 docemur
2445 1825 2542 1880 per
2563 1809 2677 1863 lucc
2703 1822 2822 1875 qua:
2858 1804 2943 1858 sic
2965 1803 3105 1857 dicta
3139 1813 3284 1862 sunt,
3315 1816 3399 1863 ea,
3428 1814 3550 1868 qum

275 1902 539 1956 revelant.
571 1901 703 1954 Cum
733 1901 897 1956 etiam
929 1899 1060 1954 dicit
1084 1898 1172 1930 ‘7“
1205 1898 1419 1954 Patrem
1448 1912 1606 1954 nosse
1640 1897 1857 1962 Filium,

274 2007 327 2048 et
347 1992 542 2048 Filium
586 2007 746 2048 nosse
773 1991 1015 2057 Patrem,
1057 2000 1113 2047 et
1159 1991 1401 2046 revelare
1439 2005 1498 2046 se
1537 1999 1593 2045 et
1621 1989 1857 2052 Patrem,

275 2099 458 2158 aperte
494 2087 606 2142 vult
655 2085 878 2156 intelligi
920 2086 1045 2155 quia
1094 2084 1255 2139 Pater
1285 2084 1561 2155 cognoscit
1596 2081 1858 2151 Spiritum

276 2187 545 2248 sanctum,
579 2186 632 2231 ct
661 2176 830 2230 Filius
878 2176 1053 2232 noscit
1087 2183 1138 2230 et
1185 2175 1390 2231 revelat
1435 2173 1695 2244 Spiritum
1739 2187 1864 2226 san-

274 2286 303 2324 c
330 2286 451 2334 ttat;
487 2270 741 2341 quoniam
783 2268 1016 2337 idipsum
1054 2267 1196 2338 quod
1245 2277 1331 2321 est
1371 2263 1530 2321 Pater
1567 2274 1622 2320 et
1670 2263 1860 2330 Filius,

275 2377 304 2412 ο
342 2372 360 2414 ι
388 2363 556 2415 etiam
595 2361 831 2430 Spiritus
860 2360 950 2389 ¹⁷¹²
987 2369 1230 2414 sanctus.
1257 2358 1522 2413 Similiter
1551 2372 1674 2412 cum
1700 2355 1860 2409 dicit:

280 2454 384 2518 Qui
410 2469 495 2508 me
517 2454 675 2516 videt,
703 2451 837 2506 videt
875 2460 925 2506 et
957 2449 1172 2506 Patrem
1195 2447 1380 2524 (Joan.
1407 2463 1517 2514 ειν,
1545 2447 1623 2519 9),
1650 2463 1754 2501 non
1780 2452 1865 2500 est

277 2546 613 2614 separandos
639 2543 875 2614 Spiritus
906 2552 1156 2609 sanctus;
1185 2541 1442 2614 quoniam
1471 2537 1560 2610 qui
1596 2539 1741 2593 videt
1765 2539 1866 2594 hoc

277 2635 471 2705 inquo
511 2651 678 2689 unum
720 2643 847 2688 sunt
869 2632 964 2666 ¹⁷¹³
1012 2631 1174 2688 Pater
1219 2639 1273 2686 ει
1321 2628 1491 2684 Filius
1530 2637 1584 2683 et
1633 2627 1867 2697 Spiritus

278 2736 523 2792 sanctus,
550 2742 655 2780 non
689 2736 865 2798 potest
905 2725 1091 2778 videre
1131 2737 1298 2777 unum
1328 2721 1394 2776 de
1427 2720 1512 2775 his
1546 2718 1718 2772 tribtts
1750 2717 1866 2773 sine

279 2821 402 2873 alizs
427 2819 656 2872 duobus.
693 2818 766 2873 De
795 2816 999 2887 Spiritu
1029 2825 1219 2871 sancto
1247 2827 1464 2884 quoque
1491 2811 1624 2866 dicit
1646 2811 1711 2863 ad
1740 2825 1868 2880 apo-

278 2911 450 2968 stilos
478 2927 495 2963 :
523 2906 656 2963 Cum
693 2917 867 2962 autem
891 2910 1083 2962 venerit
1113 2904 1201 2959 ille
1225 2903 1452 2972 Spiritus
1477 2901 1735 2966 veritatis,
1764 2901 1868 2954 do—

278 3002 412 3056 cebit
444 3017 532 3056 vos
557 3016 759 3054 omnem
794 2990 1058 3053 veritatem
1085 2995 1266 3066 (Joan.
1298 3010 1410 3060 xvt,
1442 2993 1554 3063 l3),
1595 2993 1747 3062 quasi
1781 3006 1871 3046 so-

278 3095 367 3149 !ts
395 3093 634 3164 Spiritus
667 3101 888 3146 sanctus
926 3091 1117 3143 doceat
1144 3102 1362 3158 omnem
1391 3085 1715 3149 veritatem;
1745 3097 1866 3138 cum

1965 1906 2312 1963 insimilibus
2364 1904 2521 1958 dictis
2573 1909 2857 1977 tacentur,
2910 1897 3162 1950 similiter
3207 1892 3547 1962 intelligere;

1963 1987 2262 2072 passerum
2297 2011 2419 2052 cum
2468 2010 2531 2048 ex
2564 1991 2651 2048 his
2680 2007 2799 2061 qua:
2826 1989 3101 2052 dicuntur,
3151 1985 3293 2039 nulla
3342 1982 3553 2037 ratione

1964 2071 2390 2154 contradicente,
2416 2101 2502 2149 ea,
2529 2100 2647 2154 qutc
2670 2098 2773 2138 non
2806 2082 3083 2140 dicuntur,
3116 2071 3426 2130 rationabili
3457 2088 3553 2126 ne-

1966 2192 2218 2238 cessrtate
2260 2194 2515 2247 consequt
2555 2175 2897 2246 apertissime
2939 2169 3234 2224 viderimus
3257 2164 3371 2218 ‘7".
3416 2163 3551 2218 Cum

1967 2275 2054 2330 eui
2079 2291 2109 2326 ιι
2138 2272 2266 2326 dicit
2293 2269 2550 2325 Dominus
2584 2268 2648 2320 ad
2672 2265 2885 2320 Patrem
2916 2280 2928 2314 :
2977 2253 3216 2315 llwc'est
3247 2266 3421 2310 autem
3448 2254 3553 2308 vita

1967 2375 2184 2425 (eterna,
2214 2370 2270 2414 ut
2305 2366 2614 2430 cognoscant
2646 2367 2693 2408 te
2721 2349 2890 2407 solum
2921 2367 3095 2404 rerum
3118 2346 3300 2410 Deum,
3333 2355 3378 2398 et
3401 2357 3555 2414 quem

1969 2451 2155 2507 misisti
2171 2449 2352 2504 Iesum
2383 2447 2646 2502 Christum
2664 2443 2849 2515 (Joan.
2877 2457 3013 2504 xvu,
3043 2439 3120 2505 '5);
3175 2453 3242 2490 an
3301 2435 3420 2487 ideo
3449 2431 3548 2485 de-

1969 2544 2158 2598 bemus
2192 2555 2448 2611 separare
2497 2537 2565 2591 ab
2612 2537 2711 2589 hac
2740 2531 2941 2588 salubri
2975 2542 3027 2585 et
3057 2527 3205 2582 vitali
3247 2523 3558 2593 cognitione

1971 2635 2232 2705 Spiritum
2279 2639 2549 2693 sanctum,
2580 2627 2704 2697 quia
2750 2637 3012 2692 nusquam
3055 2619 3294 2690 legitur:
3331 2614 3458 2668 Ha’c
3481 2619 3560 2666 est

1970 2736 2142 2780 autem
2172 2725 2278 2778 vita
2299 2728 2586 2780 tt'terna,ut
2610 2724 2920 2786 cognoscant
2949 2711 3166 2764 Patrem
3190 2707 3359 2762 soluat
3383 2709 3559 2759 rerum

1972 2816 2161 2878 Deum,
2194 2822 2240 2868 et
2268 2811 2519 2880 Spiritum
2536 2817 2796 2863 sanctum.
2830 2805 2978 2860 Aut:
3019 2799 3146 2856 Htec
3176 2808 3250 2854 est
3281 2797 3383 2852 vita
3407 2806 3563 2850 teter-

1972 2926 2064 2974 na,
2089 2916 2147 2960 ut
2169 2911 2481 2976 cognoscant
2528 2899 2725 2953 Filium
2758 2895 2925 2951 solum
2951 2909 3125 2949 rerum
3163 2889 3328 2944 Deum
3358 2897 3404 2940 et
3439 2883 3564 2955 Spi-

1974 3001 2132 3052 ritum
2155 2975 2394 3051 sanctum
2425 2993 2448 3047 ?
2476 2993 2582 3046 Aut
2605 3005 2727 3046 cum
2758 2987 2986 3056 legimus
3025 2997 3040 3037 :
3067 2982 3202 3050 Quia
3231 2982 3366 3034 sicut
3401 2975 3562 3030 Pater

1975 3089 2126 3142 habet
2166 3087 2325 3141 vitam
2360 3085 2414 3137 in
2451 3083 2762 3150 semetipso;
2812 3077 2886 3130 sic
2934 3074 3076 3128 dedit
3123 3081 3172 3127 et
3220 3069 3359 3124 Fiiio
3402 3068 3565 3121 vitam

281 3201 385 3241 nec
415 3186 534 3239 sine
555 3183 736 3246 Patro,
764 3196 864 3236 nec
894 3181 1010 3236 sine
1044 3154 1180 3233 Filio
1205 3177 1400 3232 doceat
1429 3189 1642 3230 onmem
1675 3173 1872 3226 verita-
1899 3154 1944 3218 C
1977 3179 2165 3232 habere
2186 3177 2240 3230 in
2269 3173 2540 3241 εεητειερεο
2564 3170 2743 3243 (Joan.
2783 3181 2838 3230 ν,
2865 3165 2981 3236 26),
3017 3163 3258 3218 dicemus
3297 3156 3560 3227 Spiritum

281 3285 418 3330 teut.
451 3271 570 3327 Non
603 3272 747 3327 enim
795 3285 889 3340 per
916 3271 1038 3335 ltoe,
1081 3266 1206 3336 quia
1237 3275 1320 3321 est
1352 3262 1587 3335 Spiritus
1618 3259 1868 3331 alicujus,

283 3367 492 3423 scilicet
510 3365 689 3420 Patris
718 3373 772 3417 ct
797 3361 915 3416 Filii
941 3369 994 3414 ει
1022 3358 1300 3429 Spiritus;
1331 3356 1431 3410 sed
1456 3371 1552 3424 per
1581 3355 1704 3418 ltoc,
1730 3353 1872 3423 quod

281 3475 454 3512 unum
500 3463 584 3511 est
626 3469 748 3509 cum
781 3452 941 3506 Patre
971 3459 1024 3505 et
1065 3448 1224 3512 Filio,
1262 3447 1422 3503 idest
1459 3460 1557 3516 per
1587 3445 1691 3499 lto'c
1731 3443 1876 3514 quod

283 3551 431 3605 Deus
458 3554 563 3613 est,
586 3549 743 3601 docet
769 3558 982 3598 omnem
1005 3542 1308 3621 veritatem.
1333 3538 1722 3608 Videtisigitur
1743 3551 1878 3606 quo-

283 3642 450 3696 modo
490 3641 542 3692 in
573 3639 658 3693 his
695 3653 812 3708 qua:
861 3633 1114 3706 proposui
1146 3634 1260 3699 ‘7",
1289 3632 1432 3703 quod
1466 3631 1556 3685 tttti
1585 3629 1738 3700 quasi
1777 3627 1876 3682 soli

284 3729 538 3785 attribuit
568 3726 682 3788 πη.
739 3725 806 3780 ab
850 3725 970 3780 aliis
1015 3723 1227 3778 duabus
1283 3719 1532 3792 personis
1594 3732 1701 3772 non
1747 3730 1875 3787 pos—

282 3825 356 3878 tt't
389 3822 484 3852 ’⁷³⁸
512 3817 774 3888 st-parari.
803 3817 964 3870 Multa
1005 3812 1310 3882 huiusmodi
1339 3812 1391 3866 in
1413 3825 1567 3866 sacra
1593 3807 1876 3878 Scriptura

289 3912 566 3981 l-gitnus:
601 3915 661 3962 ut
701 3909 844 3978 qnoJ
874 3909 941 3962 de
985 3923 1086 3960 una
1115 3918 1344 3976 persona
1377 3901 1726 3972 singulariter
1751 3899 1881 3953 dici-

288 4009 404 4063 tur,
447 3996 821 4052 itnlill'erenter
865 3997 932 4049 de
989 3995 1160 4049 tribus
1211 3989 1556 4062 intelligatur.
1607 3986 1879 4056 Quidquid

285 4094 439 4149 enim
464 4092 532 4144 de
569 4105 672 4143 nua
718 4104 946 4161 persona
994 4085 1402 4156 pronuntiatur,
1434 4083 1500 4137 de
1533 4081 1657 4136 aliis
1680 4080 1882 4151 pariter

285 4189 510 4252 ενοι-εει
541 4179 795 4251 intelligi;
854 4179 956 4231 nisi
987 4191 1107 4231 cum
1145 4177 1246 4232 hoc
1263 4175 1380 4238 "",
1419 4172 1560 4226 tnule
1587 4167 1705 4224 alia?
1731 4177 1879 4234 sunt,

287 4290 345 4330 ιιι
379 4273 518 4338 dixi,
546 4271 613 4325 ab
633 4272 863 4326 invicem
889 4269 1110 4325 obviare
1139 4256 1506 4338 cognoscitur:
1539 4263 1882 4335 Quapropter

288 4382 422 4422 cuzn
477 4365 748 4420 credimus
780 4362 1038 4432 Spiritum
1093 4369 1340 4415 sanctum
1378 4360 1444 4412 de
1491 4357 1654 4411 Patre
1690 4370 1881 4426 proce-

288 4459 456 4522 dere;
487 4455 740 4525 quoniam
773 4455 912 4508 Deus
942 4454 1007 4506 de
1041 4452 1170 4516 Deo,
1195 4451 1248 4505 id
1275 4459 1354 4505 est
1387 4449 1620 4504 essentia
1649 4447 1882 4516 Spiritus

1979 3275 2221 3324 sanctum
2255 3279 2358 3318 non
2401 3262 2603 3316 habere
2634 3276 2662 3312 a
2705 3257 2893 3319 Patre,
2923 3271 2952 3307 a
2996 3269 3103 3323 quo
3137 3258 3245 3312 cst,
3277 3257 3334 3301 ttt
3369 3246 3570 3300 habeat

1979 3359 2031 3414 in
2063 3356 2349 3424 semetipso
2369 3351 2558 3416 vitam,
2586 3349 2726 3403 sicut
2748 3348 2911 3402 ltaltct
2937 3343 3098 3399 Pater
3122 3352 3171 3395 et
3196 3337 3398 3400 Filius;
3425 3347 3569 3403 quo-

1978 3446 2124 3502 niam
2159 3447 2264 3499 hoc
2317 3455 2580 3511 nusquam
2616 3437 2747 3494 dicit
2781 3434 2947 3490 Filius
2983 3432 3050 3487 de
3100 3427 3301 3500 Spiritu
3344 3429 3564 3486 sancto,

1979 3537 2124 3592 sicut
2140 3535 2206 3589 de
2230 3509 2588 3605 seipsoaltcm
2633 3543 2755 3583 cum
2798 3525 2929 3581 dicit
2962 3541 2977 3579 :
3012 3522 3170 3577 Pater
3191 3521 3245 3572 in
3287 3532 3367 3570 me
3387 3509 3482 3579 est,
3519 3519 3570 3566 et

1979 3646 2072 3698 ego
2117 3629 2175 3683 in
2217 3625 2396 3680 Patre.
2433 3624 2498 3683 Et
2552 3642 2566 3677 ε
2612 3621 2716 3689 Qui
2750 3621 2884 3675 videt
2936 3633 3038 3680 me,
3081 3615 3216 3670 uidet
3263 3622 3312 3666 et
3351 3610 3570 3664 Patrem

1982 3718 2164 3793 (Joan.
2215 3734 2326 3784 xw,
2377 3717 2488 3786 l0),
2533 3731 2600 3768 an
2652 3712 2966 3783 negabimus
3005 3707 3267 3778 Spiritum
3319 3711 3568 3758 sanctum

1980 3789 2101 3868 esse
2147 3811 2199 3865 in
2240 3810 2401 3863 Patre
2452 3816 2503 3862 et
2528 3805 2685 3868 Filio,
2729 3813 2782 3857 et
2808 3801 3021 3856 Patrem
3045 3809 3100 3853 ct
3122 3796 3319 3851 Filium
3364 3789 3572 3847 essein

1983 3904 2187 3974 Spiritu
2231 3909 2450 3964 saneto;
2499 3907 2591 3951 aut
2621 3910 2765 3957 eum,
2807 3891 2902 3962 qui
2945 3891 3094 3944 videt
3119 3886 3341 3949 Filium,
3377 3881 3567 3936 videre

1985 3973 2241 4064 Spiritum
2271 4000 2536 4052 sanctunt,
2569 3985 2710 4039 sicut
2741 3982 2886 4036 videt
2925 3979 3178 4041 Patrem;
3218 3975 3262 4029 si
3311 3973 3426 4027 haec
3455 3976 3576 4027 uno

1982 4085 2169 4140 eadem
2199 4079 2632 4153 pronuntiatione
2671 4075 2942 4144 leguntur,
2989 4084 3093 4138 qua
3115 4064 3211 4098 ³⁷³³
3239 4065 3305 4118 de
3329 4063 3487 4116 Patre
3511 4070 3566 4113 et

1983 4175 2119 4232 Filio
2151 4152 2537 4245 proferuntur?
2563 4155 2671 4222 luto
2695 4163 2949 4236 quoniam
2985 4173 3122 4213 unus
3145 4157 3399 4224 idemque
3429 4152 3572 4206 Deus

1983 4277 2088 4333 est,
2118 4244 2302 4329 Pater,
2332 4271 2387 4318 el
2413 4261 2600 4321 Filius,
2634 4269 2688 4314 et
2719 4255 2955 4327 Spiritus
2984 4261 3208 4307 sanctus
3234 4266 3248 4300 :
3279 4261 3400 4298 cunt
3434 4244 3572 4297 dici-

1984 4369 2074 4414 tur
2111 4369 2439 4428 cognoscere
2473 4352 2647 4407 solum
2693 4362 2880 4404 verum
2935 4347 3102 4400 Deum
3140 4340 3358 4395 Patrem
3397 4345 3451 4389 et
3482 4335 3581 4388 ιε’ί-

1986 4447 2115 4502 lium
2140 4425 2262 4502 esse
2285 4445 2452 4498 vitam
2482 4451 2764 4505 aeternam,
2790 4431 3225 4505 inseparabiliter
3256 4425 3571 4496 intelligen-

287 4544 473 4601 stnrti
500 4545 568 4598 de
589 4543 823 4598 essentia
862 4541 1057 4606 Patris,
1090 4555 1211 4610 qua:
1239 4555 1343 4592 una
1374 4538 1532 4593 estin
1564 4539 1738 4592 tribus
1760 4537 1875 4602 ³⁷⁸⁸,
1913 4509 1961 4568 D
1986 4542 2086 4595 dus
2124 4549 2211 4595 est
2259 4539 2310 4593 in
2358 4536 2446 4592 illa
2488 4534 2794 4606 cognitione
2824 4530 3060 4602 Spiritus
3086 4537 3323 4582 sanctus.
3354 4521 3580 4578 Etcum

285 4656 320 4694 e
344 4655 419 4694 .se
445 4637 799 4709 intelligitur:
833 4651 1052 4692 necesse
1091 4646 1175 4689 est
1219 4645 1276 4688 ttt
1309 4635 1374 4688 de
1403 4633 1540 4688 Filio
1569 4649 1692 4687 eum
1722 4633 1878 4688 simi—
1986 4631 2212 4700 legimus
2239 4647 2252 4683 :
2284 4629 2421 4696 Quia
2444 4631 2576 4684 sirut
2610 4625 2769 4680 Pater
2794 4625 2946 4678 habet
2977 4622 3134 4676 vitam
3171 4621 3226 4674 in
3259 4615 3531 4682 semetipso
3552 4629 3583 4676 ξ’

288 4734 426 4787 li.cr
456 4745 580 4786 esse
607 4706 983 4794 conﬁteamur,
1017 4727 1063 4783 si
1105 4727 1276 4782 Filius
1314 4734 1532 4780 nonest
1560 4724 1625 4779 de
1655 4723 1775 4790 illo;
1812 4724 1878 4778 de
1938 4745 1960 4779 ι
1984 4724 2058 4777 sic
2077 4723 2219 4778 dedit
2247 4719 2392 4776 Filio
2432 4719 2621 4775 habere
2657 4719 2816 4784 vitam
2858 4716 2912 4769 in
2949 4711 3248 4782 semetipso,
3276 4725 3381 4764 non
3410 4706 3580 4762 debe-

1619 4833 1852 4891 V'ARl/E
1893 4833 2298 4891 LECTIONES.

368 4956 470 4992 ίτο⁸
498 4955 576 5009 Ab
606 4955 687 5008 Itis
709 4955 894 5017 verbis,
933 4967 1045 5007 μοι]
1070 4960 1272 5007 reve.at
1300 4965 1396 5021 per
1419 4949 1525 5004 ltoc
1551 4948 1674 5021 quia
1690 4949 1854 5004 Pater
1875 4957 1980 5012 est,
1988 4965 2158 5021 usque
2183 4947 2252 5001 ad
2273 4948 2396 5021 ista,
2413 4945 2674 5014 Quamvis
2702 4957 2824 5021 qua:
2841 4956 3000 5021 supra
3021 4937 3133 5021 iam
3151 4945 3249 4991 etc.
3267 4930 3574 5021 uictima.

288 5002 683 5084 omittit-"‘5;
966 5002 1126 5093 quia
1141 5002 1518 5093 ςὸὲέιὶζέέιζεί
1534 5002 1672 5074 idem
1694 5002 1845 5074 beluis
1875 5002 2166 5093 estfPat'er‘.
2190 5002 2585 5093 etfiliusmss.
2608 5029 2706 5084 per
2721 5002 2998 5093 Ῑιοε-ιιιὶριι
3021 5002 3174 5063 ⁷θειιε
3207 5013 3327 5093 θεῖν.
3345 5011 3400 5055 οι
3417 5002 3580 5093 id?!“

293 5100 447 5153 Deus
459 5106 538 5150 est
555 5093 726 5149 Filius
799 5095 891 5126 "°°
903 5071 1061 5148 Solt'ts
1076 5071 1430 5147 Filiu'srit‘ili‘us
1448 5071 1734 5155 cognoscat
1760 5071 1897 5143 ius:
1911 5071 2049 5142 l’iet.
2076 5071 2414 5142 solusFilins
2438 5071 2732 5155 cegno'scat
2805 5071 2906 5120 ‘7“
2925 5080 3144 5134 Patrem
3174 5085 3228 5130 ει
3250 5073 3395 5155 solus
3415 5071 3587 5155 Pater

293 5185 430 5222 tua.
451 5163 667 5219 Patrem
691 5174 745 5218 et
771 5180 846 5223 se.
878 5174 932 5218 et
963 5163 1108 5218 solus
1140 5163 1300 5216 Pater
1375 5162 1468 5194 ³⁷⁸⁰
1500 5139 1856 5227 dimidim
1878 5139 2272 5213 vsuntPatervet
2295 5139 2546 5212 ἰηιήιιέἐῖ
2575 5154 3220 5227 δρινίιιιεηειιιιειειε.φειδ.
3261 5139 3580 5227 ϐεριβεσ.

291 5212 1344 5309 qia-utiitméiut'tvi’aterictis—[ﬁdius
1372 5212 1626 5309 saueius.
1669 5231 1759 5309 ‘_’“
1787 5212 1922 5283 Cum
1955 5229 2098 5309 enim
2131 5227 2415 5309 dicitur”.
2442 5242 2565 5282 cum
2594 5212 2946 5309 εέιίιιιιιμόίεηίιι
2975 5217 3104 5309 “‘7”
3133 5215 3227 5269 Est
3253 5223 3308 5296 ει
3339 5212 3582 5281 Spiritus

291 5285 431 5362 διες.
481 5304 613 5358 Vict.
643 5285 943 5359 εῑέέέὶοξεέι
963 5285 1394 5371 ἐιῑεηῗερὶιὶιιιε
1461 5301 1552 5333 ¹⁷¹³
1584 5299 1735 5355 Unde
1763 5315 1927 5371 unum
1957 5307 2239 5371 suntme.
2266 5298 2318 5353 in
2342 5312 2450 5371 quo
2475 5310 2639 5371 unum
2657 5301 2794 5371 sunt
2820 5287 3106 5371 “"“ninte
3127 5285 3283 5371 posui
3305 5300 3432 5364 τηεμ.
3456 5297 3584 5364 quae

294 5352 1329 5448 vafetjt’Sfipiai
1349 5352 1794 5448 proposui—liii"
1829 5352 2107 5448 Utti_qtt:t_si
2143 5352 2493 5448 soliAattribui
2521 5380 2649 5446 mas.
2673 5373 2721 5418 et
2748 5361 2893 5416 Edit.
2929 5352 3268 5448 coaxatum
3307 5352 3578 5448 uniﬂqul‘ansi

292 5424 681 5503 Eolirattrivbuit
756 5445 850 5476 ³⁷⁸⁸
874 5445 955 5498 Ab
983 5424 1102 5498 aliis
1122 5424 1243 5497 ἰίυῆ
1276 5424 1719 5512 possit'personis
1745 5424 1872 5494 mi.
1901 5424 2121 5512 ab'aliis
2136 5440 2352 5512 duabus
2378 5435 2627 5512 personis
2659 5449 2770 5512 non
2800 5431 2972 5512 possit
3181 5427 3343 5512 cur)!“
3365 5424 3432 5512 de
3479 5424 3588 5477 hoc.

606 5495 722 5568 iioc
798 5495 1339 5569 "Phthia—esttribus
1368 5495 1495 5566 nisa:
1517 5527 1620 5564 una
1649 5495 1735 5565 est
1766 5512 1819 5564 in
1861 5510 2037 5565 tribus
2112 5507 2202 5538 ‘7‘“
2227 5507 2356 5561 Car.
2379 5495 2477 5563 '19.
2512 5505 2579 5559 In
2605 5522 2703 5558 me.
2731 5495 2887 5557 Co'rb.
2922 5500 3052 5570 Cap.
3079 5499 3172 5554 20.
3250 5495 3343 5530 ¹⁷¹⁰
3372 5495 3575 5572 Aperte

295 5585 650 5657 signiﬁcatur
676 5601 773 5638 ms.
804 5583 953 5638 Gem:
982 5593 1164 5657 aperte
1189 5561 1748 5657 εφη-ειᾔὶῖἓιιξζξνῖἐὶ.
1767 5561 1874 5635 ’ἰδέ
1889 5561 2091 5650 aperte
2118 5561 2451 5657 t_ttottstrat_tt_r
2495 5646 2507 5657 .
2527 5576 2618 5609 ‘7“
2650 5571 2927 5657 Ρεςλιιιριι
2959 5561 3246 5626 monemur
3268 5583 3390 5620 mss.
3422 5561 3579 5657 Geta.

295 5635 409 5728 ιτὲι-
437 5656 580 5724 quod
631 5635 949 5711 monemus“
986 5635 1093 5686 ‘7'“
1122 5635 1482 5723 inpegi-tissime
1521 5652 1764 5708 videmus
1793 5635 2310 5722 tttss.'apcrtissime
2341 5646 2638 5703 viderimus
2715 5635 2814 5676 "'3'
2860 5643 3157 5715 Leguntur,
3196 5654 3316 5712 qua:
3342 5651 3468 5690 mss-
3504 5635 3584 5689 le-

297 5725 535 5800 guntur,
571 5740 677 5794 qua
3104 5777 3108 5782 .
3553 5725 3559 5731 ’
