4050 6294
447 276 556 367 si;
587 341 605 355 ,

951 277 991 333 S
1053 273 1355 333 ANSELMI
1391 268 1743 328 CANTlPAll.
1785 266 2038 324 ARCHIE

2144 267 2296 327 orr.
2339 250 2601 361 must;
2639 299 2707 309 —
2738 265 3155 324 DOGMA'I‘ICA.

3621 271 3727 327 516

447 409 573 450 mus
601 392 766 450 vitam
805 396 1052 451 eatulem
1097 393 1414 450 existimare
1460 391 1694 445 alienam
1746 405 1775 444 a
1821 388 2026 460 Spiritu
2055 391 2107 450 Α
2133 388 2641 461 queintelligiturin
2661 388 3315 455 uomiueFilit,nisiDeus
3331 390 3723 460 quiFiliusc~t,

448 491 662 551 sancto,
694 492 788 539 aut
813 484 954 555 quod
985 483 1127 538 illam
1156 499 1259 537 non
1298 482 1351 536 in
1380 480 1673 551 semetipso
1700 477 1793 511 *7”
1819 479 2034 535 habeat.

449 573 518 629 Et
539 590 662 630 cum
695 576 985 630 audimus:
1020 573 1179 629 Pater
1216 573 1270 628 in
1301 588 1381 626 me
1417 582 1516 638 est,
1558 580 1607 626 et
1637 588 1730 643 ego
1771 572 1827 626 in
1857 568 2035 626 Patre;

450 666 554 722 Et:
589 666 695 733 Qui
723 685 803 723 me
825 667 982 732 ridet,
1015 665 1149 720 videt
1182 674 1232 719 et
1262 663 1498 730 Patrem,
1529 676 1857 733 cognoscere
1878 661 2043 717 debe-

449 772 573 831 mus
601 744 694 827 per
745 758 861 812 haec
887 770 1007 826 quae
1047 755 1120 809 ita
1150 753 1427 818 dicuntur,
1462 753 1588 824 quia
1631 751 1865 823 Spiritus
1914 767 2041 811 saa-

450 856 577 901 rtus
615 864 718 900 non
766 854 853 902 est
884 853 1037 900 extra
1071 843 1288 899 Patrem
1333 853 1387 899 et
1410 841 1654 906 'Filium,
1684 851 1776 896 aut
1798 841 1965 898 Pater
1982 850 2038 897 et

449 936 490 989 Γ
517 934 807 989 lins'extra
851 934 1112 1004 Spiritum
1159 942 1445 1001 sanctum;
1484 942 1540 988 et
1583 932 1707 1003 quia
1744 946 1851 1002 per
1868 932 2037 995 visio-

449 1042 571 1081 nun
597 1026 690 1057 ¹⁷¹⁸
712 1025 831 1080 F.|ii
863 1027 1077 1080 videtur
1092 1026 1326 1095 Spiritus
1349 1035 1575 1080 sanctus
1594 1026 1731 1080 sicut
1757 1023 2037 1080 Pater"“.

452 1118 608 1173 Sic-tt
636 1117 781 1172 enim
838 1127 1059 1172 nonest
1106 1117 1245 1173 alius
1297 1117 1439 1171 Deus
1488 1115 1669 1181 Pater,
1714 1115 1854 1171 alius
1897 1115 2039 1170 Deus

445 1207 640 1273 Filius,
672 1208 810 1263 alius
845 1208 985 1265 Deus
1031 1209 1269 1280 Spiritus
1297 1218 1560 1275 sanctus;
1610 1209 1689 1264 sic
1718 1224 1826 1263 non
1873 1207 2042 1263 habet

447 1298 605 1355 Deus
624 1300 767 1356 aliud
802 1301 856 1357 in
892 1290 1072 1369 seipse
1098 1316 1260 1371 quam
1291 1299 1493 1365 Detnn;
1531 1313 1630 1355 nec
1656 1308 1740 1354 est
1767 1286 1907 1354 Deus
1937 1284 2041 1353 ex?

449 1399 533 1443 tra
564 1389 768 1453 Deum;
804 1406 902 1446 nec
926 1391 1064 1447 Deus
1087 1390 1373 1446 estdissim
1398 1389 1463 1444 lis
1492 1390 1602 1464 Deo
1628 1391 1741 1444 ιη’.
1772 1389 2034 1461 Denique,

448 1482 541 1539 tt‘d
576 1481 803 1552 legimus
828 1482 920 1515 ⁸⁷³⁸
966 1482 1018 1537 in
1066 1483 1348 1553 propheta,
1389 1491 1483 1536 aut
1526 1469 1903 1554 evangelista,
1943 1490 2038 1537 aut

447 1558 711 1643 Apostolo
738 1570 821 1626 his
849 1571 1027 1627 verbis
1062 1572 1227 1626 Deum
1267 1586 1431 1625 unum
1461 1585 1585 1633 esse
1612 1582 1725 1626 tres
1751 1586 2036 1642 personas,

384 1663 394 1673 '
448 1672 542 1716 aut
565 1678 727 1716 unum
760 1661 923 1716 Deum
950 1678 1070 1717 esse
1097 1660 1437 1732 Trinitatem,
1469 1671 1562 1717 aut
1602 1663 1767 1739 Deum
1798 1664 1863 1718 de
1887 1662 2032 1718 Deo?

2141 490 2234 535 aut
2248 480 2548 550 relatioqua
2566 478 2800 536 refertur
2818 483 2884 535 ad
2906 481 3241 550 Patretn‘m,
3264 498 3533 554 perquam
3556 484 3725 540 Filius

2136 571 2464 644 appellatur?
2481 571 2586 628 Sed
2611 572 2791 630 nullus
2814 588 3007 630 sensus
3027 574 3171 644 capit
3193 573 3453 645 Spiritum
3477 586 3725 631 sanctum

2138 676 2257 716 esse
2271 659 2536 732 Spiritum
2548 659 2749 726 Patris,
2763 671 2858 717 aut
2871 661 3012 727 Filii,
3029 664 3323 721 secundum
3337 665 3479 734 quod
3495 665 3729 722 altcrest

2138 744 2320 817 Pater,
2346 752 2491 811 alter
2505 744 2813 817 Filius;.setl
2837 742 3133 808 secundum
3159 754 3302 824 quod
3334 764 3561 825 uterque
3587 772 3731 812 unus

2139 843 2389 914 idemque
2401 844 2540 900 Deus
2553 833 2655 899 est.
2673 835 2851 913 Quare
2865 844 3006 900 idem
3023 856 3102 901 est
3122 847 3739 915 intellectus,cunwliei-

2141 939 2232 987 tur
2245 932 2481 1002 Spiritus
2495 931 2711 1000 Dei‘i“,
2729 944 2782 990 et
2798 934 3034 1004 Spiritus
3047 930 3246 998 Patris,
3262 949 3307 990 et
3329 936 3564 1007 Spiritus
3582 937 3726 1002 Filii,

2137 1029 2234 1082 sed
2250 1026 2488 1097 Spiritus
2514 1027 2633 1092 Dei,
2664 1036 2714 1083 et
2745 1027 2980 1097 Spiritus
3002 1027 3182 1083 Patris
3197 1029 3416 1093 dicitur,
3430 1031 3556 1100 quia
3574 1040 3657 1097 est
3673 1040 3733 1084 et

2140 1118 2253 1190 59
2277 1119 2523 1190 procedit
2548 1120 2615 1174 de
2641 1119 2783 1185 Deo,
2812 1127 2868 1174 et
2895 1119 2962 1174 de
2991 1118 3172 1175 Patre.
3202 1120 3388 1190 Itaque
3418 1132 3502 1176 est
3522 1132 3578 1175 et
3599 1137 3733 1192 prot-

2139 1211 2283 1266 ceJit
2307 1209 2472 1266 etiam
2501 1210 2567 1265 de
2599 1210 2734 1265 Filio
2754 1209 2868 1276 "'",
2900 1210 3024 1280 quia
3056 1211 3249 1266 eodem
3294 1227 3458 1267 sensu
3504 1213 3732 1282 spiritus

2138 1300 2263 1357 Filii
2306 1300 2535 1356 dicitur.
2588 1300 2761 1367 Nam,
2808 1317 2930 1356 cum
2980 1301 3220 1372 Spiritus
3265 1313 3489 1359 sant-tus
3532 1304 3739 1359 dicito:

2139 1393 2366 1473 spiritus
2396 1393 2491 1448 Dei
2510 1393 2599 1425 ""
2631 1393 2857 1463 spiritus
2888 1392 3099 1449 Domini
3126 1434 3140 1460 ,
3166 1394 3211 1449 si
3243 1408 3350 1450 non
3384 1395 3750 1465 intelligimus-

2139 1484 2213 1540 ibi
2244 1483 2493 1554 spiritum
2525 1483 2649 1539 Fdii
2682 1498 2747 1539 eo
2776 1498 2938 1540 sensu
2968 1499 3076 1554 quo
3106 1485 3356 1553 spiritqu
3387 1484 3483 1539 Pat
3520 1486 3568 1540 is
3590 1526 3605 1551 ,
3635 1495 3735 1540 aut

2138 1573 2513 1643 separabimus
2541 1573 2737 1629 Filium
2774 1574 3055 1629 anomine
3090 1574 3181 1649 Dei
3214 1574 3295 1628 vel
3346 1575 3590 1637 Doutini.
3637 1586 3735 1630 aut

2141 1663 2396 1721 bifariam
2424 1662 2756 1734 intelligetur
2782 1660 3020 1733 Spiritus
3051 1662 3141 1717 Dei
3171 1702 3187 1727 ,
3221 1663 3335 1718 sive
3365 1663 3590 1734 spiritus
3624 1663 3733 1717 Du-

449 1752 545 1808 sed
596 1768 771 1822 neque
820 1753 872 1808 in
920 1753 1011 1808 illo
1039 1752 1314 1825 Symbolo,
1350 1754 1403 1809 iu
1450 1768 1557 1824 quo
1589 1769 1694 1810 non
1722 1762 1803 1810 est
1830 1755 2036 1826 prolata
2067 1745 2111 1806 Β
2141 1755 2294 1810 mini.
2321 1753 2429 1810 Sed
2456 1754 2599 1810 unde
2627 1750 2772 1810 hunc
2802 1752 3007 1808 habent
3055 1768 3311 1821 sensmn,
3345 1766 3436 1809 aut
3465 1755 3553 1811 ubi
3602 1754 3741 1826 legis

449 1844 723 1911 processio
748 1843 985 1913 Spiritus
1012 1845 1184 1900 sancti
1211 1846 1278 1901 de
1307 1845 1467 1909 F.lio,
1502 1846 1810 1902 invenimus
1833 1862 2032 1902 nomen

452 1948 717 2002 personae,
754 1935 843 1991 vel
867 1936 1152 1992 Trinitatis
1177 1936 1291 1993 ⁸⁷³⁸.
1325 1938 1590 2006 Quoniam
1635 1948 1815 1994 tamen
1843 1955 1909 1994 ex
1952 1939 2038 1995 his

448 2038 568 2093 qua-
597 2025 823 2097 legimus
848 2027 962 2083 hare
985 2028 1327 2098 apertissime
1351 2041 1685 2100 sequuntur,
1726 2038 2039 2085 constanter

448 2129 509 2169 ea
535 2126 590 2169 et
613 2117 778 2171 corde
806 2118 1096 2184 credimus,
1127 2129 1181 2173 et
1216 2134 1309 2174 ore
1337 2122 1677 2178 conﬁtemur.
1713 2122 1894 2190 Quare
1930 2135 2037 2175 non

451 2213 659 2261 tantum
690 2210 968 2280 suscipere
1001 2225 1125 2265 cum
1173 2212 1498 2268 certitudine
1533 2213 1793 2270 debemus
1832 2228 1952 2283 qua:
1983 2213 2035 2266 iu

448 2312 483 2353 ι
513 2315 604 2354 cra
636 2299 915 2371 Scriptura
951 2302 1235 2373 leguntur,
1273 2305 1365 2360 sed
1399 2307 1563 2360 etiam
1591 2322 1652 2361 et
1681 2323 1800 2376 qua:
1833 2323 1898 2363 ex
1929 2307 2035 2373 his,

451 2388 594 2441 nulla
627 2390 729 2443 alia
760 2393 1166 2450 contradicente
1189 2395 1421 2462 ratione,
1463 2396 1766 2453 rationabili
1797 2397 2035 2453 necessi-

451 2486 561 2559 tate
586 2493 905 2557 sequuntur.

818 2596 1052 2655 CAPUT
1092 2598 1210 2655 XXI
1251 2600 1348 2674 [αι.
1380 2601 1502 2675 XX]
1536 2603 1649 2656 ιντο.

451 2680 728 2761 Praei-uio
756 2682 990 2761 Spiritus
1034 2691 1205 2745 sancti
1243 2691 1308 2744 de
1351 2689 1399 2744 ιτ
1402 2693 1496 2745 ilio
1531 2692 1862 2761 exprimitur,
1907 2709 2025 2747 cum

636 2830 641 2833 _
687 2754 917 2823 Spiritus
944 2771 1157 2838 sanctus
1188 2761 1384 2814 dicitur
1407 2754 1634 2830 Spiritus
1664 2762 1811 2818 Filii.

456 2904 459 2907 _
519 2844 779 2912 Quamvis
805 2864 928 2918 qua:
973 2836 1132 2920 supra
1166 2849 1274 2918 iam
1300 2850 1442 2905 dicta
1483 2862 1609 2907 sunt
1628 2852 1888 2909 .sulliccre
1914 2836 2040 2922 pos;

394 2930 397 2933 ’
449 2934 585 3002 sint,
640 2937 817 2992 adhuc
870 2947 1045 2993 tamen
1088 2939 1287 3010 aliquid
1340 2940 1560 3003 addam.
1614 2943 1756 2996 unde
1804 2942 2039 3013 Spiritus

412 3028 674 3080 “sanctus
704 3037 1064 3107 cognoscatur
1091 3045 1211 3084 esse
1233 3032 1298 3084 de
1325 3029 1480 3085 Filio.
1503 3031 1841 3088 Confitentur
1863 3033 2036 3090 Graeci

2141 1855 2233 1902 tur
2255 1846 2311 1902 in
2342 1861 2500 1903 sacra
2531 1844 2818 1917 Scriptura
2849 1846 2994 1916 quod
3031 1846 3289 1903 similiter
3320 1863 3428 1903 non
3469 1848 3737 1920 intelligo.

2139 1943 2230 1990 tur
2259 1936 2325 1992 de
2352 1934 2592 1992 Patreet
2616 1935 2690 1991 ‘de
2718 1932 2862 1990 Ftlio
2880 1974 2908 2001 ,.
2927 1950 3051 2011 cum
3097 1934 3331 2005 legimus
3356 1937 3607 2007 spiritum
3638 1939 3751 1994 Dei

2140 2034 2233 2083 aut
2261 2027 2511 2097 spiritum
2564 2025 2777 2080 Domini
2799 2025 2921 2092 ‘7“,
2964 2034 3059 2080 aut
3087 2026 3216 2094 quid
3265 2027 3571 2094 invenitur,
3588 2030 3735 2084 un’e

2139 2116 2244 2173 hoc
2274 2116 2674 2187 sequatur‘m?
2700 2114 2836 2171 Nam
2868 2114 2912 2171 si
2942 2115 3131 2171 dicunt
3169 2132 3182 2168 :
3214 2115 3351 2172 Cum
3392 2118 3594 2173 dicitur
3621 2120 3736 2188 spi-

2140 2209 2279 2265 ritus
2323 2207 2552 2276 Patris,
2589 2208 2799 2264 duobus
2845 2207 3020 2263 modis
3059 2208 3428 2280 intelligitur:
3457 2209 3547 2264 Est
3580 2212 3734 2266 enim

2140 2301 2364 2372 spiritus
2393 2300 2599 2366 Patris,
2637 2300 2764 2371 quia
2796 2308 2881 2354 est
2925 2298 2992 2354 de
3017 2298 3181 2355 Patre
3201 2340 3216 2367 ,
3259 2311 3315 2356 et
3357 2303 3484 2370 quia
3511 2304 3674 2357 datur
3702 2320 3733 2357 a

2140 2390 2333 2451 Patre;
2358 2391 2480 2447 Filii
2510 2407 2640 2448 vero
2660 2392 2884 2462 spiritus
2917 2392 3134 2467 nonﬂm
3155 2402 3260 2457 est,
3291 2394 3543 2465 n‘si‘q-tia
3571 2394 3663 2447 tlal
3707 2410 3741 2446 ιι.

2100 2481 2172 2540 'a
2210 2485 2369 2540 Filio.
2416 2484 2533 2542 lloc
2560 2496 2645 2541 est
2673 2486 2821 2557 quod
2869 2502 3087 2558 quaero,
3138 2487 3279 2542 mule
3308 2487 3559 2544 hal.e..ut.
3599 2487 3658 2543 Et
3685 2489 3730 2542 si

2140 2575 2327 2631 dicunt
2351 2575 2501 2645 quod
2533 2574 2769 2630 iu-nulla.
2791 2568 3103 2632 authentica
3141 2576 3348 2633 dictum
3385 2588 3468 2630 est
3500 2579 3750 2647 pagina;

2141 2682 2241 2722 nec
2286 2667 2534 2737 sequitur
2559 2680 2631 2722 es
2672 2682 2740 2723 eo
2770 2668 2915 2738 quod
2947 2667 3021 2724 ibi
3062 2668 3325 2739 scriptum
3354 2669 3445 2702 "3’
3494 2670 3560 2724 sit
3595 2683 3734 2723 :cur

2140 2773 2240 2814 nos
2270 2758 2704 2828 reprehendunt,
2733 2775 2855 2814 cum
2886 2758 3115 2814 dicimus
3170 2759 3434 2829 Spiritum
3478 2771 3731 2816 sam-tina

2139 2848 2437 2918 procedere
2459 2848 2524 2902 de
2546 2846 2707 2913 Filio,
2738 2848 2863 2903 ideo
2888 2849 3015 2918 quia
3041 2849 3154 2904 lucc
3182 2849 3344 2904 verba
3374 2865 3480 2903 non
3513 2848 3730 2919 legunt;

2141 2954 2262 2996 cum
2293 2953 2358 2994 ex
2409 2938 2492 2992 Itis
2513 2979 2530 2997 .
2557 2953 2679 3007 qua:
2720 2939 2904 3011 legunt
2935 2947 2989 2993 et
3021 2938 3415 3007 creduttthhoc
3445 2952 3734 2994 esurus-

2142 3028 2303 3084 sitate
2332 3028 2486 3098 sequi
2536 3028 3050 3100 inwlligatnus‘m?
3090 3028 3343 3085 .ludieeut
3386 3045 3604 3100 quoque
3630 3030 3732 3100 ipsi

450 3115 1690 3189 nobiscumSpiritumsanctumesseSpiritum
1710 3121 2039 3193 Dei,etSpi-
2069 3141 2109 3198 ρ
2142 3121 2272 3191 quid
2319 3120 2504 3191 potius
2568 3120 2974 3192 suscipiendum
3023 3122 3125 3186 sit,
3171 3122 3421 3192 quamvis
3472 3123 3524 3177 in
3570 3135 3735 3185 saera

453 3207 616 3262 ritum
640 3206 840 3269 Patris.
859 3222 911 3266 et
937 3210 1200 3280 Spiritum
1215 3209 1357 3266 Filii.
1375 3212 1571 3277 Quaero
1595 3213 1775 3285 itaque
1789 3215 1833 3270 si
1847 3216 2037 3270 eodem

453 3299 612 3355 modo
630 3299 936 3371 intelligunt
958 3302 1104 3356 illum
1118 3316 1239 3357 esse
1259 3302 1349 3335 ¹⁷³¹
1369 3303 1631 3375 Spiritum
1651 3306 1768 3368 Dei.
1793 3315 1843 3362 et
1863 3306 2042 3376 Spiri-

454 3399 570 3459 tunt
603 3389 800 3457 Patris,
815 3393 1144 3464 etSpirilntn
1160 3394 1278 3448 Filii
1299 3412 1314 3460 ;
1334 3395 2040 3452 autdissitniliter?Certum

452 3490 538 3535 est
550 3491 728 3536 autem
741 3485 865 3553 quia
881 3483 1197 3541 noudicitur
1213 3485 1448 3557 Spiritus
1466 3488 1576 3545 Dei.
1594 3487 1731 3543 sicut
1747 3490 2042 3561 possessio;

454 3583 649 3629 ntcum
673 3575 871 3632 dicitur
893 3593 1065 3647 equus
1086 3579 1336 3649 alicujus.
1360 3580 1442 3635 vel
1467 3582 1678 3636 domus.
1705 3581 1872 3651 Major
1894 3582 2040 3638 enim

454 3675 540 3720 est
567 3667 655 3737 qui
678 3667 938 3737 possidet,
961 3685 1123 3738 quam
1158 3673 1302 3738 quod
1324 3672 1649 3739 possidetut.
1682 3673 1823 3727 Deus
1862 3683 2042 3728 autem

456 3770 563 3809 non
587 3765 667 3810 est
694 3755 868 3825 major
890 3759 1112 3826 Spiritu
1135 3770 1359 3826 saneto;
1403 3762 1528 3830 quia
1560 3761 1798 3829 Spiritus
1820 3772 2044 3820 satu-tus

455 3860 539 3903 est
557 3848 718 3911 Deus.
741 3867 841 3906 nec
866 3853 1007 3908 Deus
1023 3866 1100 3910 e8!
1125 3852 1296 3923 major
1312 3854 1441 3911 Deo.
1457 3855 1640 3928 Neque
1657 3855 2042 3926 diciturSpiri-

458 3940 674 4007 tusﬁei.
694 3952 751 3997 ut
765 3945 1063 4009 membrum
1081 3947 1194 4012 Dei,
1212 3948 1556 4004 sicuttnanus
1570 3949 1652 4004 vel
1667 3964 1761 4020 pes
1783 3948 2040 4005 hominis:

457 4045 557 4085 nos
596 4033 742 4087 enim
787 4032 928 4090 Deus
952 4034 1116 4091 habet
1147 4038 1473 4099 membrum.
1501 4048 1594 4095 aut
1616 4049 1824 4110 partem
1854 4039 2041 4096 ullam.

456 4124 739 4191 Quomodo
780 4143 909 4198 ergo
948 4129 1325 4199 intelligendus
1354 4138 1459 4188 est'
1482 4133 1719 4204 Spiritus
1754 4148 1876 4188 esse
1923 4133 2043 4202 Dei,

456 4219 559 4272 nisi
602 4221 727 4289 quia
769 4222 893 4285 hoc,
931 4224 1073 4293 quod
1099 4225 1309 4289 estm',
1342 4241 1406 4280 ex
1448 4226 1592 4280 Deo?
1619 4225 1735 4280 Non
1763 4208 2046 4281 autetn'si-

455 4313 681 4381 guilleat
706 4312 849 4367 aliud
877 4330 1070 4369 nomen
1096 4315 1293 4378 Patris,
1317 4334 1479 4384 quam
1509 4318 1702 4383 Deum,
1731 4319 1823 4389 qui
1849 4328 1927 4374 est
1945 4318 2048 4372 Pa-

459 4411 674 4467 ter;ant
705 4404 1027 4461 relationem
1042 4408 1160 4476 ejus
1179 4410 1245 4463 ad
1271 4407 1564 4474 Filiutn,ex
1588 4426 1693 4479 qua
1717 4426 1911 4465 nomen
1934 4409 2040 4464 Pa.

2142 3210 2338 3281 pagina
2368 3220 2664 3280 utrumque
2692 3220 2973 3277 taceatur;
3004 3226 3071 3264 an
3111 3213 3245 3277 hoc,
3280 3211 3424 3282 quod
3460 3224 3559 3265 tos
3596 3213 3735 3265 dici-

2144 3317 2299 3369 mus,
2330 3302 2595 3373 Spirizum
2641 3312 2890 3358 sanctum
2919 3302 3218 3373 procedere
3264 3303 3332 3357 de
3379 3302 3553 3365 Filio,
3589 3304 3733 3371 quod

2143 3395 2481 3459 ostendimus
2505 3409 2570 3449 ex
2595 3394 2679 3449 his
2702 3394 2961 3464 consequi
2985 3409 3106 3465 quae
3133 3394 3402 3449 veraciter
3424 3393 3743 3458 credimus;

2149 3502 2219 3542 an
2246 3486 2390 3558 quod
2437 3485 2551 3556 ipsi
2582 3485 2801 3554 dicunt,
2830 3485 3091 3556 Spiritum
3138 3494 3392 3559 sanctum
3424 3484 3586 3539 aliter
3610 3500 3734 3542 esse

2145 3578 2407 3649 Spiritum
2433 3577 2613 3633 Patris
2626 3578 2740 3643 ⁸⁷⁸⁸,
2772 3577 2933 3645 aliter
2968 3584 3097 3635 "esse
3125 3575 3246 3635 Filii
3280 3594 3296 3633 :
3342 3577 3487 3648 quod
3514 3591 3614 3632 nec
3638 3592 3736 3630 au-

2145 3672 2400 3727 ctoritate
2419 3711 2434 3729 .
2464 3685 2565 3727 nec
2592 3670 2837 3738 ratione,
2867 3685 2968 3727 nec
2997 3686 3064 3726 ex
3096 3671 3182 3725 his
3219 3686 3340 3741 qua:
3402 3672 3734 3731 eerta'suut.

2144 3771 2375 3835 possunt
2400 3764 2716 3819 ostendere.
2764 3764 2964 3835 Utique
3003 3772 3098 3819 aut
3137 3764 3339 3820 debent
3384 3777 3602 3817 cessare
3666 3761 3737 3816 ab

2145 3858 2251 3912 hac
2295 3870 2392 3912 sua
2421 3857 2734 3922 sententia,
2766 3857 2812 3912 si
2846 3866 3028 3912 tamen
3060 3856 3164 3911 hoc
3193 3855 3423 3920 dicunt,
3442 3863 3501 3909 ut
3532 3854 3734 3921 audio,

2144 3949 2292 4021 quod
2330 3948 2568 4020 Spiritus
2586 3948 2679 3981 ‘7“
2710 3956 2937 4005 sanctus
2962 3947 3123 4005 aliter
3170 3955 3259 4004 est
3301 3946 3426 4003 Filii
3470 3947 3743 4017 spiritus,

2146 4053 2313 4110 quam
2343 4039 2571 4110 spiritus
2599 4037 2808 4105 Patris;
2837 4053 2960 4094 cum
2990 4053 3258 4109 nusquam
3287 4039 3391 4105 hoc
3422 4038 3624 4110 legant,
3652 4038 3736 4094 vel

2147 4131 2291 4186 unde
2322 4131 2426 4187 hoc
2450 4130 2708 4200 probent;
2738 4139 2833 4185 aut
2852 4130 3048 4186 saltem
3075 4145 3176 4185 nos
3203 4130 3607 4200 reprehendere
3631 4144 3736 4184 non

2147 4220 2379 4286 debent,
2428 4222 2535 4292 qui
2567 4220 2910 4277 dicimus‘m
2945 4219 3208 4292 Spiritum
3248 4230 3499 4277 sanetum
3543 4236 3740 4291 proce-

2150 4314 2280 4369 dere
2324 4314 2394 4367 de
2438 4312 2610 4380 Filio;
2656 4312 2908 4384 quamvis
2956 4311 3041 4368 his
3088 4311 3273 4368 verbis
3303 4313 3406 4367 hoc
3440 4328 3545 4367 non
3597 4311 3742 4382 lega-

2150 4421 2272 4459 mus
2296 4404 2409 4471 ωδ,
2438 4406 2691 4475 quoniam
2720 4419 2786 4460 ex
2811 4404 2916 4471 his,
2945 4419 3066 4474 qua:
3091 4403 3293 4474 pariter
3321 4403 3611 4468 credimus,
3635 4403 3741 4458 hoc

460 4491 757 4555 trishabet.
784 4495 1045 4552 Similiter
1069 4496 1353 4552 dicendum
1370 4508 1452 4553 est
1473 4500 1537 4554 de
1555 4498 1870 4568 Fdio.Quid
1890 4514 2047 4555 nam-
2076 4511 2126 4572 ι)
2153 4497 2413 4568 consequi
2466 4505 2851 4553 monstramus.
2887 4493 2995 4550 Sed
3043 4494 3089 4550 si
3137 4502 3358 4550 cessant
3405 4493 3473 4549 ab
3504 4492 3607 4548 hac
3639 4507 3738 4547 sua

1737 4607 1972 4665 VARIAS
2013 4607 2411 4666 LECTIONES.

532 4717 628 4750 ‘7“
690 4716 804 4771 Non
850 4734 878 4773 a
928 4714 1219 4790 semetipso
1276 4737 1397 4776 mss.
1473 4720 1609 4776 Tlm.

1693 4720 1840 4787 Gem.
1887 4720 2014 4777 Ber.
2083 4737 2191 4775 non
2241 4721 2292 4775 in
2341 4720 2633 4791 semetipso
2709 4718 2801 4791 ‘77",
2859 4717 2995 4791 Quia
3049 4731 3147 4791 per
3200 4715 3463 4791 visionem
3512 4732 3657 4791 Anus.
3686 4725 3744 4771 et

458 4791 584 4861 quia
637 4804 735 4859 per
793 4791 1056 4844 visionem
1125 4786 1222 4823 ‘7"
1258 4791 1410 4846 Sicut
1435 4802 1489 4847 et
1520 4793 1680 4846 Pater
1732 4786 1858 4861 mss.
1903 4793 2040 4848 sicut
2067 4791 2228 4846 Pater
2305 4792 2394 4824 ¹⁷¹⁷
2426 4786 2673 4846 δίειίιοη
2720 4789 2883 4861 habet
2927 4786 3149 4861 Deusin
3175 4787 3354 4861 seipse
3381 4786 3528 4861 aliud
3574 4800 3742 4861 quam

463 4854 681 4931 Deum}
701 4875 805 4913 non
845 4869 928 4916 est
956 4861 1096 4916 Deus
1124 4871 1278 4917 extra
1314 4862 1479 4931 Deum
1510 4880 1523 4916 :
1575 4877 1673 4916 nec
1719 4854 1858 4918 Deus
1887 4863 2165 4917 dissimilis
2194 4862 2331 4931 Deo.
2363 4861 2607 4931 Denique
2641 4876 2767 4914 mss.
2801 4859 2882 4913 sic
2916 4857 3255 4931 nou__habe_tA
3277 4855 3419 4931 aliud
3469 4856 3523 4910 in
3555 4854 3738 4931 seipse

460 4924 626 4999 quam
656 4929 818 4994 Deus:
846 4938 946 4985 nec
972 4940 1056 4986 est
1092 4931 1234 4987 Deus
1262 4926 1416 4987 extra
1457 4932 1656 4996 Deum,
1688 4949 1788 4987 nec
1821 4935 1961 4988 Deus
1990 4943 2076 4989 est
2105 4928 2387 4987 dissimilis
2434 4924 2562 4985 Deo.
2595 4930 2838 4999 Denique
2880 4943 2980 4999 ms.
3002 4925 3148 4999 Tha.
3192 4924 3282 4980 50.
3306 4926 3393 4999 sic
3421 4941 3527 4999 non
3578 4926 3742 4999 habet

432 4995 605 5071 ,Deus
634 5000 776 5071 aliud
807 5003 859 5053 in
886 5002 1066 5071 seipso
1095 5017 1256 5071 quam
1293 5004 1480 5067 Deum,
1509 5013 1608 5058 etc.
1634 5011 1690 5056 nt
1722 5004 1776 5058 in
1805 5004 1925 5057 aliis
1956 5020 2082 5058 mss.
2159 5002 2253 5036 ¹¹²⁸
2294 5000 2407 5055 Non
2440 5000 2665 5071 legimus
2693 4995 2820 5053 mss.
2844 4997 2981 5071 _ll_i3i_
3002 4997 3267 5071 legimus‘
3297 4995 3405 5071 "’"_
3425 4996 3737 5069 Invenimus

456 5066 663 5123 not-ton
688 5065 989 5126 Trinitatis}
1019 5065 1299 5138 Quomodo
1324 5065 1504 5128 autem
1530 5089 1598 5128 ex
1626 5074 1712 5128 his
1739 5091 1862 5128 mss.
1897 5074 2203 5127 invenimus
2231 5086 2426 5125 nomen
2466 5065 2745 5136 Personas,
2776 5068 2856 5122 vel
2892 5065 3201 5122 Trinitatis.

3230 5065 3507 5133 Quoniam
3555 5076 3739 5120 tamen

460 5152 529 5192 es
572 5139 658 5194 his
731 5141 823 5172 ⁸⁷³⁸
853 5141 981 5197 ϐυ).
1015 5134 1103 5197 Ξῖ).
1136 5142 1199 5198 1η
1222 5159 1319 5198 ms.
1359 5145 1513 5198 Coro.
1546 5144 1721 5212 Caput
1769 5144 1833 5198 2|
1917 5143 2007 5176 ¹⁷³¹
2047 5143 2370 5212 intelligitur
2396 5155 2516 5195 esse
2548 5134 3171 5212 mss.intelligunt_esse
3214 5153 3313 5212 ms.
3343 5134 3502 5212 (garb.
3536 5134 3742 5190 intelli-

463 5218 622 5278 gatur
646 5225 770 5283 eum
805 5226 935 5283 esse,
976 5213 1092 5283 7"“
1122 5212 1234 5269 Nisi
1268 5216 1369 5270 hoc
1399 5216 1542 5283 quod
1590 5210 1674 5268 est
1727 5230 1853 5267 mu.
1889 5213 1990 5267 nisi
2021 5214 2147 5283 quia
2188 5210 2291 5267 hoc
2326 5212 2468 5283 quod
2511 5218 2641 5283 εδειΔ
2674 5210 2766 5283 ¹Ϊ³³

458 5294 569 5345 qua
602 5280 831 5336 refertur
874 5282 939 5337 ad
970 5282 1182 5340 Patrem
1260 5285 1354 5318 ‘7“

2795 5206 2925 5276 Quae
2959 5207 3194 5261 refertur
3231 5207 3300 5260 ad
3349 5206 3564 5260 Patrem
3604 5220 3736 5276 tum.

1436 5301 1523 5338 um
1569 5285 1768 5339 dicitur
1798 5274 2291 5352 Spiritus'sanctus
2324 5274 2566 5351 Spiritus
2611 5279 2704 5334 Dei
2762 5274 3070 5352 mss._ic_utu
3103 5276 3305 5352 dicitur
3351 5276 3588 5352 Spiritus
3630 5274 3737 5352 Dei

467 5348 561 5422 ξδ’
621 5352 686 5407 Et
735 5354 977 5421 procedit
1005 5356 1070 5409 de
1119 5355 1256 5410 Filio
1309 5372 1436 5409 mss.
1500 5353 1630 5409 Vict.
1661 5344 1919 5407 (Jorbfet
1966 5352 2154 5407 (ὕειον.
2187 5363 2242 5407 et
2291 5344 2724 5422 proceditetiarn
2772 5347 3030 5422 deAFilio
3108 5346 3202 5378 ¹⁷³⁶
3252 5344 3515 5415 Spiritum
3550 5344 3642 5400 Dei
3681 5355 3740 5422 et

454 5415 747 5495 'Sptrltutn'
777 5423 1009 5487 Domini.
1041 5434 1135 5479 aut
1183 5442 1310 5480 mss.
1341 5424 1604 5495 Spiritum
1660 5422 1752 5477 Dei
1805 5432 1899 5476 aut
1952 5422 2216 5495 Spiritum
2266 5415 2643 5495 Dominiwa
2679 5419 2829 5495 Unde
2860 5419 2963 5495 hoc
3001 5433 3107 5472 non
3149 5427 3412 5495 sequatur
3434 5432 3561 5470 mss.
3595 5415 3743 5495 unde

466 5484 571 5546 hoc
598 5486 855 5562 sequatur
930 5486 1022 5527 ¹⁷³⁸
1047 5495 1084 5548 F
1093 5494 1212 5550 ilius
1243 5484 1601 5551 vero-Patris
1651 5507 1756 5546 non
1807 5509 1934 5545 mss.
1988 5484 2035 5548 et
2087 5491 2235 5545 Edit.
2268 5492 2421 5546 Goth.
2471 5491 2588 5546 Filii
2617 5506 2745 5545 vero
2788 5489 3025 5562 Spiritus
3056 5502 3163 5562 non
3234 5484 3333 5518 "3’
3370 5484 3739 5562 Esﬂeoquod

465 5554 727 5634 scriptttiu
760 5581 886 5618 mss.
917 5579 982 5619 ex
1011 5580 1077 5618 eo
1104 5567 1248 5634 quod
1286 5566 1356 5618 ibi
1398 5562 1658 5633 scriptum
1735 5562 1827 5596 "*0
1879 5564 2042 5632 Sequi
2092 5562 2443 5633 intelligimus
2491 5578 2617 5615 mss;
2667 5554 3349 5634 consequi__itttel‘ligatutts
3423 5554 3741 5634 "didier

466 5624 592 5704 esse
628 5632 806 5687 Patris
841 5650 967 5688 nias.
994 5624 1154 5688 aliter
1178 5648 1301 5689 esse
1330 5624 1591 5704 Spiritum
1624 5633 1801 5689 Patris
1879 5624 1984 5666 ’Μ’
2014 5634 2187 5704 Audio
2213 5624 2354 5704 quod
2386 5633 2639 5704 Spiritus
2678 5647 2802 5685 mss.
2850 5624 3010 5704 audio
3039 5624 3166 5704 quia
3201 5627 3438 5704 Spiritus
3515 5624 3611 5658 'm
3635 5625 3737 5682 De-

468 5699 598 5760 bent
628 5705 768 5761 Quod
798 5705 1180 5759 dicitnusmss.
1215 5696 1409 5760 debent
1440 5704 1528 5774 qui
1582 5705 1809 5762 dic'tnus
1886 5705 1974 5737 ‘7'”
2010 5703 2196 5760 Verbis
2233 5696 2345 5759 'uou
2383 5696 2621 5773 legamus
2669 5718 2796 5759 mss.
2844 5699 3020 5754 verbis
3049 5698 3149 5753 hoe
3183 5696 3288 5752 non
3320 5696 3568 5767 legamus
