4050 6294
331 339 437 394 517

1406 333 1494 388 [τις
1535 328 2011 391 PROCESSIONE
2047 328 2106 387 S.
2145 328 2484 387 SPlRlTUS.

334 444 1920 517 assertione,eredantpariteruobiscumSpiritumsanstum
1952 450 2000 509 Α
2032 462 2137 502 non
2182 456 2287 503 est.
2323 444 2731 517 Respondemus
2766 447 2888 516 quia
2933 455 2993 501 et:
3037 446 3197 501 nimis
3241 457 3356 503 erat
3401 448 3615 504 difﬁcile

335 539 587 595 similiter
629 552 749 593 esse
778 535 957 591 Patris
986 545 1041 591 et
1086 535 1204 589 Filii
1233 536 1480 605 spiritum
1507 576 1521 600 ,
1546 545 1599 590 et
1627 536 1929 606 intelligant

336 647 456 686 eum
477 629 571 661 ""
600 646 629 683 a
656 628 827 694 Filio,
873 627 1015 683 sicut
1043 643 1072 683 a
1104 627 1268 681 Patre
1309 628 1621 698 procedere.
1662 627 1726 681 Et
1756 628 1806 681 si-
1833 641 1929 681 nos

340 722 736 792 reprehendere
782 719 1077 785 desinunt,
1133 718 1409 773 fateantur
1457 719 1739 773 nobiscum
1789 718 1928 781 hoc,

338 815 485 868 unde
505 822 841 883 cognoscunt
867 827 965 867 nos
997 810 1317 881 reprehendi
1356 827 1464 864 non
1494 812 1713 865 debere.

684 924 913 983 c.th
954 923 1100 978 xxu
1142 924 1239 997 [aL
1272 923 1414 996 XXI]
1440 925 1552 976 ίτισ,

339 1040 446 1094 Cur
484 1042 537 1094 in
579 1040 824 1110 Symbolo
867 1055 970 1092 non
1009 1039 1076 1092 sit
1115 1054 1358 1110 expresse
1397 1037 1657 1110 processio
1695 1016 1926 1110 Spiritus

408 1112 580 1164 murti
617 1106 647 1162 ἱι
696 1109 836 1162 Filio
879 1123 897 1160 :
937 1118 983 1161 et
1022 1125 1116 1161 cur
1154 1126 1185 1161 ιι
1230 1106 1434 1161 Latinis
1487 1106 1643 1175 fuerit
1683 1106 1922 1165 adiectu,

414 1181 613 1249 pinetis
649 1181 979 1233 incertam-tis.
1040 1230 1043 1233 .

409 1273 491 1325 Ad
525 1272 626 1325 hoc
655 1278 834 1323 autem
855 1310 869 1333 ,
920 1270 1062 1341 quod
1109 1286 1207 1324 nos
1246 1270 1648 1338 reprehendunt
1681 1271 1732 1323 itt
1763 1267 1925 1339 Sym-

341 1364 461 1419 bolo
499 1362 617 1424 illo,
648 1362 790 1431 quod
824 1362 1028 1431 pariter
1054 1377 1156 1416 nos
1182 1370 1235 1417 et
1265 1362 1339 1435 illi
1393 1362 1716 1431 suscipimus
1753 1369 1805 1413 et
1852 1372 1931 1414 te-

342 1471 531 1511 nemus
562 1454 835 1508 addidisse
886 1452 1148 1523 Spiritum
1196 1464 1444 1508 sanetum
1490 1469 1519 1506 a
1570 1451 1709 1507 Filio
1739 1465 1929 1521 proce-

341 1548 507 1609 dere;
541 1555 595 1601 et
627 1557 873 1616 qnzerunt
905 1561 1003 1602 cur
1041 1546 1141 1600 hoc
1187 1542 1390 1598 factum
1419 1544 1520 1609 sit,
1550 1553 1603 1597 et
1631 1558 1797 1611 quare
1827 1541 1930 1595 ltoc

342 1635 493 1704 prius
517 1651 706 1690 eorum
738 1636 994 1691 Ecclesiae
1028 1644 1386 1689 monstratmn
1417 1649 1520 1686 non
1547 1641 1659 1698 est,
1694 1639 1750 1684 ut
1781 1646 1931 1685 com-

343 1716 582 1780 muniter
627 1726 1086 1792 consideraretur,
1118 1734 1172 1780 et
1214 1724 1489 1778 communi
1525 1737 1793 1777 consensu
1829 1722 1927 1776 ad-

339 1814 562 1869 deretur
592 1816 735 1884 quod
765 1813 1070 1869 addendum
1101 1824 1223 1868 erat
1253 1829 1267 1869 :
1299 1813 1365 1865 ad
1392 1811 1524 1877 hoc,
1560 1811 1807 1879 inquam,
1842 1824 1931 1864 re-

340 1922 597 1976 sponsum
629 1906 902 1962 sulliciens
936 1907 1219 1962 habemus.
1268 1906 1401 1961 Nam
1435 1906 1479 1960 si
1526 1907 1789 1975 qtunritur
1834 1920 1929 1959 cur

342 2000 543 2054 factum
578 2000 679 2063 sit,
708 1999 939 2055 dicimus
965 2000 1090 2071 quia
1115 2014 1336 2054 necesse
1366 2007 1485 2055 erat
1516 2006 1733 2068 propter
1763 2012 1928 2067 quos-

342 2092 465 2144 datn
501 2090 681 2145 minus
730 2091 1126 2161 intelligentes,
1160 2092 1250 2161 qui
1281 2107 1388 2146 non
1417 2087 1930 2144 animadvertebant

343 2184 394 2236 iu
427 2184 534 2238 illis
555 2224 571 2248 ,
608 2201 729 2253 qua:
758 2184 1006 2238 universa
1036 2184 1210 2239 credit
1238 2183 1479 2238 Ecclesia
1498 2223 1512 2244 .
1546 2180 1814 2236 contineri
1838 2220 1851 2243 ,
1877 2189 1931 2234 et

341 2292 403 2330 ex
437 2276 521 2330 his
548 2276 702 2346 sequi
734 2277 998 2346 Spiritum
1026 2286 1275 2331 sanctum
1313 2277 1378 2331 de
1407 2277 1545 2331 Filio
1593 2278 1927 2347 procedere;

342 2386 407 2422 ιι.)
432 2372 571 2422 forte
608 2370 709 2423 hoc
732 2369 953 2424 credere
987 2370 1316 2423 dubitarent.
1350 2368 1502 2436 Quod
1532 2385 1692 2439 quam
1737 2384 1921 2423 neces-

345 2459 545 2513 sarium
588 2458 781 2525 fuerit,
811 2474 909 2527 per
934 2458 1050 2512 illos
1080 2460 1168 2528 qui
1203 2459 1303 2513 ltoc
1336 2470 1564 2526 negant,
1601 2460 1724 2529 quia
1757 2460 1808 2513 in
1843 2459 1931 2513 illo

347 2550 604 2619 Symlolo
635 2552 869 2618 positum
920 2568 1028 2604 neu
1075 2560 1186 2616 est,
1219 2553 1620 2623 COgnoscimus.
1666 2552 1929 2619 Quoniam

346 2640 508 2708 igitur
537 2650 592 2694 et
619 2641 923 2695 necessitas
967 2643 1232 2711 cogebat,
1264 2651 1319 2695 et
1365 2643 1508 2697 nulla
1556 2645 1694 2698 ratio
1744 2643 1929 2712 probi-

323 2727 536 2808 .behat,
568 2738 623 2781 et
654 2744 779 2784 vera
814 2730 945 2784 fides
976 2731 1076 2785 hoc
1105 2731 1454 2795 admittebat;
1488 2732 1811 2789 fiducialiter
1840 2749 1934 2789 asc

346 2819 511 2875 seruit
558 2819 857 2885 Latinitas,
911 2824 1053 2891 quod
1098 2824 1426 2878 credendum
1464 2834 1520 2879 et
1568 2828 1929 2880 confitendum

347 2925 464 2965 esse
502 2911 885 2980 cognoscebat.
936 2912 1155 2968 Scimus
1186 2915 1330 2969 enim
1378 2917 1519 2985 quod
1571 2933 1675 2972 non
1705 2918 1887 2972 omnia
1914 2958 1929 2983 ,

348 3017 464 3071 qua:
494 3004 721 3057 credere
764 3013 817 3058 et
862 3005 1106 3059 conlitcri
1158 3007 1448 3073 debemus,
1484 3008 1558 3062 ibi
1595 3009 1737 3063 dicta
1773 3020 1929 3077 sunt;

348 3108 443 3147 nec
491 3094 565 3148 illi
620 3096 710 3165 qui
759 3096 1071 3165 Symbolum
1123 3098 1253 3153 illud
1303 3100 1608 3168 di‘ctavere,
1648 3102 1932 3158 voluerunt

346 3184 500 3240 ﬁdem
527 3186 892 3240 Christianam
932 3204 1053 3243 esse
1085 3200 1400 3245 contentam
1449 3208 1512 3247 ea
1560 3196 1934 3248 tantummodo

347 3276 567 3333 credere
614 3286 668 3332 et
712 3280 992 3345 conﬁteri,
1037 3298 1155 3350 qua:
1200 3283 1288 3338 ubi
1321 3294 1636 3352 posuerunt.
1676 3284 1744 3339 Ut
1788 3287 1932 3340 enim

324 3367 453 3431 alia
500 3380 709 3423 taceam
729 3371 841 3437 ‘7”,
875 3388 980 3427 non
1032 3374 1103 3428 ibi
1136 3376 1337 3430 dicitur
1369 3378 1629 3434 Dominus
1669 3380 1735 3434 ad
1768 3380 1934 3436 infero

352 3476 475 3513 num
523 3461 897 3529 descendisse;
954 3466 1097 3534 quod
1149 3474 1327 3521 tatuen
1380 3470 1585 3538 pariter
1632 3481 1685 3527 et
1733 3488 1831 3528 nos
1879 3481 1933 3527 et

345 3551 514 3606 ϐπερὶ
547 3555 838 3609 credimus.
891 3557 946 3610 Si
996 3567 1176 3612 autem
1222 3560 1412 3613 dicunt
1456 3562 1602 3617 nullo
1649 3565 1809 3619 modo
1839 3565 1932 3619 de-

344 3642 524 3699 buisse
555 3647 829 3716 corrumpi
865 3648 1178 3719 Symbolum
1213 3662 1360 3705 tanta
1409 3656 1735 3710 auctoritate
1779 3666 1931 3711 taxa-

347 3743 453 3789 tum
476 3737 592 3803 ω’,
630 3754 727 3793 nos
760 3755 863 3794 non
889 3740 1199 3808 iudicamus
1228 3760 1346 3799 esse
1375 3748 1813 3816 corruptionem,
1840 3751 1927 3803 ubi

350 3830 477 3882 nihil
510 3830 865 3885 addimus‘m
894 3835 1034 3902 quod
1067 3836 1180 3899 his,
1219 3851 1338 3904 qua:
1376 3839 1440 3891 tbi
1476 3839 1616 3893 dicta
1650 3850 1807 3905 sunt,
1838 3842 1931 3894 ad-

347 3935 613 3978 versetur.
650 3924 715 3977 Et
743 3926 992 3994 quamvis
1038 3927 1327 3981 defendere
1368 3944 1648 3998 possemus
1672 3932 1762 3963 ‘7”
1794 3933 1930 3986 hanc

347 4014 702 4083 adjectionem
737 4032 841 4071 non
868 4033 986 4072 esse
1015 4020 1457 4087 corruptionem,
1505 4023 1548 4076 si
1583 4024 1706 4092 quis
1753 4032 1927 4077 tamen

349 4106 445 4158 ltot:
471 4107 816 4163 contentiose
844 4107 1079 4161 voluerit
1108 4124 1384 4174 asserere,
1416 4112 1805 4180 respoudenms
1833 4126 1931 4165 nos

349 4193 473 4248 illud
506 4211 615 4249 non
648 4197 989 4265 corrupisse,
1019 4196 1111 4251 sed
1139 4197 1282 4250 aliud
1323 4213 1518 4251 novum
1554 4199 1791 4254 edidisse
1822 4217 1835 4253 :
1868 4200 1931 4254 il-

348 4283 432 4337 lud
456 4284 602 4338 enim
632 4286 929 4338 seumdum
953 4284 1040 4316 "5'
1070 4288 1455 4355 proprietatetn
1488 4287 1660 4342 Grani
1689 4289 1930 4343 dictanti-

314 4372 319 4376 ’
348 4378 429 4429 nis
460 4375 818 4439 translatum,
848 4391 968 4429 cum
1000 4375 1105 4430 illis
1135 4377 1402 4444 integrum
1452 4394 1729 4433 servamus
1757 4391 1812 4434 et
1838 4396 1931 4434 ve-

2035 535 2274 602 Latinis,
2305 551 2493 590 eormn
2536 536 2823 606 episcopos
2870 536 2935 589 ad
2987 536 3375 591 consulendum
3408 537 3474 590 de
3509 539 3611 593 hac

2034 617 2093 681 re
2116 626 2401 698 colligere;
2432 641 2530 682 nec
2557 637 2677 682 erat
2700 643 2922 682 necesse
2947 629 3085 682 unde
3108 645 3214 682 non
3238 629 3488 683 dubitant
3513 629 3616 684 hoc

2034 719 2087 772 in
2118 721 2471 788 qua-stionem
2494 721 2593 752 ‘7“
2615 720 2904 775 adducere.
2933 720 3063 787 Qum
3087 730 3167 774 est
3196 722 3349 774 enim
3377 721 3615 775 Ecclesia

2036 798 2153 877 qua:
2184 811 2265 864 vel
2294 826 2389 880 per
2419 811 2823 880 amplitudinem
2859 812 3017 864 unius
3048 811 3194 881 regni
3225 810 3616 878 dilatatur’m,

2032 903 2119 956 cui
2147 919 2252 957 non
2286 903 2445 958 liceat
2488 903 2689 973 aliquid
2722 904 3017 956 secundum
3049 913 3248 956 rectam
3281 903 3441 956 tidem
3483 918 3617 956 con-

2032 981 2288 1059 stituere,
2337 988 2481 1065 quod
2518 995 2569 1049 in
2622 1005 2888 1050 conventu
2940 995 3123 1065 populi
3173 995 3378 1049 utiliter
3407 995 3619 1065 legatur

2033 1095 2127 1139 aut
2164 1087 2457 1140 cantetur?
2484 1086 2701 1152 Quanto
2731 1100 2870 1155 ergo
2890 1085 3060 1155 magis
3088 1084 3238 1139 licuit
3277 1084 3485 1139 Latinis
3515 1085 3618 1138 hoc

2032 1164 2343 1231 conStantcr
2378 1180 2623 1246 proferre
2644 1219 2658 1242 ,
2693 1177 2744 1230 in
2784 1192 2892 1246 quo
2920 1192 3107 1231 omnes
3137 1185 3325 1248 gentes
3352 1187 3405 1229 et
3433 1174 3616 1228 omnia

2031 1282 2228 1338 regna,
2267 1283 2389 1338 qua:
2434 1269 2643 1324 Latinis
2693 1278 2920 1323 tttuntur
2972 1268 3198 1330 litteris,
3237 1268 3443 1338 pariter
3489 1281 3627 1322 cons-

2031 1362 2161 1416 cord
2170 1370 2282 1414 aut.

2357 1450 2583 1506 carm
2626 1450 2788 1505 xxut
2837 1449 3241 1523 {uomitum

2030 1564 2253 1619 Summa
2286 1565 2538 1618 doctrina!
2559 1574 2605 1618 et
2627 1565 2989 1631 probationum
3015 1564 3359 1633 procrssionis
3386 1563 3619 1631 Spiritus

2585 1637 2750 1689 sancti
2780 1638 2843 1688 de
2876 1634 3038 1689 Filio.

2101 1724 2429 1793 Colligatth
2463 1726 2700 1780 breviter
2729 1726 2869 1795 quod
2915 1741 3075 1796 supra
3117 1726 3360 1796 pluribus
3394 1724 3621 1777 rationi-

1960 1801 2006 1859 Β
2035 1816 2134 1871 bus
2163 1816 2413 1871 effectum
2438 1827 2542 1871 est.
2570 1817 2796 1870 Constat
2822 1816 3224 1887 inexpugnabili
3261 1814 3469 1869 ratione
3500 1814 3622 1884 Spi-

2034 1910 2198 1962 ritum
2247 1919 2494 1963 sanctum
2527 1923 2648 1963 esse
2696 1908 2769 1963 de
2811 1908 2946 1964 Filio
2968 1949 2981 1972 ,
3014 1909 3170 1963 sicuti
3215 1919 3300 1962 est
3332 1908 3397 1961 de
3426 1906 3617 1973 Patre;

2032 2015 2133 2054 nec
2167 2009 2346 2053 tamen
2373 2015 2493 2054 esse
2526 2000 2679 2070 quasi
2719 2000 2783 2054 de
2813 2000 3023 2054 duobus
3049 2000 3300 2061 diversis,
3325 1999 3417 2053 sed
3461 1999 3619 2069 quasi

2033 2093 2099 2145 de
2132 2091 2371 2145 unum“.
2409 2092 2486 2146 Ex
2522 2107 2586 2146 eo
2615 2092 2784 2157 enim,
2819 2090 2961 2160 quod
2989 2089 3150 2145 Pater
3176 2101 3233 2169 et
3254 2090 3424 2145 Filius
3454 2106 3619 2144 umtm

2032 2194 2190 2248 sunt,
2225 2184 2274 2238 id
2307 2193 2391 2240 est
2437 2201 2501 2239 ex
2536 2185 2676 2249 Deo,
2709 2194 2794 2239 est
2836 2183 3071 2253 Spiritus
3118 2192 3381 2248 sanctus;
3422 2198 3525 2236 nou
3555 2197 3623 2235 ex

2033 2292 2128 2339 co,
2163 2277 2304 2331 unde
2337 2278 2427 2331 alii
2462 2287 2589 2331 sunt
2621 2277 2689 2332 ab
2723 2277 2999 2341 invicem,
3022 2276 3116 2331 sed
3149 2275 3406 2345 quoniam
3449 2272 3620 2336 Deus,

2034 2369 2101 2422 de
2149 2384 2256 2438 quo
2299 2376 2383 2423 est
2435 2368 2673 2438 Spiritus
2712 2376 2969 2431 sanctus,
3002 2375 3085 2420 est
3135 2364 3291 2419 Pater
3320 2372 3375 2419 et
3424 2361 3620 2424 Elius;

2034 2458 2241 2513 idcirco
2273 2474 2401 2513 vere
2434 2459 2634 2513 dicitur
2662 2474 2782 2514 esse
2808 2459 2872 2512 de
2900 2457 3063 2513 Patre
3097 2466 3152 2512 et
3183 2456 3320 2511 Filio
3341 2496 3355 2520 ,
3388 2453 3479 2524 qui
3515 2450 3624 2505 duo

2022 2548 2179 2604 Sunt.
2216 2549 2283 2603 Et
2311 2550 2570 2619 quoniam
2603 2550 2761 2604 Pater
2787 2566 2893 2604 non
2940 2559 3024 2604 est
3051 2548 3203 2618 prior
3232 2560 3317 2600 aut
3355 2544 3625 2617 posterior

2035 2639 2200 2704 Filio,
2245 2650 2337 2693 aut
2384 2640 2556 2711 major
2604 2650 2699 2695 aut
2735 2641 2934 2704 minor,
2984 2655 3082 2694 uec
3133 2639 3273 2693 alter
3308 2635 3480 2704 magis
3531 2642 3624 2687 aut

2036 2730 2216 2786 minus
2246 2740 2327 2786 est
2352 2730 2493 2786 Deus
2524 2747 2687 2802 quam
2724 2731 2860 2786 alter
2894 2749 2907 2784 :
2941 2746 3045 2785 non
3095 2739 3178 2784 est
3229 2726 3465 2796 Spiritus
3493 2741 3623 2779 san-

2035 2834 2155 2880 ctus
2180 2825 2331 2895 prius
2374 2825 2442 2880 de
2484 2824 2686 2899 Patre,
2715 2840 2876 2895 quam
2923 2824 2990 2878 de
3036 2822 3204 2887 Filio;
3240 2835 3337 2875 nec
3363 2820 3428 2873 de
3456 2817 3624 2883 Filio,

2020 2908 2198 2986 quam
2227 2918 2291 2971 de
2323 2915 2518 2983 Patre;
2553 2932 2655 2971 nec
2702 2914 2875 2984 major
2909 2930 3010 2970 nec
3055 2915 3232 2969 minor
3259 2921 3341 2967 est
3384 2910 3625 2965 existens

2036 3010 2100 3063 de
2127 3009 2319 3073 Patre,
2372 3025 2536 3079 quam
2571 3009 2812 3064 existens
2845 3007 2912 3061 de
2953 3006 3124 3073 Filio;
3173 3022 3273 3061 nec
3309 3004 3481 3073 magis
3525 3017 3625 3057 nec

2039 3098 2219 3154 minus
2240 3108 2319 3154 est
2351 3100 2415 3153 de
2443 3115 2581 3163 uno,
2608 3115 2772 3169 quam
2798 3100 2863 3153 de
2887 3098 3079 3153 altero.
3112 3096 3246 3151 Nam
3278 3097 3323 3150 si
3354 3100 3505 3167 prius
3528 3102 3624 3148 aut

2042 3202 2192 3262 post,
2220 3192 2305 3245 vel
2325 3192 2414 3223 ”"
2442 3192 2619 3263 major
2645 3191 2727 3246 vel
2757 3192 2957 3256 minor,
2986 3199 3081 3245 aut
3122 3190 3292 3260 magis
3323 3200 3417 3244 aut
3446 3190 3625 3245 minus

2039 3284 2104 3336 de
2134 3297 2241 3336 uno
2270 3290 2412 3336 esset
2440 3297 2604 3352 quam
2645 3283 2709 3337 de
2736 3282 2942 3345 altero,
2976 3297 3042 3336 ex
3073 3282 3398 3335 necessitate
3429 3297 3625 3350 seque-

2038 3381 2193 3427 retur
2218 3380 2276 3427 ut
2308 3381 2402 3426 aut
2438 3372 2673 3442 Spiritus
2700 3382 2923 3449 sanctus
2960 3387 3067 3426 non
3097 3380 3240 3425 esset
3286 3372 3353 3425 de
3385 3371 3518 3437 hoe,
3569 3371 3622 3424 in

2036 3480 2143 3535 quo
2174 3479 2338 3518 unum
2366 3474 2488 3519 sunt
2512 3464 2677 3519 Pater
2699 3474 2749 3519 et
2779 3465 2979 3530 Filius;
3005 3471 3100 3517 aut
3127 3464 3300 3533 ipsum
3325 3477 3488 3516 unum
3515 3478 3621 3516 non

2035 3567 2181 3611 esset
2206 3556 2446 3627 perfecte
2479 3565 2534 3611 et
2560 3555 2882 3624 simpliciter
2909 3569 3100 3617 unum,
3124 3553 3217 3607 sed
3246 3561 3392 3606 esset
3421 3552 3491 3606 ibi
3518 3552 3623 3606 ali-

2034 3666 2138 3721 qua
2174 3650 2495 3712 diversitas,
2528 3648 2595 3703 de
2628 3664 2731 3717 qua
2765 3648 2874 3713 illa,
2909 3663 3070 3717 quam
3097 3648 3225 3712 dixi,
3256 3647 3308 3701 in
3339 3642 3624 3701 existcndo

2035 3744 2100 3799 de
2129 3746 2319 3800 eodem
2347 3760 2454 3798 uno
2485 3743 2745 3813 Spiritum
2781 3750 3031 3796 sanctum
3052 3741 3168 3807 '7",
3195 3748 3340 3795 esset
3362 3738 3620 3793 varietas.

2035 3835 2142 3891 Sed
2178 3838 2280 3892 dici
2328 3852 2434 3890 non
2487 3843 2664 3906 potest
2706 3834 2851 3905 quod
2885 3833 3123 3904 Spiritus
3154 3840 3382 3887 sanctus
3416 3845 3520 3884 non
3551 3830 3622 3883 sit

2033 3926 2099 3980 de
2129 3928 2227 3981 hoc
2250 3967 2262 3989 ,
2296 3928 2348 3980 in
2378 3941 2484 3995 quo
2520 3941 2685 3979 unum
2720 3933 2845 3978 sunt
2876 3924 3039 3979 Pater
3066 3933 3119 3976 et
3150 3922 3349 3982 Filius;
3383 3919 3621 3989 alioquin

2035 4030 2139 4067 non
2192 4024 2337 4068 esset
2384 4015 2448 4068 de
2500 4013 2628 4067 Deo.
2681 4013 2791 4067 Nec
2821 4012 2970 4067 credi
3021 4013 3181 4066 debet
3212 4010 3351 4078 quod
3402 4011 3452 4063 in
3505 4010 3623 4078 ipso

2034 4102 2245 4155 uno'm
2275 4102 2376 4167 sit,
2408 4103 2704 4156 secundum
2736 4102 2877 4171 quod
2923 4111 3038 4164 est,
3082 4101 3261 4169 aliqua
3311 4098 3623 4152 diversitas.

2033 4191 2213 4260 Quare
2248 4208 2347 4246 nec
2379 4194 2527 4263 prius
2550 4208 2648 4246 nec
2678 4201 2816 4261 post,
2846 4207 2947 4246 nec
2975 4190 3151 4261 major
3173 4199 3267 4243 ant
3294 4188 3492 4252 minor,
3523 4201 3622 4242 nec

2004 4286 2204 4356 'magis
2252 4296 2345 4340 aut
2393 4286 2571 4340 minus
2622 4295 2705 4340 est
2759 4283 2996 4353 Spiritus
3047 4291 3267 4337 sanctus
3318 4283 3383 4336 de
3428 4280 3618 4345 Patre,

2032 4396 2191 4450 quam
2222 4378 2287 4432 de
2327 4378 2496 4444 Filio;
2528 4387 2621 4432 aut
2652 4378 2719 4431 de
2766 4376 2932 4443 Filio,
2965 4390 3126 4445 quam
3174 4375 3243 4429 de
3292 4373 3471 4428 Patre.
3504 4371 3619 4425 Non

349 4483 631 4532 iterantur;
667 4466 807 4520 istud
837 4476 1049 4532 autem,
1103 4469 1308 4537 qtto""
1348 4470 1686 4539 frequentius
1732 4473 1784 4527 in
1834 4489 1927 4543 po-
1958 4475 2177 4538 Denim
2227 4489 2364 4527 unus
2413 4472 2663 4542 idemque
2710 4469 2947 4541 Spiritus
2993 4477 3249 4532 sanctus,
3307 4468 3398 4537 qui
3450 4463 3620 4520 semel

348 4558 450 4625 puli
482 4558 761 4611 audientia
814 4558 1036 4624 utimur,
1086 4559 1280 4615 Latino
1312 4578 1461 4616 more
1507 4562 1765 4618 dictatum
1799 4582 1921 4619 cum

348 4648 654 4704 addimento
684 4650 999 4718 supradicto
1035 4650 1324 4705 edidimus.
1359 4650 1513 4718 Quod
1542 4662 1722 4706 autem
1775 4670 1924 4723 quae-

348 4738 500 4802 titur,
518 4753 690 4809 quare
707 4739 809 4793 hoc
831 4738 1145 4795 Griecorum
1170 4740 1412 4795 ecclesiae
1433 4755 1701 4796 consensu
1726 4741 1928 4796 factum

2037 4575 2180 4619 totus
2206 4564 2377 4619 estde
2402 4562 2510 4617 Deo
2535 4570 2666 4625 toto,
2695 4559 2973 4630 magis‘m
3006 4567 3100 4613 aut
3124 4557 3410 4614 minus‘m
3444 4562 3622 4627 potest

2033 4672 2153 4711 esse
2190 4658 2255 4711 de
2284 4669 2389 4709 uno
2422 4664 2475 4709 et
2500 4667 2708 4709 summe
2736 4652 2963 4723 simplici
2984 4652 3072 4683 ‘7"
3106 4649 3239 4706 Deo.

1620 4880 1848 4935 VARle
1890 4878 2290 4938 LECTIONES.

416 5032 912 5108 ‘7‘:Et_intttlligen_t
931 5049 1053 5108 eum
1072 5052 1196 5108 mss.
1216 5045 1271 5108 et
1298 5034 1439 5090 Edit.
1473 5036 1627 5091 Galli.
1653 5045 1705 5091 et
1734 5037 2033 5108 intelligant
2056 5054 2177 5093 eum
2208 5056 2304 5091 ms.
2332 5037 2488 5092 Corb.
2516 5038 2814 5106 intelligant
2843 5052 2965 5090 eum
3043 5034 3133 5067 "‘5
3162 5032 3289 5088 Car.
3316 5031 3403 5086 9|.
3438 5028 3532 5086 Est
3561 5034 3619 5087 in

344 5117 437 5154 ms.
475 5101 633 5156 (ξονι).
663 5101 915 5172 (ἰαμβειὶ.

998 5106 1088 5137 ’⁷⁵⁷
1116 5104 1180 5161 Ut
1209 5106 1310 5159 alia
1347 5118 1551 5161 taceam
1581 5125 1704 5161 mss.
1741 5118 1798 5163 ttt
1823 5104 1970 5163 enim
2011 5110 2113 5163 alia
2148 5118 2352 5162 taceant
2433 5109 2526 5143 ⁸⁷⁵⁸
2566 5104 2907 5163 Aueioritate
2943 5107 3214 5159 lirmatum
3262 5119 3386 5156 mss.
3421 5112 3617 5157 aucto-

347 5172 500 5225 ritate
549 5184 789 5227 taxatum
870 5173 960 5205 ""9
996 5174 1095 5232 Ubi
1131 5176 1261 5230 nihil
1292 5176 1598 5231 addidimus
1631 5194 1753 5232 mss.
1820 5177 1949 5233 Vict.
1989 5179 2144 5233 (ἐστι).
2199 5177 2284 5232 ubi
2342 5179 2474 5233 nihil
2525 5181 2776 5233 addimus
2854 5176 2945 5208 ¹⁷⁸⁰
2999 5174 3297 5229 Defendere
3329 5187 3616 5241 possemus

344 5257 463 5295 ωδε,
511 5241 640 5295 νέω,
678 5242 834 5298 σοι-ι),
868 5244 1156 5301 defendere
1181 5247 1448 5314 possimus
1524 5249 1614 5280 ίτδι
1644 5248 1772 5302 Illud
1806 5251 2102 5304 secundum
2147 5265 2272 5301 mss.
2316 5249 2445 5303 illud
2473 5250 2615 5303 enim
2660 5248 2955 5302 secundum
2985 5262 3082 5298 ms.
3123 5244 3280 5297 (ἐστι).
3311 5243 3444 5314 iilud
3469 5244 3612 5312 quod

346 5315 639 5388 figultttdttut
705 5314 808 5388 ff”
840 5314 971 5367 lllttd
1011 5313 1328 5388 atttent‘quo
1372 5333 1496 5388 mss.
1530 5319 1671 5373 istud
1723 5328 1902 5373 autem
1940 5335 2050 5388 quo
2125 5318 2217 5351 ‘7'”
2248 5319 2303 5373 lu
2346 5322 2448 5373 hoc
2478 5319 2832 5388 qtttestionem
2864 5333 2992 5388 mss.
3040 5316 3140 5388 hoc
3159 5314 3225 5388 _in
3258 5313 3610 5388 qtucstiongnt

347 5380 431 5459 "1""
473 5381 640 5459 Regni
686 5384 943 5459 dilatatur
983 5402 1105 5459 pnas.
1180 5380 1309 5459 Υἱὲ-ι.
1358 5387 1511 5441 Corb.
1574 5390 1738 5459 Regni
1783 5380 2036 5444 dilatet-ur
2114 5390 2204 5421 ⁸⁷³³
2249 5390 2378 5443 ΟΜ».
2422 5380 2515 5443 ἳξὶξ
2580 5388 2670 5441 Est
2716 5390 2769 5441 in
2819 5385 3108 5459 ms.‘Corb.
3145 5380 3442 5459 Cupﬂﬂﬁ.
3522 5380 3614 5459 "f'

354 5450 480 5528 lisse
511 5450 814 5528 tle-duobus
840 5456 1087 5517 diversis,
1121 5457 1212 5509 sed
1247 5457 1327 5528 de
1356 5473 1463 5511 uno
1494 5476 1618 5513 mss.
1652 5450 1775 5513 csse
1805 5460 1958 5528 quasi
2008 5462 2073 5516 de
2114 5460 2326 5513 duobus
2363 5460 2619 5524 diversis,
2671 5459 2763 5512 sed
2801 5456 2954 5526 quasi
2984 5461 3049 5511 de
3078 5472 3184 5528 uno
3222 5450 3347 5487 "7"
3387 5455 3519 5509 Nam
3546 5452 3613 5528 de

343 5520 507 5600 altero
546 5523 588 5576 si
619 5524 887 5600 pri_t_)r_a_nt
918 5529 1204 5595 posterior,
1249 5526 1478 5600 vclnsiss.
1516 5546 1640 5582 nam
1682 5530 1725 5583 si
1756 5520 1905 5598 prius
1937 5540 2031 5585 aut
2061 5540 2188 5600 post
2216 5530 2296 5584 vel
2328 5530 2417 5563 ³⁷⁵⁸
2445 5530 2521 5583 De
2553 5520 2659 5582 uno
2704 5520 2891 5600 eodem
2925 5527 3514 5600 SpiritttSauetomss.
3547 5524 3615 5577 de

343 5594 526 5680 eodem
558 5584 955 5680 l-lIiQ‘Spil'llttt'tl
998 5584 1247 5678 sanctum
1327 5584 1417 5679 "3.9
1459 5599 1609 5680 Quod
1640 5600 1690 5654 in
1730 5584 1846 5668 ipso
1877 5617 1983 5680 uno
2013 5584 2109 5680 tu}.
2158 5599 2287 5653 Vict.
2330 5600 2414 5655 15.
2452 5602 2593 5680 quod
2630 5584 3002 5680 exmipsonuni)
3070 5597 3175 5680 f7”
3206 5597 3306 5680 Qui
3333 5594 3493 5651 simul
3526 5604 3611 5680 est

347 5672 505 5739 tatus,
549 5666 613 5717 de
648 5663 755 5739 Deo
783 5675 915 5739 toto,
950 5667 1120 5739 magis
1156 5684 1279 5721 mss.
1311 5669 1400 5736 qui
1433 5663 1599 5724 semel
1646 5663 1787 5724 totus
1816 5679 1899 5724 est
1927 5672 1993 5725 de
2026 5671 2133 5725 Deo
2162 5679 2291 5729 toto.
2339 5663 2512 5739 magis
2562 5687 2661 5723 ms.
2699 5663 2832 5723 'l'liu.
2866 5672 2955 5723 illi.
2990 5669 3083 5738 qui
3124 5663 3291 5723 semel
3341 5676 3486 5720 lotus
3520 5673 3610 5739 est

344 5732 404 5786 de
437 5734 566 5800 Deo,
600 5735 768 5806 magis
848 5736 934 5766 “"
976 5732 1139 5801 Magis
1182 5749 1264 5791 aut
1303 5732 1479 5793 ιιίἰιιιιδ
1511 5756 1632 5793 nias.
1670 5757 1717 5793 ιιι
1760 5740 1840 5808 gis
1869 5751 1919 5794 et
1955 5740 2131 5795 minus
2214 5742 2299 5771 '7”
2331 5741 2392 5796 Et
2431 5732 2647 5797 Sittium!
2680 5740 2905 5810 simplici
2943 5732 3064 5793 ιιιδέ.
3116 5755 3323 5794 summo
3376 5734 3615 5804 simplici
