4050 6294
460 279 564 338 319

850 394 1080 450 CAPUT
1118 395 1285 452 XXIV
1313 395 1663 519 plexam),

726 475 872 518 tutus
904 478 1112 519 sanctus
1142 484 1243 519 non
1279 479 1341 519 su
1374 483 1606 519 nrmcnia
1631 476 1663 519 tl

458 464 614 531 Quod
642 463 872 534 Spiritus
904 478 1112 520 sanctus
1142 484 1243 519 non
1279 463 1343 520 sit
1372 463 1728 535 principafilcr
1753 466 1818 520 de
1848 465 2030 528 Patre.

526 573 681 643 Quod
712 576 759 630 si
791 577 988 631 dicitur
1014 575 1246 646 quia‘m
1293 576 1529 646 Spiritus
1571 586 1794 631 sanctus
1826 576 2031 646 princi-

455 664 652 732 paliter
674 665 841 720 estde
873 665 1060 731 Patre,
1085 666 1240 734 quasi
1268 667 1440 737 magis
1461 667 1534 721 ait
1559 668 1626 721 de
1679 666 1841 737 Patre
1866 682 2030 737 quam

452 756 522 807 de
556 754 711 819 Filio,
750 770 855 810 non
902 756 975 810 ita
1027 756 1313 811 dicendum
1342 766 1427 813 est
1456 767 1515 813 ut
1545 758 1878 828 intelligatur
1922 757 2031 813 ulla

451 845 834 910 pmdietarum
859 846 1186 902 varietatum
1216 848 1425 914 inesse;
1457 849 1550 903 sed
1577 850 1831 918 quoniam
1860 847 2031 904 Filius
2076 888 2079 889 ν

448 936 555 989 hoc
586 935 728 1004 quod
764 945 890 1003 est,
936 938 1002 991 de
1048 938 1206 992 Patre
1236 939 1430 1003 habet,
1466 940 1671 994 idcirco
1700 940 1803 995 hoc
1852 938 2028 1009 ipsum

448 1024 593 1090 quod
625 1022 865 1092 Spiritus
891 1036 1114 1081 sanctus
1139 1037 1223 1082 est
1243 1027 1311 1083 de
1339 1027 1499 1093 Filio,
1524 1029 1726 1084 habere
1750 1029 1815 1084 de
1844 1028 2027 1095 Patre,

446 1113 517 1166 de
558 1129 667 1181 quo
700 1116 878 1171 habet
905 1132 1058 1183 esse,
1102 1134 1209 1173 non
1252 1119 1698 1177 inconv'enienter
1744 1122 2026 1177 asseritur.

440 1202 715 1268 Quoniam
745 1216 923 1261 tamen
962 1208 1043 1262 sic
1074 1208 1234 1263 habet
1280 1224 1402 1265 esse
1437 1210 1502 1265 de
1532 1209 1692 1265 Patre
1738 1210 1941 1277 Filius,
1969 1220 2028 1265 ut

458 1296 781 1350 οιτιιιίιιοιτιη
812 1300 1043 1368 idipsnm
1072 1302 1143 1355 sit
1164 1302 1306 1372 quod
1333 1301 1513 1367 Pater,
1537 1312 1591 1357 et
1616 1317 1753 1356 unus
1781 1304 2029 1373 idemque

453 1385 590 1440 Deus
621 1403 636 1441 :
669 1389 808 1442 sicut
835 1391 980 1445 solus
1009 1401 1063 1445 et
1096 1380 1325 1461 simplex
1373 1391 1516 1448 Deus
1550 1402 1864 1462 nou’potest
1909 1410 2026 1449 esse

446 1476 624 1545 major
651 1481 730 1537 vel
750 1482 936 1537 minor
960 1484 1159 1552 seipse,
1190 1499 1290 1552 inec
1310 1485 1459 1554 prior
1481 1501 1581 1540 nec
1611 1486 1899 1554 posterior,
1926 1502 2026 1542 nec

449 1570 652 1639 aliquid
693 1573 744 1627 in
793 1589 849 1628 se
893 1575 1054 1630 habet
1082 1577 1390 1643 diversum;
1443 1578 1521 1632 sic
1568 1579 1679 1649 60
1725 1579 1896 1634 Filius
1928 1596 2027 1634 nec

370 1660 375 1663 “
447 1658 599 1725 prior
629 1675 728 1716 nec
756 1664 1044 1731 posterior.
1078 1680 1177 1720 nec
1200 1667 1371 1737 major
1399 1682 1501 1723 nec
1524 1669 1702 1723 minor
1726 1678 1809 1725 est
1838 1670 2017 1736 Patre,

445 1765 548 1804 nec
574 1750 740 1807 habet
767 1753 969 1824 aliquid
1015 1756 1067 1811 in
1099 1772 1157 1812 se
1193 1757 1469 1813 diversum
1517 1760 1585 1814 ab
1626 1776 1725 1824 eo;
1759 1762 1853 1819 sed
1882 1741 2099 1822 sicut.B

443 1841 611 1896 habet
644 1846 710 1898 ab
743 1844 833 1898 illo
859 1846 1098 1916 perfecte
1132 1863 1253 1905 esse
1274 1889 1288 1915 ,
1322 1851 1393 1903 ita
1426 1850 1588 1905 habet
1623 1866 1718 1921 per
1748 1851 1931 1905 omnia
1956 1853 2025 1907 ab

437 1933 631 1986 eodem
653 1937 912 2005 aequalem
938 1936 1012 1991 illi
1037 1949 1093 1993 et
1112 1939 1344 1993 similem
1360 1941 1474 2005 ³⁷⁸⁵,
1498 1941 1605 1995 imo
1629 1943 1861 2010 idipsum
1883 1957 2024 1998 esse.

444 2023 784 2093 Quapropter
808 2026 949 2081 sicut
992 2026 1154 2083 Pater
1190 2045 1295 2083 non
1324 2038 1408 2084 est
1450 2032 1619 2102 magis
1651 2031 1792 2084 Deus
1861 2047 2023 2101 quam

444 2114 648 2180 Filius,
687 2119 937 2187 quamvis
982 2119 1155 2176 Filius
1207 2122 1405 2177 habeat
1453 2139 1576 2179 esse
1621 2125 1690 2180 de
1708 2125 1798 2157 ¹⁷⁶⁶
1832 2123 2022 2191 Patre;

445 2209 518 2262 ita
553 2226 658 2263 non
685 2222 772 2266 est
798 2215 968 2284 magis
996 2214 1232 2285 Spiritus
1278 2227 1499 2272 sanctus
1526 2217 1594 2273 de
1658 2218 1815 2273 Patre
1861 2233 2023 2287 quam

443 2303 510 2355 ale
534 2302 695 2368 Filio,
741 2305 870 2360 licet
904 2308 1074 2364 Filius
1100 2325 1128 2362 a
1158 2310 1318 2366 Patre
1348 2311 1548 2365 habeat
1569 2350 1585 2376 ,
1624 2319 1683 2365 ut
1714 2313 1780 2367 de
1829 2312 1922 2367 illo
1952 2313 2024 2367 sit

442 2394 679 2463 Spiritus
715 2408 961 2454 sanctus.
994 2399 1145 2455 lurco
1172 2402 1316 2456 enim
1346 2402 1398 2456 in
1440 2419 1547 2472 quo
1570 2413 1655 2457 est
1685 2418 1824 2458 unus
1854 2403 2025 2458 idem-

439 2501 546 2553 que
569 2503 689 2540 eum
719 2487 912 2553 Patre.
954 2491 1007 2545 id
1038 2501 1123 2547 est
1159 2493 1211 2547 in
1239 2507 1305 2549 eo
1327 2496 1470 2563 quod
1501 2495 1642 2549 Deus
1672 2507 1777 2559 est,
1811 2511 1919 2551 non
1941 2505 2028 2550 est

441 2575 687 2629 alius‘m
720 2579 807 2632 ille
828 2619 843 2643 ,
872 2589 923 2634 et
952 2582 1092 2636 alius
1122 2581 1316 2649 Pater;
1366 2598 1542 2652 neque
1569 2584 1903 2639 dissimiliter
1930 2585 2025 2638 ha—

441 2665 528 2719 bet
557 2666 891 2737 aliquid‘m,
924 2673 1050 2739 quia
1096 2686 1203 2727 non
1256 2680 1341 2726 est
1389 2672 1532 2726 alius
1575 2673 1716 2726 Deus
1742 2672 1924 2736 Pater,
1970 2680 2027 2727 et

438 2756 579 2811 alius
622 2759 763 2811 Deus
804 2759 1002 2827 Filius;
1038 2776 1211 2832 neque
1249 2762 1587 2818 dissimiliter
1631 2773 1757 2819 sunt
1796 2763 1852 2817 id
1882 2763 2023 2833 quod

439 2855 597 2910 sunt,
629 2850 724 2902 sed
753 2850 806 2903 in
839 2867 904 2905 co
930 2854 1075 2921 quod
1104 2852 1196 2908 ille
1226 2862 1310 2908 est
1354 2853 1537 2918 Pater,
1583 2854 1682 2908 iste
1711 2854 1907 2920 Filius;
1941 2862 2026 2909 est

440 2935 579 2989 alius
612 2938 731 3001 ille,
763 2948 819 2994 et
858 2942 996 2995 alius
1025 2942 1257 2998 iste"“.
1293 2944 1361 2999 Et
1388 2944 1529 2999 sicut
1575 2945 1745 2999 Filius
1789 2961 1895 3000 non
1942 2956 2025 3001 est

435 3023 578 3079 alius
623 3024 764 3080 Deus
794 3042 956 3096 quam
990 3029 1180 3097 Pater;
1241 3032 1315 3087 ita
1366 3035 1663 3087 secundum
1705 3035 1849 3104 quod
1882 3034 2024 3089 Deus

971 282 1030 338 S.
1068 282 1365 339 ANSELMI
1398 281 1743 340 CANTUAR.
1793 282 2117 339 ARCHIEP.
2164 285 2326 342 ΟΜ).
2354 286 2548 345 PARS
2582 289 2623 345 ‘l.
2666 318 2733 330 -—
2775 290 3191 347 DOGMATICA.

3608 296 3711 348 320

2064 400 2110 458 Α
2141 398 2537 467 principaliter,
2561 399 2807 458 volumus
2829 402 3138 472 signiﬁcare
3154 408 3302 474 quod
3328 408 3499 477 ιιιςιδίδ
3518 408 3584 461 sit
3612 409 3713 473 hoc
3797 459 3803 466 .

2135 487 2277 557 quod
2307 488 2507 545 dicitur
2545 504 2663 546 esse
2691 492 3081 561 principaliter,
3128 510 3290 565 quam
3322 497 3451 551 illud
3478 498 3544 552 ad
3569 502 3712 569 quod

2134 579 2371 635 refertur
2396 594 2412 634 :
2442 589 2502 635 ut
2552 596 2675 635 cum
2719 582 3063 652 dispensator
3094 584 3322 654 alicujus
3349 587 3553 642 domini
3596 590 3716 660 ejus

2132 677 2405 739 praecepto
2440 670 2615 739 pascit
2658 669 2919 726 familiam
2969 672 3188 738 domus,
3228 674 3477 730 dominus
3514 677 3715 747 princi-

2131 758 2326 828 paliter
2368 767 2425 813 et
2470 760 2643 829 magis
2676 776 2795 816 eam
2851 777 3076 832 pascere
3122 775 3271 821 recte
3302 766 3519 830 dicitur,
3552 784 3708 836 quatr

2132 849 2494 918 dispensator.
2535 850 2668 905 Nam
2698 866 2803 906 non
2837 853 3018 907 omnia
3044 868 3163 923 quae
3202 855 3440 911 sunt'm
3478 840 3721 922 domini,‘

2129 947 2258 994 sunt
2300 940 2695 1010 dispensatoris
2746 942 3061 1012 aequaliter;
3099 944 3239 998 sicut
3293 960 3357 1000 ea
3410 961 3533 1015 quae
3588 957 3708 1001 sunt

2128 1028 2342 1096 Patris,
2368 1031 2491 1087 Filii
2523 1048 2738 1104 quoque
2774 1043 2900 1089 sunt
2926 1050 3032 1090 non
3065 1035 3427 1106 inzeqnaliter.
3478 1110 3483 1113 μ

2586 1252 2589 1255 δ
2646 1179 2879 1236 CAPUT
2919 1181 3060 1236 xxv
3084 1182 3197 1237 ιττι.

2130 1290 2403 1347 Processio
2432 1293 2545 1348 Ita'c
2565 1293 2762 1347 nullam
2775 1294 3110 1378 .intra_D_eum
3134 1297 3457 1367 priorilatem
3488 1299 3713 1360 inducit.

2732 1380 2830 1419 nm
2858 1382 3095 1434 ortgmts.
3346 1378 3347 1383 ‘
3438 1390 3441 1391 ν

2199 1473 2417 1541 Qumret
2465 1472 2698 1553 forsitan
2755 1475 2953 1545 aliquis
3015 1487 3071 1533 et
3126 1478 3413 1534 mirabitur
3462 1479 3647 1538 dicens
3698 1498 3713 1537 :
3784 1550 3789 1551 ί

2128 1563 2410 1632 Quomodo
2457 1576 2636 1636 potest
2688 1567 2913 1639 intelligi
2966 1578 3026 1623 ut
3094 1570 3297 1641 aliquid
3352 1572 3548 1629 habeat
3593 1590 3723 1630 esse

2130 1659 2299 1713 de"?6
2338 1658 2550 1732 aliquo;
2583 1668 2635 1716 ct
2661 1676 2767 1716 non
2799 1662 2869 1718 sit
2897 1662 3080 1733 aliquo
3106 1663 3266 1719 modo
3290 1663 3363 1732 id,
3390 1667 3454 1720 de
3479 1681 3586 1737 quo
3608 1677 3715 1733 est,

2128 1753 2477 1824 principalius
2516 1763 2571 1809 ct
2617 1755 2859 1826 dignius;
2909 1765 2963 1810 et
2998 1755 3135 1829 hoc,
3183 1758 3325 1828 quod
3379 1773 3443 1817 ex
3487 1742 3554 1814 eo
3595 1772 3715 1823 est,

2128 1844 2527 1914 quodammodo
2552 1846 2729 1901 minus
2761 1855 2815 1902 et
2844 1846 2996 1916 quasi
3025 1847 3409 1902 secundarium
3440 1865 3454 1901 :
3480 1860 3718 1917 praaser-

2131 1938 2225 1991 tim
2260 1953 2381 1992 cum
2415 1937 2466 1992 id
2498 1939 2641 2008 quod
2681 1948 2764 1992 est
2808 1939 2875 1994 de
2903 1922 3401 2008 aliquo,vidcatur
3442 1939 3716 2010 indigere,

2128 2041 2186 2084 ut
2229 2030 2334 2094 sit,
2364 2044 2431 2085 eo
2479 2032 2545 2085 de
2575 2031 2789 2100 quo""
2819 2041 2939 2097 est;
2990 2030 3118 2085 illml
3157 2047 3315 2099 vero,
3350 2031 3416 2085 de
3463 2047 3569 2102 quo
3595 2039 3678 2104 est
3702 2071 3718 2095 ,

2126 2139 2468 2195 nequaquam
2495 2135 2651 2196 egeat
2698 2140 2762 2179 eo
2803 2124 2944 2195 quod
2977 2123 3043 2179 de
3090 2140 3148 2179 se
3194 2127 3315 2181 est?
3350 2126 3427 2180 Ad
3459 2127 3599 2195 quod
3633 2141 3722 2179 re:

2128 2214 2503 2281 spondendum
2533 2214 2659 2284 quia
2686 2214 2826 2268 sicut
2854 2216 3091 2269 essentia
3123 2215 3213 2269 Dei
3245 2214 3399 2270 valde
3426 2215 3637 2269 diversa
3664 2223 3721 2268 et

2127 2308 2305 2363 aliena
2330 2318 2413 2362 est
2439 2325 2466 2360 a
2493 2317 2674 2363 creata
2705 2308 2967 2372 essentia,
3009 2309 3112 2372 ita,
3140 2324 3262 2363 cum
3294 2309 3524 2361 dicimus
3548 2308 3717 2361 Dcmu

2128 2400 2193 2454 de
2226 2400 2333 2453 Deo
2359 2402 2599 2455 existere
2625 2401 2896 2455 nascendo
2927 2399 3006 2454 vel
3030 2400 3403 2471 procedendo,
3434 2399 3589 2469 longe
3617 2399 3718 2451 ali-

2129 2502 2210 2547 ter
2252 2492 2595 2559 intelligcnda
2642 2499 2726 2563 est
2783 2490 2886 2545 ista
2938 2489 3197 2545 nativitas
3250 2490 3362 2544 sive
3410 2490 3718 2558 processio,

2126 2598 2288 2652 quam
2336 2598 2457 2637 cmn
2498 2582 2728 2637 dicimus
2761 2582 2813 2635 in
2855 2581 2976 2635 aliis
3021 2582 3182 2635 rebus
3215 2580 3419 2652 aliquid
3452 2582 3601 2635 nasci
3635 2581 3719 2634 vel

2104 2676 2441 2744 procedere.
2492 2674 2566 2729 lbi
2606 2674 2752 2730 enim
2791 2674 2922 2728 nihil
2966 2686 3049 2727 est
3099 2683 3192 2726 aut
3244 2682 3435 2726 natura
3457 2672 3573 2737 "7',
3624 2681 3720 2727 aut

2128 2774 2369 2834 tempore
2390 2806 2406 2829 ,
2434 2775 2529 2820 aut
2557 2765 2610 2820 in
2647 2765 2830 2836 aliquo
2855 2764 3113 2833 ptius""
3140 2773 3234 2817 aut
3268 2765 3537 2831 posterius
3558 2804 3573 2827 ,
3606 2780 3720 2815 rna-

2127 2854 2206 2924 εἰς
2239 2862 2330 2907 aut
2354 2855 2567 2921 minus,
2600 2863 2693 2907 aut
2734 2854 2839 2907 ulla
2869 2852 3185 2909 rationem“
3227 2852 3411 2921 aliquo
3438 2845 3738 2923 indigens;

2126 2946 2222 2998 sed
2256 2954 2428 2999 totum
2458 2944 2601 3015 quod
2631 2953 2718 2999 est
2761 2960 2867 2998 non
2903 2953 3013 2996 tam
3061 2942 3373 3012 mqualc‘m
3413 2941 3496 2997 vel
3540 2941 3719 2996 simile

2128 3037 2230 3091 sibi
2258 3045 2313 3091 et
2340 3048 2702 3099 eomternum,
2734 3050 2894 3104 quam
2929 3036 3069 3089 idem
3102 3034 3203 3089 sibi
3250 3034 3381 3103 ipsi,
3421 3044 3475 3088 et
3523 3049 3621 3105 per
3659 3050 3718 3089 se
3776 3104 3779 3105 ν

435 3129 471 3169 e
503 3125 555 3181 t,
603 3131 709 3170 non
760 3118 922 3173 habet
951 3121 1152 3192 aliquid
1183 3123 1252 3179 ab
1283 3124 1499 3180 alio’”o
1530 3142 1692 3195 quant
1739 3142 1768 3181 a
1817 3127 2014 3196 seipse.
2052 3098 2094 3155 θ
2127 3127 2227 3180 sibi
2256 3128 2355 3196 ipsi
2380 3128 2603 3180 omnino
2637 3126 2939 3190 sullieicns;
2973 3141 3072 3180 nec
3098 3126 3343 3179 nascitur
3369 3125 3449 3180 vel
3478 3126 3719 3195 procedit

438 3205 572 3260 l\'a:n
596 3228 608 3257 ‹
628 3224 718 3265 um
744 3211 970 3268 «Tirimus
994 3214 1160 3269 Deum
1187 3216 1251 3271 de
1277 3217 1617 3282 Deo,Filinm
1638 3219 1703 3274 de
1726 3218 1883 3274 Patre
1902 3220 2016 3284 "7’,

437 3310 545 3352 non
575 3298 737 3354 alium
773 3301 1121 3373 intelligimus
1150 3304 1318 3361 Deum
1351 3308 1416 3362 de
1446 3307 1556 3362 Deo
1584 3308 1721 3374 alio;
1750 3309 1844 3363 sed
1870 3324 2018 3363 eum-

439 3385 559 3440 dem
594 3388 764 3458 ipsum
798 3389 966 3446 Deum
997 3395 1063 3449 de
1093 3395 1283 3450 eodem
1315 3395 1432 3465 ipso
1478 3396 1614 3459 Deo,
1647 3396 1896 3465 quamvis
1933 3397 2014 3451 di-

437 3491 625 3530 camus
654 3480 817 3533 alium
845 3481 911 3536 de
937 3483 1075 3551 alio,
1106 3485 1302 3540 Filium
1328 3486 1535 3543 scilicet
1565 3489 1632 3545 de
1655 3487 1835 3543 Patre.
1865 3488 2018 3543 Sicut

429 3568 582 3622 enim
610 3582 772 3638 supra
797 3571 999 3626 dictum
1027 3584 1131 3637 est,
1158 3576 1611 3644 quemadmodum
1644 3576 1802 3642 Deus,
1825 3593 2018 3633 secun-

426 3656 562 3710 dum
596 3675 789 3714 nomen
815 3661 1129 3733 signiﬁcans
1156 3667 1418 3723 unitatem
1439 3710 1454 3737 ,
1486 3670 1685 3724 nullam
1712 3670 1906 3740 recipit
1932 3671 2017 3725 (ιί-

429 3747 783 3814 ⁸τειέἱιτιιοιιις
810 3753 883 3806 ita
907 3754 1201 3810 secundum
1225 3758 1443 3812 nomina
1464 3760 1821 3830 signiﬁcantia
1850 3760 2015 3817 Deum

426 3853 559 3893 esse
607 3843 671 3894 de
720 3844 862 3910 Deo,
914 3851 1226 3905 necessario
1262 3852 1500 3907 admittit
1535 3853 1924 3923 pluralitatem.
1958 3856 2015 3911 Si

425 3944 574 3999 .ergo
622 3933 820 3990 dicitur
862 3939 1003 4007 quod
1037 3940 1271 4011 Spiritus
1318 3952 1544 3999 sanctus
1574 3946 1951 4016 principaliter
1985 3962 2017 4001 a

424 4019 597 4079 Patre
621 4025 719 4090 sit;
754 4042 861 4082 non
888 4029 1032 4085 aliud
1063 4032 1402 4103 signiﬁcatur
1429 4050 1592 4105 quam
1618 4038 1742 4107 quia
1775 4039 1890 4108 ipse
1929 4040 2017 4093 Fi-

423 4111 575 4178 Jius,
622 4118 689 4173 de
735 4135 842 4189 quo
889 4131 972 4178 est
1003 4122 1249 4193 Spiritus,
1280 4139 1534 4195 sanctus,
1586 4145 1616 4184 a
1663 4131 1823 4186 Patre
1851 4132 2017 4188 habet

422 4204 641 4285 ltoc‘m
666 4211 871 4278 ipsum,
899 4225 957 4270 ut
986 4216 1223 4287 Spiritus
1252 4232 1472 4279 sanctus
1514 4225 1586 4280 sit
1627 4228 1696 4281 de
1730 4226 1851 4293 illo;
1883 4244 2017 4298 quo-

2122 3216 2193 3271 ibi
2227 3216 2432 3287 aliquid
2457 3257 2472 3281 ,
2520 3216 2673 3287 quasi
2719 3218 2786 3270 de
2824 3230 2931 3270 non
2976 3230 3098 3269 esse
3135 3214 3428 3285 proﬁciens
3458 3217 3524 3269 ad
3573 3232 3717 3269 esse.

2124 3306 2275 3360 Sient
2307 3308 2472 3377 igitur
2523 3307 2835 3361 intellectus
2882 3315 3065 3360 noster
3118 3321 3223 3359 non
3266 3315 3445 3375 potest
3476 3306 3716 3360 transire

2122 3398 2260 3453 ultra
2286 3400 2671 3463 mternitatem,
2698 3408 2749 3450 ut
2778 3397 2932 3467 quasi
2959 3396 3024 3451 de
3046 3396 3315 3469 principio
3337 3395 3709 3466 ejusjudicct;

2121 3491 2200 3545 sic
2247 3506 2353 3544 non
2386 3500 2563 3560 potest
2608 3490 2675 3544 de
2725 3490 2827 3543 hac
2873 3488 3155 3543 nativitate
3203 3488 3288 3542 vel
3330 3489 3715 3578 processioue'

2123 3597 2224 3636 nec
2253 3578 2413 3633 debet
2441 3580 2505 3633 ad
2538 3580 2943 3635 similitmliuem
2976 3591 3238 3636 creaturae
3267 3583 3470 3637 sentire
3502 3585 3583 3637 vel
3627 3582 3711 3650 jn-

2122 3677 2325 3731 dicare.
2369 3674 2474 3730 Sed
2506 3676 2761 3745 quoniam
2794 3685 2847 3730 et
2876 3678 3018 3747 quod
3049 3679 3290 3733 nascitur
3325 3689 3375 3735 et
3411 3678 3556 3749 quod
3589 3694 3710 3748 pro-

2123 3768 2301 3832 cedit,
2334 3784 2438 3821 non
2468 3776 2547 3823 est
2583 3767 2728 3822 aliud
2761 3785 2923 3839 quam
2956 3770 3113 3824 idm"
3137 3771 3202 3827 de
3232 3789 3338 3842 quo
3369 3782 3451 3827 est
3482 3790 3707 3827 nascens

2122 3863 2206 3918 vel
2231 3864 2561 3931 procedens,
2588 3862 2731 3932 quod
2755 3872 2838 3917 est
2876 3862 3023 3918 solus
3064 3875 3119 3918 et
3163 3880 3300 3919 unus
3330 3865 3471 3919 Deus
3515 3883 3528 3918 :
3573 3868 3710 3918 sicut

2126 3955 2268 4009 idem
2295 3953 2434 4007 Deus
2467 3968 2572 4007 non
2608 3964 2690 4008 est
2740 3952 2918 4023 scipso
2955 3953 3129 4021 major
3174 3955 3253 4009 ιρι
3300 3957 3515 4021 minor;
3549 3957 3618 4008 ita
3655 3954 3705 4008 in

2128 4046 2333 4111 tribus,
2363 4046 2463 4100 hoc
2504 4046 2588 4102 est
2630 4046 2682 4101 in
2714 4044 2872 4105 Patre
2899 4055 2953 4101 et
2996 4046 3133 4101 Filio
3175 4057 3230 4101 et
3256 4047 3460 4117 Spiritu
3488 4055 3704 4110 sancto,

2124 4151 2231 4190 non
2262 4144 2344 4191 cst
2371 4135 2573 4203 aliquid
2622 4133 2793 4204 majus
2838 4135 2917 4189 vel
2952 4136 3127 4191 minus
3146 4178 3161 4201 ,
3189 4152 3287 4191 nec
3315 4145 3397 4191 est
3424 4136 3562 4190 alius
3605 4136 3705 4188 alio

2124 4224 2428 4299 hoc,un
2451 4239 2532 4283 est
2570 4227 2743 4296 majus
2773 4227 2856 4282 vel
2899 4230 3107 4296 minus;
3142 4230 3395 4300 quamvis
3428 4244 3614 4283 verum
3639 4228 3705 4283 sit

424 4298 693 4420 ιιὶθιιιυπ
723 4304 775 4357 id
818 4310 961 4375 quod
991 4319 1108 4374 est,
1139 4313 1301 4368 habet
1328 4330 1358 4371 a
1388 4314 1568 4373 Patre.
1597 4318 1712 4374 Non
1750 4322 2012 4390 quemad-
2048 4362 2097 4420 Β
2123 4322 2251 4390 quia
2282 4298 2425 4376 Deus
2457 4320 2648 4376 est'm
2679 4322 2745 4378 de
2784 4321 2926 4390 Deo,
2959 4298 3229 4378 nascendo
3259 4333 3313 4378 ct
3344 4321 3702 4393 proecdcmlo.

433 4401 539 4420 nm“
565 4408 652 4420 ...η
677 4393 726 4420 ζ..
753 4397 911 4420 -..ι.---
943 4402 1132 4420 -__-.!-
1209 4404 1220 4420 ι
1373 4407 1404 4420 ιο
1490 4410 1501 4420 .
1529 4410 1540 4420 .
1723 4412 1735 4420 .

424 4389 653 4446 modum
676 4393 728 4447 in
752 4397 914 4453 rebus
936 4402 1165 4471 creatis,
1189 4404 1315 4460 dum
1338 4407 1541 4478 aliquid
1566 4389 1863 4468 asserimus
1891 4427 2013 4469 esse

1715 4545 1799 4600 VA
1808 4546 1946 4603 [11.43
1989 4548 2280 4607 LEC’I‘ION
2289 4546 2394 4603 ES.

480 4644 596 4731 ,1⁷9
626 4644 777 4731 ρξιοίί
809 4647 857 4730 εἰ
883 4648 1099 4731 dicitur,
1130 4652 1252 4731 quia
1286 4654 1479 4731 εισι-ξιτ
1508 4655 1793 4731 ιιιεηϐοῖὺ.
1823 4659 1906 4713 hic
1930 4661 2108 4731 incipit
2139 4660 2307 4729 Caput
2348 4658 2430 4731 24
2509 4657 2602 4731 ¹⁷⁶Ῡ
2657 4657 2732 4713 De
2767 4657 2935 4731 Patre
2967 4666 3022 4731 ιιι
3043 4658 3277 4731 omnino
3303 4674 3424 4731 mss.
3452 4658 3515 4711 de
3546 4656 3704 4731 Patre

424 4712 599 4803 Editus
622 4719 933 4803 .utlomniuo
1010 4712 1360 4803 "“ngljlqt‘mle
1388 4727 1459 4779 illi
1499 4736 1555 4803 et
1584 4728 1762 4782 simile
1789 4745 1915 4803 uisa.
1951 4712 2420 4803 illeraiq'ua'lemet
2456 4729 2685 4803 similent
2764 4728 2857 4803 ‘1“
2887 4728 3131 4803 Habebat
3162 4743 3284 4783 esse
3309 4729 3375 4803 de
3400 4744 3545 4803 mss._
3569 4727 3701 4782 Vict.

422 4784 815 4868 Corb.ﬂhabe:_tt
839 4804 1017 4868 ess_e__a
1094 4793 1186 4868 [Ψ
1221 4784 1329 4868 Nec
1354 4808 1435 4868 est
1466 4797 1760 4868 alius__mss.
1795 4797 1909 4855 Non
1939 4784 2031 4855 est
2053 4784 2193 4858 alius
2244 4784 2332 4855 ille
2376 4784 2501 4832 7”“
2534 4800 2718 4868 Neque
2770 4799 3112 4853 dissimiliter
3155 4808 3279 4853 sunt
3322 4799 3373 4852 id
3404 4798 3546 4867 quod
3581 4808 3706 4853 sunt

420 4871 551 4938 ηιξκ-
580 4854 727 4938 (itm.
929 4860 1061 4915 Vict.
1092 4863 1346 4938 Thu.‘9(_).
1377 4866 1565 4938 Cister.
1596 4866 1779 4937 Neque
1824 4854 2359 4927 dissimiliter'babet
2388 4870 2590 4938 aliquid
2620 4854 2645 4921 ε’
2677 4870 2802 4938 quia
2836 4884 2939 4923 ιιοιι
2981 4880 3061 4923 est
3093 4869 3229 4924 alius
3261 4870 3402 4923 Deus
3422 4854 3618 4935 'Pater,
3651 4878 3706 4921 et

429 4926 569 5008 alios
601 4926 958 5008 DettsnFjlitts,
992 4949 1166 5008 neque
1190 4935 1527 5008 dissimiliter
1555 4926 1767 4990 snnt'id
1803 4944 1945 5008 quod
1979 4926 2119 4998 sunt,
2182 4943 2276 4973 ¹⁷⁶⁹
2309 4942 2411 4995 Iste
2444 4926 2632 5003 Filius,
2667 4926 2804 4993 alius
2831 4950 2913 4991 est
2948 4939 3054 5002 ille,
3082 4952 3135 4994 et
3177 4940 3315 4993 alius
3350 4950 3430 4993 est
3460 4940 3563 4992 iste
3604 4926 3700 4992 ius.

424 4992 715 5076 Carmina
741 4998 910 5076 Filius
933 4992 1037 5076 est,
1068 4992 1207 5058 alius
1236 5004 1343 5069 ille,
1370 5017 1419 5059 et
1452 5009 1588 5061 alius
1616 4992 2121 5068 εειενηιδέςμιίίὲέῖὁ.
2148 5023 2196 5065 ει
2243 4992 2553 5065 ιδζίὶιέιεν.
2596 4992 2697 5063 iste
2726 4992 2811 5064 est
2837 4992 3138 5072 Filiusfesi
3164 4992 3307 5063 alius,
3333 4992 3441 5071 me,
3470 5019 3523 5061 et
3566 5009 3704 5062 alius

608 5067 701 5100 "7°
734 5070 1179 5151 Aliquidﬂallnlio
1205 5067 1657 5151 mssialtquidab
1692 5079 1780 5151 illo
1814 5098 1913 5135 ms.
1939 5067 2096 5137 Corb.
2140 5082 2344 5151 aliquid
2384 5081 2529 5151 aliud
2562 5079 2759 5151 aliialiu
2837 5080 2927 5111 ¹⁷⁷¹
2955 5067 3121 5134 Deum
3142 5082 3215 5151 de
3247 5079 3376 5140 Deo,
3408 5067 3604 5151 Filium
3635 5082 3703 5131 de

424 5132 589 5206 Patre
621 5155 721 5191 ms.
784 5132 915 5195 Vi'cl.
949 5144 1001 5197 9.
1032 5144 1196 5199 Dcmn
1242 5132 1532 5202 Filium'de
1561 5149 1668 5202 Deo
1712 5132 1911 5206 Patre“
1946 5132 2371 5206 ἶτθίὲςιιιξιῖιὲῄιι
2422 5132 2580 5204 Patre
2626 5150 2789 5203 habet
2819 5152 2917 5203 hoc
2956 5132 3079 5204 iussi.
3133 5132 3375 5204 sanctus
3406 5132 3571 5202 habet
3603 5150 3702 5202 hoc

424 5204 524 5288 "'7'
576 5208 661 5261 Sit
691 5210 758 5264 de
808 5211 1224 5290 illu_:__qmmian_i
1271 5234 1397 5290 nisa.
1426 5219 1497 5273 sit
1521 5220 1587 5273 de
1613 5220 1703 5273 illo
1726 5238 1755 5275 a
1782 5204 1973 5290 patre:
2021 5204 2277 5290 quoniam
2354 5221 2446 5251 ‘7"
2478 5219 2611 5273 Nam
2638 5221 2816 5273 omnia
2859 5236 2978 5289 qtne
3000 5232 3125 5290 sunt
3148 5238 3271 5273 mss.
3304 5235 3427 5290 nam
3458 5234 3562 5270 non
3588 5236 3701 5271 om-

422 5284 515 5361 nia
542 5292 660 5361 qua}
688 5292 826 5361 sunt
888 5284 983 5315 ⁸⁷⁷⁸
1004 5286 1129 5339 Car.
1157 5286 1246 5340 25.
1279 5287 1369 5341 Est
1395 5292 1448 5342 in
1473 5307 1569 5343 ms.
1598 5290 1755 5343 Corb.
1783 5284 1955 5361 Caput
1985 5292 2020 5345 Ξ

2160 5293 2253 5323 ¹⁷⁷⁶
2280 5291 2483 5346 Habeat
2514 5290 2717 5358 aliquid
2741 5284 2949 5344 esse'de
2973 5308 3069 5345 ms.
3114 5289 3246 5343 i’icl.
3276 5290 3328 5343 9.
3357 5289 3567 5361 habeat
3582 5302 3701 5361 esse

429 5348 496 5427 fle
549 5349 660 5431 3""
694 5350 759 5406 Ut
781 5354 855 5431 sit
886 5370 948 5407 ex
976 5361 1139 5431 conde
1161 5374 1432 5431 quem“;
1460 5371 1519 5414 ut
1550 5361 1619 5414 sit
1642 5376 1707 5414 eo
1732 5362 1796 5414 de
1820 5348 1927 5431 quo
2004 5363 2097 5394 ³⁷⁷⁸
2136 5361 2276 5415 Nihil
2303 5371 2382 5415 est
2407 5372 2497 5415 aut
2525 5348 2716 5415 "antra
2753 5377 2879 5413 mss.
2920 5361 3051 5414 nihil
3082 5370 3175 5431 aut
3205 5368 3398 5413 natura
3428 5430 3433 5431 ί
3479 5359 3573 5390 ¹⁷⁷⁹
3596 5359 3699 5411 Aut

423 5418 696 5502 {Italique
720 5425 868 5502 prius
892 5442 1017 5502 mss.
1044 5418 1192 5481 Gem:
1229 5426 1362 5502 lfict.
1392 5430 1525 5484 Tim.
1572 5432 1659 5485 δυ.
1689 5442 1735 5483 et
1765 5418 1854 5485 9i):
1882 5444 1928 5484 et
1963 5430 2151 5486 Cisler.
2187 5445 2277 5485 aut
2327 5432 2372 5485 vi
2407 5433 2585 5502 aliqua
2619 5431 2768 5501 prius
2846 5431 2938 5462 ¹⁷⁸⁰
2976 5434 3082 5484 Aut
3110 5430 3304 5499 aliqua
3327 5430 3546 5502 ratione
3566 5445 3697 5502 nias.

442 5487 575 5544 Vict.
610 5487 837 5547 aut-ulla
866 5500 1076 5551 ratione
1099 5514 1196 5551 ms.
1224 5499 1380 5553 Corb.
1415 5512 1473 5554 ut
1500 5502 1641 5554 nulla
1671 5503 1878 5555 ratione
1955 5503 2043 5533 ‘7‘“
2092 5502 2206 5556 Non
2255 5514 2361 5557 tam
2409 5487 2759 5571 :eqt'tale'mss.
2794 5518 2899 5557 non
2946 5490 3122 5555 tamen
3168 5487 3232 5553 az.
3256 5500 3372 5553 uale
3400 5517 3527 5555 mss.
3566 5498 3697 5552 Vict.

442 5558 518 5611 l3.
563 5573 610 5615 et
644 5562 831 5618 (λίθων.
868 5574 976 5619 tam
1017 5569 1223 5622 manale
1300 5570 1390 5601 ¹τ⁸¹
1421 5573 1578 5622 Aliud
1611 5572 1709 5622 nisi
1759 5572 1809 5622 id
1857 5589 1980 5622 mss.
2024 5571 2154 5622 Vict.
2194 5572 2348 5622 (ἔστι),
2380 5572 2572 5622 Cister.
2606 5572 2747 5622 aliud
2785 5588 2946 5622 uuam
2985 5572 3035 5622 id
3113 5517 3428 5622 ¹⁷⁶³Ίῖετιιιιι
3464 5573 3534 5622 sit
3559 5569 3697 5622 ouod

430 5558 518 5642 εἴ).
563 5573 610 5615 et
644 5562 831 5618 (λίθων.
868 5574 976 5619 tam
1017 5569 1223 5642 aequale
1266 5570 1390 5642 _"’f’
1421 5573 1578 5623 Aliud
1611 5572 1709 5625 nisi
1759 5572 1809 5626 id
1857 5589 1980 5626 mss.

2128 5584 2154 5626 τ.
2194 5572 2348 5627 Corb.
2380 5558 2572 5627 Ctsier.
2600 5558 2747 5625 aliud
2785 5588 2946 5642 quam
2985 5572 3035 5625 id
3113 5571 3203 5603 ¹⁷⁶³
3233 5558 3428 5623 Verum
3464 5573 3534 5624 sit
3559 5569 3699 5641 quod

424 5625 572 5686 Dens
602 5644 681 5688 cst
715 5651 835 5688 mss.
875 5652 1062 5692 verum
1082 5625 1167 5692 'sit
1189 5639 1311 5711 quia
1341 5640 1484 5695 Deus
1511 5650 1594 5695 est

501 4641 596 4675 1⁸163
