4050 6294
298 376 393 432 Sil

793 492 1027 551 CAPUT
1069 492 1236 548 XXVl
1260 493 1374 548 ‘7”.

305 604 506 659 Veritas
533 607 877 673 precationis
906 605 1133 675 Spiritus
1161 608 1329 660 sancti
1358 623 1389 659 a
1420 605 1595 669 Filio,
1624 606 1738 659 ideo
1770 623 1895 659 ma-

358 678 497 730 xime
520 678 799 756 ﬁrmatur;
834 678 958 747 quia
992 678 1098 745 [ide
1127 688 1267 731 certa
1289 689 1443 743 sunt,
1476 693 1542 731 ea:
1566 677 1753 747 quibus
1791 692 1885 730 ue-

314 794 321 799 .
360 762 588 799 ressarw
612 756 869 817 sequitur.

360 836 501 891 Ecce
528 837 765 892 vidimus
787 836 855 892 de
881 846 1084 907 quanta
1106 838 1198 876 ³⁷⁸⁸
1233 838 1462 893 veritate
1491 847 1545 892 et
1573 836 1884 906 quanta‘m

292 928 617 982 necessitate
643 940 908 998 sequatur
933 929 1196 999 Spiritum
1225 939 1475 984 sanctum
1505 931 1571 985 de
1599 928 1637 982 F
1644 928 1735 983 ilio
1761 944 1884 998 pro-

290 1018 501 1072 cedere.
544 1018 698 1084 Quod
725 1018 770 1071 si
806 1034 997 1072 verum
1026 1035 1137 1073 non
1173 1028 1256 1073 est
1284 1027 1378 1082 aut
1419 1018 1622 1089 aliquid
1651 1034 1838 1074 eorum
1863 1057 1878 1083 ,

288 1126 351 1164 ex
376 1112 581 1180 quibus
611 1111 712 1165 hoc
745 1112 987 1166 diximus
1013 1111 1312 1183 consequi,
1350 1111 1547 1167 falsum
1583 1121 1705 1167 est:
1735 1114 1880 1181 quod

287 1214 369 1257 est
393 1213 587 1257 contra
612 1204 984 1259 Christianam
1006 1205 1099 1236 ⁸⁷⁸⁷
1129 1204 1313 1271 ﬁdem,
1337 1220 1505 1273 quam
1529 1220 1650 1258 cum
1675 1202 1881 1260 Gta'cis

290 1304 570 1359 tenemus;
604 1306 697 1367 aut
746 1312 850 1350 non
882 1305 1282 1365 consequenter
1311 1296 1705 1362 conclusimus;
1735 1296 1879 1367 quod

287 1387 498 1459 ostendi
530 1388 739 1456 nequit.
774 1387 954 1454 Quare
984 1388 1029 1442 si
1060 1403 1245 1442 verum
1286 1403 1393 1446 non
1422 1396 1538 1453 est,
1566 1388 1699 1443 ﬁdes
1723 1388 1877 1443 Clll’l-

288 1479 463 1532 stiana
504 1479 825 1534 destruitur.
874 1478 1061 1534 Palam
1109 1480 1276 1533 etiam
1311 1489 1394 1535 est
1446 1480 1799 1551 intelligenti,
1830 1481 1875 1537 si

294 1568 491 1622 falsum
534 1584 655 1624 esse
684 1568 924 1639 portitor,
958 1569 1084 1640 quia
1118 1570 1263 1625 nulla
1301 1570 1426 1626 inde
1469 1571 1671 1627 veritas
1698 1573 1879 1628 nasci-

289 1668 392 1715 tur.
442 1660 867 1716 Consideremus
909 1676 1123 1732 quoque
1165 1663 1295 1733 quid
1344 1663 1595 1727 eveniat,
1625 1679 1746 1719 cum
1777 1679 1876 1735 pro

288 1766 413 1807 vero
437 1754 723 1808 asseritur.
772 1752 971 1824 Utique
1017 1754 1062 1810 si
1114 1771 1300 1810 verum
1331 1765 1413 1810 est
1443 1755 1704 1826 Spiritum
1750 1772 1876 1812 san-

1376 374 1465 428 DF.
1510 369 1987 429 PROCESSIONE
2030 371 2088 426 S.
2128 370 2466 428 SPllilTL'S.

1916 500 1963 559 Α
1995 499 2318 559 sequeretur
2346 490 2413 544 de
2450 488 2656 558 Spiritu
2699 498 2891 546 sancto
2936 491 3133 548 Filium
3164 506 3306 549 esse.
3337 496 3584 567 Apparet

3470 384 3579 439 3‘22

1988 585 2175 655 itaque
2203 600 2298 654 per
2327 583 2670 653 supradictas
2696 585 2958 653 rationes,
2984 587 3110 656 quia
3133 584 3300 642 Pater
3326 599 3411 645 est
3436 588 3583 645 Deus

1986 678 2053 730 de
2074 691 2183 745 quo
2210 674 2352 729 Deus
2378 683 2550 741 μῶμοι
2567 692 2670 729 non
2692 685 2776 731 est
2796 677 2936 732 Deus
2959 679 3025 732 de
3047 678 3192 747 Deo;
3216 689 3274 734 et
3297 680 3468 735 Filius
3493 694 3579 738 est

1986 767 2128 822 Deus
2158 767 2225 821 de
2262 768 2398 832 Deo,
2428 777 2481 822 et
2512 767 2655 822 Deus
2677 767 2747 823 de
2787 784 2896 839 quo
2936 779 3021 824 est
3052 770 3224 836 Deus;
3256 780 3310 826 ct
3338 772 3583 841 Spiritu

1985 867 2208 913 sanctus
2233 866 2317 911 est
2343 857 2487 912 Deus
2528 857 2706 911 dem‘
2737 858 2848 913 Deo
2868 899 2888 924 ,
2933 876 3035 915 nec
3063 869 3150 915 est
3192 861 3336 916 Deus
3370 862 3439 916 de
3467 877 3579 931 quo

1983 960 2066 1007 est
2094 951 2254 1005 Deus.
2285 951 2351 1004 Et
2380 951 2630 1019 quamvis
2657 949 2723 1004 de
2767 948 2931 1005 Patre
2958 952 3070 1006 sint
3101 952 3245 1017 duo,
3282 952 3335 1007 id
3370 962 3451 1007 est
3484 952 3576 1008 Fi-

1984 1044 2088 1098 lius
2115 1054 2169 1096 et
2202 1041 2442 1112 Spiritus
2466 1052 2689 1097 sanctus
2708 1083 2723 1105 ,
2756 1057 2861 1096 non
2896 1052 3077 1096 tamen
3111 1044 3218 1097 duo
3244 1044 3319 1098 dii
3347 1053 3478 1100 sunt-
3504 1046 3573 1099 de

1982 1136 2176 1201 Patre,
2212 1137 2308 1189 sed
2340 1150 2480 1189 unus
2509 1145 2597 1189 est
2626 1134 2771 1189 Deus
2796 1133 2891 1204 qui
2939 1144 3024 1189 est
3052 1134 3223 1189 Filius
3248 1147 3303 1189 et
3329 1137 3573 1206 Spiritus

1980 1236 2225 1282 sanctus.
2264 1225 2329 1280 Et
2361 1224 2491 1281 licet
2519 1225 2624 1280 duo
2648 1225 2793 1290 sint,
2827 1224 2895 1279 de
2938 1239 3049 1294 quo
3074 1235 3157 1281 est
3192 1225 3364 1286 Filius
3388 1236 3444 1281 et
3474 1229 3579 1298 qui.

1979 1328 2064 1375 est
2098 1320 2166 1375 de
2194 1319 2366 1383 Filio;
2401 1319 2451 1372 id
2482 1328 2566 1373 est
2590 1318 2753 1373 Pater
2786 1327 2843 1374 et
2888 1317 3123 1389 Spiritus
3152 1330 3410 1387 sanctus,
3446 1339 3555 1376 non

1983 1420 2163 1464 tamen
2194 1422 2322 1463 sunt
2354 1410 2461 1462 duo
2490 1409 2587 1473 dii,
2625 1410 2718 1463 sed
2743 1424 2883 1464 unus
2912 1408 3071 1476 Deus,
3100 1411 3190 1478 qui
3222 1419 3307 1465 est
3332 1410 3494 1466 Pater
3516 1420 3585 1467 et

1980 1504 2219 1574 Spiritus
2240 1511 2483 1557 sanctus.
2520 1502 2586 1557 Et
2616 1517 2934 1571 quanquam
2962 1501 3311 1571 Spiritus‘m
3348 1513 3572 1559 sanctus

1977 1595 2050 1651 sit
2084 1596 2151 1649 de
2177 1593 2415 1657 duobus,
2446 1592 2498 1646 id
2542 1601 2627 1647 est
2654 1592 2722 1646 de
2753 1592 2915 1647 Patre
2953 1602 3009 1645 et
3035 1591 3191 1657 Filio,
3243 1608 3351 1645 non
3381 1604 3563 1647 tamen

1977 1684 2047 1741 de
2072 1685 2282 1740 duobus
2307 1692 2391 1739 est
2420 1684 2553 1747 diis,
2584 1684 2680 1739 sed
2709 1683 2778 1738 de
2825 1699 2932 1739 uno
2960 1683 3106 1748 Deo,
3155 1686 3247 1755 qui
3285 1694 3369 1739 est
3400 1684 3565 1741 Pater

1976 1788 2033 1832 et
2064 1777 2258 1832 Filius.
2286 1777 2344 1832 Si
2374 1786 2557 1831 autem
2586 1776 2749 1831 Pater
2777 1784 2833 1831 et
2866 1776 3038 1831 Filius
3067 1786 3123 1831 ct
3168 1776 3409 1846 Spiritus
3444 1793 3570 1831 san-

284 1852 429 1938 9ιὲ9³
466 1844 764 1938 Ρτίῗθθδθνθ
802 1860 846 1938 δέ
874 1842 1012 1938 Ηυξ)
1032 1845 1175 1938 Sic?”
1204 1860 1233 1897 ³
1258 1843 1446 1938 pair"?
1477 1845 1723 1938 “quill”
1748 1846 1874 1914 quia
1909 1852 1951 1907 Β
1976 1879 2097 1924 ctus
2145 1868 2256 1923 bini
2302 1868 2756 1934 considerentur,
2802 1868 2970 1937 liquet
3013 1883 3079 1922 ex
3131 1842 3368 1938 his—qua:
3414 1868 3563 1922 dicta

285 1934 401 1989 Filii
428 1934 656 2005 spiritus
690 1944 773 1991 est
807 1937 948 1991 sicut
977 1934 1188 2001 Patris,
1214 1945 1270 1991 et
1295 1935 1537 1991 mittitur
1572 1946 1627 1990 et
1653 1935 1811 1990 datur
1841 1952 1871 1990 a

284 2021 418 2077 Filio
450 2024 592 2078 sicut
626 2041 655 2078 a
691 2023 884 2089 Patre;
915 2026 1060 2095 quod
1113 2026 1295 2081 divina
1335 2026 1495 2080 ducet
1538 2025 1871 2091 auctoritas.

286 2124 337 2167 ct
367 2114 512 2169 nulla
562 2115 780 2183 penitus
810 2116 1057 2185 sequitur
1087 2115 1317 2171 falsitas.
1361 2118 1494 2171 Cum
1527 2125 1707 2170 autem
1737 2132 1869 2187 pro-

281 2206 455 2261 cessio
480 2205 722 2277 Spiritus
750 2208 926 2262 sancti
952 2224 981 2261 a
1007 2206 1143 2262 Filio
1172 2217 1367 2277 negata
1412 2216 1617 2263 tantam
1649 2208 1870 2266 inducat

282 2297 603 2362 falsitatem,
642 2309 698 2353 ut
726 2299 813 2353 illa
845 2316 909 2353 ex
937 2301 1137 2369 quibus
1158 2316 1279 2354 eam
1307 2300 1567 2370 consequi
1594 2309 1869 2355 monstra-

282 2390 456 2444 vimus
480 2430 497 2456 ,
535 2391 783 2445 destruat
810 2401 1001 2446 contra
1038 2393 1197 2446 fidem
1222 2392 1619 2458 Christianatn,
1654 2406 1752 2447 ttcc
1789 2392 1870 2446 Il-

282 2479 383 2533 lam
420 2491 646 2549 generet
692 2484 1009 2548 veritatem,
1048 2491 1115 2558 tet
1166 2492 1372 2537 asserta
1426 2491 1631 2537 tantam
1678 2483 1869 2551 probet

280 2575 596 2635 veritatem,
648 2573 791 2628 sicut
824 2575 1203 2643 ostendimus,
1246 2591 1345 2629 uec
1390 2574 1632 2643 aliquam
1677 2574 1868 2629 ullate-

280 2664 489 2717 nns”"
539 2680 727 2719 secum
778 2665 957 2735 trahat
990 2666 1319 2733 falsitatem,
1350 2666 1555 2736 cogitet
1581 2682 1675 2723 cor
1706 2669 1867 2721 ratio-

278 2760 397 2813 nale
416 2776 522 2830 qua
579 2762 786 2817 ratione
830 2761 977 2816 illaut
1030 2761 1291 2819 excludat
1333 2779 1362 2816 a
1400 2762 1504 2816 lide
1535 2762 1865 2836 Christiana.

280 2849 519 2919 Denique
558 2850 602 2905 si
639 2868 796 2909 errur
823 2860 909 2907 est
940 2853 1084 2909 hanc
1119 2854 1344 2909 credere
1372 2855 1436 2908 de
1460 2853 1598 2908 Filio
1628 2854 1867 2923 Spiritus

276 2942 449 2997 sancti
491 2943 927 3011 processiouem,
977 2944 1093 3013 ipsa
1133 2944 1316 3000 divina
1346 2946 1649 3000 auctoritas
1681 2963 1781 3001 nos
1810 2947 1863 3001 in

277 3046 516 3086 errorem
547 3035 790 3099 inducit,
825 3050 950 3089 cum
986 3045 1042 3089 et
1074 3035 1164 3089 illa
1208 3052 1273 3089 ex
1307 3037 1507 3104 quibus
1536 3038 1651 3092 lucc
1680 3039 1864 3107 sequi-

280 3137 367 3181 tur
413 3127 693 3196 processio
724 3138 780 3183 et
822 3145 944 3198 qua:
993 3129 1139 3183 illam
1170 3140 1499 3199 sequuntur,
1539 3145 1639 3185 nos
1670 3132 1858 3196 docet;

277 3234 378 3273 nec
400 3195 597 3273 alicubi
640 3230 735 3273 aut
783 3195 928 3275 illam
956 3230 1113 3291 negat
1133 3260 1149 3284 ,
1185 3195 1451 3291 autquod
1481 3221 1571 3276 ille
1602 3232 1866 3291 repugnet
1891 3195 1934 3253 θ

274 3312 457 3382 aliquo
480 3314 637 3366 modo
667 3314 1005 3385 pronuntiat.
1039 3313 1098 3370 Si
1122 3315 1213 3346 ³⁷⁸³
1235 3329 1367 3383 ergo
1392 3316 1706 3384 opponitur,
1735 3318 1863 3384 quia

272 3420 541 3476 tamquam
575 3421 696 3461 eam
738 3406 946 3476 profert
992 3406 1173 3461 divina
1216 3408 1553 3472 auctoritas,
1602 3408 1723 3462 ideo
1753 3424 1861 3462 non

273 3512 394 3550 esse
428 3498 852 3557 dicendatnm°.
891 3499 1116 3553 Dicatur
1137 3499 1411 3562 similiter,
1442 3500 1569 3568 quia
1594 3516 1863 3570 nusquam

274 3585 420 3641 illam
443 3597 627 3657 negat,
642 3604 742 3643 nec
760 3588 963 3659 aliquid
985 3589 1116 3643 dicit
1140 3592 1284 3659 quod
1312 3600 1594 3661 repugnet,
1615 3606 1720 3646 non
1740 3606 1863 3647 esse

274 3679 615 3748 negandum.
634 3679 879 3736 Dicimus
905 3682 1071 3735 etiam
1102 3683 1227 3752 quia
1257 3683 1395 3737 satis
1416 3683 1560 3737 illam
1604 3682 1859 3751 alIirniat,

272 3784 397 3838 cum
423 3769 511 3824 illa
542 3771 778 3838 asserit,
813 3774 956 3840 unde
987 3774 1274 3842 probatur;
1310 3783 1367 3828 et
1399 3773 1545 3828 nullo
1574 3774 1737 3829 modo
1762 3775 1861 3828 ali-

271 3861 403 3929 quid
431 3862 835 3931 signitieat‘m,
864 3864 1006 3919 unde
1038 3876 1283 3934 negetur.

765 3956 995 4011 CAPUT
1039 3956 1227 4011 XXVII
1252 3958 1363 4010 "9’.

270 4039 332 4095 Si
361 4038 591 4110 Spiritus
610 4056 828 4098 sanctus
858 4063 891 4100 a
914 4044 1055 4098 Filio
1082 4062 1185 4099 non
1211 4046 1542 4112 procederet,
1581 4063 1684 4100 nou
1726 4056 1859 4100 esset

415 4129 510 4165 cur
546 4112 718 4168 Filius
746 4132 847 4168 twn
870 4118 1167 4184 procederet
1196 4118 1259 4168 de
1283 4114 1480 4181 Spiritu
1511 4126 1713 4169 sancto.

340 4201 497 4256 Patet
537 4216 702 4273 ergo,
749 4203 889 4259 sicut
915 4222 1078 4276 supra
1124 4206 1359 4276 pra'misi
1397 4206 1510 4269 ‘7”,
1534 4206 1859 4276 praeterhac

268 4294 396 4365 quia
444 4293 613 4349 Filius
659 4295 845 4351 existit
901 4300 1209 4366 nascendo,
1250 4308 1304 4353 et
1355 4298 1591 4370 Spiritus
1638 4308 1859 4355 sanctus

264 4376 648 4455 procedendo;
688 4386 791 4443 hac
825 4402 1039 4459 quoque
1069 4406 1231 4445 causa
1257 4430 1272 4455 ,
1303 4391 1429 4459 quia
1476 4389 1688 4444 scilicet
1732 4389 1855 4460 Spi-

269 4479 411 4531 ritus
438 4487 662 4532 sanctus
689 4488 775 4533 est
798 4480 865 4533 de
894 4479 1067 4545 Filio,
1093 4496 1190 4535 eos
1214 4483 1280 4535 de
1302 4483 1532 4536 invicem
1567 4497 1672 4536 non
1695 4497 1854 4552 posse

264 4568 373 4624 dici
394 4610 409 4633 ,
441 4581 498 4623 et
532 4579 758 4639 propter
788 4570 890 4625 hoc
922 4571 1131 4637 solum,
1173 4571 1367 4626 Filium
1408 4589 1513 4627 non
1546 4589 1702 4644 posse
1729 4589 1854 4629 esse

264 4657 333 4713 de
364 4658 571 4729 Spiritu
619 4672 831 4715 sancto.
874 4660 1045 4728 Nam,
1079 4663 1337 4734 quoniam
1358 4703 1374 4728 ,
1410 4673 1469 4717 ut
1499 4665 1706 4720 dictum
1737 4677 1852 4732 est,

268 4758 365 4803 aut
401 4750 574 4806 Filius
603 4759 686 4805 est
717 4751 783 4805 de
826 4754 1033 4822 Spiritu
1083 4765 1306 4817 sancto,
1343 4762 1436 4807 aut
1465 4752 1702 4823 Spiritus
1731 4770 1852 4809 san-

264 4848 389 4896 ctus
417 4845 486 4899 de
513 4845 683 4913 Filio;
709 4848 755 4902 si
787 4862 891 4902 non
916 4857 1067 4903 esset
1096 4847 1339 4919 Spiritus
1357 4858 1579 4903 sanctus
1600 4849 1665 4911 de
1687 4846 1845 4913 Filio,

1885 4533 1934 4594 D

1978 1967 2104 2012 sunt
2128 1998 2142 2021 ,
2169 1958 2298 2027 quia
2333 1972 2556 2011 necesse
2584 1965 2667 2012 est
2696 1957 2931 2011 alterum
2975 1974 3040 2011 ex
3080 1958 3251 2012 altero
3279 1967 3373 2011 aut
3403 1973 3561 2023 esse,

1973 2052 2100 2122 quia
2148 2051 2237 2105 ille
2270 2066 2377 2105 nou
2406 2066 2470 2104 ex
2505 2066 2566 2104 se
2590 2058 2673 2104 est
2709 2068 2722 2105 :
2760 2059 2855 2104 aut
2882 2066 2989 2105 non
3040 2066 3159 2105 csse
3185 2052 3312 2120 quia
3358 2049 3447 2104 ille
3479 2059 3565 2104 est

1975 2158 2040 2196 ex
2068 2157 2145 2196 se.
2178 2139 2314 2195 Nam
2343 2141 2391 2195 si
2426 2140 2879 2203 ceuferamuS","
2909 2140 3123 2194 Patrem
3153 2149 3207 2194 et
3230 2139 3453 2202 Filium,
3484 2140 3564 2194 vi-

1974 2234 2162 2287 demus
2180 2233 2372 2287 Filium
2389 2248 2509 2288 esse
2532 2235 2599 2289 de
2617 2234 2795 2296 Patre,
2810 2231 2935 2301 quia
2952 2232 3111 2287 Pater
3124 2249 3229 2287 non
3244 2244 3325 2289 cst
3348 2235 3413 2286 de
3440 2232 3561 2298 illo;

1970 2334 2027 2379 et
2058 2324 2277 2379 Patrem
2322 2341 2430 2380 non
2484 2340 2607 2382 esse
2652 2328 2720 2381 de
2756 2325 2934 2392 Filio,
2976 2326 3104 2396 quia
3153 2325 3321 2381 Filius
3368 2334 3455 2380 est
3496 2326 3563 2381 de

1971 2416 2153 2472 Patre.
2204 2417 2268 2472 Et
2313 2418 2569 2473 similiter
2596 2418 2642 2472 si
2674 2419 3091 2473 censiderannis
3138 2417 3354 2471 Patrem
3373 2418 3463 2450 ”⁹⁷
3506 2426 3563 2471 ct

1972 2507 2236 2578 Spiritum
2266 2517 2542 2571 sanctum,
2576 2508 2991 2562 invenimus‘m
3019 2508 3285 2577 Spiritum
3308 2502 3564 2561 sanctum

1970 2614 2094 2655 esse
2131 2599 2199 2653 de
2221 2598 2418 2663 Patre;
2448 2599 2573 2667 quia
2597 2614 2703 2653 non
2731 2610 2819 2653 est
2842 2598 2909 2653 de
2933 2599 3023 2654 illo
3050 2598 3241 2662 Pater;
3264 2606 3320 2652 et
3344 2596 3559 2652 Patrem

1971 2707 2078 2748 non
2111 2705 2233 2746 esse
2264 2692 2328 2744 de
2360 2690 2568 2759 Spiritu
2601 2690 2706 2760 61
2738 2699 2963 2755 sancto,
2995 2690 3120 2757 quia
3163 2688 3403 2758 Spiritus
3435 2703 3559 2741 san-

1969 2792 2090 2839 ctus
2126 2792 2215 2837 est
2248 2783 2314 2836 de
2344 2781 2452 2835 illo.
2506 2781 2582 2835 Ita
2633 2793 2852 2851 quoque
2902 2780 2947 2833 si
2998 2778 3170 2833 Filius
3218 2790 3273 2831 et
3320 2778 3561 2848 Spiritus

1968 2884 2193 2931 sanctus
2219 2873 2491 2943 quomodo
2519 2872 2737 2927 sint."m
2767 2873 2834 2926 ad
2866 2870 3131 2933 invicem,
3175 2868 3553 2940 speculamur;

1969 2965 2323 3036 intelligimus
2342 2965 2433 2997 ⁸⁸⁰⁰
2491 2964 2753 3035 Spiritum
2811 2970 3057 3017 sanctum
3100 2975 3221 3016 esse
3270 2962 3339 3015 de
3385 2959 3557 3025 Pilio,

1967 3059 2094 3129 quia
2132 3057 2301 3113 Filius
2331 3074 2438 3113 non
2488 3066 2573 3112 est
2619 3057 2686 3112 de
2716 3056 2839 3123 illo;
2872 3064 2928 3109 et
2952 3054 3148 3110 Filium
3197 3069 3299 3110 l.0:t
3328 3069 3449 3109 esse
3491 3053 3564 3107 de

1969 3147 2178 3220 Spiritu
2206 3158 2431 3213 sancto,
2475 3147 2599 3218 quia
2649 3146 2891 3218 Spiritus
2925 3156 3145 3200 sanctus
3187 3156 3269 3199 est
3300 3144 3366 3198 de
3401 3142 3558 3197 Filia.

1966 3245 2206 3314 Apparet
2255 3243 2440 3313 igitur,
2489 3242 2634 3312 quod
2686 3254 2849 3310 supra
2899 3239 3042 3303 dixi,
3091 3239 3221 3309 quia
3270 3236 3558 3290 relationes

1966 3337 2237 3406 pratdii-ta:
2282 3336 2408 3389 licet
2458 3335 2568 3388 sint
2619 3335 2673 3387 in
2727 3348 2877 3397 uno,
2925 3347 3031 3385 non
3086 3337 3312 3399 losunt
3364 3326 3563 3381 unitati

1969 3428 2270 3481 immittere
2301 3426 2667 3497 pluralitatem
2697 3439 2883 3488 suam;
2932 3438 3032 3476 nec
3065 3421 3246 3475 unitas
3274 3419 3555 3473 relationi-

1966 3520 2069 3576 bus
2100 3519 2538 3589 singularitatem
2574 3532 2752 3570 suam.

2447 3625 2676 3683 CAPUT
2717 3624 2924 3682 XXVlll
2960 3625 3077 3675 ¹⁸⁰¹.

2034 3744 2345 3800 Communia
2368 3753 2415 3796 et
2440 3742 2654 3813 propria
2686 3740 2860 3803 Patri,
2890 3756 2954 3793 ac
2985 3737 3150 3805 Fiﬁo,
3176 3744 3224 3792 et
3259 3734 3493 3805 Spiritui»

2690 3824 2870 3865 εαιιείο
3384 3844 3389 3849 ο

2034 3928 2203 3985 Porro
2232 3943 2325 3984 sex
2348 3937 2473 3982 sunt
2498 3924 2811 3981 diﬂ'erentia:
2835 3923 3015 3978 Patris
3034 3932 3090 3978 et
3122 3921 3241 3977 Filii
3280 3929 3335 3975 et
3377 3918 3556 3988 Spiri-

1965 4029 2050 4079 tus
2097 4020 2293 4083 sancti,
2320 4034 2386 4073 ex
2416 4020 2499 4073 his
2529 4025 2814 4071 nascentes
2844 4015 3172 4077 timuinibus,
3201 4012 3260 4067 id
3281 4021 3364 4065 est
3386 4011 3553 4065 habe-

1964 4127 2023 4165 re
2056 4110 2272 4164 Patrem
2304 4119 2359 4163 et
2386 4125 2491 4161 non
2516 4108 2715 4161 habere
2742 4105 2987 4171 Patrem;
3014 4104 3212 4158 habere
3250 4100 3465 4165 Filium,
3496 4107 3554 4154 et

1962 4218 2070 4257 non
2109 4200 2309 4256 habere
2338 4200 2571 4262 Filium;
2593 4197 2793 4253 habere
2826 4196 3084 4266 Spiritum
3126 4202 3371 4250 sanetum
3403 4192 3468 4245 de
3490 4206 3555 4245 se

1961 4294 2361 4365 procedentem,
2388 4301 2445 4346 et
2466 4306 2573 4346 non
2597 4288 2797 4345 habere
2819 4287 3079 4358 Spiritum
3122 4292 3369 4340 sanctum
3396 4282 3463 4337 de
3487 4296 3552 4336 se

1961 4385 2365 4457 procedentem.
2416 4382 2615 4437 llarum
2660 4379 3084 4436 dill‘erentiarum
3131 4375 3372 4447 singulas
3405 4373 3551 4444 quis-

1960 4496 2066 4553 que
2093 4482 2252 4536 habet
2278 4495 2439 4534 unam
2471 4478 2772 4549 propriam,
2802 4492 2911 4547 qua
2936 4474 3117 4530 differt
3141 4473 3215 4528 ab
3258 4472 3380 4527 aliis
3414 4471 3555 4527 duo-

1963 4575 2097 4638 bus;
2130 4580 2184 4627 et
2206 4571 2337 4625 duas
2363 4569 2433 4623 ita
2459 4582 2771 4622 communes
2800 4576 2853 4621 et
2886 4564 3155 4636 proprias,
3194 4570 3252 4616 ut
3279 4577 3381 4633 qua
3398 4576 3547 4616 com-

1962 4662 2205 4719 municat
2233 4660 2324 4691 ¹⁸⁰²
2357 4658 2466 4715 uni.
2516 4673 2580 4712 ea
2620 4656 2829 4712 dilferat
2869 4656 2937 4710 ab
2977 4655 3167 4712 alte:-o.
3200 4652 3361 4708 Pater
3393 4668 3551 4707 nam-

1958 4770 2066 4824 que
2091 4752 2254 4808 habet
2276 4751 2468 4806 Filium
2496 4748 2662 4813 solus,
2684 4763 2794 4818 quo
2819 4746 2997 4801 differt
3030 4747 3101 4801 ab
3143 4744 3265 4799 aliis
3305 4743 3546 4805 duolms:

1959 4844 2121 4901 habet
2145 4843 2412 4915 Spiritum
2450 4849 2695 4895 sanctum
2742 4838 3123 4910 procedentem
3158 4834 3224 4890 de
3270 4848 3351 4897 se,
3400 4831 3551 4911 quod

1564 5022 1794 5079 νΑιιιΑῑ
1833 5019 2230 5079 LECTIONES.

339 5154 430 5185 ‘7"
460 5152 586 5207 Car.
612 5154 703 5225 24.
735 5153 829 5210 Est
857 5156 911 5210 in
940 5174 1035 5210 ms.
1062 5156 1219 5211 Corb.
1245 5155 1412 5225 Caput
1436 5154 1529 5211 ‘26.
1610 5156 1701 5187 ’⁷⁸⁵
1727 5154 1865 5210 Ecce
1889 5154 2138 5225 videmus
2162 5162 2361 5221 quanta
2393 5170 2518 5206 mss.
2552 5166 2679 5205 ecce
2706 5147 2939 5225 vidimus
2966 5146 3298 5225 detquarnlta.
3336 5140 3444 5225 1⁷⁸⁸
3475 5140 3544 5196 Et

265 5234 465 5297 (litanda
514 5242 623 5297 ms.
662 5223 823 5297 (ἔστι).
870 5237 923 5280 et
970 5229 1134 5280 etiam
1162 5223 1361 5297 minuta
1440 5228 1531 5259 ³⁷⁸⁷
1562 5226 1610 5294 Q

1614 5227 1714 5279 uod
1750 5235 1938 5280 contra
1997 5210 2360 5277 Christianam
2419 5238 2545 5276 um.
2598 5219 2740 5288 quod
2804 5224 2895 5288 est
2937 5210 3123 5270 contra
3168 5210 3537 5288 Christianam

269 5280 361 5366 ξῖξῗ
395 5294 511 5366 Αιδῐεε
558 5294 719 5366 ullam
757 5296 1022 5366 ullatenus
1068 5280 1197 5351 nm:
1226 5314 1324 5352 nec
1359 5280 1607 5366 aliquant:
1626 5296 1907 5366 ullatenus
1970 5295 2062 5366 ‘7}?
2113 5292 2432 5366 Pronuntiat
2494 5280 2805 5366 auctoritas.
2953 5280 3440 5366 mss.ppronunti.et.

266 5362 359 5396 ¹⁷⁹⁰
390 5364 522 5419 Esse
551 5365 776 5420 dicenda
798 5383 925 5420 mss.
955 5365 1087 5420 Vict.
1119 5367 1274 5421 Corb.
1303 5383 1423 5423 esse
1450 5352 1743 5422 ldiccndam
1822 5364 1912 5395 ¹⁷⁹¹
1960 5364 2176 5433 Aliquid
2209 5363 2475 5433 signiticet
2507 5362 2581 5415 sic
2605 5375 2702 5413 ms.
2732 5356 2891 5433 Corp.
2913 5354 3012 5433 sed.
3035 5353 3142 5433 qlia
3171 5352 3536 5433 ttiSSonailtlltltl

262 5435 535 5507 significat
609 5436 700 5467 ‘7"
731 5436 858 5491 CAP.
882 5437 973 5491 9.3.
1006 5436 1101 5491 Est
1130 5438 1182 5490 in
1211 5454 1311 5491 ms.
1336 5436 1491 5491 Carb.
1518 5437 1685 5507 Caput
1707 5436 1799 5507 27.

262 5505 407 5577 Dens
457 5507 523 5561 de
554 5522 680 5561 mss.
719 5507 957 5577 Spiritus
982 5508 1214 5562 Sanetus
1256 5517 1339 5563 est
1386 5506 1524 5563 Deus
1553 5503 1618 5562 de
1694 5506 1784 5539 "9’
1812 5506 2131 5577 Quanquam
2172 5503 2407 5577 Spiritus
2440 5517 2563 5553 uisa.

1876 5434 1969 5466 ³⁷⁸³
1998 5420 2237 5488 Ριξιειιιίεἰ
2258 5420 2386 5487 itus.
2413 5431 2599 5485 Cister.
2670 5426 2854 5483 romisi
2930 5423 3020 5455 ’7“
3044 5424 3277 5493 Spiritus
3304 5420 3545 5475 Sanctus

1878 5520 2131 5552 mnnnam
2172 5503 2407 5552 Sniritns
2440 5517 2563 5552 mss.
2601 5445 2667 5552 E'l
2696 5511 3005 5552 uuanuuatn
3039 5496 3273 5552 Spiritus
3349 5491 3441 5524 ²⁷⁹⁶
3475 5490 3538 5545 Si

2649 5507 2667 5550 ι

2696 5511 3005 5568 quanquam
3039 5490 3273 5564 Spiritus
3315 5491 3441 5568 _”"
3475 5490 3538 5545 Si

259 5576 607 5631 conferamus
636 5562 776 5631 tu“:
806 5578 851 5632 si
883 5578 1215 5634 conferimus
1270 5562 1381 5609 7”"
1428 5578 1484 5632 Si
1506 5562 1923 5633 consideremus
1953 5562 2281 5630 conferendo
2323 5570 2539 5624 Patrem
2592 5562 2729 5622 nm:
2766 5566 2812 5621 si
2855 5562 3265 5620 consideramus
3315 5562 3541 5617 Patrem

261 5644 358 5715 ‘1"
400 5644 736 5715 Inveniemus
764 5663 890 5701 mss.
916 5649 1219 5704 invenimus
1295 5648 1386 5680 ¹⁷⁹⁹
1419 5647 1463 5715 Q

268 5711 409 5769 Vict.
440 5713 595 5770 Cora.
644 5716 1007 5788 intelligemus
1082 5719 1172 5752 ¹⁸⁰¹
1205 5719 1333 5775 CAP.
1363 5711 1462 5773 26:
1502 5717 1598 5774 1.ιά
1628 5720 1682 5772 in
1720 5735 1818 5772 ms.
1870 5715 2026 5772 Corb.
2080 5711 2271 5783 Caput.
2305 5711 2376 5767 28

258 5799 423 5853 quam
472 5788 811 5843 communica

1469 5649 1695 5703 uomodo
1738 5656 1865 5703 sunt
1893 5662 2020 5699 mss.
2064 5643 2195 5697 Vict.
2225 5639 2381 5696 Corb.
2416 5639 2687 5711 quomodo
2711 5636 2822 5692 sint
2896 5636 2988 5668 ¹⁸⁰⁰
3017 5634 3366 5711 lntelligimus
3408 5647 3540 5688 mu.

2476 5708 2566 5741 "°'
2619 5706 2836 5771 lJtoua
2890 5706 3255 5763 comnnmicat
3300 5719 3426 5757 mu.
3476 5711 3539 5758 ut
