4050 6294
491 375 598 433 5ξῖ

998 375 1056 432 8.
1093 371 1396 431 ANSELMI
1435 368 1785 429 CANTUAR.
1830 364 2062 422 AltClill

2197 359 2348 416 OPP.
2391 358 2572 416 PARS
2601 357 2641 414 Ι.
2686 389 2758 401 —-
2781 358 3202 420 DOGHATICA.

478 506 581 547 nec
608 487 758 553 facit,
809 488 1007 545 dicitur
1053 489 1233 543 facere
1282 502 1386 542 non
1411 499 1555 540 esse.
1594 481 1804 551 Quippe
1826 479 1920 511 ⁸⁸³⁸
1942 492 2049 532 non
2080 479 2126 536 Α
2155 471 2219 526 ti.
2246 471 2392 526 Dtsc.
2423 469 2530 524 Ista
2561 471 2776 526 nonnisi
2798 486 2906 527 non
2941 470 3260 542 iutclligcnti
3289 477 3384 524 aut
3413 469 3761 526 calumninsa

481 586 571 641 iii:
597 592 808 638 tantum
833 583 1028 637 dicitur
1063 580 1241 636 facere
1270 579 1502 648 aliquem
1543 575 1744 656 nudum
1797 587 1940 638 esse,
1975 581 2069 627 aut

482 690 589 729 non
621 689 745 728 esse
796 671 1065 735 indutum,
1115 671 1205 740 qui
1251 684 1375 723 eum
1421 663 1842 738 despoliat;scd
1892 671 1949 718 et
1975 661 2067 732 qui

480 766 823 836 spatiantem,
847 779 968 817 cum
997 762 1286 832 prohibere
1303 761 1492 832 possit,
1524 774 1631 816 non
1656 757 1946 827 prohibet:
1971 752 2068 810 sed

482 858 569 912 .Iée
594 855 808 927 prpprie
842 855 1041 909 dicitur
1071 855 1176 910 hoc
1206 853 1386 909 facere
1409 852 1523 917 ⁸⁸⁸⁸,
1555 851 1659 907 iste
1690 865 1819 906 vero
1863 849 2068 919 impro-

480 953 594 1018 prie
623 946 734 1001 ““.
763 946 897 1009 Cum
921 947 1066 1000 enint
1097 946 1197 1000 iste
1246 946 1443 1000 dicitur
1485 943 1610 1012 quia
1654 941 1782 998 fecit
1821 954 1944 996 esse
1972 938 2066 972 ⁸⁸⁵⁸

481 1038 705 1098 nudum,
740 1045 833 1090 aut
856 1051 960 1089 non
995 1050 1116 1090 esse
1141 1035 1386 1089 indutum
1411 1072 1427 1098 ,
1485 1048 1592 1086 non
1620 1031 1766 1086 aliud
1815 1029 2067 1099 intelligi-

481 1139 568 1184 tur
594 1130 694 1183 nisi
725 1129 872 1199 quia,
905 1143 1026 1182 cum
1062 1135 1261 1197 posset,
1295 1141 1399 1181 non
1429 1125 1559 1182 fecit
1592 1134 1775 1179 utnon
1806 1132 1949 1179 esset
1973 1138 2068 1178 nn-

478 1225 598 1283 QIIIS.
633 1231 726 1275 aut
755 1231 811 1274 ut
842 1221 1208 1276 maneret1m
1243 1220 1481 1275 indutus.
1539 1217 1650 1272 Hoc
1707 1217 1866 1271 modo
1920 1216 2065 1270 Dens

476 1312 678 1367 dicitur
707 1312 873 1366 multa
903 1310 1086 1367 facere
1112 1325 1232 1382 qum
1255 1327 1358 1366 non
1387 1310 1519 1364 facit
1544 1327 1558 1362 :
1588 1318 1666 1372 ut,
1699 1324 1823 1364 cum
1864 1307 2068 1363 dicitur

479 1405 735 1467 inducere
763 1402 815 1458 in
868 1403 1261 1469 tentatioucm;
1310 1403 1565 1474 quoniam
1613 1417 1718 1456 non
1768 1401 2064 1456 defendita

480 1494 798 1559 tcutatione,
830 1507 952 1550 cum
977 1493 1173 1564 possit:
1196 1502 1252 1549 et
1277 1492 1460 1548 facere
1488 1508 1594 1547 non
1617 1506 1759 1556 esse,
1782 1491 1926 1560 quod
1956 1507 2063 1546 non

479 1594 562 1639 est
590 1601 606 1650 ;
640 1587 917 1655 quoniam,
943 1600 1065 1638 cum
1092 1585 1279 1655 possit,
1310 1599 1416 1640 non
1446 1583 1575 1639 facit
1605 1597 1746 1638 esse.
1771 1585 1840 1639 At
1862 1582 1908 1638 si
1935 1597 2067 1637 con-

478 1677 682 1730 sideres
717 1691 779 1731 ea
807 1691 926 1744 qua:
970 1688 1263 1740 sunt,cum
1313 1683 1598 1730 transeunt
1646 1674 1714 1729 ad
1774 1689 1880 1728 non
1921 1689 2061 1740 esse,

478 1767 591 1836 ipse
621 1767 752 1820 facit
773 1781 835 1821 ea
868 1782 972 1820 non
1003 1781 1144 1821 esse.
1172 1765 1440 1834 Quoniam
1471 1771 1706 1834 namque
1732 1779 1862 1819 non.
1889 1763 2061 1818 solum

2169 561 2338 617 habes
2364 576 2501 632 opus
2527 562 2724 618 dicere.
2757 561 2899 618 MAG.
2927 562 3060 618 Redi
3081 562 3149 618 ad
3187 561 3239 616 id
3278 561 3423 631 quod
3448 561 3536 595 ¹⁸⁸¹
3589 561 3762 618 incus.

2169 653 2296 723 pisti
2322 693 2336 716 ,
2361 661 2416 708 et
2442 652 2567 707 vide
2591 652 2636 708 si
2661 667 2768 708 nou
2794 653 2970 710 solum
2995 653 3225 718 homini,
3252 653 3346 708 sed
3368 661 3424 707 et
3445 651 3638 725 angelo
3667 669 3766 726 po-

2169 752 2273 800 test
2301 743 2407 799 dici
2435 744 2561 815 quia
2587 759 2695 800 non
2724 744 2886 800 habet
2917 744 3062 815 quod
3084 758 3190 800 non
3221 743 3431 816 accepit

2759 852 3019 913 CAPUT
3055 856 3119 913 ll.

2165 945 2277 1003 Cur
2304 947 2543 1002 videatur
2572 948 2817 1021 diabolus
2843 949 2959 1021 ideo
2990 966 3093 1003 non
3124 951 3384 1019 accepisse
3423 967 3762 1021 perseveran-

2555 1019 2700 1080 tiam,
2729 1019 2855 1089 quia
2882 1018 3026 1074 Deus
3056 1036 3159 1074 non
3194 1018 3359 1075 dedit.

2237 1107 2384 1162 Dtsc.
2425 1106 2572 1164 Satis
2605 1117 2751 1179 patet
2774 1124 2882 1164 non
2911 1110 3090 1164 minus
3119 1110 3311 1181 angelo
3343 1127 3506 1182 quam
3552 1112 3762 1169 homini

2165 1199 2476 1254 convenire.
2506 1200 2730 1254 Constat
2753 1215 2882 1272 ergo
2905 1202 3031 1271 quia
3059 1201 3150 1256 ille
3179 1203 3420 1272 angelus,
3471 1205 3564 1276 qui
3592 1207 3764 1261 stetit

2167 1291 2222 1346 in
2251 1292 2500 1358 veritate,
2539 1293 2680 1371 sicut
2701 1293 2822 1347 ideo
2843 1295 3228 1364 perseveravit,
3254 1297 3379 1366 quia
3410 1311 3763 1368 perseveran-

2168 1383 2295 1437 tiam
2320 1383 2568 1447 habuit;
2601 1382 2673 1437 ita
2713 1383 2834 1438 idco
2884 1385 3346 1455 perseverantiam
3396 1385 3606 1454 habuit,
3632 1387 3762 1458 quia

2166 1473 2480 1543 accepit;et
2495 1473 2616 1529 ideo
2638 1475 2852 1544 accepit
2879 1475 3007 1545 quia
3041 1474 3183 1532 Deus
3211 1476 3380 1532 dedit.
3403 1477 3762 1548 Consequens

2165 1578 2248 1622 est
2285 1568 2376 1602 ⁸⁸⁸³
2405 1568 2573 1638 igitur
2619 1569 2746 1638 quia
2773 1569 2884 1635 ille,
2915 1570 3013 1640 qui
3064 1571 3116 1625 in
3167 1572 3401 1626 veritate
3437 1588 3543 1628 non
3585 1574 3760 1642 stetit,

2165 1663 2620 1731 quemadmodum
2652 1662 2775 1716 ideo
2804 1677 2912 1716 nou
2970 1664 3358 1733 perseveravit,
3398 1665 3534 1733 quia
3575 1678 3768 1734 perse-

2166 1755 2462 1808 verantiam
2492 1769 2599 1808 non
2633 1754 2852 1819 habuit;
2889 1755 2970 1809 sic
2994 1755 3114 1809 ideo
3145 1771 3250 1810 non
3281 1755 3470 1811 habuit
3514 1771 3764 1826 persevco

477 1833 581 1911 non
607 1867 692 1912 est
717 1856 894 1927 aliqua
924 1857 1026 1912 alia
1067 1833 1305 1913 essentia
1333 1856 1446 1920 ⁸⁸⁸⁸,
1485 1857 1586 1910 nisi
1622 1833 1726 1909 illo
1787 1854 2022 1910 faciente
2043 1866 2064 1920 ς’
2095 1833 2138 1892 Β
2170 1848 2420 1912 millium.
2453 1847 2582 1918 allia
2606 1863 2714 1903 non
2743 1849 2987 1919 accepit;
3015 1857 3071 1903 ct
3101 1848 3222 1905 ideo
3244 1863 3350 1903 tton
3375 1850 3607 1920 accepit.
3633 1849 3764 1919 quia

474 1947 568 2001 sed
598 1961 697 2001 nec
748 1945 1088 2015 aliquatenus
1135 1960 1355 2001 manere
1394 1945 1757 2016 potest,quod
1817 1943 1955 1998 facta
1981 1952 2066 1998 est

451 2036 592 2102 "‘“,
621 2036 724 2091 nisi
741 2038 934 2092 eodem
958 2038 1073 2107 ipso
1103 2045 1379 2093 servante.
1400 2036 1550 2092 Cum.
1585 2036 1677 2068 ⁸⁸⁸⁸
1728 2036 1842 2105 ipse
1867 2035 2066 2091 desinit

473 2142 697 2184 servare
721 2129 863 2197 quod
896 2129 1056 2194 fecit;
1090 2144 1198 2184 non
1231 2128 1356 2202 ideo
1377 2128 1453 2195 id,
1482 2127 1625 2199 qttod
1647 2137 1787 2194 erat,
1847 2129 1988 2184 redit
2009 2128 2064 2182 in

476 2234 582 2274 non
609 2234 750 2284 esse,
782 2220 908 2288 quia
938 2221 1048 2290 ipse
1077 2219 1206 2275 facit
1235 2235 1341 2274 non
1383 2235 1501 2274 esse
1526 2235 1541 2285 ;
1585 2220 1679 2274 sed
1701 2219 1827 2289 quia
1886 2229 2065 2274 cessat

474 2309 657 2365 facere
686 2324 828 2365 esse.
860 2309 993 2364 Nam
1022 2321 1077 2365 et
1129 2326 1252 2366 cum
1306 2311 1464 2382 quasi
1514 2311 1687 2366 iratus
1736 2311 2064 2368 destruendo

474 2401 675 2471 aliquid
713 2401 890 2455 aufert
922 2417 1074 2470 esse,
1101 2418 1209 2458 non
1240 2411 1324 2457 est
1375 2404 1443 2459 ab
1491 2402 1584 2458 illo
1632 2419 1738 2458 non
1781 2417 1934 2466 esse;
1969 2403 2062 2460 sed

473 2493 566 2547 illo
599 2491 838 2557 tollente,
865 2493 1010 2548 velut
1033 2509 1212 2558 suum,
1243 2494 1386 2564 quod
1429 2495 1777 2564 praestiterat,
1824 2494 1966 2564 quod
1995 2494 2063 2549 ab

471 2599 540 2637 eo
571 2582 774 2638 factum
804 2584 1126 2638 servabatur
1161 2594 1220 2638 ut
1254 2596 1420 2651 esset,
1472 2585 1611 2641 redit
1639 2586 1691 2640 itt
1747 2582 1853 2641 nun
1915 2588 2062 2651 esse,

471 2676 614 2746 quod
641 2690 746 2730 non
777 2676 846 2730 ab
877 2676 985 2739 illo,
1018 2675 1111 2730 sed
1149 2691 1177 2729 a
1201 2686 1280 2744 se,
1319 2685 1610 2747 antequam
1669 2675 1845 2742 ﬁeret,
1895 2675 2066 2731 hahe-

470 2768 584 2829 bat.
612 2767 670 2823 Si
695 2769 840 2822 enim
869 2768 936 2822 ab
987 2769 1171 2838 aliquo
1213 2769 1451 2823 tunicam
1507 2778 1742 2838 repetas,
1792 2781 1956 2840 quam
1986 2769 2062 2824 itli

471 2856 616 2910 nudo
641 2864 836 2927 sponte
863 2855 930 2914 ad
961 2865 1175 2928 tempus
1202 2859 1538 2928 przestiteras
1570 2857 1687 2922 ⁸⁵³⁵⁷,
1733 2873 1840 2913 non
1897 2859 2064 2915 habet

473 2962 504 3002 tt
531 2955 584 2999 te
605 2945 904 3002 nuditatem
928 2961 946 3011 ;
974 2946 1090 3012 sed,
1125 2954 1176 3003 te
1191 2947 1337 3015 quod
1366 2955 1519 3002 tuum
1556 2955 1676 3002 erat
1706 2948 1944 3015 to!lente,
1979 2964 2064 3005 re-

459 3033 552 3104 dit
581 3033 711 3088 inid
749 3033 893 3104 quod
920 3043 1038 3089 erat
1065 3043 1352 3106 antequam
1377 3037 1698 3092 indueretnr
1720 3053 1750 3091 a
1786 3045 1856 3093 te.
1903 3036 2064 3093 Nem-

471 3142 542 3196 pe
566 3125 708 3182 sicut
735 3142 768 3180 a
793 3141 1006 3180 summo
1028 3127 1170 3182 bono
1198 3142 1305 3183 non
1331 3135 1413 3183 est
1446 3127 1548 3183 nisi
1578 3128 1806 3194 bonum,
1824 3138 1880 3184 et
1900 3145 2063 3189 omne

471 3219 673 3275 bonunt
693 3230 830 3276 esta
854 3232 1066 3274 summo
1095 3218 1267 3284 bono,
1298 3219 1370 3274 ita
1398 3235 1427 3273 a
1458 3234 1668 3283 summa
1691 3219 1927 3282 essentia
1952 3235 2058 3275 non

469 3324 558 3370 est
583 3314 686 3370 nisi
707 3311 967 3377 essentia,
999 3321 1056 3367 et
1080 3311 1260 3367 omnis
1282 3311 1521 3374 essentia
1545 3323 1628 3368 est
1653 3327 1684 3374 a_
1713 3328 1926 3369 summa
1975 3330 2060 3370 es-

472 3407 687 3462 sentia:
718 3405 882 3471 unde,
910 3405 1168 3474 quoniam
1215 3418 1486 3460 sunnnutn
1537 3405 1738 3459 bonum
1788 3414 1872 3462 est
1915 3417 2063 3460 sum-

472 3517 560 3559 ma
580 3502 838 3564 essentia,
869 3510 1208 3570 consequens
1233 3507 1316 3558 est
1344 3508 1404 3555 ut
1423 3515 1586 3555 omne
1619 3500 1819 3559 bonum
1873 3500 1947 3560 sit
1971 3516 2063 3556 es-

476 3591 674 3651 sentia,
706 3597 763 3645 et
787 3587 966 3644 omnis
996 3587 1232 3644 essentia
1253 3589 1475 3645 bonum.
1512 3588 1660 3644 Nihil
1711 3604 1841 3659 ergo
1863 3599 1918 3646 et
1953 3606 2060 3646 non

473 3696 616 3746 esse,
647 3681 788 3737 sicut
816 3695 923 3736 non
948 3688 1032 3736 est
1055 3679 1290 3735 essentia
1311 3719 1327 3744 ,
1363 3679 1440 3734 ita
1487 3695 1594 3734 non
1619 3690 1705 3736 est
1730 3681 2060 3736 bonnm‘m.

474 3774 620 3830 Nihil
653 3773 838 3842 itaque
863 3784 918 3827 et
949 3787 1056 3826 nou
1084 3786 1227 3836 esse,
1255 3787 1362 3827 non
1397 3780 1483 3826 est
1509 3771 1579 3827 ab
1603 3771 1713 3837 illo,
1745 3786 1776 3826 a
1821 3787 1930 3843 quo
1952 3789 2060 3828 non

473 3876 558 3924 est
581 3866 684 3922 nisi
721 3865 920 3920 bonum
948 3874 1006 3920 et
1025 3865 1281 3920 essentia.
1314 3864 1460 3921 Dtsc.
1483 3863 1684 3936 Aperte
1723 3881 1868 3922 nunc
1905 3867 2062 3923 video

471 3959 599 4030 quia
632 3957 774 4023 sicut
801 3957 1000 4038 bonum
1050 3964 1276 4022 etesse,
1324 3965 1546 4012 nonest
1585 3957 1687 4012 nisi
1715 3958 1753 4012 a‘
1805 3957 1948 4024 Deo;
1987 3959 2059 4013 ita

471 4064 580 4105 non
611 4054 697 4103 est
720 4061 752 4101 a
788 4045 922 4111 Deo,
973 4045 1074 4100 nisi
1105 4045 1305 4101 bonum
1337 4055 1392 4101 et
1437 4061 1578 4102 esse.
1631 4047 1775 4105 Msa.
1827 4048 1962 4105 Vide
1992 4065 2060 4105 ne

472 4139 741 4193 ullatenus
761 4146 942 4206 putes,
963 4149 1094 4190 cum
1151 4135 1202 4189 in
1235 4136 1434 4191 divinis
1468 4136 1621 4192 libris
1679 4137 1926 4209 legimus,
1963 4147 2060 4196 ant

473 4244 595 4282 cum
617 4225 910 4282 secundum
937 4224 1058 4280 illos
1103 4224 1335 4281 dicimus
1375 4227 1542 4284 Deum
1601 4227 1782 4284 facere
1830 4230 2056 4296 malum,

475 4325 569 4371 aut
594 4313 772 4369 facere
801 4327 908 4367 non
929 4327 1070 4380 esse,
1103 4314 1230 4382 quia
1302 4328 1495 4385 negem
1525 4315 1617 4349 ⁸⁸⁵³
1647 4327 1870 4388 propter
1913 4321 2057 4390 quod

473 4408 700 4472 dicitur;
733 4415 828 4459 aut
860 4405 1277 4474 reprehendam,
1306 4407 1432 4476 quia
1459 4407 1531 4461 ita
1559 4407 1794 4464 dicitur:
1831 4414 1927 4466 sed
1951 4429 2056 4466 non

474 4509 686 4556 tantum
710 4496 968 4551 debemus
1016 4496 1280 4552 inluerere
1330 4497 1722 4568 improprietati
1769 4502 2055 4558 verborum

474 4587 761 4643 veritatem
790 4583 1012 4654 tegenti,
1054 4594 1328 4654 quantum
1374 4586 1584 4642 inhiare
1603 4592 1934 4661 proprietate
1968 4607 2058 4646 ve-

473 4679 654 4739 ritatis
686 4675 786 4742 sub
813 4673 1129 4733 multimodo
1163 4692 1362 4748 genere
1382 4679 1713 4738 locutionum
1745 4682 1838 4717 ¹⁸⁸⁶
1881 4685 2057 4743 laten-

2168 1941 2310 1996 Dens
2335 1955 2441 1996 non
2470 1940 2638 1996 dedit.
2663 1940 2720 1996 Si
2752 1955 2884 2010 ergo
2909 1951 3086 2012 potes,
3113 1940 3238 1996 volo
3262 1950 3322 1995 ιιι
3348 1942 3606 1998 ostemlas
3626 1941 3760 1996 mihi

2165 2030 2382 2100 culpam
2405 2030 2552 2099 ejus;
2584 2045 2718 2085 cum.
2735 2029 2858 2085 ideo
2879 2045 2991 2084 non
3012 2031 3450 2100 perseveraverit
3472 2031 3585 2096 ιω,
3631 2032 3762 2100 quia

2167 2123 2257 2179 ille
2293 2138 2400 2177 non
2424 2123 2593 2189 dedit,
2647 2138 2757 2194 quo
2801 2139 2908 2179 non
2939 2125 3104 2180 dante
3135 2125 3270 2180 nihil
3309 2126 3510 2182 habere
3561 2128 3759 2196 potuit.

2165 2214 2358 2270 Certus
2381 2223 2501 2268 sunt
2517 2214 2686 2280 enim,
2709 2214 2925 2270 etiamsi
2953 2231 3058 2269 non
3087 2216 3323 2283 videam,
3354 2231 3460 2271 non
3475 2217 3584 2289 63
3608 2217 3762 2272 illum

2165 2307 2270 2362 nisi
2291 2305 2440 2376 juste
2469 2321 2736 2362 asumma
2776 2307 2925 2378 justo
2957 2307 3051 2340 "“
3100 2307 3440 2374 damnatum,
3489 2325 3590 2364 nec
3641 2310 3764 2364 sine

2165 2397 2320 2468 culpa
2344 2399 2490 2470 juste
2519 2398 2669 2454 illum
2690 2400 2932 2469 potuisse
2960 2399 3228 2454 damnari.
3253 2397 3396 2454 Mac.
3424 2397 3581 2455 Unde
3601 2411 3764 2470 putas

2164 2493 2445 2563 consequi,
2475 2493 2519 2548 si
2553 2494 2726 2548 bonus
2747 2493 2972 2564 angelus
2996 2493 3118 2548 ideo
3155 2493 3368 2562 accepit
3403 2507 3766 2562 perseveran-

2165 2584 2294 2641 tiam
2342 2584 2468 2654 quia
2503 2584 2642 2640 Dens
2693 2584 2862 2646 dedit,
2898 2583 3099 2639 malum
3147 2583 3271 2638 ideo
3295 2598 3400 2636 non
3457 2583 3761 2652 accepisse,

2165 2677 2290 2747 quia
2323 2676 2464 2731 Deus
2492 2692 2599 2731 non
2627 2677 2807 2731 dedit?
2839 2677 2984 2732 Dtsc.
3017 2675 3152 2743 Quia
3185 2677 3228 2729 si
3258 2674 3403 2731 bono
3441 2674 3634 2747 angelo
3666 2676 3764 2729 da-

2165 2768 2242 2822 tio
2263 2777 2533 2823 estcausa
2574 2768 2906 2838 acceptiouis
2933 2808 2948 2834 ,
2993 2778 3124 2838 puto
3173 2782 3281 2823 non
3334 2767 3605 2821 dationem
3638 2782 3766 2822 esse

2165 2859 2308 2916 malo
2331 2859 2524 2931 angelo
2561 2875 2792 2916 causam
2821 2875 2926 2916 non
2973 2861 3336 2930 acceptionis:
3366 2869 3423 2916 et
3463 2861 3507 2916 si
3539 2859 3764 2930 ponitur

2164 2967 2272 3008 non
2301 2951 2472 3020 datio,
2494 2951 2652 3007 video
2675 2951 3045 3015 necessariam
3071 2951 3164 2985 ⁸³⁸⁸
3186 2967 3308 3008 esse
3337 2967 3558 3008 causam
3589 2960 3650 3005 ut
3674 2967 3766 3005 se-

2164 3051 2365 3112 quatur
2391 3057 2496 3097 non
2523 3043 2802 3112 acceptio:
2841 3050 2896 3098 et
2923 3057 3115 3099 omnes
3135 3042 3448 3099 setmus‘m
3480 3042 3607 3114 quia
3632 3057 3765 3097 eum

2166 3149 2274 3188 non
2296 3133 2595 3204 accipimus
2611 3133 2704 3166 ¹⁸⁸⁷
2726 3134 2868 3204 quod
2895 3133 3161 3200 volumus,
3202 3149 3312 3190 non
3345 3134 3468 3190 ideo
3519 3149 3626 3189 non
3656 3134 3763 3189 da-

2170 3230 2278 3290 tttr,
2308 3225 2435 3295 quia
2463 3239 2569 3279 non
2598 3225 2927 3296 accipimus;
2970 3225 3063 3280 sed
3114 3227 3234 3282 ideo
3271 3242 3377 3282 non
3439 3226 3763 3298 accipimus,

2166 3316 2422 3386 quianon
2456 3316 2633 3371 datur.
2671 3315 2912 3386 Denique
2957 3331 3313 3387 quoscunque
3345 3315 3447 3388 legi
3474 3326 3564 3370 aut
3593 3318 3766 3372 andi-

2165 3395 2218 3462 vi
2240 3408 2418 3464 facere
2441 3407 2794 3478 quaestionem
2850 3407 2994 3462 hanc
3039 3423 3055 3462 :
3116 3407 3220 3462 hac
3269 3409 3478 3462 ratione
3532 3421 3676 3473 eam,
3708 3409 3763 3463 in

2164 3507 2425 3568 quantum
2455 3497 2674 3552 memini
2704 3496 3072 3564 constituunt;
3100 3497 3227 3566 quia
3258 3496 3302 3552 si
3328 3496 3503 3551 bonus
3533 3497 3766 3563 angelus

2167 3589 2288 3644 ideo
2315 3589 2543 3660 accepit,
2575 3589 2698 3659 quia
2734 3589 2874 3643 Deus
2901 3589 3090 3653 dedit,
3143 3588 3318 3645 malus
3365 3571 3602 3659 angcins‘
3638 3590 3766 3645 ideo

2168 3680 2261 3712 ¹⁸³⁸
2290 3696 2396 3734 nou
2419 3680 2650 3748 accepit,
2681 3679 2808 3750 quia
2847 3679 2990 3735 Deus
3021 3695 3128 3735 non
3162 3678 3341 3734 dedit:
3393 3693 3494 3735 nec
3536 3679 3763 3735 ttretnini

2166 3785 2253 3826 me
2280 3769 2457 3826 adhuc
2483 3769 2646 3840 hujus
2693 3771 3099 3842 consequentiae
3142 3770 3470 3826 solutionem
3531 3771 3760 3826 vidisse.

2783 3860 3012 3919 CAPUT
3052 3862 3136 3918 ill.

2237 3954 2391 4020 Quod
2418 3952 2536 4008 ideo
2567 3953 2706 4008 Deus
2733 3971 2838 4009 non
2865 3954 3030 4020 dedit,
3060 3955 3184 4026 quin
3210 3953 3300 4010 ille
3328 3971 3431 4009 non
3461 3955 3685 4022 accepit.
3711 3979 3718 3988 ι

2235 4049 2380 4104 MAG.
2418 4047 2574 4102 Nulla
2616 4055 2700 4101 est
2747 4045 2846 4100 tibi
2892 4046 3326 4116 consequentia:
3379 4053 3555 4115 potest
3607 4047 3760 4101 enim

2161 4155 2270 4196 non
2302 4140 2449 4205 dare,
2495 4153 2600 4193 non
2629 4151 2750 4193 esse
2805 4152 2968 4192 causa
3018 4152 3124 4215 non
3162 4135 3498 4206 accipiendi,
3537 4137 3761 4192 etiamsi

2163 4233 2294 4287 dare
2323 4246 2538 4302 seraper
2582 4240 2727 4284 esset
2769 4243 2933 4283 causa
2966 4227 3289 4299 accipiendi.
3338 4228 3480 4282 Dtsc.
3532 4225 3677 4297 Ergo
3713 4227 3760 4282 si

2163 4333 2394 4395 ponatur
2433 4337 2538 4378 non
2575 4322 2726 4387 dare,
2752 4337 2860 4377 non
2888 4333 3111 4375 necesse
3139 4329 3224 4396 est
3260 4319 3410 4388 sequi
3458 4333 3563 4372 non
3604 4320 3760 4373 acci-

2162 4429 2312 4486 pere.
2364 4412 2545 4481 Quare
2591 4422 2768 4483 potest
2813 4427 2935 4467 esse
2964 4411 3232 4480 accipere,
3283 4410 3495 4464 etiamsi
3529 4423 3634 4463 nou
3686 4409 3763 4464 sit

2163 4507 2316 4561 dare.
2371 4504 2512 4560 ΜΑο.
2544 4504 2661 4559 Non
2707 4514 2790 4560 est
2819 4504 2915 4558 ita.
2968 4504 3114 4558 Dtsc.
3160 4501 3420 4574 Exemplo
3467 4501 3591 4557 volo
3619 4501 3757 4557 mihi

2163 4598 2420 4654 ostendas
2464 4598 2608 4669 quod
2660 4597 2811 4653 dicis.
2861 4595 3002 4651 Μιιο.
3045 4595 3107 4652 Si
3136 4609 3236 4667 ego
3272 4596 3489 4667 porrigo
3528 4595 3631 4650 tibi
3661 4597 3760 4652 ali-

2164 4688 2335 4760 quid,
2365 4699 2422 4747 et
2449 4699 2506 4746 tu
2536 4689 2774 4761 accipis;
2824 4705 2934 4746 non
2964 4688 3085 4744 ideo
3121 4688 3188 4742 do
3216 4687 3340 4758 quia
3367 4687 3566 4760 accipis
3597 4704 3612 4753 ;
3658 4688 3760 4744 sed

1773 4845 1860 4902 VA
1869 4848 2009 4905 811E
2047 4849 2456 4908 LECTIONES.

541 4941 862 5032 ⁸7³’,Εξιρεης
894 4961 1016 5032 £550
1045 4965 1151 5032 90"
1185 4967 1321 5008 0580.
1355 4954 1563 5027 Qtlittpc
1590 4975 1712 5032 mss.
1753 4960 1886 5016 Vict.
1920 4962 1978 5018 S.
2011 4962 2174 5020 Mich.
2211 4965 2388 5023 facere
2415 4981 2564 5032 esse;

2623 4975 2678 5050 et
2712 4967 2803 5038 qni
2866 4967 3270 5050 potest__l'acere
3310 4977 3369 5050 ut
3410 4967 3617 5050 aliquid
3649 4971 3756 5050 sit,

473 5014 1401 5110 pec-[aciimti'ei‘turul'accre.nntf
1416 5014 1554 5110 esse.
1597 5025 1806 5110 Quippe
1881 5033 1974 5066 ¹⁸⁶⁰
2010 5034 2104 5110 Ille
2143 5035 2343 5110 dicitur
2359 5014 2596 5110 vprnprie
2632 5014 2811 5092 faccre
2846 5014 2990 5093 ngas:
3019 5014 3107 5094 ille
3145 5014 3367 5110 proprie

473 5083 820 5176 [ῖξςςτθωίξδξ
849 5088 953 5176 Iste
982 5091 1272 5176 improprie
1311 5107 1437 5176 mss.
1481 5100 1583 5154 iste
1608 5083 1766 5155 iei'o‘
1782 5083 2103 5176 ἷιιιρνορῆὀ⁷
2145 5083 2241 5139 ῖέίς

2299 5107 2436 5180 Quia
2479 5107 2608 5180 facit
2644 5123 2934 5180 essent“.
2979 5120 3028 5180 et
3078 5107 3220 5180 Edit.
3252 5107 3424 5165 'Gotlt.
3457 5111 3583 5180 quia
3623 5111 3760 5165 fecit

791 5159 896 5248 aut
937 5155 1178 5217 numeret
1204 5181 1313 5248 ms.
1340 5165 1542 5248 Cit-ter.
1569 5180 1674 5248 aut
1696 5155 2087 5248 ptita'inéief
2121 5175 2216 5209 m‘
3623 5155 3756 5214 ’ἶίδ

471 5221 1384 5324 ἓηξξῄςξξξιειῼςξιιιηξξὶῃιιιιοιῑλιιςιει
1412 5246 1494 5293 est
1569 5239 1661 5324 “'2‘
1696 5236 2042 5324 Nisi-codem
2078 5247 2191 5324 ipso
2227 5221 2460 5302 faciente
2496 5257 2554 5301 ut
2595 5221 2840 5304 inaneat.
2890 5221 3046 5324 gum.
3079 5221 3586 5324 3n}.'tﬁéi'ébdé};
3633 5251 3764 5324 ipso

472 5303 1772 5402 ﬁgilitil‘afiliqm’21ﬁ.agnam“praestiteras
1810 5314 1895 5402 illi
1923 5303 2191 5374 modo-ad
2239 5331 2449 5402 tempus
2499 5334 2624 5372 mss.
2664 5333 2825 5388 quam
2890 5317 2965 5400 illi
2997 5321 3141 5401 nudo
3187 5303 3755 5402 spoi.ie_‘5ii'ién;§§§

473 5372 805 5452 ulfesttteras
880 5372 974 5452 ’ἤδη
1003 5372 1158 5429 Sicut
1190 5372 1274 5432 est
1303 5372 1569 5444 essentia,
1611 5397 1716 5436 non
1760 5393 1844 5438 est
1883 5387 2079 5442 bonum
2126 5372 2440 5444 mssasieut
2473 5404 2579 5444 non
2615 5372 2697 5444 esi
2733 5372 3242 5452 essentia,itanmi
3260 5372 3754 5447 ἱέέίύὧίὶιιὶῖὝίῐῐ

473 5430 1148 5526 ET!f§§91flmfilp§gcnjt
1181 5464 1302 5526 mss.
1337 5466 1440 5526 non
1488 5430 1627 5512 esse,
1658 5454 1782 5526 quia
1812 5430 2433 5526 ng§3{{{""m°'"de7.'£Fé
2474 5430 3129 5516 ἰὀ’ἑὶιῦἷ›ἶιίὲ”ἷῆἓέξ’”ἰίῖἑλ

3184 5461 3335 5517 Gem.
3389 5461 3506 5517 Bec.
3548 5479 3757 5535 genere

1004 5513 1234 5602 taedium
1259 5521 1402 5589 quod
1436 5537 1560 5576 mss.
1587 5499 1634 5575 et
2025 5529 2134 5602 redi
2164 5499 2930 5598 atrbl.qimdwﬁavﬁe‘iliﬁd
2952 5499 3750 5602 αὸὶιὲἑῳῖὲἶίέ’θεῖ’ἷιῖὲεῗῖξῗὲεῗ

472 5571 773 5660 {musca
806 5577 993 5660 Cister.
1021 5583 1187 5650 dedit,
1217 5571 1559 5660 co'nseﬁqn—en's‘
1585 5571 1668 5648 est

1742 5595 2000 5682 ίξξξρπιιιι)
2032 5599 2152 5655 ideo
2183 5613 2287 5654 non
2312 5595 2683 5682 perseveravit
2700 5617 2824 5682 mss.
2857 5616 2979 5658 cum
3018 5595 3755 5682 ideo'ttonhperseyeraveri.

474 5641 1209 5740 :ttﬁnsllmnttno‘instomss.
1241 5673 1269 5740 ξι
1305 5641 1694 5740 Sttn'nnejusto
1769 5666 1862 5699 ¹⁸⁸⁸
1897 5641 3752 5740 lude-necessariam:

469 5728 1398 5816 e‘lﬂtjgt‘lggiseimtts.
1438 5728 1875 5816 ,⁸⁸³⁸⁵⁷ὨιιίειιιοιιΔ
1907 5740 2202 5816 accipimus
2233 5736 2381 5794 Edit.
2437 5738 2612 5816 Venet.
2659 5739 2775 5816 (39!.
2813 5751 2860 5803 et
2899 5740 3059 5798 Galli.
3095 5744 3223 5816 quia
3275 5757 3385 5800 non
3434 5728 3751 5816 accepimus

470 5802 594 5841 um.
626 5799 716 5860 qui
753 5807 854 5847 non
895 5799 1186 5862 accipimus
1229 5799 1320 5879 “f‘
1349 5800 1520 5862 Malus
1558 5799 1795 5880 A'ngelus
1825 5809 1945 5868 ideo
1980 5799 2104 5869 πίω.
2143 5810 2328 5870 Ciseer.
2362 5811 2509 5869 omit.
2543 5810 2777 5882 Angelus

3661 356 3766 416 538
3909 363 3916 368 ’
