4050 6294
1381 324 1653 384 ῡιΑιοα.
1686 325 1783 393 χοε
1817 324 1996 382 csso
2031 308 2312 382 omnem

3380 300 3483 381 sal

142 484 147 487 τ
222 453 329 511 ideo
349 446 580 518 accipis,
615 440 743 514 quia
766 445 836 501 do
856 460 874 511 ;
897 451 955 499 et
978 452 1061 499 est
1081 442 1225 499 datio
1254 456 1417 497 causa
1444 442 1792 509 acceptionis.
1822 444 1873 502 Α
1900 437 2320 493 mihiosteudas.
2338 435 2477 489 MAG.
2498 436 2770 507 lncoepisti
2790 446 3025 506 unquam
3043 429 3242 501 aliquid
3257 447 3485 487 cumm-

221 546 349 603 Dtsc.
372 541 459 597 Ita
472 538 736 596 eamne.
758 537 896 607 Quid
917 538 962 592 si
990 538 1043 593 Id
1072 537 1244 608 ipsum
1273 536 1362 569 ⁸⁸⁸⁸
1382 536 1599 608 porrigo
1618 535 1733 600 alii,
1747 542 1803 591 et

221 614 317 693 non
336 630 542 701 accipit
570 629 685 694 ’8“;
713 628 874 699 illene
895 627 1017 683 ideo
1042 643 1149 682 non
1178 627 1396 697 accipit,
1425 626 1546 696 quia
1569 641 1672 681 non
1694 627 1802 683 do?

222 725 351 782 DISC.
365 720 554 778 Potius
569 719 782 774 videtur
809 717 936 789 quia
956 727 1013 771 tu
1035 718 1154 773 ideo
1166 732 1274 779 non
1295 718 1413 782 das,
1427 715 1552 786 quia
1582 712 1667 771 ille
1693 731 1800 771 non

225 815 440 886 accepit.
470 812 613 868 Mss.
643 809 742 867 Hic
766 810 932 882 igitur.
968 826 1077 864 non
1107 809 1200 841 ⁸⁸⁸⁸
1228 809 1379 874 dare,
1405 824 1510 863 non
1534 818 1617 863 est
1639 821 1800 863 causa

224 921 317 964 non
336 902 674 974 accipiendi;
706 909 762 956 et
779 909 960 957 tamen
991 901 1035 956 si
1060 916 1200 970 pono
1222 915 1308 955 me
1328 915 1434 957 non
1460 898 1797 967 dedisse’s‘“,

223 1013 368 1056 causa
409 1004 499 1052 est
537 993 905 1064 consequendi
951 991 1103 1063 illum
1150 1007 1258 1048 non
1292 992 1586 1061 accepisse.
1638 990 1802 1045 Aliud

223 1103 447 1160 namque
480 1097 565 1143 est
611 1100 727 1142 rem
764 1098 987 1140 causam
1018 1097 1140 1140 esse
1193 1082 1419 1138 alterius
1450 1082 1527 1137 rei
1584 1101 1598 1136 :
1656 1080 1801 1135 aliud

223 1178 533 1252 positionem
587 1177 669 1231 rei
716 1188 839 1230 esse
867 1188 1088 1230 causam
1121 1181 1180 1229 ut
1225 1171 1655 1243 sequatur-aliud
1687 1170 1800 1224 ηδ’.

225 1272 341 1327 Cum
369 1269 520 1349 enim
552 1266 863 1324 incendium
895 1281 1003 1323 non
1034 1266 1107 1323 sit
1144 1281 1307 1322 causa
1350 1266 1510 1337 ignis,
1532 1264 1626 1320 sed
1663 1264 1802 1334 ignis

225 1361 447 1419 incendii
474 1402 491 1428 ,
528 1361 725 1431 positio
749 1368 928 1416 tamen
955 1359 1188 1415 incendii
1214 1373 1426 1428 semper
1447 1373 1608 1413 causa
1638 1365 1720 1411 est
1745 1365 1803 1415 ut

225 1465 475 1525 sequatur
497 1468 621 1509 esse
644 1454 848 1526 ignem.
872 1451 931 1508 Si
953 1452 1099 1507 enim
1121 1460 1208 1507 est
1225 1452 1554 1514 incendium,
1578 1464 1802 1505 necesse

224 1555 299 1602 est
320 1545 502 1616 ignem
532 1558 674 1600 esse.
711 1542 864 1598 Disc.
894 1540 1127 1597 Necesse
1154 1549 1237 1597 est
1259 1554 1346 1595 me
1370 1540 1451 1595 sic
1474 1554 1596 1594 esse
1622 1537 1799 1592 fateri.

226 1633 352 1707 MAG.
380 1634 552 1693 Vides
589 1648 738 1704 ergo,
772 1640 834 1689 ut
863 1640 1018 1704 puto,
1045 1632 1091 1688 si
1136 1640 1193 1687 tu
1220 1632 1339 1687 ideo
1366 1630 1646 1700 accepisti,
1674 1629 1802 1700 quia

224 1741 316 1799 ego
354 1726 530 1792 dedi,
582 1740 691 1780 non
739 1734 923 1781 tamen
951 1725 1155 1780 idcirco
1198 1721 1455 1791 consequi
1485 1721 1656 1787 illum,
1709 1719 1802 1789 qui

226 1833 322 1872 non
346 1817 579 1889 accepit,
600 1817 736 1891 ideo
759 1830 865 1870 non
900 1815 1196 1884 accepisse,
1224 1813 1350 1884 quia
1378 1826 1478 1882 ego
1508 1827 1613 1865 non
1642 1810 1800 1875 dedi;
1835 1788 1879 1844 Β

224 1914 275 1961 ct
295 1914 472 1959 tamen
500 1902 760 1973 consequi
804 1903 930 1973 quia
958 1903 1001 1956 si
1024 1915 1123 1973 ego
1154 1916 1262 1955 non
1287 1900 1432 1965 dedi,
1457 1898 1546 1952 ille
1574 1913 1679 1952 non
1712 1912 1804 1953 ac-

227 1996 379 2064 cepit.
420 1992 568 2050 DISC.
614 1993 804 2060 Video,
838 2002 893 2049 et
919 1991 1094 2062 placet
1122 1990 1253 2045 mihi
1282 1990 1409 2059 quia
1451 1985 1623 2044 video.
1654 1986 1802 2041 Msa.

224 2085 297 2137 Au
330 2082 566 2154 amplius
614 2085 828 2140 dubitas
867 2083 993 2153 quia
1036 2082 1177 2137 sicut
1203 2080 1445 2154 angelus,
1492 2081 1585 2152 qui
1630 2080 1801 2146 stetit,

224 2172 335 2232 ideo
386 2177 601 2247 accepit
630 2175 1113 2247 perseverantiam,
1163 2173 1286 2242 quia
1324 2172 1466 2228 Deus
1502 2173 1681 2239 dedit,
1730 2173 1805 2228 ita

224 2285 320 2343 non
348 2270 517 2326 stanti
548 2269 642 2303 ¹⁸⁶⁸
672 2270 873 2326 idcirco
896 2264 1040 2331 usus
1065 2282 1173 2322 non
1210 2266 1386 2332 dedit,
1417 2266 1543 2338 quia
1583 2266 1669 2320 ille
1697 2280 1803 2331 non

223 2362 465 2434 accepit?
520 2361 665 2424 Oisc.
713 2360 961 2434 Nondum
1015 2359 1147 2414 mihi
1198 2359 1304 2413 hoc
1336 2356 1654 2423 ostendisti;
1711 2354 1805 2410 sed

224 2453 342 2509 illud
378 2462 593 2509 tantum
645 2451 981 2509 sufﬁcienter
1013 2449 1399 2507 demonstrasti
1426 2448 1541 2514 ‘3“,
1599 2446 1807 2503 scilicet

223 2560 320 2600 non
359 2560 481 2601 esse
502 2558 842 2613 consequens
879 2557 947 2599 ex
985 2558 1052 2599 eo
1074 2541 1200 2612 quia
1235 2541 1410 2596 bonus
1433 2539 1654 2610 angelus
1685 2538 1805 2592 idco

222 2634 441 2704 accepit,
477 2634 604 2704 quia
634 2632 777 2690 Deus
801 2632 949 2688 dedit
982 2631 1109 2697 um;
1142 2630 1341 2686 malum
1373 2630 1493 2686 ideo
1523 2644 1629 2684 non
1652 2642 1806 2683 acce-

220 2728 377 2800 pisse,
408 2728 539 2799 quia
568 2723 730 2783 ‘Deus
770 2741 879 2797 non
929 2725 1098 2781 dedit.
1158 2723 1216 2778 Si
1259 2724 1400 2780 enim
1428 2723 1511 2778 vis
1560 2736 1807 2777 asserere

222 2816 385 2874 Deum
408 2818 485 2874 illi
510 2818 632 2875 ideo
660 2833 767 2874 non
790 2816 1025 2884 dedisse,
1060 2816 1187 2886 quia
1214 2830 1320 2871 non
1351 2815 1592 2885 accepit,
1621 2828 1805 2884 qumro

221 2925 313 2968 cur
334 2927 441 2967 non
484 2911 732 2980 accepit?
770 2911 880 2966 Aut
900 2909 1023 2981 quia
1056 2925 1163 2964 non
1190 2908 1380 2978 potuit,
1412 2922 1510 2963 aut
1538 2908 1664 2977 quia
1696 2923 1803 2963 non

222 3002 406 3058 voluit.
454 3000 588 3056 Nam
619 3001 799 3057 sinon
845 3001 1035 3057 habuit
1061 2988 1382 3070 potestatem
1423 3006 1515 3053 aut
1560 2998 1807 3065 volunta-

221 3100 323 3147 tem
349 3092 675 3163 accipiendi,
706 3091 848 3154 Ileus
871 3104 980 3147 non
1005 3090 1172 3145 dedit.
1201 3087 1258 3144 Si
1289 3088 1435 3144 enim
1462 3089 1604 3144 Deus
1626 3088 1807 3143 dedis-
1832 3131 1878 3193 Ο

221 3191 323 3249 set,
360 3199 462 3254 pro
490 3192 639 3238 certo
674 3181 972 3239 habuisset.
1017 3181 1216 3250 Quare,
1273 3182 1318 3237 si
1355 3196 1461 3236 non
1501 3181 1675 3250 potuit
1707 3180 1803 3233 ha-

218 3275 346 3334 bere
368 3285 692 3347 potestatem
730 3273 1174 3331 autvoluntatem
1215 3271 1515 3349 accipiendi
1555 3285 1804 3342 persevc-

218 3370 479 3435 rantiam,
507 3370 609 3428 nisi.
665 3379 793 3424 ante
821 3368 966 3437 Deo,
996 3366 1123 3439 quid
1150 3364 1418 3437 peceavit,
1440 3368 1485 3420 st
1510 3380 1616 3419 non
1646 3378 1805 3418 acce-

216 3465 295 3533 pit
323 3464 472 3535 quod
499 3462 640 3519 Deus
668 3462 738 3517 illi
754 3476 861 3517 non
889 3459 1040 3517 dedit
1065 3474 1224 3528 posse
1251 3467 1344 3514 aut
1369 3457 1505 3514 velle
1527 3454 1806 3526 accipere?

220 3551 360 3610 liae.
393 3554 707 3611 Deusdedit
747 3554 821 3609 illi
850 3560 1171 3625 potestatem
1210 3561 1266 3608 et
1293 3550 1626 3612 voluntatem
1663 3548 1807 3603 acci-

219 3646 403 3713 piendi
454 3645 931 3716 perseverantiam.
991 3645 1137 3699 DISC.
1190 3641 1414 3712 Accepit
1460 3641 1626 3712 igitur
1665 3639 1808 3710 quod

220 3735 365 3791 Dens
401 3738 572 3802 dedit,
600 3748 656 3792 et
682 3738 871 3792 habuit
912 3737 1054 3807 quod
1085 3735 1314 3805 accepit.
1354 3733 1492 3789 Msa.
1540 3733 1679 3789 Vere
1708 3734 1804 3789 ha-

218 3825 373 3895 huit,
420 3836 477 3884 et
520 3829 751 3898 accepit.
819 3828 966 3883 Dtsc.
1015 3826 1241 3896 Accepit
1285 3838 1455 3894 ergo,
1512 3833 1568 3879 et
1622 3822 1810 3878 habuit

218 3926 710 3991 perseverantiam.
766 3923 905 3979 hinc.
965 3921 1079 3978 Non
1130 3923 1372 3993 accepit,
1427 3930 1482 3979 et
1529 3922 1651 3978 ideo
1702 3938 1808 3976 non

220 4014 441 4070 habuit.
487 4014 634 4072 Disc.
686 4013 876 4069 Nonne
921 4014 1103 4070 dixisti
1152 4013 1319 4068 Deum
1356 4012 1431 4066 illi
1481 4013 1714 4076 dedisse,
1758 4024 1814 4067 et

222 4104 381 4159 illum
414 4107 690 4176 accepisse
713 4114 1035 4177 potestatem
1064 4115 1121 4162 et
1150 4105 1484 4160 voluntatem
1515 4105 1815 4175 accipiendi

1903 530 2111 587 luntate
2136 539 2192 586 et
2226 541 2492 600 potestate
2530 529 2841 601 perﬁciendi
2869 571 2884 595 ,
2919 525 3066 601 quod
3088 537 3265 581 tamen
3293 526 3485 582 volun-

1905 626 2018 697 tate
2063 629 2189 677 ante
2241 621 2397 676 ﬁnem
2439 622 2513 674 rei
2565 627 2767 674 mutata
2814 635 2919 672 non
2970 614 3290 690 perfecisti?
3339 616 3482 672 Disc.

1904 713 2078 782 Saepe.
2119 712 2258 769 MAG.
2310 712 2536 768 Voluisti
2584 711 2746 782 igitur
2771 722 2824 766 et
2861 713 3077 781 potuisti
3111 720 3486 780 perseverare,

1903 804 1957 859 in
1983 818 2090 873 quo
2111 819 2216 858 non
2246 805 2627 874 perseverasti.
2651 805 2797 863 DISC.
2830 805 2985 862 Volui
3011 809 3228 878 utique;
3258 803 3357 865 sed
3380 817 3490 859 non

1901 894 2247 965 perseveravi
2296 895 2348 949 in
2385 895 2682 963 voluntate,
2744 905 2800 950 et
2838 897 2958 951 ideo
3004 914 3110 953 non
3141 895 3491 969 ρει-ξενωθενὶ

1903 989 1958 1047 in
1992 991 2220 1047 actione.
2257 992 2396 1051 huc.
2449 994 2628 1060 Quare
2658 1010 2764 1048 non
2805 997 3161 1063 perseverasti
3203 998 3258 1051 in
3291 995 3490 1052 volun-

1906 1082 2050 1137 tate?
2099 1082 2245 1139 DISC.
2283 1084 2418 1151 Quia
2462 1101 2567 1141 non
2611 1087 2774 1143 volui.
2829 1085 2969 1143 Msa.
3015 1087 3203 1143 Nonne
3241 1088 3480 1159 quandin

1902 1173 2117 1229 voluisti
2148 1191 2496 1245 perseverare
2525 1177 2577 1232 in
2612 1179 2843 1242 actione,
2886 1178 3102 1235 voluisti
3131 1193 3484 1249 perseverare

1904 1257 1958 1316 iu
2002 1262 2113 1332 ipsa
2148 1264 2466 1327 voluntate?
2508 1268 2653 1322 DlSC.
2685 1267 2800 1323 Non
2830 1282 3049 1336 possum
3091 1284 3304 1339 negare.
3340 1271 3483 1330 me.

1903 1354 2014 1410 Cur
2041 1372 2171 1426 ergo
2182 1358 2320 1413 dicis
2344 1368 2394 1415 te
2417 1376 2520 1413 non
2539 1361 2771 1416 voluisse
2796 1363 2888 1395 ‘3“
2909 1376 3257 1433 perseverare
3276 1364 3441 1418 inilla
3460 1365 3485 1417 ’ἔ

1905 1447 2050 1515 Disc.
2081 1448 2280 1505 lterum
2310 1453 2695 1521 responderem
2726 1467 2743 1508 :
2772 1453 2907 1521 Quia
2941 1468 3289 1524 perseverare
3315 1454 3484 1520 volui;

1904 1541 1998 1599 sed
2024 1554 2130 1594 non
2155 1543 2492 1610 perseveravi
2519 1543 2571 1597 in
2597 1543 2702 1599 hac
2731 1544 3029 1610 voluntate,
3061 1545 3165 1601 nisi
3196 1561 3308 1602 rem
3335 1545 3488 1601 vide-

1905 1646 2018 1686 rem
2052 1631 2103 1685 in
2145 1632 2413 1689 inﬁnitum
2452 1635 2761 1702 procedere,
2792 1643 2844 1691 te
2884 1637 3355 1707 semperidipsum
3392 1635 3486 1670 ⁸⁸⁸⁸

1905 1724 2290 1795 interrogante,
2323 1734 2493 1781 etme
2529 1726 2716 1782 eadem
2754 1729 3135 1798 respondente.
3169 1727 3312 1785 ΜΑα.
3360 1728 3478 1783 Non

1904 1829 2035 1883 ergo
2063 1816 2227 1871 debes
2274 1813 2496 1881 dicere:
2547 1817 2669 1871 Ideo
2702 1832 2805 1873 non
2852 1819 2996 1874 volui
3027 1834 3377 1889 perseverare
3424 1820 3480 1872 in

1906 1903 2207 1969 voluntate,
2242 1905 2366 1973 quia
2413 1920 2517 1957 non
2550 1906 2692 1960 volui
2733 1922 3085 1976 perseverare
3127 1908 3179 1961 in
3210 1906 3487 1961 voluntate

1907 1994 2064 2062 hujus
2089 1995 2382 2050 voluntatis
2410 1992 2499 2026 ¹⁸⁷⁰
2529 2012 2542 2048 :
2568 1995 2664 2050 sed
2688 2011 2807 2051 cum
2838 1996 3129 2065 quaeritur:
3166 1995 3352 2062 Quare
3374 2012 3483 2051 non

1892 2087 2260 2156 perseverasti
2308 2086 2361 2141 in
2410 2086 2646 2152 actione,
2688 2088 2741 2141 in
2786 2104 2893 2156 qna
2922 2086 3135 2145 voluisti
3166 2096 3223 2141 et
3253 2087 3477 2156 potuisti

1904 2182 2296 2252 perseverare?
2323 2181 2645 2248 respondere
2669 2181 2937 2248 potes.““
2963 2198 2977 2235 :
3016 2181 3143 2250 quia
3171 2194 3278 2235 non
3301 2195 3486 2251 perse-

1906 2275 2089 2329 veravi
2121 2274 2174 2327 in
2207 2272 2503 2329 voluntate.
2536 2273 2687 2339 Quod
2715 2274 2759 2328 si
2799 2275 3060 2343 quaeritur
3093 2274 3287 2331 iterum
3317 2288 3487 2343 quare

1894 2377 2012 2420 .non
2045 2364 2400 2434 perseverasti
2432 2364 2484 2418 in
2524 2363 2841 2418 voluntate:
2889 2364 2991 2419 alia
3010 2379 3186 2420 causa
3215 2363 3487 2420 reddenda

1908 2464 2015 2521 est,
2044 2455 2186 2510 unde
2213 2455 2418 2510 scilicet
2435 2456 2726 2523 contigerit
2739 2454 2981 2511 defectus
3008 2454 3151 2515 illius
3173 2454 3487 2518 voluntatis,

1906 2560 2065 2613 quam
2091 2545 2218 2615 quia
2266 2561 2370 2599 non
2415 2546 2773 2613 perseverasti
2819 2546 2911 2578 ¹⁸⁷¹
2957 2547 3094 2602 velle
3132 2548 3487 2606 voluntatem.

1905 2633 2023 2690 Non
2050 2635 2194 2691 enim
2221 2634 2595 2703 respondendo
2621 2633 2765 2693 aliud
2791 2634 3030 2691 ostendis
3057 2651 3219 2705 quam
3246 2637 3484 2707 idipsum

1907 2726 2048 2796 quod
2078 2725 2379 2794 qureritur;
2412 2725 2466 2781 id
2487 2734 2715 2781 estnon
2744 2729 3103 2795 perseverasti
3134 2728 3186 2782 in
3204 2726 3513 2788 voluntate

1907 2816 2290 2887 perseverandi
2326 2815 2382 2870 in
2411 2816 2648 2872 actione.
2676 2816 2821 2873 DISC.
2857 2815 3027 2881 Video
3054 2819 3180 2888 quia
3205 2836 3310 2875 non
3336 2822 3492 2878 vide-

1906 2907 2032 2981 bam
2057 2905 2184 2976 quid
2213 2906 2469 2967 dicerem.
2507 2904 2644 2962 MAG.
2680 2905 2774 2960 Dic
2791 2902 3048 2976 ergouno
3066 2908 3237 2965 verbo
3259 2911 3387 2979 quid
3416 2912 3491 2967 sit

1907 3014 2281 3075 perseverare,
2332 2992 2594 3068 quantum
2639 3013 2729 3054 res
2769 2998 2959 3071 exigit,
3009 2998 3065 3055 in
3110 2999 3358 3057 faciendo
3395 3003 3517 3071 alio:

1908 3089 2058 3159 quid.
2086 3089 2229 3145 Disc.
2262 3088 2709 3147 Pcrﬁcerematn
2738 3102 3092 3156 perseverare
3107 3090 3167 3148 in
3204 3092 3513 3148 scribendu'

1904 3180 2136 3252 aliquid,
2155 3182 2384 3236 dicimus
2411 3181 2775 3250 perscribere;
2802 3181 2855 3236 in
2879 3182 3144 3249 ducendo,
3177 3185 3515 3253 perducere."

1909 3277 2051 3333 MAG.
2098 3275 2351 3344 Dicamus
2408 3273 2573 3343 igitur
2604 3272 2879 3340 similiter,
2928 3273 3143 3329 etiamsi
3192 3291 3301 3330 non
3342 3277 3416 3331 sit
3441 3278 3497 3332 in

1907 3384 2027 3433 usu,
2046 3369 2189 3438 quod
2220 3380 2569 3437 perseverare
2591 3366 2644 3417 in
2674 3362 2971 3429 voluntate,
3002 3364 3075 3417 sit
3104 3364 3343 3437 pervelle
3362 3366 3478 3421 ¹⁸⁷⁸.

1908 3458 2055 3514 DL-‘C.
2103 3458 2180 3512 Ita
2230 3455 2342 3511 tiat.
2376 3453 2522 3517 Msa,
2588 3451 2723 3508 Cum
2775 3466 2905 3521 ergo
2942 3467 3047 3507 non
3101 3451 3194 3483 ¹⁸⁷⁸
3218 3452 3499 3522 perfecisti

1908 3551 2051 3619 quod
2081 3547 2315 3613 voluisti,
2347 3558 2402 3601 ct
2431 3542 2675 3614 potuisti,
2731 3557 2829 3599 cur
2858 3558 2962 3600 non
2997 3544 3311 3614 perfecisti?
3349 3548 3497 3603 Disc.

1910 3639 2045 3708 Quia
2086 3657 2193 3697 non
2222 3642 2463 3711 pervolui
2500 3643 2616 3698 ‘3".
2652 3642 2793 3699 MAG.
2827 3644 2903 3700 Ita
2937 3659 3068 3716 ergo
3096 3647 3182 3702 dic
3209 3648 3335 3716 quia
3376 3648 3495 3703 (ιιι.

1909 3730 2086 3797 bolus,
2116 3732 2208 3802 qui
2246 3737 2455 3802 accepit
2497 3734 2656 3801 velle,
2684 3745 2740 3790 et
2781 3742 2940 3804 poSse
2970 3736 3217 3806 accipere
3243 3753 3500 3808 perseve~

1911 3823 2169 3888 rautiam,
2200 3833 2256 3879 et
2286 3824 2422 3880 velle
2449 3834 2502 3880 et
2527 3837 3058 3894 posseperseverare
3078 3865 3095 3893 ,
3129 3827 3250 3887 ideo
3272 3843 3381 3883 non
3408 3844 3502 3885 ac-

1913 3914 2074 3982 cepit,
2088 3928 2188 3969 nec
2207 3916 2656 3984 perseveraverit,
2671 3915 2795 3985 quia
2818 3930 2924 3969 non
2945 3916 3208 3985 pervoluit
3223 3918 3504 3975 marum.

1913 4005 2045 4062 Item
2096 4021 2278 4075 quaero
2306 4021 2475 4075 quare
2520 4022 2626 4063 non
2676 4007 2945 4076 pervoluit
2989 4009 3124 4063 ‘3"?
3169 4011 3303 4065 Cum
3351 4014 3500 4068 enim

1918 4097 2053 4153 dicis
2075 4097 2198 4167 quia
2227 4096 2368 4166 quod
2393 4097 2580 4165 voluit,
2609 4112 2715 4151 nou
2747 4098 3012 4168 pervoluit
3032 4139 3046 4162 ,
3077 4100 3180 4153 tale
3209 4111 3294 4156 est
3327 4100 3419 4134 ί⁸⁷⁸
3438 4118 3505 4158 ac

220 4196 732 4263 perseverantiam?
764 4194 1816 4262 Mac.Dixi;sednondixiDeumillide-
1918 4187 1962 4242 si
2014 4186 2161 4241 dicas
2213 4203 2226 4239 :
2288 4185 2439 4253 Quod
2498 4185 2666 4241 voluit
2694 4187 2864 4255 prius,
2917 4197 3103 4256 postea
3158 4204 3263 4242 non
3312 4190 3503 4246 voluit.

220 4288 376 4342 disse
406 4289 653 4358 accipere
691 4288 1173 4358 perseverantiam,
1209 4288 1303 4343 sed
1340 4295 1549 4343 tantum
1591 4286 1727 4340 velle
1764 4293 1819 4341 et
1923 4281 2149 4348 Quando
2180 4296 2307 4352 ergo
2335 4281 2425 4313 ¹⁸⁷⁹
2444 4295 2548 4335 non
2571 4279 2734 4333 voluit
2763 4279 2903 4348 quod
2933 4281 3083 4351 prius
3098 4282 3261 4337 voluit
3290 4324 3308 4351 ,
3331 4300 3504 4354 quare

221 4392 391 4444 posse
414 4379 871 4449 perseverantiam
902 4380 1167 4448 accipere.
1192 4378 1337 4435 Dtsc.
1371 4379 1533 4450 Ergo,
1558 4378 1603 4434 si
1652 4377 1820 4433 voluit
1921 4389 2029 4429 non
2066 4372 2256 4439 voluit,
2290 4374 2392 4428 nisi
2439 4373 2563 4443 quia
2598 4387 2702 4427 non
2748 4370 2937 4425 habuit
2983 4372 3356 4429 voluntatem?
3386 4372 3503 4432 Non

217 4478 275 4522 et
301 4470 502 4540 potuit,
526 4471 734 4541 accepit
754 4469 1388 4543 perseverantiamJlsc.
1406 4470 1521 4524 Non
1537 4479 1821 4525 cstncccs-
1852 4478 1899 4539 υ
1927 4467 2047 4523 dico
2083 4466 2408 4522 voluntatem
2439 4482 2597 4534 quam
2627 4466 2774 4535 prius
2798 4466 3004 4527 habuit.
3033 4466 3347 4543 cumvoluit
3377 4468 3505 4535 ¹⁸⁸⁰ς

221 4560 440 4617 sarium
454 4577 809 4634 consequens.
828 4562 990 4635 _Dtsc.
1025 4558 1411 4620 Nonvidcocur
1438 4579 1563 4629 non,
1600 4563 1701 4618 nisi
1732 4562 1820 4593 ⁸⁸⁸⁷
1930 4560 2209 4628 sedquam
2242 4572 2351 4613 non
2386 4557 2594 4623 habuit,
2628 4574 2749 4612 cum
2783 4573 2889 4613 non
2920 4556 3106 4612 voluit.
3147 4556 3298 4613 lianc
3323 4567 3510 4614 autem

1522 4717 1609 4771 VA
1618 4715 1757 4771 BHE
1800 4714 2202 4773 LECTIONES.

299 4853 405 4887 ¹⁶⁵⁹
436 4852 574 4921 Quid
603 4854 646 4908 si
677 4854 850 4924 ipsum
882 4870 1013 4921 mss.
1034 4852 1159 4923 quid
1184 4852 1228 4908 si
1256 4851 1485 4920 idipsum
1562 4848 1653 4883 ¹⁸⁶⁰
1684 4848 1750 4904 Et
1773 4866 1878 4904 non
1902 4849 2120 4924 accepit
2148 4866 2277 4924 mss:
2303 4857 2359 4924 et
2383 4864 2490 4904 non
2517 4851 2715 4921 accipit
2767 4852 2856 4924 hic
2890 4853 3058 4924 igitur
3089 4870 3194 4910 non
3268 4855 3357 4887 ¹⁸⁶¹
3392 4856 3506 4912 [Iota

223 4924 406 4990 igitur
433 4918 538 4978 non
569 4918 712 4979 mssf
775 4924 866 4957 ³⁸⁸³
903 4918 1020 4980 Non
1053 4918 1153 4978 'me
1184 4918 1397 4992 tledisse
1440 4939 1565 4975 mss.
1606 4937 1692 4976 me
1729 4937 1836 4975 non
1879 4918 2117 4992 dedisse
2190 4918 2280 4952 ‘3"
2309 4921 2578 4990 Sequatur
2616 4918 2816 4992 aliquid
2861 4918 2987 4979 mis.
3056 4934 3316 4992 sequatur
3359 4926 3505 4981 aliud

228 4993 331 5026 "“
364 4992 445 5048 Ita
473 5009 576 5047 non
608 4996 792 5049 statim
820 5011 945 5048 mss.
975 4992 1164 5048 Cister.
1198 4990 1255 5047 S.
1286 4991 1452 5046 Mich.
1486 4994 1559 5046 ita
1592 5008 1699 5046 non
1731 4992 1892 5045 stanti
1972 4990 2062 5022 ¹⁸⁶⁵
2098 4991 2487 5047 Deritonstrasti
2525 5008 2623 5045 ms.
2660 4990 2847 5047 Cister.
2887 4990 3205 5049 monstrasti
3283 4993 3375 5026 ⁸⁸⁸⁵
3403 4999 3515 5051 Ac-

223 5065 410 5134 cepit,
440 5065 564 5133 quia
597 5065 747 5120 dedit
775 5081 900 5118 mss.
947 5063 1169 5134 Vicltet
1200 5062 1261 5118 S.
1299 5062 1462 5134 ΜὶοΙι.
1492 5063 1721 5130 accepit,
1752 5062 1876 5133 quia
1909 5061 2224 5134 Deusdedit
2297 5060 2387 5092 ’⁸⁸⁷
2417 5061 2533 5134 Non
2559 5062 3146 5134 ivideogcurnisi-mss.
3183 5062 3320 5119 Vict.
3355 5063 3507 5120 Gem.

212 5131 368 5203 Βέι.
414 5131 516 5190 non
547 5136 707 5190 video
735 5151 874 5189 cur:
910 5134 1013 5189 nisi
1090 5133 1182 5165 m‘
1211 5132 1374 5196 Dicis,
1422 5148 1527 5187 non
1568 5131 1804 5188 voluisse
1847 5150 1971 5199 mss.
2007 5133 2142 5187 dicis
2188 5139 2239 5187 te
2281 5146 2386 5185 nou
2427 5132 2661 5203 voluisse
2698 5202 2703 5203 γ
2739 5132 2831 5165 ⁸⁸⁸³
2866 5131 3095 5203 Semper
3133 5134 3364 5203 idipsum
3405 5151 3508 5188 ms.

220 5202 434 5275 οὖσαν.
462 5218 679 5275 semper
706 5206 845 5260 idem
874 5207 1047 5275 ipsum
1126 5203 1216 5235 ³⁸⁷⁸⁵
1243 5202 1367 5257 Ideo
1392 5220 1496 5257 non
1526 5205 1663 5258 volui
1691 5219 2039 5273 perseverare
2064 5203 2116 5256 in
2146 5203 2417 5275 voluntate
2444 5202 2602 5275 hujus
2624 5202 2933 5275 voluntatis.
2961 5201 3222 5275 Sgdgmss.
3256 5203 3514 5275 ldeonun

219 5273 394 5330 volui
417 5271 769 5344 perseverare
803 5276 856 5329 in
889 5271 1180 5338 voluntate,
1212 5275 1338 5344 quia
1373 5290 1476 5329 non
1515 5275 1652 5329 volui
1684 5271 2034 5344 perseverare
2066 5273 2627 5344 involnntate‘hnjus
2642 5272 2955 5344 voluntatis.
2974 5271 3097 5344 Sed
3133 5291 3229 5328 ms.
3252 5272 3311 5327 S.
3337 5273 3507 5328 Misit.

216 5343 372 5400 ideo
400 5340 503 5400 non
526 5345 671 5417 volui
699 5360 1082 5417 perseverare;
1117 5340 1253 5417 quia:
1278 5360 1382 5417 non
1412 5344 1555 5399 volui
1593 5340 1941 5417 perseverare
1972 5344 2025 5399 in
2054 5343 2327 5417 voluntate
2358 5340 2862 5417 hujus—voluntatis
2892 5341 3007 5417 _‘_°“
3043 5340 3202 5399 Potes
3230 5344 3313 5399 vel
3345 5344 3512 5417 debes

219 5417 376 5485 quia
409 5430 533 5470 mss.
560 5411 728 5469 omiti.
755 5417 837 5471 vel
864 5417 1029 5471 debes
1105 5411 1197 5447 ‘3"
1223 5413 1358 5481 Quia
1393 5431 1497 5470 non
1528 5411 1868 5485 perseveravi
1897 5431 2019 5469 mss.
2049 5415 2174 5485 quia
2203 5429 2310 5485 non
2330 5413 2705 5485 perseverasti,
2770 5411 2864 5471 ἓ⁸⁷³
2888 5411 2972 5467 Sit
2994 5426 3348 5483 perseverare
3374 5414 3514 5469 velle

221 5482 378 5539 sinu.
409 5487 476 5540 sit
506 5486 759 5557 pervelle,
817 5486 911 5519 ’9“
940 5486 1073 5540 Cum
1104 5501 1232 5557 ergo
1265 5503 1368 5540 non
1398 5502 1492 5540 ms.
1527 5482 1583 5541 S.
1618 5483 1779 5541 Mich.
1809 5501 1905 5540 cur
1934 5482 2199 5557 ergo’non
2273 5483 2366 5516 ⁸⁸⁷³
2388 5482 2654 5557 Quianon
2668 5496 3032 5557 perseverare
3062 5485 3203 5540 volui
3230 5501 3358 5539 mss.
3382 5485 3512 5553 quia

220 5569 353 5611 non
386 5551 647 5626 pervolui
725 5556 817 5590 ‘3"
856 5557 990 5623 Quia
1033 5571 1139 5610 non
1169 5551 1537 5626 perseverare
1583 5557 1767 5610 voluit.
1816 5572 1940 5610 mss.
1981 5551 2108 5626 quia
2149 5568 2257 5610 non
2299 5551 2584 5623 pervoluit.
2665 5551 2966 5626 “"Quare
3008 5570 3114 5611 non
3161 5551 3514 5626 perseverare

217 5623 466 5680 voluit?
494 5641 624 5682 nus.
653 5642 822 5696 quare
858 5642 964 5681 non
999 5623 1300 5696 pervoluit?
1372 5624 1465 5696 “7"
1496 5625 1634 5681 Cum
1663 5626 1807 5681 enim
1833 5623 2147 5696 dicis,'quia
2180 5640 2285 5679 non
2314 5638 2666 5696 perseverare
2693 5623 2859 5696 voluit
2880 5626 3024 5695 quod
3048 5623 3239 5691 volu't,
3268 5625 3373 5679 tale
3402 5631 3509 5687 est,

221 5705 357 5750 etc-
384 5710 519 5767 ﬁt“.
545 5694 842 5767 cum—enirn
871 5694 1016 5752 dicis
1036 5698 1161 5765 quia
1192 5697 1335 5767 quod
1361 5694 1550 5762 voluit,
1590 5712 1694 5751 non
1732 5697 2025 5767 pervoluit,
2059 5695 2162 5767 tale
2197 5704 2301 5761 est,
2334 5703 2444 5749 etc.
2476 5709 2575 5749 ms.
2597 5694 2670 5767 _S.
2700 5694 2864 5750 Misit.
2886 5694 3013 5753 cum
3039 5698 3185 5753 etaim
3227 5697 3364 5767 dicis
3391 5696 3516 5762 quia

212 5764 404 5845 qugd
444 5766 627 5845 voluit,
670 5781 783 5845 non
804 5764 1172 5845 perseverare
1196 5764 1382 5845 voluit,
1416 5766 1519 5823 tale
1544 5774 1648 5838 est,
1683 5776 1787 5822 etc.
1868 5766 1959 5799 ³⁸⁷⁸
1987 5765 2249 5833 Quoniam
2272 5778 2401 5836 ergo
2431 5779 2553 5821 mss.
2583 5764 2810 5837 Quando
2837 5782 2967 5839 ergo
3041 5768 3131 5801 ⁸⁸⁸⁸
3165 5766 3363 5822 llabuit
3386 5776 3519 5821 cum

217 5834 488 5891 voluerit
527 5852 653 5890 mss.
699 5834 884 5891 habuit
924 5851 1045 5890 cmn
1088 5837 1257 5893 voluit
1633 5834 1645 5838 ’
1850 5890 1873 5893 η
1908 5891 1919 5893 _
2346 5834 2351 5836 ⁷
2434 5886 2441 5893 .
2613 5834 2621 5837 ⁷
2756 5846 2768 5852 ”

578 5932 852 6003 Ριτιοι..
893 5927 1170 5997 CLVIII.

1781 5904 1819 5933 κ
1850 5890 1922 5903 η.-
