4050 6294
553 355 664 414 651

1101 354 1158 410 S.
1198 352 1496 410 ANSELlll
1538 349 1887 408 CANTUAR.
1917 346 2240 404 ARCIllEP.
2281 349 2433 404 UPP.
2475 349 2656 407 PARS
2692 350 2733 405 Ι.
2762 381 2830 392 -—
2871 351 3287 409 DOGMATICA.

3719 355 3828 414 352

568 470 900 526 voluntatem
926 483 1093 538 quare
1119 484 1224 523 non
1255 466 1463 532 habuit,
1495 466 1596 520 nisi
1617 465 1740 535 quia
1768 479 1870 519 non
1903 464 2110 533 accepit
2130 464 2152 504 ν
2180 467 2229 528 Α
2256 476 2419 532 quam
2451 462 2588 518 velle
2615 463 2900 531 deserere;
2950 467 3045 520 sed
3078 465 3367 534 aliquando
3393 480 3541 536 prius
3573 475 3678 532 est,
3727 481 3836 522 vet-

571 561 750 629 Quare
795 571 972 615 autem
1022 574 1126 613 non
1159 559 1384 628 accepit,
1435 557 1537 611 nisi
1583 559 1707 626 quia
1754 555 1897 610 Deus
1927 547 2030 608 nou
2063 555 2155 608 de-

572 657 653 713 dit
681 657 816 710 “"7
845 657 984 710 Μλῦ.
1019 656 1216 709 ltertnn
1245 653 1365 707 dico
1404 653 1528 721 quia
1559 667 1662 704 non
1695 651 1813 705 ideo
1851 665 1954 703 non
1996 663 2152 704 acce-

572 749 671 818 pit.
718 749 842 816 quia
878 748 1018 801 Deus
1044 760 1148 798 non
1175 743 1356 810 dedit;
1399 743 1493 797 sed
1524 742 1644 796 ideo
1676 741 1816 795 Deus
1861 755 1968 794 non
2012 738 2156 794 dedit

563 841 695 909 quia
747 839 834 893 ille
887 854 990 892 nou
1043 835 1271 906 accepit.
1330 835 1473 890 DISC.
1536 832 1649 887 lloc
1695 831 1940 887 ostende.
2009 830 2150 885 MAG.

572 929 774 998 Sponte
808 927 1014 982 dimisit
1054 925 1407 991 voluntatem,
1455 939 1618 993 quam
1657 923 1892 978 habebat
1933 922 2025 953 ³⁸⁸³
2055 938 2070 974 :
2102 929 2157 975 et

569 1023 713 1075 sicut
759 1019 966 1088 accepit
1003 1019 1206 1073 habere
1241 1017 1332 1049 ⁸⁸⁸⁸
1369 1031 1650 1086 quousque
1698 1015 1913 1080 habuit;
1960 1016 2032 1068 ita
2062 1029 2156 1084 po-

571 1111 673 1164 tuit
703 1111 950 1179 accipere
981 1123 1195 1177 semper
1224 1107 1317 1139 ⁸⁸⁸⁸
1345 1115 1549 1171 tenere,
1583 1106 1726 1175 quod
1745 1105 1993 1160 deseruit
2023 1104 2152 1159 ‘3":

569 1206 668 1258 sed
701 1203 830 1274 quia
873 1202 1128 1265 deseruit,
1164 1215 1270 1256 non
1298 1200 1521 1268 accepit.
1557 1198 1707 1264 Quod
1739 1212 1866 1264 ergo
1901 1196 2022 1250 ideo
2050 1210 2155 1276 non

570 1295 777 1364 acc'epit
817 1302 1022 1357 tenere,
1051 1291 1176 1360 quia
1209 1290 1449 1346 deseruit
1483 1289 1603 1353 ‘3“,
1643 1303 1745 1341 non
1784 1288 1904 1341 ideo
1927 1301 2031 1340 non
2063 1301 2154 1338 ac-

568 1385 711 1455 cepit
738 1385 851 1448 m",
871 1384 995 1453 quia
1021 1383 1160 1438 Deus
1189 1397 1294 1436 non
1318 1381 1501 1444 dedit;
1532 1381 1624 1434 sed
1650 1379 1768 1434 ideo
1787 1379 1924 1433 Deus
1946 1377 2154 1432 ιιοιι¹⁸⁸⁷

571 1477 883 1546 dedit,’quia
909 1476 996 1530 ille
1022 1491 1126 1529 non
1157 1473 1366 1542 accepit
1397 1473 1506 1524 ηδ’.
1529 1472 1671 1526 DISC.
1699 1469 1831 1538 Quis
1857 1485 1964 1523 non
1981 1470 2160 1523 videat

570 1570 695 1638 quia
713 1583 816 1622 nou
845 1567 1086 1620 ideonon
1104 1565 1272 1620 voluit
1299 1564 1393 1596 ²⁸⁸⁹
1410 1573 1614 1626 tenere,
1631 1563 1754 1631 quia
1769 1561 2008 1615 deseruit
2027 1600 2040 1622 ,
2066 1559 2159 1614 sed

569 1659 692 1714 ideo
719 1641 977 1721 deseruit,
1011 1658 1136 1728 quia
1171 1671 1274 1711 non
1307 1654 1476 1710 voluit
1501 1653 1728 1708 tenere?
1755 1650 1982 1720 Semper
2013 1649 2158 1705 enim

571 1751 773 1805 tenenti
802 1750 950 1818 prius
979 1757 1062 1802 est
1093 1762 1200 1802 non
1225 1745 1363 1800 velle
1399 1754 1608 1808 tenere,
1649 1756 1813 1812 quam
1841 1739 1977 1795 velle
2001 1741 2156 1794 dese-

2256 554 2370 608 lere
2395 556 2664 610 deserere.
2697 556 2839 610 DISC.
2883 555 2998 610 Non
3027 571 3244 622 possum
3293 573 3510 628 negare.
3540 557 3683 614 MAG.
3714 559 3843 616 Dleo

2254 659 2383 715 ergo
2411 646 2503 678 ¹⁸⁹⁶
2544 647 2670 716 quia
2701 662 2804 702 nou
2846 648 2968 702 ideo
3004 663 3112 703 non
3155 648 3347 712 voluit,
3382 664 3506 704 cum
3543 651 3749 716 debuit,
3791 664 3844 706 et

2255 738 2399 806 quod
2426 738 2611 792 debuit
2639 739 2766 806 quia
2795 739 3047 794 voluntas
3071 740 3268 794 defecit
3290 739 3403 804 ⁸⁸⁸⁷,
3431 740 3542 796 Deo
3562 742 3693 796 dare
3721 743 3848 796 deti-

2241 830 2467 894 ‘ciente;
2501 835 2598 885 sed
2628 831 2752 900 quia
2782 831 2897 902 ipse
2925 832 3156 886 voleudo
3200 833 3342 902 quod
3370 835 3716 899 uoadebuit,
3748 835 3835 889 bo-

2257 936 2383 975 nam
2433 921 2766 977 voluntatem
2818 922 3024 993 eXpulit
3058 923 3196 977 mala
3229 925 3663 994 superveniente.
3701 925 3844 993 Qua-

2255 1023 2478 1084 propter
2507 1030 2613 1069 non
2642 1015 2761 1070 ideo
2783 1032 2888 1070 non
2928 1016 3116 1070 habuit
3143 1017 3336 1070 bonam
3365 1017 3699 1072 voluntatem
3728 1034 3847 1087 per-

2258 1115 2623 1171 severantem,
2656 1115 2749 1160 aut
2780 1122 2884 1162 non
2927 1108 3158 1176 accepit,
3203 1108 3328 1176 quia
3360 1107 3498 1163 Deus
3527 1122 3632 1162 non
3660 1108 3842 1176 dedit;

2259 1201 2350 1254 seil
2379 1199 2499 1255 ideo
2524 1201 2662 1255 Deus
2690 1216 2792 1254 non
2825 1200 2972 1253 dedit
2996 1240 3011 1264 ,
3043 1201 3168 1270 quia
3199 1200 3286 1255 ille
3313 1199 3540 1256 volendo
3568 1201 3846 1272 quodlncn

2259 1289 2466 1350 debuit,
2503 1307 2622 1343 eatn
2674 1291 2932 1349 tit-seruit,
2979 1301 3031 1346 et
3087 1307 3206 1346 eam
3255 1292 3553 1349 deserendo
3607 1309 3718 1349 non
3766 1303 3844 1349 te-

2261 1381 2379 1433 nuit
2405 1380 2515 1432 ³⁸⁵⁸.
2550 1382 2690 1436 Disc.
2721 1381 2967 1453 Intelligo
2995 1383 3316 1451 quoddicis.

2880 1471 3108 1528 CAPUT
3143 1471 3232 1526 IV.

2330 1561 2604 1626 Quomodo
2635 1561 2723 1615 ille
2747 1565 2994 1631 peccarit,
3027 1572 3076 1616 et
3111 1563 3270 1617 voluit
3297 1562 3484 1616 similis
3512 1579 3621 1618 esse
3651 1563 3781 1617 Dea.

2247 1660 2250 1664 ί
2332 1652 2471 1706 MAG.
2507 1652 2731 1708 Dubitas
2766 1655 2944 1708 adhuc
2993 1653 3267 1709 diabolum
3299 1670 3403 1709 non
3443 1655 3566 1710 ideo
3611 1655 3850 1711 voluisse

2261 1743 2513 1798 deserere
2539 1745 2681 1813 quod
2713 1745 2966 1812 habebat,
3013 1746 3140 1816 quia
3174 1762 3280 1801 non
3308 1748 3477 1801 voluit
3503 1755 3726 1812 tenere;
3758 1751 3848 1803 sed

568 1855 708 1895 rere.
745 1840 868 1894 Ideo
907 1839 1060 1894 enim
1099 1837 1213 1891 vult
1262 1836 1458 1906 aliquis
1507 1834 1758 1889 deserere
1799 1832 1940 1903 quod
1984 1839 2152 1895 ῑθιιει,
2187 1833 2233 1894 Β
2261 1835 2381 1891 ideo
2409 1850 2514 1890 non
2539 1835 2772 1890 voluisse
2790 1845 2995 1902 tenere,
3027 1838 3151 1907 quia
3181 1838 3348 1894 voluit
3377 1839 3667 1894 deserere?
3705 1839 3846 1894 DISC.

569 1935 693 2004 quia
725 1949 831 1987 non
863 1932 973 1986 vult
997 1941 1201 1986 tenere.
1227 1930 1419 1996 Quaero
1443 1929 1536 1961 "9°
1576 1928 1744 2018 iglitur
1771 1941 1944 1996 quare
1975 1935 2162 1980 tenere

568 2043 674 2082 non
729 2026 899 2079 voluit
924 2023 1068 2095 quod
1103 2021 1344 2086 tenebat,
1389 2021 1489 2076 nisi
1517 2021 1644 2090 quia
1680 2019 1822 2074 Deus
1853 2033 1960 2072 non
2015 2017 2163 2072 dedit

567 2119 750 2173 velle?
781 2117 920 2171 MAG.
952 2114 1066 2170 Non
1097 2129 1312 2184 semper
1338 2113 1491 2184 prius
1522 2121 1606 2168 est
1647 2126 1752 2166 non
1788 2110 1921 2165 velle
1953 2117 2160 2175 teuer‘e,

568 2224 732 2279 quam
777 2208 917 2262 velle
946 2207 1218 2262 deserere.
1254 2205 1402 2260 Dtsc.
1447 2202 1674 2271 Quando
1708 2218 1813 2258 non
1841 2203 1910 2256 sit
1936 2201 2162 2257 ostende

568 2299 724 2352 mihi.
752 2297 833 2352 Ma
852 2313 891 2352 ;.
923 2296 1151 2364 Quando
1180 2295 1416 2364 aliquam
1446 2309 1559 2348 rem
1585 2292 1674 2322 ¹⁸⁹¹
1703 2299 1927 2362 propter
1956 2305 2017 2345 se
2054 2305 2161 2344 non

569 2389 654 2443 vis
711 2398 917 2452 tenere,
949 2387 1044 2442 sed
1091 2385 1367 2450 deserere,
1421 2393 1480 2438 ut
1518 2383 1808 2437 carbonem
1843 2380 2070 2452 ignitum
2109 2379 2162 2434 in

569 2493 737 2534 manu
786 2476 929 2530 nuda
963 2474 1198 2545 positum
1248 2490 1262 2527 :
1312 2482 1440 2526 tunc
1484 2469 1714 2524 forsitan
1757 2470 1908 2539 prius
1940 2479 2024 2524 εει
2054 2483 2160 2522 non

569 2569 705 2625 valle
720 2578 924 2632 tenere,
951 2579 1110 2636 quam
1125 2563 1264 2619 velle
1281 2564 1534 2617 deserere
1552 2578 1568 2627 ;
1585 2569 1640 2615 et
1660 2562 1778 2616 ideo
1793 2561 1872 2614 vis
1886 2560 2161 2622 deserere,

564 2665 691 2736 quia
742 2678 848 2718 non
894 2660 978 2716 vis
1031 2668 1234 2715 tenere.
1308 2657 1466 2711 Prius
1519 2658 1662 2711 enim
1715 2669 1879 2723 quam
1926 2661 2115 2706 teneas
2145 2692 2161 2717 ,

564 2775 672 2814 non
714 2757 797 2810 vis
837 2763 1064 2818 tenere;
1129 2751 1264 2806 velle
1321 2760 1503 2804 autem
1554 2749 1806 2802 deserere
1851 2762 1956 2800 non
2009 2753 2166 2815 potes

565 2852 668 2904 nisi
707 2865 828 2904 cum
857 2824 1037 2900 tenes:
1060 2843 1193 2898 Cum
1227 2856 1408 2896 autem
1437 2849 1588 2892 tenes
1616 2837 1759 2906 quod
1791 2837 2004 2892 nonnisi
2034 2852 2163 2906 pro-

564 2949 686 3010 pter
736 2937 880 2990 aliud
929 2949 1035 2989 uon
1091 2933 1174 2987 vis
1231 2919 1322 2964 ‘5"
1383 2941 1588 2989 tenere,
1639 2940 1739 2980 nec
1789 2926 1891 2980 nisi
1943 2935 2164 2995 propter

566 3028 711 3083 aliud
746 3026 839 3058 ¹⁸⁹³
866 3025 1118 3080 deserere
1141 3023 1261 3086 vis;
1295 3031 1349 3076 et
1378 3020 1548 3091 magis
1590 3017 1673 3072 vis
1699 3016 1844 3072 aliud
1879 3018 1991 3082 ⁸⁸⁸³,
2021 3018 2163 3086 quod

567 3134 674 3174 non
716 3124 868 3188 potes
918 3115 1139 3178 habere,
1194 3113 1306 3185 ϐἀ,
1357 3112 1460 3167 nisi
1514 3114 1735 3169 deseras
1781 3113 1922 3183 quod
1960 3119 2158 3166 tenes:

2262 1929 2379 1984 Non
2409 1929 2598 1984 dubito
2626 1930 2707 1985 sie
2747 1944 2867 1985 esse
2891 1945 3051 2001 posse
3099 1946 3117 1997 ;
3149 1935 3244 1988 sed
3288 1933 3523 1988 nondum
3553 1930 3731 1987 fecisti
3765 1947 3851 1986 me

2262 2028 2473 2075 certum
2506 2019 2586 2075 sic
2611 2035 2748 2075 esse.
2783 2019 2940 2075 Prius
2967 2035 3098 2092 ergo
3129 2023 3354 2077 ostende
3383 2021 3512 2093 quid
3552 2021 3724 2076 voluit
3757 2023 3851 2076 ha.

2260 2108 2392 2164 bere
2421 2109 2563 2177 quod
2591 2123 2701 2162 non
2731 2109 2987 2174 habebat,
3039 2119 3098 2164 ιη
3124 2110 3284 2166 vellet
3325 2111 3574 2166 deserere
3595 2112 3739 2182 quod
3771 2120 3851 2164 te-

2262 2198 2446 2265 nebat,
2496 2197 2642 2253 sicut
2689 2198 2743 2252 in
2779 2214 2946 2253 avaro
2975 2201 3310 2254 monstrasti.
3353 2201 3575 2264 Deinde,
3619 2201 3663 2254 si
3717 2200 3854 2254 nihil

2263 2290 2564 2346 contradici
2594 2291 2790 2360 poterit
2821 2291 2896 2346 ita
2925 2307 3065 2357 esse,
3100 2308 3185 2348 me
3212 2308 3314 2347 non
3345 2292 3593 2347 dubitare
3620 2290 3851 2347 fatebor.

2263 2383 2406 2439 MAG.
2439 2382 2703 2440 Pcccasse
2747 2384 2895 2440 illutn
2931 2400 3038 2441 non
3069 2386 3324 2449 dubitas;
3363 2386 3618 2455 quoniam
3647 2401 3677 2439 a
3702 2383 3855 2452 justo

2264 2476 2375 2532 Deo
2409 2491 2516 2530 non
2564 2477 2742 2546 potuit
2779 2476 2976 2546 injuste
3005 2477 3290 2543 damnari;
3338 2479 3430 2533 sed
3475 2477 3673 2547 quaeris
3719 2491 3855 2545 quo-

2263 2570 2425 2626 modo
2481 2569 2747 2638 peccavit.
2799 2569 2947 2625 Dtsc.
3007 2569 3084 2624 lta
3134 2561 3236 2624 est.
3289 2569 3430 2624 MAG.
3483 2569 3539 2625 Si
3584 2568 3854 2638 justitiam

2264 2669 2682 2730 perseveranter
2707 2669 2997 2719 servasset.
3026 2675 3131 2714 non
3157 2670 3438 2730 peccasset
3467 2676 3726 2730 unquam,
3753 2674 3856 2714 nec

2268 2749 2438 2804 miser
2461 2757 2624 2803 esset.
2657 2749 2801 2806 Dtsc.
2834 2748 2910 2804 lla
2935 2749 3226 2805 credimus.
3257 2749 3398 2806 MAG.
3428 2749 3702 2805 Justitiam
3725 2764 3858 2805 vero

2267 2839 2446 2893 tmllus
2487 2849 2690 2905 servat,
2742 2841 2845 2896 nisi
2892 2841 3120 2895 volendo
3145 2842 3286 2910 quod
3315 2841 3510 2906 debet;
3551 2855 3726 2911 neque
3761 2841 3859 2895 de-

2265 2932 2418 2996 serit,
2452 2932 2554 2986 nisi
2583 2933 2813 2987 valendo
2855 2933 2995 3003 quod
3030 2949 3135 2988 non
3173 2935 3352 2988 debet.
3385 2933 3534 2988 Dtsc.
3581 2931 3718 2986 Nulli
3752 2933 3862 2986 du-

2265 3021 2432 3076 bium.
2471 3021 2612 3078 MAG.
2661 3023 2900 3078 Volendo
2931 3024 3134 3094 aliquid
3160 3026 3351 3094 igitur,
3391 3027 3534 3095 quod
3563 3024 3699 3080 velle
3725 3033 3858 3079 tunc

2267 3128 2374 3168 nou
2424 3115 2674 3184 debebat,
2724 3115 2965 3171 deseruit
3007 3116 3316 3186 justitiam;
3364 3127 3419 3172 et
3465 3118 3544 3172 sic
3584 3115 3857 3186 peccavit.

567 3219 699 3264 tunc
726 3206 863 3262 velle
887 3205 1137 3262 deserere
1164 3205 1312 3274 prius
1335 3211 1616 3272 est,quam
1651 3221 1756 3258 non
1788 3202 1923 3257 velle
1953 3211 2156 3257 tenere.
2188 3187 2231 3248 Ο
2266 3205 2409 3261 DISC.
2460 3205 2537 3259 lta
2593 3206 2860 3276 sequitur.
2914 3207 3022 3261 Sed
3073 3203 3257 3277 quer
3287 3209 3414 3277 quid
3463 3207 3607 3262 aliud
3659 3207 3858 3269 voluit,

562 3304 777 3357 Avarus
819 3313 1077 3369 namque,
1119 3312 1241 3351 cum
1266 3299 1381 3350 vult
1413 3306 1596 3350 tenere
1628 3310 1929 3360 nummum,
1959 3302 2016 3348 et
2043 3309 2155 3348 ma-

565 3393 680 3448 vult
706 3407 898 3462 panem
923 3377 1083 3461 quem
1117 3389 1302 3458 nequit
1331 3388 1555 3451 habere,
1583 3388 1684 3441 nisi
1711 3402 1989 3441 nutnmum
2024 3387 2151 3451 det,

561 3486 711 3556 prius
740 3484 855 3536 vult
886 3487 1034 3545 dare,
1061 3481 1110 3535 id
1140 3489 1222 3536 Osi
1252 3478 1832 3544 deserere'numtnum,
1856 3493 2015 3548 quam
2048 3493 2153 3532 non

563 3574 691 3628 velit
717 3582 902 3626 tenere
933 3586 948 3624 :
981 3585 1085 3624 non
1107 3570 1250 3624 enim
1278 3570 1428 3623 illum
1461 3569 1580 3624 ideo
1603 3567 1740 3634 vult,
1764 3569 1885 3623 ideo
1913 3585 2017 3622 non
2039 3570 2153 3624 vult

563 3677 748 3722 tenere
773 3665 906 3720 dare
935 3663 1058 3733 quia
1089 3677 1193 3716 non
1228 3661 1342 3714 vult
1367 3670 1582 3725 tenere;
1616 3661 1710 3715 sed
1753 3660 1874 3715 ideo
1901 3659 2005 3715 nun
2036 3661 2153 3717 vult

564 3769 771 3819 tenere,
818 3753 944 3824 quia
987 3761 1047 3806 ut
1092 3751 1182 3784 ¹⁸⁹⁸
1219 3765 1412 3820 panem
1467 3750 1665 3804 habeat
1715 3765 1940 3804 necesse
1992 3751 2153 3804 habet

561 3848 712 3902 dare.
757 3843 890 3899 Nam
915 3851 968 3899 et
999 3850 1288 3911 antequam
1336 3841 1554 3906 habeat,
1580 3840 1695 3894 vult
1739 3848 1923 3894 tenere
1965 3849 2020 3895 et
2052 3843 2152 3894 ha-

561 3937 726 4003 bere';
772 3945 828 3991 et
877 3952 1000 3991 cum
1033 3935 1213 3996 habet,
1241 3937 1606 4003 “nequaquam
1639 3949 1747 3988 non
1799 3933 1911 3987 vult
1944 3942 2150 3998 tenere,

566 4029 798 4100 quandiu
856 4044 962 4082 non
989 4028 1154 4082 habet
1188 4039 1410 4081 necesse
1445 4027 1717 4080 deserere.
1770 4025 1914 4080 Dtsc.
1951 4026 2149 4080 Verum

563 4129 666 4176 est.
697 4119 836 4174 κω.
858 4117 974 4174 Non
999 4131 1127 4188 ergo
1144 4130 1358 4185 semper
1378 4124 1462 4170 est
1482 4115 1634 4185 prius
1655 4131 1762 4171 non
1785 4116 1921 4170 Velle
1945 4125 2150 4180 tenere,

2265 3311 2427 3366 quam
2480 3297 2622 3366 quod
2667 3297 2918 3351 habebat.
2975 3297 3116 3352 MAG.
3171 3298 3440 3370 Quidquid
3472 3297 3702 3352 habebat
3735 3297 3858 3358 ⁸⁸⁸³.

2263 3386 2491 3440 debebat
2521 3385 2674 3441 velle.
2717 3388 2861 3442 Dtsc.
2896 3388 3132 3443 Debebat
3175 3403 3302 3444 vere
3328 3389 3468 3444 velle
3500 3389 3642 3459 quod
3675 3405 3703 3442 a
3744 3388 3861 3443 Deo

2261 3486 2582 3547 acceperat;
2621 3492 2721 3532 nec
2765 3479 2868 3534 hoc
2915 3479 3144 3535 valendo
3173 3482 3435 3549 peccavit.
3489 3481 3626 3536 MAG.
3673 3479 3862 3535 Voinit

2262 3569 2332 3640 igi
2361 3585 2424 3623 ur
2451 3569 2650 3638 aliquid
2678 3571 2944 3639 quodnon
2978 3571 3228 3635 habebat,
3248 3586 3345 3627 nec
3375 3582 3500 3626 tunc
3523 3572 3658 3628 velle
3687 3573 3860 3626 dabe-

2258 3659 2369 3723 bat,
2417 3658 2554 3712 sicut
2597 3658 2708 3713 Eva
2748 3659 2943 3716 similis
2990 3661 3158 3716 voluit
3203 3677 3325 3717 esse
3365 3663 3467 3716 diis
3507 3663 3657 3732 prius
3689 3677 3857 3730 quam

2261 3748 2401 3802 Deus
2446 3748 2549 3802 hoc
2593 3747 2776 3804 vellet.
2828 3750 2973 3806 Disc.
3026 3751 3138 3806 Nec
3187 3752 3290 3807 hoc
3328 3753 3399 3806 ita
3450 3752 3600 3821 sequi
3653 3767 3861 3823 negare

2259 3853 2417 3908 queo.
2452 3837 2592 3893 MAG.
2623 3838 2768 3893 Nihil
2795 3851 2976 3896 autem
3007 3842 3144 3897 velle
3177 3851 3394 3912 poterat
3423 3843 3525 3897 nisi
3560 3841 3857 3912 justitiam,

2260 3937 2353 3982 aut
2390 3930 2734 3985 connnodum
2764 3945 2779 3985 :
2812 3945 2879 3986 ex
2921 3933 3221 3988 commodis
3262 3934 3408 3988 enim
3436 3941 3649 3988 constat
3679 3933 3861 3986 beati-
3952 3995 3968 4009 .

2261 4019 2410 4079 tudo.
2441 4037 2604 4090 quam
2653 4021 2766 4077 vult
2798 4025 2977 4079 omnis
3029 4025 3310 4080 rationalis
3349 4035 3562 4079 natura.
3615 4024 3762 4078 Disc.
3799 4023 3859 4077 lu

2252 4114 2415 4169 nobis
2447 4129 2733 4184 possumus
2763 4117 2868 4173 hoc
2899 4131 3248 4188 cognoscere,
3281 4117 3372 4190 qui
3419 4116 3553 4173 nihil
3582 4115 3857 4181 volumus,

1866 4247 2096 4302 VAlll/E
2135 4248 2537 4312 LECTIONES.

636 4387 726 4420 ¹⁸⁸¹
769 4386 907 4457 Deus
935 4383 1249 4457 nondedit?
1272 4381 1379 4437 Sed
1401 4381 1685 4457 ideo‘Deuus
1721 4397 1834 4457 non
1857 4382 2023 4457 dedit,
2049 4383 2173 4450 quia
2211 4383 2299 4439 ille
2341 4401 2444 4440 non
2471 4388 2701 4457 accepit.
2744 4387 2814 4442 M.
2854 4389 3052 4445 lterum
3083 4408 3208 4446 nias.
3245 4390 3392 4446 Gem.
3424 4392 3548 4448 Bec.
3588 4393 3649 4448 S.
3677 4392 3853 4446 )Iich.

565 4458 707 4512 Deus
734 4472 843 4531 non
874 4452 1166 4531 _dedit?_lll_.
1196 4453 1394 4531 Interutn
1473 4452 1562 4531 ¹⁸ξ³²
1597 4452 1768 4518 Quam
1824 4454 2004 4506 habuit
2064 4470 2188 4507 mss.
2229 4472 2391 4531 quam
2442 4452 2674 4531 habebat
2747 4460 2839 4492 ⁸⁸⁸³
2871 4460 3022 4516 Sicut
3064 4465 3272 4531 accepit
3311 4464 3498 4517 habuit
3539 4481 3664 4517 mss.
3708 4466 3860 4518 sicut

566 4527 772 4604 accepit
802 4525 999 4578 habere
1075 4523 1166 4604 “3f
1200 4522 1379 4604 Pptuit
1411 4522 1742 4604 seei-perget
1777 4538 1988 4604 semper
2019 4541 2141 4575 ωδε.
2175 4526 2344 4604 potuit
2383 4527 2630 4604 acinipere
2658 4542 3084 4604 semperteuere
3161 4522 3252 4564 ¹έ⁸⁵
3285 4535 3492 4588 Ἰ’(“11νι“θ
3516 4536 3656 4604 quod
3689 4537 3857 4589 dese.

565 4597 676 4654 ruit
697 4591 1036 4674 iitss._tcnet;e
1064 4593 1188 4660 quia
1215 4592 1487 4674 deseruit“
1522 4592 1618 4624 ³⁸⁸⁸
1643 4591 1765 4674 Non.
1799 4593 2046 4674 ulcerum:
2077 4591 2285 4662 accepit
2329 4611 2425 4649 ms.
2455 4591 2516 4650 SI
2546 4597 2708 4674 dficit:
2749 4591 2851 4654 u'uu
2884 4601 3002 4656 ideo
3031 4607 3238 4674 accepit
3318 4606 3406 4635 ³⁸⁵⁷
3439 4591 3546 4658 Sed
3575 4607 3715 4658 lleus
3741 4621 3859 4658 non

565 4684 688 4722 uisa.
717 4667 811 4736 sed
840 4665 958 4736 ideo
983 4663 1122 4718 Deus
1150 4679 1251 4717 non
1296 4731 1309 4736 _
1331 4662 1421 4736 ¹ξ⁸⁸⁸
1444 4661 1561 4736 Non
1586 4663 1812 4736 ageepit.
1838 4663 1969 4728 Quis
1990 4681 2107 4736 non
2133 4661 2254 4717 mss.
2288 4681 2390 4718 non
2419 4669 2649 4736 accepit.
2679 4669 2741 4722 D.
2773 4671 2906 4736 Quis
2933 4689 3037 4725 non
3117 4661 3209 4705 ἐἶδε
3239 4674 3352 4728 Non
3386 4676 3506 4728 ideo
3537 4691 3640 4726 non
3679 4677 3862 4729 voluit

564 4739 692 4793 edit.
730 4734 881 4814 γάρ.
926 4735 1044 4787 ideo
1083 4749 1186 4787 non
1225 4731 1411 4814 valuit
1469 4732 1560 4814 ’θξο
1597 4731 2170 4814 'l‘enere._.D._Qu:ero
2197 4751 2338 4814 .mss.
2385 4731 2581 4814 terere.
2621 4731 2821 4814 Quand
2889 4741 2980 4772 ¹⁸’¹
3012 4743 3240 4814 Quando
3261 4745 3552 4814 aliquando
3582 4760 3694 4814 rem
3721 4762 3857 4799 mss.

565 4805 1037 4881 quando_a_liquam
1066 4819 1206 4881 rem“
1256 4803 1347 4881 ‘_“"
1371 4802 1525 4881 Quod
1551 4813 1787 4881 propter.
1797 4804 1995 4881 aliquid
2027 4820 2132 4881 non
2159 4804 2241 4858 vis
2271 4823 2396 4860 mss.
2420 4808 2562 4881 quod
2593 4802 2696 4881 non
2723 4811 2823 4866 nisi
2853 4802 3075 4881 prepte'r
3104 4813 3249 4868 aliud
3279 4802 3384 4868 non
3416 4816 3498 4869 vis
3527 4831 3623 4868 ms.
3653 4812 3858 4870 Cistcr.

565 4871 706 4948 quod
744 4877 846 4931 nisi
883 4871 1102 4956 propter
1139 4873 1422 4956 aliud_nop
1454 4871 1714 4956 v"isn:e¢§t.
1745 4871 1902 4956 Gott};
1936 4875 2240 4956 quodnnotr
2261 4871 2481 4946 propter
2515 4877 2717 4956 aliquid
2751 4882 2831 4956 vis
2854 4871 2871 4881 ’
2898 4871 3004 4956 μ’μθδξ
3027 4881 3349 4956 Necﬂtamen
3390 4895 3609 4956 pr0pter
3641 4885 3862 4955 aliquid

564 4943 690 5004 mss.
725 4962 825 5002 nec
865 4943 966 5000 nisi
986 4943 1222 5023 propter
1259 4943 1404 4998 aliud
1480 4943 1577 5023 ¹⁸⁹ξ
1623 4943 1689 5000 Ει
1728 4946 1899 5014 magis
1933 4948 2012 5023 vis
2042 4943 2399 5023 aliquidue}.
2433 4957 2488 5002 et
2524 4943 2692 5019 magis
2737 4952 2816 5023 vis
2864 4951 3007 5006 aliud
3083 4953 3176 4985 ¹⁸⁹¹⁶
3226 4943 3436 5011 Tenere
3465 4943 3606 5010 z'scd
3636 4943 3765 5023 quia
3794 4965 3863 5010 ut

564 5035 691 5091 mss.
739 5028 926 5091 tenere
964 5013 1119 5091 :_sed
1142 5013 1301 5091 __id_eo_
1331 5029 1439 5069 non
1488 5014 1605 5091 vult
1649 5013 1852 5091 tenere,
1898 5015 2027 5091 quia
2055 5013 2145 5068 uti
2185 5015 2399 5091 “9°_l)ic
2423 5033 2551 5088 ergo
2581 5013 2706 5074 nisa.
2745 5021 2867 5077 dico
2892 5024 3057 5091 ergol
3095 5023 3185 5056 ’⁸⁸⁷
3217 5026 3476 5079 Voluntas
3505 5013 3689 5080 deficit
3719 5042 3860 5079 mss.

565 5089 814 5145 voluntas
843 5086 1038 5172 deiecit
1141 5084 1232 5116 "9'
1276 5083 1343 5139 In
1373 5100 1471 5138 ms.
1510 5082 1698 5172 Cister.
1753 5087 1820 5138 ad
1857 5082 2146 5172 marginem
2194 5082 2566 5172 eodeni-Iniqua
2595 5093 2788 5172 scripta
2828 5082 3070 5164 leguntur
3104 5095 3204 5148 ista
3233 5110 3249 5146 :
3281 5096 3496 5150 Creavit
3532 5094 3672 5150 Deus
3704 5096 3864 5151 inter

566 5169 794 5236 (ueteres
824 5157 1040 5227 angelos
1092 5171 1288 5236 unum,
1320 5169 1427 5236 non
1466 5155 1744 5236 ordinem,
1783 5156 1876 5236 sed
1917 5155 2165 5236 spiritum
2204 5157 2584 5236 individualem
2622 5155 2712 5236 qui
2753 5165 2805 5216 in
2837 5155 2990 5236 sacra
3025 5165 3302 5236 Scriptura
3331 5166 3549 5221 Lucifer
3586 5166 3862 5236 appellari

566 5229 725 5306 solet,
758 5225 1006 5306 Itttnctluc
1033 5227 1286 5306 omnibus
1317 5225 1440 5279 aliis
1465 5227 1519 5279 in
1548 5241 1642 5306 sua
1673 5226 1946 5306 creatione
1972 5225 2272 5306 digniorem
2300 5225 2708 5306 constituit;_‘de
2740 5247 2804 5306 e9
2835 5233 2901 5306 ad
2939 5225 3160 5290 beatuni
3185 5234 3286 5291 Job
3324 5237 3582 5292 Dominus
3616 5225 3861 5306 lo'quens

566 5297 698 5377 dicit
723 5316 737 5351 :
767 5297 886 5377 Ipse
913 5294 986 5350 est
1016 5296 1336 5377 principium
1355 5311 1559 5349 vtarum
1587 5295 1705 5377 pei,
1736 5296 1789 5377 id
1821 5305 1904 5350 est
1928 5294 2221 5377 principale
2251 5297 2579 5377 inter-opera
2612 5300 2726 5377 Dei.
2761 5303 3143 5377 Et_Grcgorius
3173 5323 3337 5377 super
3363 5309 3593 5362 eundem
3627 5294 3814 5362 locum
3840 5322 3859 5362 :

564 5367 707 5447 Deus
745 5368 834 5436 qui
863 5378 1048 5447 cui-rcta
1077 5367 1291 5447 ereavit,
1322 5365 1466 5447 hunc
1493 5366 1908 5447 eminentiorem
1934 5365 2186 5447 countibus
2211 5365 2478 5447 condidit;
2513 5378 2566 5424 et
2597 5372 2646 5447 si
2671 5365 3126 5447 teqttalemi'qtto.l
3155 5365 3364 5432 cer'tum
3399 5393 3505 5432 non
3535 5377 3638 5447 est)
3681 5393 3862 5445 super

565 5452 626 5492 se
652 5434 829 5514 tamen
863 5436 1063 5514 nullum
1101 5434 1402 5514 habuit._Et
1424 5435 1761 5514 Erechielde
1789 5437 1904 5506 ipso
1929 5437 2059 5514 dicit
2085 5451 2099 5488 :
2132 5435 2483 5514 Omnisiapis
2516 5434 2771 5510 pretiosus
2804 5434 3178 5514 operirizéntum
3214 5457 3381 5513 tuum,
3412 5449 3514 5504 hoc
3541 5434 3632 5503 est,
3653 5434 3864 5503 omnes

565 5507 796 5578 angelici
835 5505 1184 5588 spiritustibi
1220 5506 1612 5588 sibi-subjecti,
1653 5507 1750 5588 tibi
1780 5505 2190 5588 venerationem
2216 5505 2554 5588 exhibentes,
2591 5521 2647 5566 et
2693 5522 2746 5568 te
2793 5505 2947 5588 quasi
2982 5505 3379 5572 vestimentnm'
3402 5519 3700 5588 pretiosum
3740 5519 3866 5571 cir-

563 5574 966 5650 cumornantes.
1014 5575 1119 5650 _Hic
1157 5591 1286 5650 ergo
1335 5574 1548 5650 Lucifer
1580 5577 1703 5645 quia
1737 5578 1790 5631 in
1831 5586 1979 5650 tanta
2027 5577 2284 5646 dignitate
2321 5578 2669 5650 sublimatum
2719 5599 2777 5639 se
2811 5574 2970 5650 vidit,
2999 5595 3053 5640 et
3085 5588 3326 5644 Creatori
3383 5574 3481 5643 s'uo
3534 5589 3866 5643 inordinate

566 5649 757 5728 similis
795 5648 910 5702 ﬁeri
943 5647 1136 5711 voluit;
1176 5646 1620 5728 irremissjbiliter
1647 5648 1909 5728 peccavit,
1937 5657 1991 5728 et
2023 5661 2278 5700 corruens
2320 5649 2456 5728 inl‘ra
2487 5653 2739 5728 seuillius
2783 5646 3154 5728 beatitudinis,
3193 5659 3685 5728 qumuhahiturus
3723 5668 3864 5712 erat

564 5720 608 5797 si
641 5730 1061 5797 perseverasset,
1097 5733 1239 5797 (illiil-
1262 5716 1511 5797 omuibus
1549 5721 1647 5797 situ
1699 5718 1750 5772 iu
1775 5721 1871 5774 hac
1900 5719 2170 5775 voluntate
2208 5721 2687 5792 consentientibus,
2730 5723 2923 5797 gaudia
2958 5729 3137 5783 amisit

1190 5733 1239 5798 n_
1262 5727 1511 5798 omumus
1549 5727 1647 5798 sun
1699 5727 1750 5772 iu
1775 5727 1871 5774 hac
1900 5727 2170 5775 voluntate
2208 5727 2687 5792 consentientibus,
2730 5727 2923 5797 gaudia
2958 5729 3137 5783 amisit
3213 5727 3330 5760 "3”
3364 5727 3430 5782 Μ.
3464 5729 3661 5784 Verum
3701 5729 3865 5798 quod

561 5790 796 5846 habebat
837 5805 962 5844 "tu.
997 5787 1066 5843 M.
1103 5786 1370 5857 Quidquid
1412 5787 1637 5842 habebat
