4050 6294
223 368 317 436 553

223 575 491 633 Justitiam
541 589 670 629 vero
697 573 949 638 volendo,
1000 588 1229 642 peccare
1263 589 1369 629 non
1403 577 1600 644 potuit.
1650 578 1795 633 Disc.

224 669 412 724 Verum
459 675 564 722 est.
617 667 759 722 MAG.
811 665 1062 720 Peccavit
1111 681 1240 737 ergo
1302 667 1535 723 volendo
1586 668 1804 738 aliquod

221 760 586 824 commodum,
613 759 757 830 quod
804 773 905 814 nec
933 758 1187 822 habebat,
1230 773 1330 814 nec
1375 767 1506 813 tunc
1540 759 1674 814 velle
1705 759 1800 813 de-

222 852 325 908 buit
348 890 366 917 ,
394 850 541 920 quod
589 858 767 904 tamen
799 850 865 906 ad
911 858 1255 921 augmentum
1306 850 1654 904 beatitudinis
1682 864 1802 904 esse

223 946 287 1001 illi
313 952 554 1014 poterat.
593 941 740 998 Dtsc.
767 941 951 996 Palain
980 951 1062 997 est
1094 942 1350 1010 quoniam
1383 941 1540 996 aliter
1572 931 1674 995 nun
1701 957 1798 1011 p0-

222 1039 332 1092 luit.
367 1035 510 1090 MAG.
541 1033 752 1097 Cernis,
800 1043 860 1087 ut
889 1043 1038 1102 puto,
1074 1033 1199 1102 quia
1247 1032 1364 1102 plus
1407 1033 1608 1103 aliquid
1637 1048 1799 1103 quam

193 1148 201 1176 ι
227 1134 524 1196 acceperat,
556 1124 858 1178 inordinate
881 1123 972 1190 3’“
1005 1123 1253 1185 volendo,
1296 1121 1623 1177 voluntatem
1645 1137 1797 1177 suam

220 1227 361 1272 extra
384 1211 655 1284 justitiam
685 1214 932 1268 extendit
980 1211 1092 1266 ηδ’.
1128 1211 1272 1268 Dtsc.
1305 1211 1504 1282 Aperte
1538 1227 1680 1266 nunc
1720 1212 1799 1266 vi-

221 1310 309 1363 deo
348 1307 479 1378 quia
512 1305 782 1377 peccavit,
822 1313 878 1360 et
905 1303 1142 1359 volendo
1178 1303 1320 1373 quod
1365 1317 1475 1359 non
1508 1302 1711 1365 debuit,
1744 1311 1799 1357 et

221 1413 312 1452 non
344 1397 578 1453 volendo
621 1397 766 1468 quod
801 1395 892 1428 ¹⁹⁰³
938 1397 1124 1451 debuit
1175 1413 1189 1448 :
1243 1406 1296 1449 et
1323 1394 1498 1465 palam
1543 1403 1628 1450 est
1669 1393 1794 1464 quia

220 1505 314 1544 non
365 1490 492 1544 ideo
537 1489 710 1542 voluit
740 1487 836 1519 ‘m
861 1487 1147 1558 plusquam
1193 1487 1400 1552 debuit,
1450 1487 1576 1557 quia
1623 1485 1796 1541 noluit

217 1591 394 1636 tenere
420 1579 688 1649 justitiam
714 1596 730 1645 ;
762 1578 854 1633 sed
881 1578 999 1633 ideo
1019 1576 1288 1648 justitiam
1313 1591 1417 1631 non
1448 1576 1637 1643 tenuit,
1669 1575 1794 1647 quia

217 1670 350 1725 aliud
383 1669 554 1724 voluit
591 1668 709 1735 ιη’,
742 1668 884 1738 quod
916 1668 1143 1724 volendo
1174 1667 1321 1722 illam
1364 1668 1621 1732 deseruit,
1656 1668 1796 1724 sicut

216 1760 265 1815 in
306 1773 497 1823 avaro,
533 1761 601 1813 de
645 1772 866 1814 nmnmo
909 1766 961 1812 et
1005 1772 1144 1827 pane
1185 1758 1520 1812 monstrasti.
1552 1757 1691 1813 MAG.
1723 1758 1794 1812 At

1386 368 1657 429 DlAL-OG.
1696 373 1780 429 DE
1813 373 1942 428 (JAS
1957 375 1994 430 U
2041 374 2324 431 DIABOLI.

226 485 320 543 nisi
346 482 490 552 quod
507 481 716 551 justum
746 489 840 535 aut
863 480 1204 536 commodum
1236 481 1326 516 ¹⁹⁰⁰
1359 494 1625 551 putamus.
1659 473 1797 540 Man.
1830 495 1878 552 Α

3386 377 3488 438 33d

2527 488 2754 546 CAPUT
2799 489 2862 546 V.

1977 597 2131 665 Quod
2161 602 2282 656 boni
2307 600 2478 672 angeli
2505 613 2836 663 anle,casum
2866 603 3125 658 malorum
3165 620 3414 676 pecccare

2541 685 2841 741 potuerunt.

1972 755 2110 816 Mue.
2161 760 2399 840 Putasne
2451 762 2625 818 bonos
2677 763 2897 833 angelos
2940 763 3194 820 similiter
3244 765 3487 833 potuisse

1900 863 2148 924 peccare,
2180 862 2470 924 antequam
2513 854 2959 910 mali'caderent?
2997 855 3145 912 Dtsc.
3189 856 3362 923 Puto;
3393 857 3490 913 sed

1884 943 2114 1001 ratione
2161 947 2626 1016 comprehendere
2675 947 2890 1003 vellem.
2939 947 3079 1003 MAG.
3123 947 3236 1002 Hoc
3274 958 3490 1002 certum

1881 1035 2066 1095 habes
2095 1040 2219 1108 quia
2261 1041 2304 1095 si
2335 1056 2442 1095 non
2481 1050 2771 1111 potuerunt
2800 1058 3059 1112 peccare,
3090 1035 3193 1098 non
3219 1052 3490 1113 potestate

1901 1129 1994 1184 sed
2043 1131 2364 1185 necessitate
2411 1140 2764 1186 servaverunt
2802 1131 3089 1200 justitiam.
3149 1133 3327 1200 Quare
3371 1148 3484 1187 non

1900 1223 2072 1291 magis
2121 1233 2438 1279 meruerunt
2476 1226 2708 1296 gratiam
2763 1241 2792 1280 a
2836 1223 2970 1292 Deo,
3017 1227 3144 1295 quia
3187 1235 3485 1293 steterunt,

1898 1314 2020 1369 aliis
2046 1315 2388 1380 cadentibus,
2418 1331 2578 1385 quam
2619 1316 2744 1386 quia
2769 1327 3126 1371 servaverunt
3155 1317 3491 1372 rationalita-

1900 1414 2008 1461 tem
2040 1406 2154 1472 ‘9“,
2187 1419 2350 1476 quam
2393 1407 2619 1477 perdere
2667 1408 3044 1476 nequiverunt.
3087 1406 3192 1461 Sed
3237 1421 3335 1461 nec
3355 1407 3489 1477 justi

1898 1507 2076 1564 recte,
2139 1498 2185 1554 si
2234 1497 2373 1554 bene
2422 1501 2771 1565 consideres,
2819 1499 3150 1554 dicerentur.
3200 1498 3344 1553 Dtsc.
3397 1497 3489 1552 Sic

1895 1599 2161 1648 monstrat
2212 1592 2370 1648 ratio.
2427 1590 2568 1646 MAG.
2627 1591 2704 1646 llli
2743 1607 2871 1663 ergo
2927 1592 3016 1661 qui
3070 1592 3408 1656 ceciderunt,
3441 1590 3490 1645 si

1895 1697 2001 1736 non
2062 1688 2380 1751 peccassent
2425 1696 2545 1735 cum
2585 1690 2836 1751 possent,
2891 1688 3042 1735 tanto
3094 1680 3345 1736 meliores
3402 1694 3491 1737 es-

1895 1781 2017 1828 sent
2063 1789 2226 1843 quam
2259 1773 2347 1827 isti
2373 1772 2496 1834 ‘9”,
2555 1781 2758 1841 quanto
2786 1780 2842 1826 et
2883 1787 3008 1826 vere
3045 1780 3227 1826 essent
3265 1771 3396 1840 justi
3433 1779 3490 1825 et

219 1864 330 1904 cum
364 1849 472 1904 hoc
501 1848 698 1914 "om",
729 1848 871 1918 quo“
906 1848 1046 1903 θυοδ
1074 1846 1223 1901 illum
1255 1846 1392 1902 Velle
1421 1847 1666 1912 "Olebalo
1698 1863 1794 1905 "0‘
1829 1853 1872 1908 Β
1899 1864 2129 1934 gratiam
2163 1879 2192 1918 a
2236 1863 2345 1919 Deo
2385 1872 2746 1917 mererentur.
2780 1859 2932 1918 Unde
2961 1865 3207 1932 sequitur
3233 1865 3359 1932 quia
3390 1871 3489 1917 aut

217 1938 306 1992 luit
331 1938 645 1993 inordinate
674 1938 868 1994 similis
891 1953 1012 1993 esse
1050 1938 1180 1992 Deo.
1213 1938 1356 1992 Dtsc.
1385 1937 1441 1993 Si
1477 1940 1618 1994 Deus
1644 1941 1794 2010 cogi-

216 2031 307 2084 tari
335 2045 444 2084 non
487 2030 798 2100 potest,nisi
830 2030 904 2084 ita
930 2029 1076 2086 solus
1102 2031 1307 2085 utnihil
1336 2031 1410 2086 illi
1453 2033 1627 2088 simile
1650 2035 1796 2104 cogi-

215 2123 304 2176 tari
335 2123 512 2191 possit
536 2163 552 2185 ,
587 2122 858 2191 quomodo
886 2123 1061 2192 potuit
1085 2123 1330 2178 diabolus
1356 2124 1494 2179 velle
1519 2126 1660 2194 quod
1689 2143 1793 2181 non

213 2214 380 2282 potuit
420 2213 713 2284 cogitare?
753 2212 869 2267 Non
899 2213 1044 2268 enim
1089 2213 1162 2267 ita
1190 2215 1397 2270 obtusae
1428 2216 1625 2270 mentis
1654 2225 1791 2282 erat,

213 2312 266 2356 ut
295 2303 434 2358 nihil
479 2302 626 2358 aliud
676 2303 852 2358 simile
901 2301 1010 2359 Deo
1058 2306 1284 2376 cogitari
1331 2322 1488 2376 posse
1536 2307 1789 2362 nesciret.

211 2395 340 2452 Mue.
373 2397 601 2451 Etiamsi
630 2396 805 2451 noluit
845 2398 1069 2468 omnino
1100 2413 1201 2468 par
1230 2413 1349 2455 esse
1393 2401 1527 2466 Deo,
1567 2400 1660 2456 sed
1689 2399 1788 2454 ali-

211 2487 329 2559 qui‘d
361 2489 543 2544 minus
597 2488 708 2544 Deo
752 2489 866 2556 ‘9“,
912 2499 1102 2546 contra
1145 2491 1476 2547 voluntatem
1514 2491 1639 2559 Dei,
1691 2493 1793 2547 hoc

209 2581 318 2650 ipso
352 2580 526 2634 voluit
579 2580 890 2636 inordinate
943 2581 1034 2612 ¹⁹⁰⁷
1083 2582 1276 2637 similis
1321 2597 1442 2638 esse
1488 2583 1617 2648 Deo,
1663 2583 1789 2652 quia

208 2675 416 2744 propria
445 2675 744 2740 voluntate,
777 2689 896 2744 quae
924 2673 1054 2728 nulli
1082 2675 1295 2730 subdita
1331 2675 1450 2737 fuit,
1488 2675 1662 2730 voluit
1692 2674 1791 2728 ali-

206 2766 345 2833 quid.
378 2765 564 2822 Solius
589 2766 734 2822 enim
759 2766 853 2821 Dei
880 2779 1001 2820 esse
1041 2766 1222 2831 debet,
1254 2766 1331 2821 sic
1355 2765 1635 2822 voluntate
1665 2779 1790 2837 pro-

207 2859 315 2928 pria
361 2861 500 2917 velle
527 2861 752 2932 aliquid,
799 2870 858 2916 ut
883 2858 1220 2932 superiorem
1270 2879 1378 2918 non
1404 2872 1667 2932 sequatur
1695 2878 1789 2935 vo-

205 2949 486 3008 luntatem.
549 2954 697 3010 DISC.
746 2953 824 3009 Ita
874 2964 978 3010 est.
1025 2939 1167 3012 ΜᾸσ.
1217 2955 1332 3012 Νοη
1382 2958 1554 3012 solum
1606 2967 1784 3013 autem

203 3043 368 3098 voluit
407 3061 529 3102 esse
574 3046 795 3116 aequalis
848 3048 981 3114 Deo,
1021 3049 1146 3119 quia
1193 3051 1539 3120 prmsumpsit
1587 3051 1788 3108 habere

201 3138 475 3205 propriam
515 3138 888 3206 voluntatem;
924 3141 1018 3196 sed
1050 3141 1214 3196 etiam
1249 3136 1419 3209 major
1449 3142 1617 3197 voluit
1643 3159 1784 3209 esse,

1903 1955 2057 2012 electi
2110 1955 2357 2010 homines
2405 1948 2639 2024 majores
2685 1964 2741 2009 et
2788 1955 3045 2012 meliores
3082 1966 3243 2011 erunt
3281 1959 3488 2029 angelis

1896 2045 2075 2112 bonis,
2101 2057 2196 2102 aut
2233 2047 2445 2118 reprobi
2474 2045 2649 2117 angeli
2688 2044 2927 2116 perfecte
2952 2063 3057 2102 non
3103 2051 3490 2104 resmurabun-

1899 2146 2013 2201 tttr,
2042 2136 2301 2193 quoniam
2335 2151 2438 2189 non
2474 2135 2608 2190 tales
2640 2146 2801 2191 erunt
2829 2137 3098 2203 homines,
3129 2139 3219 2208 qui
3251 2153 3348 2208 pro
3382 2139 3486 2196 illis

1894 2241 2240 2284 assumentur
2287 2230 2398 2294 ωλι,
2443 2231 2629 2300 quales
2656 2231 2730 2284 illi
2757 2231 2921 2287 futuri
2971 2241 3148 2288 erant.
3183 2233 3328 2288 DISC.
3359 2232 3486 2288 llaec

1894 2321 2001 2376 duo
2031 2325 2246 2390 penitus
2285 2324 2536 2393 neganda
2564 2324 2840 2380 existimo.
2872 2324 3013 2381 ΜΑο.
3057 2325 3356 2380 Potuerunt
3387 2326 3487 2395 igi-

1894 2425 1983 2470 tur
2011 2415 2102 2448 ¹⁹¹³
2127 2417 2251 2472 boui
2275 2417 2449 2487 angeli
2486 2433 2733 2488 peccare,
2758 2427 2882 2473 ante
2903 2433 3086 2474 casum
3113 2418 3376 2474 malorum
3394 2419 3484 2452 ωε

1892 2524 1992 2563 nec
2019 2510 2195 2575 aliter,
2223 2525 2386 2579 quam
2427 2510 2569 2566 sicut
2593 2520 2872 2567 ostensum
2899 2520 2985 2566 est
3013 2511 3079 2566 de
3101 2510 3207 2565 illis
3235 2511 3326 2581 qui
3359 2525 3487 2581 pec-

1891 2609 2174 2654 caverunt.
2202 2598 2352 2653 Dtsc.
2381 2598 2556 2654 Aliter
2582 2614 2703 2654 esse
2733 2614 2888 2668 posse
2916 2614 3021 2654 non
3053 2599 3230 2654 video.

2486 2691 2714 2748 CAPUT
2757 2692 2841 2746 γι.

1892 2781 2168 2849 Quomodo
2213 2783 2334 2837 boni
2362 2782 2662 2864 conﬁrmati
2703 2793 2825 2837 sunt
2867 2783 2921 2836 in
2949 2799 3046 2837 suo
3075 2792 3240 2848 statu,
3269 2792 3315 2837 et
3353 2783 3483 2836 mult

2369 2862 2373 2866 ’
2505 2862 2560 2905 in
2588 2867 2714 2906 casu
2749 2867 2865 2907 8110.

1871 2941 1876 2943 ’
1959 2946 2101 3002 MAG.
2136 2945 2212 3000 Illi
2239 2946 2423 3015 itaque
2450 2944 2651 3016 angeli,
2671 2944 2786 3017 [qui
2817 2944 2987 3016 magis
3015 2943 3300 3000 voluerunt
3325 2945 3486 3015 justi-

1890 3037 2020 3094 tiam
2049 3053 2211 3125 quam
2245 3038 2734 3107 habebant,’quam
2759 3037 2889 3092 illud
2920 3036 3041 3108 plus
3071 3037 3214 3106 quod
3257 3051 3364 3092 non
3390 3035 3482 3068 ¹⁹¹⁷

1890 3131 2163 3187 habebant
2194 3171 2210 3197 ,
2260 3131 2461 3186 bonum
2507 3131 2652 3200 quod
2701 3131 2856 3202 quasi
2921 3138 3144 3201 propter
3185 3129 3481 3200 justitiam,

204 3216 429 3282 valendo
471 3228 614 3297 quod
659 3228 802 3285 Dens
846 3229 995 3285 illum
1047 3230 1184 3286 velle
1226 3231 1445 3286 nolebat
1475 3275 1489 3299 ,
1530 3234 1785 3303 quoniam
1815 3224 1856 3281 C
1890 3232 2152 3293 quantum
2198 3223 2265 3277 ad
2314 3222 2646 3278 "Olunlalem
2707 3222 2968 3293 perlinllil
3007 3263 3024 3288 ν
3079 3223 3480 3292 perdiderunt:

200 3316 533 3374 voluntatem
595 3335 748 3374 suam
807 3335 967 3392 supra
1026 3320 1360 3377 voluntatem
1426 3321 1520 3378 Dei
1585 3326 1781 3394 posuit.

200 3407 341 3468 Dtsc.
387 3410 536 3466 Satis
565 3411 757 3482 liquet.
789 3411 1078 3482 MacJam
1119 3413 1280 3484 igitur
1313 3415 1406 3470 tibi
1439 3415 1532 3447 ¹⁹⁰³
1561 3415 1788 3471 manife-

199 3509 336 3555 stum
367 3517 490 3557 esse
530 3514 659 3572 puto
688 3519 756 3558 ex
785 3503 1089 3560 rationibus
1128 3506 1484 3575 suprapositis
1511 3505 1785 3562 diabolum

198 3603 389 3662 sponte
431 3594 703 3651 dimisisse
729 3596 866 3652 velle
909 3598 1054 3668 quod
1100 3597 1351 3666 debebat,
1380 3608 1436 3654 et
1460 3599 1605 3668 juste
1653 3599 1788 3654 ami-

197 3684 332 3740 sisse
383 3686 531 3756 quod
586 3687 850 3752 trahebat;
908 3688 1036 3758 quia
1085 3700 1275 3760 sponte
1328 3700 1383 3744 et
1418 3688 1564 3757 juste
1621 3690 1788 3744 voluit

195 3778 335 3845 quod
369 3793 475 3832 non
527 3779 780 3845 habebat,
827 3788 882 3835 et
911 3780 1048 3836 velle
1074 3795 1179 3835 non
1225 3781 1456 3836 debebat
1488 3782 1601 3834 ‘9”.
1639 3782 1785 3837 DlSC.

193 3868 336 3924 Nihil
367 3880 500 3940 pulo
531 3873 888 3928 manifestius.
932 3873 1073 3929 MAG.
1108 3874 1370 3940 Quamvis
1403 3875 1568 3945 igitur
1612 3874 1789 3930 bonus

193 3962 422 4033 angelus
484 3963 604 4017 ideo
650 3966 861 4035 accepit
911 3967 1393 4034 perseverantiam,
1467 3967 1593 4035 quia
1647 3966 1790 4020 Deus

192 4050 374 4118 dedit,
431 4069 537 4106 non
591 4053 708 4107 idco
756 4063 936 4108 tamen
994 4056 1170 4110 malus
1222 4070 1327 4110 non
1375 4056 1600 4124 accepit,
1661 4056 1788 4124 quia

189 4141 336 4198 Deus
369 4145 461 4175 ¹⁹¹⁰
495 4160 600 4200 non
634 4145 780 4200 dedit
809 4165 822 4200 :
851 4147 944 4200 sed
976 4147 1117 4202 Deus
1151 4149 1270 4202 idco
1317 4163 1422 4202 non
1450 4147 1620 4211 dedit,
1662 4147 1788 4216 quia

187 4232 277 4287 ille
308 4251 421 4290 non
451 4235 695 4303 accepit;
728 4244 780 4291 et
809 4235 930 4291 ideo
958 4254 1062 4292 non
1099 4237 1329 4307 accepit,
1363 4221 1489 4306 quia
1542 4236 1789 4305 accipere

187 4324 390 4378 noluit.
441 4326 588 4380 Dlsc.
641 4325 768 4381 Mihi
799 4327 1015 4396 quidem
1066 4329 1138 4382 ita
1183 4327 1456 4384 satisfacis
1485 4328 1552 4383 ad
1599 4329 1686 4360 ¹⁹¹²
1723 4344 1787 4384 ea

189 4428 313 4482 quae
361 4431 569 4484 quaero,
623 4424 683 4470 ut
730 4432 829 4471 nec
858 4405 910 4471 in
954 4417 1036 4473 his
1083 4433 1202 4488 qua:
1252 4419 1531 4490 proponis,
1585 4433 1686 4473 nec
1732 4419 1786 4472 in

187 4506 304 4575 ipsa
353 4509 747 4579 consequentia
778 4509 1188 4564 conclusionqu
1240 4519 1457 4566 tuarum
1508 4510 1670 4565 ullam
1709 4509 1788 4565 vi-

185 4595 373 4665 deam,
404 4614 568 4654 sensu
597 4616 740 4667 meo,
771 4601 1003 4657 titubare
1031 4602 1338 4657 veritatem.

1885 3311 2094 3382 justitia
2133 3311 2487 3377 retribuente,
2518 3321 2846 3383 acceperunt
2873 3321 2928 3367 et
2953 3313 3019 3367 de
3062 3311 3175 3379 illo,
3205 3314 3346 3383 quod
3374 3313 3486 3369 ha-

1889 3389 2111 3470 bebant,
2142 3403 2193 3458 in
2220 3418 2346 3457 vera
2364 3403 2656 3458 securitate
2683 3412 3121 3473 permanserunt.
3141 3402 3485 3473 Quapropter

1889 3494 2024 3549 adeo
2066 3502 2190 3549 sunt
2217 3494 2458 3564 provecti
2502 3494 2614 3559 ωδ,
2646 3504 2704 3549 ιιι
2745 3495 2854 3550 sint
2895 3493 3074 3564 adepti
3101 3494 3194 3526 ¹⁹¹⁹
3220 3495 3484 3565 quidquid

1890 3594 2180 3656 potuerunt
2206 3585 2381 3652 velle;
2414 3599 2514 3641 nec
2533 3585 2648 3656 jam
2671 3583 2885 3645 videant
2911 3586 3037 3655 quid
3068 3584 3187 3656 plus
3224 3584 3360 3640 velle
3390 3585 3484 3617 ¹⁹²⁰

1889 3679 2109 3748 possint
2139 3678 2231 3711 ²⁹³¹
2266 3696 2279 3735 :
2328 3688 2384 3734 et
2413 3690 2638 3750 propter
2679 3680 2782 3734 hoc
2805 3694 3033 3750 peccare
3077 3687 3372 3749 nequeunt.
3403 3678 3486 3735 llli

1889 3785 2019 3825 vero
2043 3771 2219 3841 angeli
2249 3771 2341 3842 qui
2376 3771 2688 3826 maluerunt
2733 3769 2863 3824 illud
2902 3769 3046 3840 plus,
3069 3771 3212 3840 quod
3241 3770 3486 3826 nondum

1891 3861 2033 3918 Deus
2061 3864 2166 3916 illis
2232 3864 2366 3918 dare
2394 3863 2629 3928 volebat,
2680 3880 2841 3934 quam
2871 3873 3018 3918 stare
3067 3863 3120 3918 in
3161 3863 3398 3933 justitia,
3427 3863 3486 3917 in

1892 3969 1998 4024 qua
2045 3953 2169 4008 facti
2199 3963 2351 4007 erant
2377 3995 2394 4018 ,
2447 3956 2637 4009 eadem
2678 3953 2889 4022 justilia
2933 3953 3236 4022 judicante,
3265 3963 3320 4008 et
3351 3952 3484 4007 illud
3524 3948 3527 3949 ⁷

1891 4052 2109 4115 propter
2138 4045 2281 4114 quod
2312 4042 2460 4098 illam
2490 4051 2937 4113 contempserunt
2968 4059 3308 4112 nequaquam
3340 4045 3484 4099 obti-

1890 4148 2162 4202 nuerunt;
2211 4147 2266 4192 et
2294 4137 2437 4209 quod
2472 4138 2727 4193 tenebant
2781 4139 2982 4194 bonum
3015 4137 3335 4192 amiserunt.
3388 4136 3485 4192 Sic

1890 4243 2018 4299 ergo
2071 4229 2311 4284 distincti
2364 4239 2490 4284 sunt
2531 4228 2734 4298 angeli,
2783 4238 2842 4282 ut
2892 4225 3484 4296 adhaerentesjustitite

1891 4321 2094 4375 nullout
2122 4320 2257 4376 velle
2284 4320 2482 4376 bonum
2512 4320 2742 4391 possint,
2771 4335 2879 4390 quo
2903 4335 3007 4375 non
3038 4319 3146 4392 65
3179 4321 3478 4391 gaudeant;

1891 4423 1944 4467 et
1967 4411 2464 4482 deserentesiillam,
2493 4413 2696 4468 nullum
2721 4413 2857 4468 velle
2877 4423 3098 4483 queant,
3127 4429 3235 4485 quo
3260 4428 3362 4468 non
3392 4429 3484 4468 ea.

1893 4513 2068 4558 reaut.
2101 4503 2248 4560 Dtsc.
2289 4503 2432 4559 Nihil
2463 4505 2762 4575 pulchrius,
2801 4515 2894 4560 aut
2920 4504 3120 4575 justins
3151 4505 3252 4560 hac
3287 4505 3483 4560 distiu-

1819 4616 1868 4675 ι)
1897 4595 2094 4650 ctione.
2145 4593 2252 4651 Sed
2300 4597 2343 4652 si
2377 4611 2562 4666 posses
2604 4597 2802 4663 dicere,
2831 4595 3021 4652 vellem
3066 4594 3255 4652 audire
3299 4596 3482 4668 cujus-

1470 4757 1705 4813 VARUS
1766 4755 2171 4813 LECTIONES.

259 4889 360 4922 ‘3”
397 4887 610 4943 Iustum
654 4898 708 4944 et
739 4891 1079 4945 commodum
1110 4909 1234 4946 mss.
1255 4891 1456 4959 justum
1494 4901 1587 4946 aut
1611 4890 1952 4948 commodum
2028 4889 2116 4922 ¹⁹⁰¹
2139 4887 2361 4958 Accepit
2381 4888 2686 4945 inordinate
2709 4906 2835 4945 mss.
2863 4897 3146 4959 acceperat
3175 4889 3483 4950 inordinate.

181 4959 278 4992 ¹²⁶²
313 4959 575 5013 Extendit
620 4977 718 5014 ms.
758 4959 889 5014 Vict.
925 4963 958 5016 '5
1007 4965 1242 5017 ostendit

1345 4962 1435 4994 ¹⁹⁰³
1467 4964 1532 5016 Et
1557 4964 1786 5018 nolendo
1819 4961 1960 5030 quod
1993 4976 2117 5014 mss.
2164 4969 2220 5014 et
2261 4975 2366 5013 non
2402 4959 2634 5030 volendo
2666 4961 2806 5028 quod
2904 4958 3162 5030 ’περαίᾳ
3206 4959 3327 5015 ideo
3373 4979 3481 5018 non

180 5031 363 5084 voluit
402 5046 528 5083 mss.
570 5028 701 5083 Vict.
732 5032 854 5101 quia
899 5047 1004 5087 non
1033 5029 1154 5086 ideo
1178 5034 1341 5087 voluit
1439 5033 1531 5065 ¹⁹⁰⁸
1557 5034 1690 5101 Quia
1721 5028 1922 5101 aliquid
1957 5031 2124 5084 voluit
2159 5046 2284 5084 mss.
2322 5029 2631 5101 qttiaialiu'l
2660 5030 2828 5087 voluit
2923 5029 3017 5062 ⁸⁸⁸⁸
3052 5029 3229 5083 Voluit
3256 5033 3481 5086 omnino

252 5117 280 5153 r
320 5115 447 5153 esse
488 5101 598 5155 Deo
633 5100 926 5156 secundum
969 5103 1169 5170 aliquid
1199 5106 1377 5158 minus
1417 5103 1524 5158 Deo
1556 5100 1680 5156 mss.
1725 5100 1893 5158 uoluit
1925 5101 2144 5155 omnino
2178 5116 2276 5169 par
2305 5115 2425 5154 esse
2453 5100 2568 5164 Dei,
2602 5101 2708 5170 sed,
2733 5101 2934 5170 aliquid
2975 5101 3152 5170 minus
3176 5101 3290 5170 Alteo
3320 5169 3328 5170 ί
3384 5102 3479 5136 ²⁹⁰⁷

229 5187 298 5244 ne
345 5169 746 5244 voluit‘inordi.
772 5181 859 5226 ate
886 5189 1010 5244 nias.
1048 5169 1149 5227 hoc
1180 5177 1294 5244 ipso
1326 5177 1493 5228 voluit
1523 5174 1830 5228 inordinate

403 5240 496 5275 ¹⁹⁰⁹
527 5241 594 5296 Ει
624 5242 757 5296 velle
789 5245 903 5297 non
925 5243 1152 5298 debebat
1181 5240 1304 5299 mss.
1347 5245 1478 5298 Vict.
1529 5246 1563 5300 9
1618 5256 1666 5298 et
1719 5244 1786 5297 l3
1830 5251 1886 5299 et
1914 5241 2049 5296 velle
2078 5241 2220 5310 quod
2251 5256 2357 5296 non
2391 5241 2623 5295 debebat

177 5243 277 5297 tibi

1905 5170 1996 5206 ¹⁹⁰⁸
2022 5170 2141 5225 .Iam
2176 5168 2270 5225 tibi
2296 5188 2423 5224 mss.
2463 5170 2648 5226 Cister.
2699 5168 2836 5224 Vict.
2869 5169 2930 5224 S.
2971 5168 3133 5222 Mich.
3165 5168 3276 5237 jam
3316 5169 3480 5241 igitur

1914 5241 2049 5294 velle
2078 5241 2220 5294 auod
2251 5256 2357 5294 non
2391 5241 2623 5294 debebat
2725 5241 2818 5273 ¹⁹¹⁰
2843 5240 2961 5294 Νοη
2990 5239 3110 5293 ideo
3137 5255 3240 5292 non
3269 5245 3480 5294 accenit

2893 5253 3110 5326 OI'InlUCO
3137 5255 3240 5326 119⁸11
3252 5253 3481 5326 .agceptt

177 5322 377 5384 tamen
415 5312 592 5384 malus
641 5312 883 5384 angelus,
915 5314 1040 5384 quia
1073 5314 1212 5369 Deus
1243 5309 1339 5369 ius.
1384 5314 1512 5369 Vict.
1550 5315 1616 5384 15
1669 5315 1841 5369 malus
1876 5323 2054 5384 tamen
2092 5308 2196 5384 non
2229 5311 2485 5384 ideo‘non
2518 5311 2931 5384 accepirt_,iq_ui:n_
2962 5308 3134 5384 Deus__
3177 5309 3267 5340 ¹⁹¹¹
3305 5308 3480 5369 Satis.

172 5382 370 5439 fecisti
415 5381 482 5435 ad
519 5400 616 5436 ms.
655 5381 947 5437 SfMich.’
971 5384 1243 5440 satisfacis
1273 5385 1339 5439 ad
1376 5403 1500 5440 mss.
1541 5383 1690 5439 Gem.
1733 5385 1856 5438 Bec.
1920 5381 2049 5436 Vict.
2094 5383 2167 5436 ita
2208 5381 2480 5437 satisfacis
2515 5382 2582 5435 ad

2692 5382 2782 5414 1°"
2812 5379 3307 5435 Rationabililatcm
3345 5400 3474 5444 mss.

171 5451 624 5526 rationalitatem
701 5452 792 5484 ¹⁹¹³
826 5455 999 5526 Quam
1045 5455 1132 5510 isti
1163 5473 1259 5526 nis.
1298 5453 1437 5526 Vict.
1469 5457 1502 5511 5
1556 5471 1718 5526 quam
1743 5455 1879 5526 justi
1896 5525 1907 5526 η
1942 5452 2044 5526 1'“
2073 5452 2150 5507 llli
2186 5462 2472 5526 sumuntur
2501 5467 2626 5505 mss.
2653 5449 2777 5505 Bec.
2809 5447 3474 5526 Geni._Cia‘er_._§._Mick.

169 5523 287 5578 illis
321 5530 682 5577 assumuntur
705 5539 828 5578 mas.
866 5522 1000 5579 Vict.
1056 5527 1092 5582 3
1119 5521 1171 5580 εἰ
1213 5526 1246 5581 9
1276 5525 1380 5581 illis
1406 5520 1757 5592 assultientur
1821 5525 1911 5557 ⁸⁸⁸⁵
1941 5524 2198 5580 Poterant
2228 5522 2394 5592 igitur
2428 5537 2549 5592 mss.
2587 5521 3081 5592 potuerunt‘igitur
3157 5520 3250 5592 "_“_
3277 5521 3476 5580 Casum

167 5595 462 5649 malorum
493 5609 591 5647 ms.
626 5592 762 5647 Vict.
814 5593 848 5648 3
880 5597 1026 5649 omit.
1065 5597 1326 5652 malorum

167 5665 334 5738 quod
360 5679 483 5738 _non
521 5680 619 5718 ms.
656 5661 793 5738 Vict.
821 5666 880 5738 _9
913 5665 1040 5738 illud
1072 5667 1380 5738 quod,plus
1408 5685 1512 5725 non

165 5814 227 5860 et
260 5819 409 5858 mu.
440 5804 663 5873 possint,
694 5816 749 5862 et

1381 5627 1386 5632 ι
1429 5591 1518 5630 ³⁸⁸⁷
1566 5596 1633 5651 In
1670 5614 1796 5652 mss.
1845 5606 1997 5665 caput
2029 5595 2061 5647 6
2106 5589 2295 5665 incipit
2321 5591 2384 5645 ab
2435 5589 2705 5665 his‘vcrbis
2731 5610 2749 5648 :
2778 5592 2850 5647 M.
2886 5589 2963 5647 Illi
2994 5591 3176 5665 itaque
3192 5589 3326 5665 illud
3358 5593 3475 5660 plus
3565 5619 3571 5626 ε

1616 5668 1709 5700 ¹⁹¹⁸
1726 5669 1769 5722 Α
1795 5662 1916 5724 Deo
1928 5675 2052 5720 sunt
2075 5662 2448 5735 profectimgg.
2472 5662 2608 5735 adeo
2636 5673 2764 5735 sunt
2793 5663 3030 5735 provecti

168 5730 378 5803 adepti
403 5749 530 5787 mu.
554 5743 612 5808 ut
640 5735 748 5789 sint
768 5736 946 5807 adepti
1021 5730 1111 5774 ¹⁹²δ
1132 5730 1284 5806 Quod
1310 5739 1429 5808 plus
1455 5738 1595 5796 velle
1620 5755 1749 5796 aut.
1792 5736 1922 5792 Vict.
1947 5730 2249 5793 Bcchem.
2277 5730 2338 5789 S.
2367 5731 2528 5788 Mich.
2559 5734 2685 5804 quid
2716 5730 2838 5806 plus
2861 5733 2999 5790 velle

3139 5662 3229 5693 “"9
3254 5660 3321 5714 Ut
3348 5672 3476 5718 sunt

3101 5733 3189 5768 ³⁹²¹
3217 5731 3472 5804 Possunt,
3525 5762 3528 5766 ί
