4050 6294
550 398 669 479 ‘335

1100 414 1157 471 S.
1197 410 1494 469 ANSELMI
1532 408 1888 465 CANTUAR.
1922 408 2241 461 Allﬁfllllil’.
2270 404 2420 460 OPP.
2453 405 2636 461 PARS
2675 404 2716 460 ἰ.
2753 435 2824 446 -ν
2849 403 3275 461 DOGBIATiCA.

3726 405 3833 461 335
3855 463 3860 466 .

558 538 708 596 modi
761 531 1098 592 commodum
1149 528 1278 585 illttd
1330 528 1453 593 fuit,
1501 523 1642 597 quod
1693 535 1748 577 et
1796 525 1919 577 boni
1967 523 2141 593 angeli
2175 529 2218 585 Α
2252 522 2478 575 multum
2510 536 2615 587 me,
2646 522 2785 575 unde
2815 522 2983 591 ipsam
3016 538 3327 592 perversam
3358 519 3546 576 habuit
3586 521 3833 580 diabolus

544 629 704 702 juste
751 623 977 683 voleudo
1026 622 1105 677 sic
1153 617 1502 691 profecerunt
1548 615 1659 679 ¹⁹’¹,
1691 624 1747 669 ει
1796 613 1919 667 mali
1952 613 2148 680 injuste

546 716 994 793 concupiscendo
1040 714 1118 769 sic
1140 710 1473 766 deiecerunt.
1499 705 1639 762 Man.
1666 705 1803 773 Quid
1832 704 1961 759 illud
1988 703 2152 758 fuerit

560 831 673 872 non
698 813 894 877 video;
945 807 1038 864 sed
1069 804 1333 877 quidquid
1366 802 1551 866 fuerit,
1595 799 1791 855 sullicit
1832 799 1974 854 scire
2022 798 2149 869 quia

542 882 663 962 fuit
689 901 914 970 aliquid,
944 900 1010 956 ad
1037 898 1181 970 quod
1221 908 1473 952 crescere
1502 901 1832 963 potuerunt;
1861 889 2004 961 quod
2040 905 2150 945 non

560 1002 911 1067 acceperunt,
943 990 1160 1063 quando
1187 988 1360 1045 creati
1384 993 1533 1052 sunt,
1555 993 1617 1040 ut
1639 984 1707 1039 ad
1738 983 1883 1039 aliud
1912 996 2011 1038 suo
2040 996 2152 1038 me-

560 1089 670 1144 rito
692 1084 1044 1159 proﬁcerent.

1164 1167 1392 1226 CAPUT
1432 1165 1542 1222 \‘ll.

564 1288 829 1356 Ωιιωοιὶο,
857 1303 928 1341 an
956 1284 1224 1349 uoluntas,
1252 1292 1314 1356 ⁵ει
1340 1282 1456 1353 ejus
1477 1278 1745 1356 conversio
1774 1278 1847 1356 qd
1878 1280 2024 1356 quod
2046 1295 2153 1334 non

636 1348 904 1425 debetﬁit
953 1357 1123 1425 ipsum
1155 1348 1378 1425 mulum'
1400 1351 1540 1421 quod
1573 1348 1739 1402 malos
1774 1348 1909 1425 facit
1935 1367 1955 1425 ί
1982 1361 2029 1404 et
2059 1365 2154 1402 cur

638 1448 741 1484 non
771 1418 931 1496 possit
966 1418 1516 1496 iationafiscreatura‘
1550 1434 1642 1496 per
1668 1435 1723 1472 se
1748 1422 1814 1496 de
1847 1418 1989 1496 malo
2017 1436 2149 1473 cou-

640 1490 780 1556 vcrti'
803 1500 871 1552 ad
899 1499 1112 1559 bonum,
1136 1494 1271 1548 sicut
1293 1502 1455 1562 potest
1481 1490 1546 1544 de
1571 1494 1706 1543 bono
1731 1491 1800 1543 ad
1829 1490 2052 1544 malum.

638 1614 785 1670 Dtsc.
844 1610 912 1664 Et
969 1608 1127 1663 nobis
1164 1621 1309 1661 nunc
1359 1603 1589 1660 sutliciat
1638 1606 1918 1675 hucusque
1957 1605 2024 1657 de
2049 1604 2155 1659 hoc

565 1707 927 1776 investigasse
957 1702 1069 1756 ¹”³.
1104 1700 1210 1754 Sed
1268 1700 1453 1755 nescio
1498 1700 1627 1769 quid
1669 1700 1742 1754 sit
1791 1698 1906 1760 ¹⁹²⁶.
1940 1707 1999 1752 ιιι
2031 1714 2152 1751 cum

569 1817 659 1858 me
686 1814 845 1871 Spero
877 1797 967 1832 ²⁹¹⁸
1023 1795 1089 1849 ad
1122 1793 1282 1848 ﬁnem
1336 1792 1652 1863 qua‘stionis
1679 1792 1793 1864 jam
1846 1792 2155 1862 pertingere

2251 614 2544 669 voluntatis
2572 615 3008 679 conversionem,
3059 623 3115 668 et
3169 625 3368 669 caetera
3398 630 3520 684 qua:
3547 618 3613 670 de
3641 617 3837 673 volun-

2252 716 2363 762 tate
2384 708 2544 762 modo
2579 708 2689 761 dixi
2726 706 2840 760 "3’.
2873 707 2969 761 Est
2991 707 3168 761 adhuc
3197 706 3341 760 aliud
3368 706 3483 773 ⁸⁸³³,
3507 709 3654 777 quod
3678 710 3838 764 valde

2251 798 2441 864 miror,
2478 812 2600 852 cum
2653 796 2939 850 considero
2989 797 3134 851 hanc
3178 796 3475 851 voluntatis
3519 798 3841 851 conversio-

2250 904 2414 943 nem:
2446 904 2563 953 cur,
2593 886 2848 941 videlicet
2879 889 3021 941 Dens
3068 886 3228 941 talem
3262 887 3454 942 fecerit
3501 887 3646 943 illam
3679 900 3842 942 natu-

2250 996 2389 1043 ram,
2429 995 2589 1050 quam
2638 988 2792 1033 tanta
2842 980 3159 1034 excellentia
3205 981 3623 1049 sublimaverat;
3666 990 3727 1037 ut
3776 974 3846 1036 eo

2251 1074 2396 1145 quod
2443 1072 2631 1129 debuit
2660 1070 2815 1136 velle,
2872 1085 3058 1142 posset
3106 1083 3427 1128 convertere
3460 1074 3552 1105 ”“
3587 1074 3842 1131 volunta—

2254 1174 2361 1220 tem
2388 1181 2543 1221 suam
2572 1164 2642 1221 ad
2687 1165 2741 1219 id
2764 1166 2908 1236 quod
2954 1181 3061 1220 non
3105 1165 3330 1231 debuit;
3379 1166 3476 1221 sed
3507 1167 3575 1221 de
3602 1181 3669 1222 eo
3696 1167 3848 1236 quod

2253 1272 2361 1312 non
2382 1257 2568 1322 debet,
2599 1272 2706 1313 non
2733 1256 2907 1328 possit
2933 1256 3002 1312 ad
3024 1257 3077 1312 id
3105 1258 3250 1328 quod
3286 1257 3446 1313 debet
3473 1274 3489 1313 :
3512 1274 3640 1313 cum
3667 1258 3847 1313 multo

2254 1350 2428 1419 magis
2453 1348 2701 1404 videatur
2730 1349 2848 1414 ηπ,
2876 1359 3203 1419 potestatem
3236 1349 3489 1407 debuisse
3522 1350 3647 1406 talis
3687 1366 3849 1406 crea-

2257 1456 2377 1497 tura
2407 1459 2437 1497 a
2469 1442 2562 1497 tali
2593 1441 2799 1498 factore
2820 1444 3067 1513 accipere
3094 1441 3331 1498 faciendi
3354 1444 3577 1506 bonum,
3606 1442 3677 1498 ad
3699 1442 3853 1514 quod

2256 1535 2401 1590 facta
2437 1544 2521 1590 est
2565 1533 2689 1600 ‘9";
2739 1550 2905 1604 quam
2935 1533 3170 1589 faciendi
3209 1534 3433 1600 malum,
3470 1537 3539 1590 ad
3585 1537 3735 1606 quod
3761 1536 3850 1591 vi-

2258 1629 2476 1683 tandam
2537 1627 2680 1682 facta
2737 1636 2845 1683 est.
2889 1626 3044 1696 Quod
3083 1628 3250 1683 etiam
3312 1629 3367 1682 in
3416 1638 3601 1685 nostra
3646 1640 3850 1685 natura

2257 1719 2427 1788 quaeri
2453 1726 2663 1788 potest,
2692 1718 2951 1787 quoniam
2993 1716 3268 1773 credimus
3316 1718 3523 1773 nullum
3569 1719 3852 1774 hominem

2258 1824 2417 1881 posse
2458 1809 2661 1865 bonam
2696 1807 3033 1864 voluntatem
3070 1808 3296 1878 habere,
3330 1809 3434 1864 nisi
3480 1810 3648 1865 dante
3692 1810 3850 1874 Deo;

564 1893 680 1961 ⁸³η,
709 1900 839 1947 tunc
883 1887 1056 1956 magis
1085 1885 1300 1938 videam
1330 1882 1479 1937 velut
1519 1883 1585 1938 de
1614 1883 1887 1938 radicibus
1914 1882 2151 1937 succisa-
2183 1893 2227 1953 Β
2259 1898 2458 1956 malam
2484 1915 2614 1956 γει-ο
2640 1914 2855 1971 semper
2889 1898 3094 1956 habere
3119 1913 3303 1972 posse,
3333 1900 3448 1956 sola
3484 1901 3857 1972 pel-mission.

564 2004 688 2045 rum
718 1982 1081 2057 quaestionum
1108 1976 1241 2030 alias
1270 1974 1599 2045 pullulantes
1624 1989 1979 2045 consurgere.
2012 1973 2152 2028 Ecce

566 2078 715 2133 enim
764 2089 886 2129 cum
933 2065 1378 2125 manifestissime
1404 2065 1615 2118 videam
1647 2079 1961 2135 perversum
1992 2077 2149 2132 ange-

565 2166 682 2221 lum
727 2161 874 2218 nulla
908 2160 1117 2214 ratione
1148 2156 1407 2209 devenire
1436 2153 1678 2223 potuisse
1719 2153 1773 2207 in
1824 2153 2152 2206 immodera-

572 2270 684 2315 tam
715 2254 840 2309 boni
892 2251 1273 2322 indigentiam,
1324 2247 1425 2302 nisi
1470 2256 1694 2317 prepter
1742 2245 2155 2298 immoderatam

569 2344 1108 2417 concupiscentiam;
1176 2356 1283 2396 non
1349 2354 1543 2410 parum
1616 2351 1703 2393 me
1761 2345 1961 2400 movet,
2015 2334 2158 2390 unde

570 2440 743 2509 ipsam
773 2436 1135 2492 inordinatam
1169 2432 1359 2488 habuit
1381 2430 1737 2485 voluntatem.
1764 2427 1821 2482 Si
1844 2428 1989 2482 enim
2015 2428 2157 2482 bona

580 2531 719 2595 fuit,
755 2538 975 2598 propter
1000 2526 1198 2581 bonam
1241 2523 1590 2585 voluntatem,
1615 2522 1684 2577 de
1716 2528 1867 2575 tanto
1893 2521 2038 2576 bono
2066 2535 2159 2574 ce-

570 2624 706 2680 cidit
749 2623 804 2678 in
855 2629 1063 2676 tantum
1099 2618 1320 2672 malum.
1356 2616 1531 2671 Item:
1569 2613 1626 2668 Si
1674 2613 1814 2667 bona
1841 2611 1971 2677 fuit,
2018 2611 2160 2667 Deus

569 2714 719 2771 illam
766 2712 842 2768 illi
874 2712 1059 2776 dedit;
1092 2711 1217 2779 quia
1262 2710 1477 2764 nonnisi
1517 2705 1653 2762 nihil
1690 2706 1881 2760 habuit
1915 2719 1946 2759 a
1974 2719 2052 2759 se.
2100 2704 2159 2759 Si

546 2804 705 2877 ‘ergo
729 2804 902 2861 voluit
932 2803 1075 2874 quod
1109 2803 1251 2858 Deus
1293 2801 1440 2856 dedit
1492 2798 1664 2865 velle,
1712 2797 1839 2868 quid
1888 2795 2165 2867 peccavit?

573 2896 684 2952 Aut
728 2895 832 2950 sia
890 2909 949 2949 se
996 2894 1187 2949 habuit
1234 2893 1378 2947 hanc
1412 2889 1777 2955 voluntatem,
1826 2887 2016 2943 habuit
2063 2886 2165 2943 ali-

574 2986 718 3055 quod
746 2985 838 3018 ¹⁹’⁷
870 2985 1095 3050 bonum,
1131 2983 1273 3053 quod
1323 2998 1429 3036 non
1470 2980 1700 3050 accepit.
1743 2979 1896 3048 Quod
1923 2979 1968 3033 si
2021 2979 2162 3034 mala

574 3086 684 3144 est,
711 3086 766 3133 et
796 3076 999 3148 aliquid
1031 3085 1145 3142 est;
1193 3077 1390 3130 iterum
1440 3073 1683 3130 occurrit
1730 3073 1855 3143 quia
1883 3071 2098 3127 nonnisi
2131 3087 2164 3127 a

574 3168 689 3224 Deo
724 3175 828 3232 est,
864 3183 896 3221 a
941 3182 1053 3237 quo
1092 3173 1175 3220 est
1199 3180 1364 3219 omne
1412 3163 1556 3234 quod
1584 3161 1791 3232 aliquid
1835 3170 1919 3217 est
1950 3161 2063 3214 ω’.
2094 3158 2163 3216 Ει

546 3326 553 3331 _
579 3260 834 3318 similiter
858 3258 1032 3330 quaeri
1061 3265 1239 3329 potest
1267 3257 1395 3327 quid
1425 3255 1670 3328 peccavit
1699 3254 1950 3310 habendo
1972 3253 2162 3309 volun-

574 3362 742 3410 tatem
803 3366 965 3424 quam
996 3351 1139 3406 Deus
1164 3350 1339 3416 dedit;
1369 3357 1463 3403 aut
1505 3348 1779 3419 quomodo
1820 3347 1994 3417 potuit
2022 3346 2165 3402 Deus

574 3444 706 3500 dare
735 3443 931 3498 malam
968 3442 1324 3498 voluntatem.
1356 3439 1415 3495 Si
1463 3455 1594 3495 vero
1633 3439 1749 3498 haec
1780 3437 1923 3493 mala
1946 3438 2037 3472 m’
2067 3452 2163 3494 vo—

571 3533 759 3590 luntas
788 3533 856 3588 ab
886 3532 1004 3603 ipso
1054 3531 1268 3586 diabolo
1299 3530 1422 3594 fuit,
1452 3539 1507 3585 ει
1552 3529 1757 3599 aliquid
1805 3538 1924 3594 est,
1971 3528 2165 3583 habuit

574 3624 783 3695 aliquid
817 3640 847 3679 a
874 3638 957 3689 se,
994 3633 1051 3678 et
1082 3638 1187 3677 non
1235 3631 1319 3678 est
1347 3622 1524 3677 omnis
1552 3620 1788 3677 essentia
1848 3622 2011 3681 bona.
2064 3636 2163 3676 nec

547 3704 789 3773 'malum
848 3714 953 3768 erit
1000 3711 1160 3775 nihil,
1189 3713 1331 3766 sicut
1381 3710 1616 3767 solemus
1663 3709 2164 3778 dicere;siquidem

574 3805 732 3860 mala.
756 3804 1006 3859 voluntas
1036 3802 1269 3858 essentia
1310 3810 1421 3867 est;
1467 3809 1559 3855 aut
1613 3800 1660 3856 si
1705 3799 1847 3855 mala
1914 3800 2166 3857 voluntas

574 3895 713 3951 nihil
750 3903 855 3961 est,
892 3904 1114 3966 propter
1142 3893 1276 3948 nihil
1305 3902 1358 3948 et
1388 3893 1509 3948 ideo
1532 3893 1649 3949 sine
1675 3907 1860 3957 causa,
1906 3903 2014 3948 tam
2042 3910 2165 3963 gra-

578 3987 712 4043 viter
736 3987 1026 4043 damnatus
1068 3994 1168 4041 est.
1196 3984 1351 4054 Quod
1379 3995 1560 4041 autem
1604 3985 1726 4041 dico
1769 3985 1836 4041 de
1864 3986 2162 4054 voluntate,

575 4078 680 4137 hoc
721 4080 897 4152 ipsum
926 4080 1032 4135 dici
1080 4079 1175 4112 ¹⁹³⁰
1213 4087 1389 4150 potest
1437 4079 1505 4135 de
1549 4081 2015 4151 concupiscentia,
2050 4081 2164 4136 sive

583 4171 885 4238 desiderio,
908 4171 1163 4242 quoniam
1188 4180 1242 4227 et
1273 4172 1729 4242 concupiscentia,
1761 4182 1813 4227 et
1840 4173 2165 4227 desiderium

580 4263 836 4319 voluntas
869 4273 985 4317 est:
1012 4273 1067 4317 et
1085 4263 1224 4318 sicut
1252 4273 1337 4316 est
1367 4264 1506 4317 bona
1538 4272 1593 4316 et
1621 4261 1761 4316 mala
1793 4263 2067 4327 voluntas,
2093 4264 2166 4317 ita

580 4360 669 4408 est
710 4351 851 4407 bona
885 4350 978 4384 ¹⁹⁸¹
1005 4360 1061 4406 ει
1105 4349 1246 4406 mala
1287 4352 1752 4419 concupiscentia,
1794 4361 1850 4407 et
1881 4352 2080 4408 bonum
2114 4362 2169 4409 et

583 4441 787 4499 malum
821 4442 1174 4499 desiderium.
1228 4441 1383 4509 Quod
1427 4443 1471 4498 si
1510 4443 1709 4497 dicitur
1748 4445 1878 4514 quia
1920 4444 2168 4502 voluntas

580 4544 667 4591 est
699 4533 880 4606 aliqua
915 4533 1176 4598 essentia,
1207 4543 1262 4587 et
1295 4532 1419 4588 ideo
1456 4534 1786 4589 bonum.est
1811 4528 2043 4604 aliquid;
2074 4538 2168 4595 sed

583 4638 848 4681 conversa
877 4624 948 4680 ad
994 4625 1122 4692 hoc,
1151 4626 1294 4694 quod
1337 4624 1497 4681 debet
1543 4624 1701 4693 velle,
1732 4625 1793 4681 ιιι
1815 4625 1954 4683 bona
1979 4629 2170 4685 volun-

585 4723 706 4778 tas;
755 4714 825 4770 ad
856 4715 912 4772 id
951 4729 1101 4783 vero,
1142 4716 1285 4787 quod
1314 4731 1418 4770 non
1445 4715 1626 4783 debet,
1657 4732 1944 4785 conversa,
1970 4720 2170 4777 dicitur

582 4807 836 4867 voluntas
883 4808 1069 4866 mala:
1104 4810 1366 4881 quidquid
1395 4811 1504 4866 dixi
1554 4811 1620 4867 dc
1666 4811 1967 4880 voluntate,
2010 4815 2170 4870 video

582 4916 744 4974 posse
763 4902 869 4961 dici
891 4902 958 4961 de
982 4903 1097 4974 ipsa
1117 4904 1470 4959 conversione
1493 4904 1805 4962 voluntatis.
1825 4906 2002 4964 Movet
2024 4910 2170 4964 enim

2259 1993 2376 2049 Dei.

2850 2101 3079 2159 CAPUT
3117 2100 3252 2159 Vlll.

2265 2238 2501 2307 Quaestio
2523 2242 2791 2309 proposita
2833 2241 3128 2296 resolvitur.
3180 2238 3624 2305 Quod'roluntas,
3654 2250 3703 2293 et
3738 2238 3863 2309 ejus

2513 2312 2782 2364 conversio
2804 2328 2907 2365 non
2930 2313 2997 2365 sit
3027 2313 3197 2382 ipsum
3225 2311 3313 2341 ³³³⁷
3341 2309 3562 2362 malum.

2336 2440 2475 2498 llic.
2511 2440 2621 2498 Nec
2650 2441 3008 2509 voluntatem,
3050 2458 3153 2499 nec
3199 2442 3496 2497 voluntatis
3532 2440 3863 2497 conversio-

2265 2550 2389 2589 nem
2420 2543 2550 2604 puto
2577 2537 2764 2605 negari
2815 2552 2974 2607 posse
3012 2534 3216 2604 aliquid
3254 2549 3397 2589 esse.
3430 2533 3567 2589 Nam
3594 2535 3697 2590 etsi
3742 2550 3864 2589 non

2242 2634 2391 2695 _sunt
2414 2624 2751 2694 substantiae,
2784 2643 2893 2683 non
2924 2637 3107 2681 tamen
3152 2625 3377 2695 probari
3423 2634 3599 2695 potest
3624 2640 3721 2680 eas
3745 2641 3867 2681 non

2266 2735 2387 2775 esse
2428 2721 2727 2785 essentias,
2758 2718 3015 2789 quoniam
3049 2718 3229 2794 multae
3270 2726 3396 2772 sunt
3434 2717 3688 2771 essentia:
3719 2732 3872 2787 pne~

2267 2821 2351 2868 ter
2392 2812 2564 2876 illam,
2596 2826 2717 2882 qua:
2763 2810 2980 2880 proprie
3023 2809 3222 2863 dicitur
3260 2808 3584 2862 substantia.
3613 2807 3872 2879 Denique

2267 2902 2410 2959 bona
2442 2901 2697 2957 voluntas
2749 2915 2857 2954 non
2911 2898 3085 2970 magis
3129 2896 3223 2929 ⁸³³⁸
3263 2896 3637 2971 estaliquid,
3691 2912 3870 2964 quam

2267 2991 2410 3047 mala
2445 2991 2725 3056 voluntas;
2751 3004 2850 3045 nec
2885 2998 2971 3044 εει
2999 2990 3101 3043 ista
3130 2986 3302 3056 magis
3332 2985 3532 3041 tnalum
3564 3001 3732 3057 quam
3768 2986 3871 3042 illa

2267 3085 2493 3141 bonum.
2535 3082 2651 3138 Non
2674 3084 2826 3138 enim
2868 3082 3041 3153 magis
3084 3091 3168 3137 est
3197 3080 3402 3150 aliquid
3428 3080 3703 3144 voluntas,
3738 3096 3876 3151 quae

2269 3173 2381 3228 vult
2417 3176 2548 3229 dare
2576 3172 3026 3237 misericorditer,
3054 3186 3217 3240 quam
3248 3170 3337 3223 illa
3364 3184 3486 3239 qua:
3517 3169 3631 3223 vult
3662 3185 3876 3239 rapere

2267 3265 2579 3331 violenter;
2613 3279 2714 3319 nec
2742 3263 2914 3333 magis
2954 3263 3069 3317 lucc
3096 3262 3302 3316 malum
3333 3275 3497 3331 quam
3536 3260 3623 3314 illa
3651 3260 3875 3319 bonum

2268 3367 2370 3413 est.
2400 3357 2540 3428 Ergo
2559 3358 2605 3410 si
2631 3356 2771 3411 mala
2810 3355 3058 3410 voluntas
3098 3364 3182 3409 est
3220 3354 3394 3424 ipsum
3445 3351 3673 3420 malum,
3711 3354 3879 3424 quod

2267 3449 2444 3504 malus
2478 3449 2676 3519 aliquis
2707 3448 2904 3503 dicitur
2924 3487 2941 3512 ,
2984 3448 3090 3501 erit
3143 3456 3199 3501 et
3230 3445 3367 3500 bona
3401 3444 3652 3501 voluntas
3683 3445 3880 3515 ipsum

2269 3541 2499 3609 bonum,
2537 3557 2645 3611 quo
2699 3541 2757 3594 lit
2804 3539 3002 3611 aliquis
3030 3539 3247 3594 bonus:
3280 3539 3375 3593 scd
3418 3539 3557 3593 mala
3610 3538 3882 3596 voluntas

2270 3635 2374 3688 erit
2416 3632 2570 3698 nihil,
2606 3632 2651 3687 si
2671 3639 2755 3686 est
2784 3632 2958 3701 ipsum
2991 3629 3195 3684 malum
3233 3629 3377 3699 quod
3423 3628 3702 3684 credimus
3736 3643 3880 3683 esse

2270 3726 2426 3781 nihil.
2459 3725 2605 3779 Bona
2636 3724 2800 3793 igitur
2826 3723 3076 3777 voluntas
3120 3722 3251 3777 nihil
3281 3722 3385 3776 erit
3408 3761 3424 3784 ,
3460 3720 3718 3790 quoniam
3752 3720 3880 3791 ipsa

2271 3833 2376 3870 non
2409 3818 2581 3884 magis
2610 3825 2693 3869 est
2734 3814 2958 3884 aliquid,
2990 3828 3151 3883 quam
3197 3811 3335 3866 mala
3370 3811 3638 3865 voluntas.
3675 3809 3882 3877 Quare

2270 3907 2443 3976 ipsum
2474 3907 2674 3959 bonum
2705 3902 2849 3974 quod
2884 3904 3054 3957 honos
3081 3901 3212 3957 facit
3258 3918 3364 3955 non
3413 3899 3718 3970 poterimus
3770 3917 3882 3953 ne-

2270 4013 2401 4068 gare
2440 3996 2575 4051 nihil
2602 4011 2754 4059 esse,
2788 3995 3041 4064 quoniam
3090 3994 3262 4064 ipsum
3296 4003 3378 4048 est
3417 3995 3556 4047 bona
3606 3991 3887 4047 voluntas

2270 4107 2391 4162 qua:
2417 4089 2551 4145 nihil
2579 4091 2704 4143 erit.
2739 4087 2847 4143 Sed
2877 4087 3072 4142 falsum
3104 4103 3224 4142 esse
3256 4088 3438 4142 nullus
3482 4085 3735 4156 ambigit,
3770 4085 3885 4139 bo-

2271 4198 2396 4238 nam
2418 4180 2754 4236 voluntatem
2782 4179 2896 4233 sive
2918 4179 3117 4233 bonum
3142 4178 3316 4247 ipsum
3343 4191 3464 4232 esse
3488 4174 3645 4229 nihil.
3673 4174 3883 4244 itaque

2271 4273 2412 4328 mala
2444 4271 2694 4325 voluntas
2746 4285 2852 4324 non
2892 4279 2977 4325 est
3025 4269 3204 4339 ipsum
3243 4267 3443 4323 malum
3499 4266 3642 4338 quod
3692 4268 3888 4323 malos

2273 4361 2429 4429 facit;
2474 4362 2614 4416 sicut
2664 4375 2765 4416 nec
2817 4361 2956 4415 bona
3007 4358 3258 4416 voluntas
3288 4368 3376 4415 est
3430 4359 3606 4428 ipsum
3654 4357 3883 4413 bonum

2273 4455 2417 4524 quod
2458 4455 2632 4510 bonos
2663 4452 2812 4508 facit.
2861 4451 2975 4507 lloc
3010 4453 3207 4522 ipsum,
3254 4452 3400 4523 quod
3433 4451 3546 4508 dixi
3573 4450 3642 4506 de
3669 4450 3888 4505 volun-

2276 4554 2402 4609 tate,
2442 4553 2620 4616 potest
2672 4546 2835 4598 etiam
2878 4544 3214 4599 considerari
3266 4543 3357 4578 ⁸³⁸³
3405 4544 3462 4598 in
3505 4544 3897 4599 conversione

2272 4636 2593 4690 voluntatis.
2630 4634 2745 4690 Non
2788 4635 2933 4690 enim
2964 4636 3135 4705 magis
3181 4644 3261 4691 est
3294 4635 3521 4706 aliquid
3574 4635 3896 4689 conversio

2275 4727 2365 4783 illa
2389 4742 2510 4796 quae
2534 4726 2807 4783 convertit
2830 4726 3162 4782 voluntatem
3206 4730 3273 4783 de
3298 4727 3488 4797 rapina
3526 4725 3594 4780 ad
3623 4725 3893 4781 tribuen-

2276 4820 2430 4886 dum,
2458 4834 2622 4891 quam
2668 4828 2753 4873 est
2800 4819 2887 4873 illa
2914 4833 3034 4888 qua:
3077 4820 3170 4852 ‘9“
3198 4818 3468 4875 convertit
3493 4818 3749 4875 eamdem
3782 4834 3893 4874 vo-

2281 4912 2547 4968 luntatem
2585 4909 2654 4967 de
2680 4911 2933 4982 largitate
2961 4911 3029 4966 ad
3053 4912 3372 4979 avaritiam;
3410 4920 3468 4968 et
3503 4920 3725 4977 caetera,
3755 4927 3899 4983 qua

1869 5062 2098 5118 VARUE
2134 5061 2534 5119 LECTIONES.

658 5202 752 5272 "’3
773 5199 1016 5272 Volendo
1039 5201 1115 5256 sic
1138 5201 1482 5270 perfecerunt
1521 5219 1644 5256 mss.
1677 5202 1908 5257 nolendo
1946 5203 2025 5257 sic
2062 5200 2408 5272 profecerunt
2460 5200 2569 5272 Α¹⁹¹⁸
2592 5198 2786 5256 investi

584 5290 686 5329 ms.
716 5270 904 5328 (Σίδην.
945 5271 1043 5326 hoc
1073 5283 1227 5341 caput
1268 5273 1447 5341 incipit
1475 5274 1537 5327 ub
1564 5274 1643 5326 his
1675 5274 1838 5326 verbis
1868 5286 1886 5324 :
1923 5273 2029 5326 Sed
2061 5270 2243 5326 ncSt-io
2269 5271 2396 5339 quid
2427 5270 2518 5337 sit,
2564 5281 2670 5326 etc.

852 5341 947 5373 ""
972 5340 1093 5397 Jam
1125 5340 1427 5414 pertingere
1451 5361 1545 5414 rus.
1572 5341 1756 5397 Cister.
1783 5344 1952 5396 omitt.
1979 5341 2097 5396 lam

555 5408 562 5415 ρ
585 5358 756 5468 iter;

2793 5214 2946 5273 gasse
2973 5218 3072 5254 ms.
3110 5199 3244 5255 Vict.
3280 5200 3621 5273 ilivcﬁligarg
3680 5201 3784 5233 um
3820 5201 3901 5258 ι,

2750 5271 2843 5303 ¹¹⁹²³
2873 5270 2955 5326 hic
2986 5287 3197 5341 sperem
3230 5288 3354 5326 mss.
3398 5270 3531 5326 Vict.
3561 5270 3761 5327 ϐῖκον.
3799 5290 3905 5330 me

2205 5341 2294 5373 “’7
2326 5341 2523 5395 Habuit
2548 5358 2577 5395 a
2605 5356 2663 5395 se
2691 5341 2903 5409 aliquod
2939 5359 3063 5394 mss.
3099 5341 3237 5396 Vict.
3266 5353 3312 5395 et
3339 5342 3522 5397 δέδιεν.
3552 5345 3731 5396 omilt.
3765 5359 3802 5398 a
3828 5362 3901 5401 se

822 5427 891 5467 uo
912 5427 1075 5482 omne
1098 5411 1240 5481 quod
1269 5411 1385 5479 est,
1418 5413 1621 5482 aliquid
1651 5422 1734 5482 est
1761 5430 1890 5468 mas.
1923 5427 2090 5482 aquo
2120 5420 2204 5467 est
2231 5428 2391 5466 omne
2421 5411 2561 5480 quod
2592 5411 2794 5480 aliquid
2825 5422 2908 5467 est
2980 5412 3071 5443 ‘9”
3099 5411 3157 5467 Si
3190 5428 3322 5468 vero
3348 5413 3487 5482 mala
3515 5429 3638 5467 mss.
3669 5414 3717 5468 si
3748 5429 3904 5471 vero

554 5482 704 5553 ,htec
718 5481 881 5553 mala
939 5482 1030 5517 "3°
1064 5481 1175 5538 lloc
1200 5483 1340 5539 idem
1364 5484 1465 5538 dici
1497 5481 1620 5553 ωε..
1647 5481 1832 5537 Cister.
1863 5494 1908 5537 et
1940 5481 2074 5537 Vict.
2100 5483 2204 5538 hoc
2229 5482 2401 5550 ipsum
2434 5483 2536 5537 dici
2613 5482 2700 5514 ¹⁹³¹
2724 5482 2800 5537 lla
2831 5491 2988 5539 estet
3017 5482 3154 5536 bona
3185 5500 3312 5539 mu.
3355 5481 3486 5538 Vict.
3521 5484 3593 5553 ita
3619 5494 3707 5537 est
3733 5485 3902 5541 bona

588 5553 682 5622 ’ν’
706 5552 783 5608 De
800 5552 1073 5608 voluntate
1123 5554 1280 5610 modo
1303 5555 1411 5613 dixi
1439 5572 1534 5609 ms.
1572 5552 1699 5607 Vict.
1736 5555 1799 5607 l5
1853 5555 1921 5607 de
1968 5553 2260 5607 voluntatis
2300 5553 2652 5609 conversione
2682 5554 2841 5609 modo
2870 5554 2979 5609 dixi
3076 5553 3169 5586 ’⁸³³
3195 5552 3485 5610 Estadhuc
3513 5552 3722 5622 alquid
3748 5573 3897 5612 mss.

560 5688 565 5693 ο
598 5621 727 5679 Vict.
764 5622 909 5678 Gem.
943 5623 1065 5688 Bac.
1102 5624 1194 5680 Est
1228 5626 1405 5682 adhuc
1434 5624 1573 5681 aliud
1653 5624 1742 5656 ³³³³
1775 5623 1951 5679 Ρυεείι
1991 5634 2311 5695 convertere
2333 5639 2493 5695 mss;
2516 5634 2698 5695 posset
2737 5634 3053 5695 convertere
3122 5625 3213 5656 ¹⁰³⁸
3239 5624 3375 5680 Cum
3398 5621 3906 5695 intagis’videatnr

558 5691 563 5769 ς
586 5711 713 5769 mss.
745 5710 866 5769 etuti
891 5696 1059 5769 multo
1088 5696 1256 5769 magis
1281 5698 1525 5751 videatur
1598 5696 1688 5727 ¹⁹³⁶
1709 5697 1788 5769 Ad
1813 5695 1956 5765 quod
1983 5694 2121 5769 facta
2149 5702 2253 5749 est.
2278 5694 2406 5769 edit.
2426 5691 2635 5769 _Vénet.
2662 5694 2775 5749 Col.
2798 5704 2845 5748 et
2868 5692 3114 5769 Gothica,
3132 5696 3200 5749 ad
3223 5695 3364 5769 quod
3390 5691 3534 5750 facta
3573 5705 3704 5750 sunt
3794 5696 3902 5769 "f’

589 5766 881 5840 igniversio
905 5766 994 5829 sit,
1028 5782 1133 5840 non
1164 5763 1337 5840 ipsum
1365 5782 1489 5818 mss.
1520 5766 1804 5840 conversio
1831 5763 1947 5819 non.
1962 5766 2032 5840 sit
2054 5764 2229 5840 ipsum
2263 5763 2569 5840 Δ-ξῗυζΒοιιιι
2593 5780 2707 5840 non
2740 5766 2912 5833 magis
2943 5763 3254 5820 mu.'bona‘
3273 5764 3519 5840 voluntas
3552 5781 3661 5821 non
3701 5765 3907 5840 magi.

504 5894 509 5897 Α
591 5836 682 5869 λυθ
708 5836 893 5898 Potest
919 5835 1253 5893 considerari
1281 5851 1404 5891 mss.
1434 5843 1613 5906 potest
1650 5835 1814 5890 etiam
1849 5836 2183 5892 considerari

2259 5835 2350 5868 *9“
2382 5833 2552 5901 Quam
2592 5834 2677 5889 illa
2704 5850 2823 5904 qua:
2855 5851 2981 5890 mss.
3010 5852 3174 5908 quam
3200 5846 3284 5893 est
3311 5833 3397 5892 illa
3428 5852 3547 5907 quae
