4050 6294
210 300 299 358 337
1329 284 1601 346 DIALOG.
1641 285 1731 342 DE
1770 283 1951 342 CASU
1987 282 2268 341 DlABOLL

3345 282 3469 357 35$.

210 418 268 472 de
293 410 558 467 voluntate
581 404 741 478 paulo
764 412 890 460 ante
909 402 1040 459 dixi.
1071 403 1215 461 Disc.
1250 402 1381 459 Mihi
1407 418 1629 475 quoque
1663 403 1768 457 hoc
1795 403 1844 464 Α
1875 398 2009 455 nihil
2036 417 2050 457 :
2081 399 2229 467 licet,
2276 398 2523 475 inquam,
2569 380 2651 458 sic
2696 410 2791 456 aut
2841 397 2951 456 alio
2990 399 3153 456 modo
3180 398 3479 471 probetur

213 506 366 575 lpsum
402 497 622 553 videtur
673 494 767 529 ινδί
804 495 946 565 quod
990 494 1194 550 asseris
1237 493 1353 547 ηδ’.
1393 492 1536 550 Msa.
1593 492 1779 563 Neque

210 608 324 666 ergo
365 589 618 645 voluntas
660 586 823 651 mala,
874 602 1052 657 neque
1095 602 1259 657 prava
1308 586 1608 642 voluntatis
1642 601 1778 641 con-

212 684 390 747 versio,
434 691 525 737 est
576 682 751 751 ipsum
801 679 1025 745 malum,
1083 694 1188 749 quo
1220 678 1441 750 angelus
1488 677 1573 732 vel
1616 679 1779 733 homo

215 777 263 832 tit
288 775 478 837 malus,
525 780 582 826 et
635 771 778 840 quod
808 770 942 825 nihil
994 786 1114 826 esse
1165 771 1605 826 dicimusznunc
1638 770 1779 825 bona

213 866 440 921 voluntas
469 871 566 917 aut
597 852 1066 917 bona'voluntatis
1099 861 1192 894 ηδ’
1227 862 1510 919 conversio
1559 870 1643 933 est
1684 862 1781 918 bo-

214 973 322 1013 num
345 970 456 1027 quo
481 954 607 1011 boui
633 951 791 1033 ﬁunt,

814 1063 1045 1122 CAPUT
1071 1065 1164 1121 ιχ.
1228 1050 1232 1054 ’

303 1178 453 1247 Ωιιοὰ
480 1178 742 1251 injustitia
789 1179 857 1232 sit
884 1178 1055 1249 ipsum
1094 1179 1315 1245 malum,
1344 1188 1392 1233 et
1412 1180 1490 1234 ait
1522 1178 1670 1234 nihil.

274 1294 409 1351 Oisc.
438 1291 582 1359 Quid
609 1306 745 1359 ergo
774 1290 1019 1346 dicemus
1047 1291 1221 1361 ipsum
1252 1292 1459 1346 malum
1489 1292 1631 1360 quod
1667 1306 1781 1345 ma-

214 1384 283 1438 lus
308 1382 468 1438 facit:
501 1389 559 1436 et
596 1382 728 1450 quid
760 1382 936 1452 ipsum
975 1382 1177 1437 bonum
1222 1382 1367 1452 quod
1401 1382 1572 1438 bonos
1618 1381 1781 1436 facit?

216 1478 333 1533 huc.
360 1476 644 1532 Justitiam
672 1477 902 1532 credere
932 1476 1191 1531 debemus
1230 1490 1353 1531 esse
1377 1475 1551 1546 ipsum
1579 1476 1778 1530 bonam

213 1584 307 1639 quo
330 1578 462 1633 sunt
506 1568 634 1623 boni
682 1568 796 1631 ωδ,
834 1568 886 1622 id
912 1576 996 1622 est
1019 1565 1174 1636 justi,
1200 1576 1257 1621 et
1282 1564 1484 1638 angeli,
1515 1574 1569 1620 et
1600 1565 1781 1621 homi-

216 1675 320 1735 nes;
346 1669 399 1713 et
444 1673 555 1728 quo
583 1659 700 1728 ipsa
734 1657 989 1713 voluntas
1039 1659 1177 1713 bona
1209 1658 1324 1712 sive
1366 1658 1515 1728 justa
1544 1657 1777 1724 dicitur,

215 1751 518 1818 iujustitiam
573 1764 705 1806 vero
731 1751 907 1820 ipsum
946 1749 1148 1805 malum
1178 1763 1301 1805 esse
1330 1747 1443 1814 ηδ’,
1472 1748 1616 1818 quod
1641 1746 1780 1802 nihil
1814 1746 1856 1805 Β
1886 1746 2013 1837 ms"
2073 1746 2333 1841 pauenjia

212 1843 335 1896 aliud
363 1841 604 1898 dicimus
655 1856 776 1897 esse
805 1856 968 1910 quam
1018 1840 1145 1895 boni
1190 1839 1579 1910 privationem,
1632 1839 1779 1908 quod

1883 493 2017 548 nihil
2047 510 2167 549 esse
2191 495 2388 552 malum
2417 516 2432 564 ;
2468 513 2573 552 non
2608 505 2787 567 potest
2808 495 3022 550 animus
3051 508 3205 550 meus
3234 491 3327 527 “"’
3356 494 3474 549 nisi-

1883 584 1996 640 sola
2040 585 2143 640 title
2170 588 2549 657 acquiescere;
2599 588 2643 642 si
2677 602 2782 641 non
2836 586 2967 640 illud
2998 584 3130 639 mihi
3159 584 3461 647 auferatur,

1881 676 2025 746 quod
2083 677 2215 731 mihi
2247 671 2471 733 econtra
2518 684 2714 748 prohat
2746 678 2838 711 ¹⁹⁸⁰
2867 677 3069 732 malum
3114 675 3330 732 nonnisi
3369 676 3465 730 ali-

1883 770 2012 841 quid
2046 785 2187 826 esse.
2239 771 2377 826 Nam
2411 788 2536 828 cum
2569 772 2790 827 auditur
2837 785 3036 825 nomen
3081 767 3232 834 mali,
3263 766 3468 822 frustra

1884 863 2110 917 horrent
2138 863 2303 918 corda
2336 874 2520 918 nostra
2564 864 2707 934 quod
2737 864 2789 917 iu
2837 860 2996 930 hujus
3032 858 3273 916 nominis
3299 856 3465 928 signi-

1884 953 2143 1011 ﬁcatione
2196 952 2524 1025 intelligunt,
2575 955 2619 1010 si
2667 952 2802 1009 nihil
2849 953 3188 1022 signiﬁcatur
3239 949 3476 1007 hoc""‘

1883 1046 2121 1101 nomine.
2144 1046 2277 1103 Item
2314 1065 2327 1102 :
2378 1046 2436 1102 Si
2470 1062 2580 1102 vox
2609 1047 2748 1110 hanc,
2777 1045 2984 1100 scilicet
3016 1044 3108 1078 ¹⁹⁸¹
3137 1044 3336 1099 malum
3362 1056 3464 1097 no-

1883 1151 2005 1190 men
2039 1146 2152 1202 est;
2185 1136 2375 1207 utique
2422 1135 2852 1208 signiﬁcativum
2916 1133 3008 1169 ‘9"
3039 1143 3140 1190 est.
3189 1132 3247 1188 Si
3285 1140 3482 1187 autem.

1883 1227 2298 1299 signiﬁcativum
2357 1229 2447 1262 "“
2476 1238 2580 1292 est,
2620 1227 2919 1299 signiﬁcat;
2953 1225 3072 1291 sed,
3117 1224 3332 1282 nonnisi
3362 1222 3467 1279 ali-

1882 1317 2011 1388 quid
2060 1317 2354 1387 signiﬁcat.
2397 1318 2679 1386 Quomodo
2723 1331 2853 1387 ergo
2885 1314 3084 1369 malum
3110 1322 3195 1369 est
3223 1312 3389 1378 nihil;
3419 1311 3469 1369 si

1883 1409 2026 1479 quod
2057 1409 2327 1480 signiﬁcat
2376 1425 2571 1465 nomen
2617 1408 2733 1481 ejus
2762 1404 2881 1474 ‘9”,
2910 1404 3260 1476 estaliquid?
3309 1403 3471 1458 Deni-

1883 1513 2010 1568 que,
2067 1513 2189 1553 cum
2228 1508 2483 1554 manente
2510 1498 2747 1568 justitia,
2802 1505 2958 1551 tanta
3005 1495 3259 1550 videatur
3317 1501 3473 1547 tran-

1883 1590 2149 1660 quillitas,
2175 1599 2324 1645 tanta
2355 1590 2508 1660 quies
2556 1598 2616 1644 ut
2642 1589 2697 1644 in
2728 1588 2911 1644 multis
2953 1586 3089 1643 nihil
3117 1586 3263 1641 aliud
3291 1584 3474 1640 videa-

1888 1692 1975 1735 tur
1997 1681 2209 1752 justitia
2247 1696 2409 1751 quam
2437 1680 2720 1752 quiescere
2751 1695 2779 1734 a
2812 1679 2989 1746 malo;
3025 1678 3166 1733 sicut
3193 1684 3277 1732 est
3305 1675 3473 1732 casti-

2379 1788 2395 1824 :
2444 1770 2735 1826 recedente
2807 1779 2989 1824 autem
3042 1768 3293 1839 justitia,
3359 1772 3471 1819 tam

1884 1860 2153 1927 diversus,
2188 1846 2298 1916 tam
2344 1860 2647 1915 laboriosus
2673 1870 2890 1932 tamque
2926 1858 3210 1930 multiplex
3237 1865 3472 1927 occupet

215 1934 359 1989 malos
374 1943 437 1989 et
473 1933 674 1989 malam
713 1933 1041 1989 voluntatem
1063 1933 1196 1989 facit
1224 1950 1240 1989 :
1270 1942 1326 1989 et
1369 1934 1489 1989 ideo
1529 1934 1778 1989 eamdem

216 2023 518 2093 iujustitiam
550 2038 657 2079 non
680 2023 826 2079 aliud
848 2038 971 2079 esse
1002 2024 1302 2080 asserimus
1332 2038 1496 2094 quam
1522 2024 1782 2095 privatio-

214 2130 317 2169 nem
367 2113 672 2184 injustitim.
728 2114 980 2183 Quandiu
1038 2116 1184 2171 enim
1237 2116 1489 2172 voluntas
1540 2115 1778 2187 primum

212 2206 319 2261 data
346 2206 602 2269 rationali
656 2215 974 2271 naturaet
1003 2206 1168 2262 simul
1198 2207 1250 2261 in
1296 2207 1413 2277 ipéa
1464 2207 1689 2262 datione
1710 2206 1781 2261 ab

213 2296 313 2365 ipso
338 2296 534 2351 datore
558 2310 850 2361 conversa,
887 2299 998 2353 imo
1022 2312 1130 2353 non
1159 2311 1447 2363 conversa,
1491 2297 1585 2354 sed
1638 2297 1781 2353 facta

213 2396 336 2443 recta
357 2391 425 2443 ad
452 2389 557 2446 hoc
585 2389 729 2459 quod
754 2389 893 2444 velle
920 2388 1149 2457 debuit,
1190 2389 1343 2445 stetit
1374 2389 1431 2444 in
1458 2388 1575 2459 ipsa
1614 2387 1781 2444 recti-

215 2482 399 2547 tudine,
422 2498 593 2554 quam
615 2482 850 2538 dicimus
877 2482 1165 2540 veritatem
1197 2483 1313 2539 sive
1345 2481 1696 2552 injustitiam,
1724 2481 1781 2537 in

211 2588 301 2642 qua
343 2574 490 2631 facta
531 2575 815 2644 est,‘justa
843 2575 939 2608 "“
967 2573 1090 2630 fuit.
1117 2574 1255 2631 Cum
1307 2589 1440 2630 vero
1491 2574 1690 2629 avertit
1723 2587 1784 2631 se

209 2662 270 2716 ab
300 2664 536 2733 ecquod
570 2664 781 2732 debuit,
832 2673 886 2719 et
913 2667 1184 2720 convertit
1232 2680 1292 2720 se
1319 2664 1388 2720 ad
1430 2664 1485 2720 id
1511 2663 1606 2698 ⁸³⁵⁷
1637 2664 1784 2733 quod

208 2767 301 2806 non
326 2753 533 2819 debuit,
576 2769 684 2809 non
729 2756 879 2809 stetit
931 2755 988 2810 in
1028 2755 1280 2826 originali
1328 2756 1410 2824 (ut
1453 2755 1528 2810 ita
1577 2753 1784 2824 dicam)

209 2844 539 2909 rectitudine,
578 2844 630 2899 in
660 2861 765 2916 qua
796 2845 940 2901 facta
969 2848 1090 2902 est?
1134 2846 1311 2914 Quam
1352 2860 1476 2902 cum
1518 2846 1779 2911 deseruit,

207 2947 449 3004 magnum
479 2934 684 3004 aliquid
714 2936 982 3006 perdidit;
1021 2945 1075 2992 et
1104 2937 1239 2991 nihil
1280 2953 1382 3006 pro
1407 2952 1494 2999 ea,
1530 2937 1633 2991 nisi
1663 2935 1778 3006 pri-

207 3024 463 3079 vellentem
514 3024 655 3094 ejus,
697 3040 819 3095 qua:
873 3026 1074 3080 nullam
1125 3025 1292 3081 habet
1344 3028 1668 3093 essentiam,
1722 3030 1778 3083 et

205 3125 353 3182 quam
383 3115 713 3186 injustitiam
739 3117 1114 3183 nominamus,
1143 3119 1406 3189 suscepit.
1586 3128 1589 3129 '

734 3230 846 3302 es
871 3228 1104 3287 CAPUT
1142 3230 1210 3285 x.

388 3341 668 3408 Quomodo
696 3342 895 3396 malum
939 3341 1182 3397 videatur
1209 3359 1320 3398 esse
1351 3342 1576 3415 aliquid.

264 3431 408 3488 Disc.
441 3434 598 3501 Quod
642 3434 778 3489 dicis
817 3433 1020 3489 malum
1076 3450 1198 3491 esse
1241 3436 1603 3508 privationem
1632 3434 1779 3502 boni,

201 3526 466 3592 concedo;
526 3526 622 3581 sed
666 3524 1018 3582 nihilominus
1051 3529 1209 3583 video
1268 3529 1469 3584 bonum
1522 3527 1784 3597 privatio-

205 3628 316 3667 nem
348 3631 474 3671 esse
506 3615 653 3670 mali.
680 3617 769 3683 Et,
793 3616 936 3673 sicut
962 3618 1204 3688 percipio
1231 3618 1284 3672 in
1315 3619 1621 3688 privatione
1651 3618 1783 3675 mali

201 3706 395 3775 aliquid
437 3706 588 3763 aliud
622 3706 768 3772 ﬁeri,
819 3708 962 3779 quod
992 3708 1191 3765 bonum
1234 3708 1503 3776 dicimus,
1543 3710 1618 3765 ita
1667 3710 1785 3766 ani-

201 3801 486 3856 madverto
537 3799 594 3854 in
648 3800 955 3868 privatione
991 3800 1119 3855 boui
1173 3799 1379 3871 aliquid
1437 3801 1583 3857 aliud
1639 3800 1781 3869 ﬁeri,

198 3889 334 3955 quod
361 3889 571 3945 malum
603 3889 951 3945 nominamus
983 3888 1097 3945 "“.
1128 3890 1473 3962 Quapropter
1501 3890 1629 3947 licet
1655 3892 1781 3963 qui-

196 3977 419 4036 busdam
469 3983 811 4053 argumentis
875 3983 1075 4038 malum
1131 3983 1266 4039 nihil
1320 4000 1440 4040 esse
1489 3985 1777 4057 probetur;

194 4072 449 4140 quoniam
493 4073 694 4129 malum
733 4074 947 4130 nonnisi
1001 4074 1194 4130 vitium
1227 4083 1322 4130 aut
1370 4078 1649 4147 corruptio
1676 4085 1783 4145 est,

193 4176 308 4231 qua:
350 4164 503 4219 nullo
540 4166 701 4221 modo
759 4174 886 4220 sunt
940 4165 1047 4221 nisi
1104 4166 1158 4221 in
1199 4166 1381 4237 aliqua
1426 4169 1686 4234 essentia,
1726 4177 1785 4223 et

190 4262 395 4323 quanto
427 4255 607 4327 magis
644 4255 721 4310 ibi
772 4264 918 4324 sunt,
950 4265 1099 4312 tanto
1136 4259 1308 4330 magis
1338 4258 1483 4314 illam
1532 4260 1784 4332 redigunt

192 4344 243 4396 in
272 4345 543 4413 nihilum;
591 4355 647 4401 et
695 4348 738 4403 si
771 4348 958 4403 eadem
1009 4351 1244 4405 essentia
1279 4352 1501 4406 omnino
1530 4352 1781 4410 deveniat

188 4436 253 4491 ad
282 4437 447 4505 nihil,
497 4438 693 4495 vitium
743 4455 961 4511 quoque
1013 4451 1069 4495 et
1108 4443 1383 4513 corruptio
1431 4442 1783 4500 inveniuntur

1889 1956 2135 2010 animum
2188 1955 2282 1990 ⁸⁸⁸⁸
2312 1955 2558 2019 aﬂ‘ectus,
2608 1954 2701 2023 qui
2748 1953 2896 2008 velut
2924 1951 3160 2008 crudelis
3208 1950 3477 2006 Dominus

1884 2049 2142 2103 miserum
2171 2049 2558 2104 homunculum
2590 2055 2751 2117 cogat
2779 2055 2858 2101 tot
2884 2044 3120 2115 turpium
3147 2052 3206 2100 et
3234 2042 3473 2100 laborio-

1885 2155 2072 2196 sorum
2125 2156 2351 2211 operum
2403 2155 2534 2197 cura
2584 2140 2880 2195 sollicitum
2933 2137 3026 2170 ¹¹³⁶⁷
3056 2152 3197 2203 esse,
3235 2145 3291 2192 et
3339 2134 3473 2207 ipsis

1881 2229 2139 2301 operibus
2170 2240 2279 2285 tam
2305 2230 2546 2302 graviter
2592 2229 2844 2285 laborare
2870 2246 2883 2281 :
2919 2227 3114 2283 mirum
3144 2235 3248 2295 est,
3279 2226 3325 2282 si
3368 2239 3470 2297 po-

1883 2323 2013 2379 terit
2040 2323 2257 2380 ostendi
2292 2322 2426 2378 nihil
2458 2325 2574 2378 haec
2594 2322 2780 2377 omnia
2810 2320 3048 2392 operari.

2391 2456 2620 2513 CAPUT
2650 2456 2719 2512 x1
2750 2454 2848 2528 [aL
2878 2454 2974 2529 x1.

1888 2590 2044 2658 Quod
2086 2587 2286 2645 malum
2339 2599 2387 2644 et
2418 2588 2549 2643 nihil
2600 2605 2703 2642 non
2736 2589 2935 2658 possint
2967 2602 3289 2658 pernomen
3318 2602 3475 2642 suum

2108 2659 2322 2727 probari
2350 2659 2551 2730 aliquid
2584 2676 2714 2725 esse,
2738 2656 2830 2712 sed
2854 2657 3008 2729 quasi
3034 2656 3260 2727 aliquid.

1956 2793 2099 2850 MAG.
2146 2792 2285 2849 Puto
2326 2793 2450 2864 quia
2481 2808 2590 2849 non
2646 2793 2719 2848 ita
2747 2809 2806 2849 es
2841 2793 3067 2848 insanus
3098 2792 3194 2847 ’9'.“
3238 2802 3297 2849 ut
3324 2793 3469 2849 dicas

1885 2883 2023 2940 nihil
2046 2899 2168 2940 esse
2218 2883 2448 2955 aliquid,
2493 2898 2616 2939 cum
2663 2892 2844 2939 tamen
2890 2898 2995 2938 non
3042 2884 3222 2954 possis
3273 2898 3475 2954 negare

1887 2977 2021 3034 nihil
2047 2990 2169 3033 esse
2210 2992 2433 3033 nomen.
2485 2976 2829 3047 Quapropter
2875 2975 2923 3031 si
2976 2976 3113 3031 nihil
3144 2991 3251 3031 non
3297 2984 3479 3047 potest

1885 3067 2117 3137 probare
2171 3066 2264 3099 ¹⁹⁸⁹
2317 3066 2522 3138 aliquid
2562 3080 2707 3131 esse,
2765 3082 2863 3136 per
2907 3081 3102 3122 nomen
3134 3065 3300 3131 nihil,
3329 3080 3467 3134 quo-

1809 3187 1856 3249 ο
1891 3158 2051 3213 modo
2076 3157 2314 3217 aasthuas
2343 3164 2396 3211 te
2424 3157 2658 3228 probare
2705 3157 2906 3212 malum
2943 3171 3063 3211 esse
3115 3155 3343 3226 aliquid,
3374 3171 3475 3225 per

1887 3263 2085 3305 nomen
2117 3248 2263 3311 mali.
2300 3247 2447 3303 DISC.
2479 3247 2627 3302 Nihil
2653 3247 2764 3320 agit
2785 3248 3118 3319 exemplum,
3146 3248 3293 3318 quod
3322 3247 3473 3302 litem

1884 3342 1981 3415 lite
2007 3341 2253 3397 resolvit.
2280 3338 2417 3395 Nam
2448 3341 2634 3395 ethoc
2682 3341 2881 3412 ipsum,
2930 3339 3090 3405 nihil,
3125 3340 3312 3395 nescio
3343 3339 3475 3409 quid

1885 3434 1979 3489 sit.
2007 3431 2350 3502 Quapmpter
2375 3431 2632 3501 quoniam
2660 3431 2713 3485 in
2757 3431 3006 3488 manibus
3037 3430 3264 3501 quaestio
3294 3438 3378 3485 est
3404 3428 3473 3482 de

1885 3525 2035 3581 malo
2063 3526 2177 3590 "6°,
2205 3524 2349 3594 quod
2378 3524 2514 3580 dicis
2540 3538 2658 3579 esse
2710 3523 2846 3577 nihil
2897 3523 2942 3579 si
2985 3523 3068 3578 vis
3115 3536 3202 3578 me
3249 3520 3470 3587 docere,

1885 3606 2015 3688 quid
2047 3614 2342 3686 intelligam
2371 3628 2493 3669 esse
2514 3613 2714 3696 malum
2742 3613 2857 3680 ηδ’,
2887 3612 3020 3670 doce
3052 3627 3137 3668 me
3167 3611 3317 3683 prius
3342 3609 3473 3681 quid

1886 3707 2183 3778 intelligam
2239 3721 2359 3762 esse
2404 3705 2537 3761 nihil
2585 3705 2677 3737 ¹⁹⁶²
2705 3719 2720 3759 :
2752 3705 2969 3771 deinde,
3016 3704 3082 3758 ad
3121 3702 3223 3757 alia
3274 3701 3474 3774 quibus

1883 3808 2105 3872 propter
2135 3814 2329 3854 nomen
2362 3798 2486 3852 mali
2519 3796 2629 3853 dixi
2658 3812 2744 3851 me
2797 3795 3004 3851 moveri
3036 3796 3102 3850 de
3149 3808 3234 3858 eo,
3273 3802 3333 3847 ut
3369 3792 3469 3846 ali-

1885 3893 2015 3967 quid
2044 3906 2165 3948 esse
2189 3889 2459 3955 videatur,
2499 3888 2872 3958 respondebis.
2908 3887 3048 3942 MAG.
3080 3886 3214 3941 Cum
3261 3898 3471 3954 nequa-

1884 4000 2044 4055 quam
2074 3983 2326 4039 dill‘erant
2358 3981 2490 4036 nihil
2520 3996 2641 4037 esse
2696 3989 2751 4036 et
2779 3996 2885 4034 non
2919 3979 3124 4050 aliquid
3155 3992 3297 4041 esse,
3331 3990 3467 4045 quo-

1889 4076 2049 4130 modo
2094 4075 2197 4131 dici
2259 4081 2437 4144 potest
2493 4073 2624 4143 quid
2672 4072 2745 4126 sit
2793 4070 2938 4141 quod
2980 4085 3088 4125 non
3129 4078 3214 4123 est
3261 4066 3472 4137 aliquid

1888 4156 2016 4223 “‘3?
2046 4168 2194 4222 Dtsc.
2252 4165 2311 4221 Si
2357 4180 2464 4220 non
2514 4171 2599 4220 est
2640 4163 2867 4233 aliquid,
2903 4162 3045 4233 quod
3097 4161 3200 4216 hoc
3252 4157 3469 4241 nomine

1884 4259 2253 4330 signiﬁcatur,
2288 4272 2393 4311 non
2441 4255 2710 4327 signiﬁcat
2741 4253 2967 4324 aliquid.
3009 4252 3065 4306 Si
3106 4266 3234 4305 vero
3264 4265 3369 4304 non
3396 4248 3471 4304 si-

1883 4351 2099 4422 gniﬁcat
2123 4349 2356 4420 aliquid,
2393 4364 2499 4405 non
2527 4358 2611 4405 est
2636 4359 2874 4402 nomen:
2918 4343 3011 4399 sed
3054 4342 3241 4412 utique
3269 4354 3484 4395 nomen.

1882 4451 1991 4512 est,
2039 4457 2350 4515 quanquam
2387 4441 2554 4514 igitur
2605 4439 2788 4495 nullus
2835 4438 2980 4493 dicat
3031 4433 3165 4490 nihil
3207 4448 3328 4492 esse
3362 4428 3483 4489 ali-4

1490 4637 1725 4696 VARIE
1758 4636 2185 4713 anemonas,

255 4771 605 4849 _““ldi_psum
627 4773 841 4849 videtur
854 4791 979 4849 περς.
998 4774 1191 4849 δεξιονἐ
1212 4773 1457 4849 S_._tlli_ch.
1474 4774 1581 4849 hoc
1596 4775 1772 4845 ipsum
1784 4772 1999 4849 videtur
2073 4772 2165 4805 ηδ’
2181 4770 2470 4849 [_Jtasse‘ris
2486 4785 2618 4849 nm.
2635 4767 2779 4839 quod
2803 4766 3002 4849 asseris
3016 4836 3049 4849 Α
3079 4764 3170 4799 ⁸⁵⁸³
3187 4762 3472 4849 Neebona

182 4832 486 4915 voluntatis
507 4860 633 4899 mss.
662 4843 851 4900 Cister.
893 4845 1026 4899 Vict.
1060 4845 1118 4909 5,
1152 4844 1213 4899 S.
1245 4843 1408 4899 Mich.
1444 4854 1543 4915 aut
1568 4832 1708 4898 bona
1734 4843 2030 4899 voluntatis
2056 4860 2157 4915 ms.
2196 4842 2332 4915 Vict.
2383 4841 2450 4915 {5
2487 4850 2579 4894 aut
2605 4832 2759 4915 bona:
2790 4836 3083 4915 voluntatis
3111 4851 3208 4890 ms.
3245 4832 3384 4915 Vict.
3407 4834 3484 4901 9,,

185 4923 273 4988 aut
304 4914 471 4968 malae
502 4914 793 4988 voluntatis
868 4916 961 4988 εἰ*
991 4915 1226 4988 Credere
1254 4915 1505 4988 dicimus,
1536 4914 1710 4983 ipsum
1744 4915 1970 4988 bonum,
1999 4929 2105 4983 quo
2133 4913 2266 4988 (lunt
2293 4912 2417 4967 boni
2451 4910 2826 4988 inea-credere
2854 4909 3111 4988 debemus
3140 4919 3261 4959 esse
3290 4909 3479 4988 ipsum.

183 4980 395 5054 bonum
444 4998 553 5054 quo
593 4997 718 5039 sunt
768 4986 892 5040 boni
970 4986 1061 5019 ¹⁹³⁸
1088 4984 1264 5054 Ipsum
1308 4971 1509 5038 malum
1541 4971 1661 5040 esse
1704 5001 1800 5039 ms.
1835 4971 2033 5038 Cister:
2066 4984 2221 5054 omit.
2270 4998 2391 5054 esse
2467 4978 2750 5054 “‘“Facta
2792 4974 3119 5054 _l‘_ni_t_._justa
3155 4990 3279 5028 mu.
3313 4971 3487 5054 Vict“

182 5050 242 5124 ﬁ.
277 5040 674 5110 ﬂiam-Ciam.
703 5054 842 5109 facta
875 5065 984 5122 est,
1006 5040 1154 5124 just'a
1181 5053 1283 5109 fuit
1354 5054 1445 5088 ³⁸³⁵⁷
1475 5054 1753 5109 Convertit
1804 5068 1864 5109 se
1914 5056 1979 5109 ad
2026 5053 2204 5124 idgnia.
2256 5050 2440 5107 Πίθων.
2486 5049 2631 5124 omit.
2656 5063 2714 5105 se
2789 5040 3295 5124 '°"__D_ieimusgmaa.
3328 5040 3477 5124 Vict,

183 5119 377 5205 ﬁfty:
422 5124 768 5205 nominamus
844 5126 933 5158 ‘9”
959 5111 1315 5205 Minusmcns
1340 5142 1438 5205 nis.
1470 5126 1685 5205 animus
1723 5139 1892 5205 meus“
1950 5124 2047 5156 "5°
2077 5123 2201 5205 Mihi
2232 5117 2948 5205 etiam._probatnp:s§;‘.mihi
2980 5131 3018 5199 ρ
3046 5121 3247 5205 ορδερ·
3270 5111 3469 5205 prob-tt

184 5189 273 5268 mf
307 5192 800 5268 Signiﬁeeturhoc
826 5213 957 5268 mas.
982 5196 1319 5268 signiﬁcatur
1349 5194 1451 5268 hoc
1482 5267 1487 5268 ί
1526 5196 1617 5228 ’π’
1645 5195 1780 5250 Hoc:

1882 5195 1983 5268 icet
2012 5211 2139 5249 mss.
2168 5194 2316 5268 haec,
2331 5184 2533 5268 scilicet
2608 5184 3305 5268 “'l'nlgtjque.signiﬁcatum
3338 5196 3463 5268 in“.

178 5249 826 5336 utiqnefsignilicativuin
884 5249 1004 5301 7‘7”;
1017 5249 1081 5322 Si
1101 5249 1279 5321 autem
1321 5249 1678 5336 signiﬁcatum
1731 5249 1856 5336 nus.
1884 5264 1953 5336 si_
1973 5274 2150 5320 autem
2181 5249 2597 5336 signiﬁcativum
2643 5249 3025 5336 __‘ff‘ANomine'
3041 5253 3318 5336 cj_t_t.s.inss.
3351 5249 3464 5306 Νοε-

176 5323 304 5388 men
354 5323 491 5402 ejus
556 5334 650 5366 ¹⁹⁸⁶
680 5334 920 5407 Occupat
945 5339 1183 5407 animum
1211 5354 1339 5391 mu.
1369 5323 1509 5390 Vict.
1544 5335 1693 5391 Gem.
1717 5333 1872 5407 Corb.
1922 5334 2044 5407 Bec.
2068 5323 2296 5407 occupet
2327 5334 2566 5407 animum
2643 5326 2989 5407 ""_Operum
3019 5323 3305 5407 sollicitum
3323 5337 3471 5407 gift:

176 5390 417 5473 operum
453 5419 584 5481 cura
619 5390 925 5481 _sollicit'um
950 5390 1373 5481 ίίῖθδεξίίῖιιηήἰδε.
1404 5407 1584 5481 incipit
1613 5390 1687 5461 ubi
1719 5406 1800 5462 his
1831 5406 1995 5481 verbis
2017 5422 2037 5462 :
2065 5390 2134 5460 Μ.
2182 5390 2320 5481 1⁵ωο
2348 5403 2636 5481 (ιυίθηῃξπλ
2653 5413 2712 5455 es
2742 5390 3127 5481 insanushete.
3319 5390 3464 5481 Nihil

176 5463 361 5548 potest
411 5474 637 5548 probari
677 5492 777 5548 ms.
820 5475 1008 5548 Cister.
1040 5478 1174 5533 nihil
1216 5487 1371 5548 potes
1411 5463 1641 5547 probare
1680 5476 1965 5548 mss.rniliil
1991 5484 2146 5546 potes
2174 5463 2400 5548 probare
2475 5471 2567 5548 ’_"°
2595 5468 2830 5548 Qua‘stio
2857 5475 2940 5524 est
2977 5467 3042 5522 de
3085 5463 3473 5548 maloiunmaf

177 5530 345 5600 nibus
377 5530 513 5618 ηῖρε.
532 5530 683 5618 Vict.
728 5530 793 5618 de
817 5530 1689 5617 maloquiestio‘est‘_in‘ntanihus
1742 5530 1865 5618 fl“
1890 5530 2095 5618 Dedere
2121 5530 2261 5618 quid
2280 5544 2347 5618 __s_i
2390 5540 2591 5597 malum
2604 5530 2767 5618 "nisa:
2791 5538 2995 5618 docere
3011 5530 3463 5618 q_u_id.intelligan}

174 5630 300 5670 esse
322 5598 563 5690 malum
585 5598 712 5690 gift."
733 5598 1215 5690 iduidi—intiﬂlig'ain
1236 5598 1687 5690 'és'sé'iniiiihig};
1740 5615 1876 5690 Vict.
1890 5598 1958 5690 l5
1976 5598 2455 5690 'jﬁuiidfintelligam
2486 5609 2775 5690 essenihil
2843 5609 2934 5643 ¹⁹⁶³
2956 5598 3093 5677 Quid
3122 5606 3214 5672 sit,
3241 5613 3296 5661 et
3319 5598 3489 5674 (inuti.

173 5700 281 5740 non
315 5684 635 5760 estaliquid
664 5681 786 5744 me:
810 5686 941 5760 quid
967 5689 1037 5744 sit
1066 5681 1205 5759 quod
1233 5703 1340 5746 non
1369 5696 1452 5746 est
1475 5688 1675 5761 aliquid
1705 5703 1806 5743 ms.
1837 5686 1968 5744 Vict.
1993 5681 2039 5758 3:
2053 5685 2191 5754 Quid
2214 5684 2279 5740 sit
2305 5681 2446 5754 quod
2471 5692 2552 5739 est
2578 5681 2778 5753 aliquid
3046 5694 3057 5705 '

3474 5776 3509 5823 Χ
