4050 6294
521 320 629 379 339

1055 319 1117 378 ε.
1157 318 1458 405 ansam
1496 320 1846 393 caurum.
1882 302 2204 379 ARCHIEP.
2246 320 2396 385 ore.
2438 319 2621 378 rans
2661 319 2703 381 ι,
2728 351 2797 361 —
2822 319 3245 378 DOGMATICA.

3686 323 3803 381 διο

521 433 684 499 quid;
716 431 815 490 sed
866 446 1082 508 semper
1111 432 1245 492 nihil
1286 451 1405 493 esse
1452 436 1591 492 nihil
1636 451 1896 515 cogamur
1948 432 2108 496 t‘ateri
2137 435 2439 504 Adiversis
2481 434 2785 500 rationibus
2834 433 3177 508 aliquatenus
3230 434 3500 507 signiﬁcat
3565 452 3705 505 rem,
3749 451 3809 497 et
3886 442 3890 446 ‘

525 523 650 596 ωδ,
693 543 855 584 nemo
879 536 1058 582 tamen
1082 535 1260 596 potest
1287 526 1381 597 ’Ψ
1406 541 1604 583 nomen
1650 525 1805 583 nihili
1840 524 2108 594 signiﬁca-

525 622 698 677 tivutn
727 634 848 676 esse
868 619 970 679 λ¹⁹⁶⁶
1001 618 1240 674 diﬁiteri.
1270 616 1487 682 Verum,
1512 619 1559 679 si
1586 620 1689 675 hoc
1713 617 1892 688 ipsum
1918 631 2114 675 nomen

523 728 636 769 non
663 710 936 783 signiﬁcat
969 709 1126 786 nihil,
1163 714 1259 765 sed
1291 710 1497 783 aliquid
1519 750 1535 775 ,
1576 710 1632 765 id
1660 709 1806 780 quod
1845 706 2116 778 signiﬁca-

524 813 638 873 tur,
668 804 885 884 videtur
906 818 1011 859 non
1040 817 1200 872 posse
1229 816 1349 858 esse
1374 801 1535 868 nihil,
1561 802 1656 857 sed
1688 800 1859 871 magis
1883 799 2110 869 aliquid.

524 892 587 949 Si
616 907 748 962 ergo
767 891 912 963 quod
946 892 1283 963 signiﬁcatur
1308 906 1416 947 non
1447 900 1533 947 est
1567 890 1724 956 nihil,
1755 891 1848 945 sed
1875 890 2106 961 aliquid,

525 984 763 1055 qualiter
782 997 970 1040 verum
999 984 1105 1038 erit
1134 992 1193 1037 ut
1230 967 1367 1037 nihil
1405 982 1743 1054 signiﬁcetur
1776 981 1867 1012 “’8”
1893 996 1990 1050 per
2010 982 2112 1038 hoc

522 1091 743 1143 nomen,
773 1075 919 1147 quod
944 1084 1030 1131 est
1053 1075 1223 1137 nihil?
1259 1066 1474 1146 Quippe,
1490 1074 1537 1128 si
1567 1088 1695 1128 vere
1727 1072 1865 1127 nihil
1892 1072 2108 1139 dicitur,

521 1182 653 1224 vere
684 1168 821 1224 nihil
875 1177 997 1234 est;
1032 1177 1086 1222 et
1116 1168 1322 1224 idcirco
1374 1183 1482 1222 non
1533 1175 1617 1221 est
1642 1165 1868 1235 aliquid.
1909 1163 2109 1234 Quare,

521 1259 570 1315 si
604 1260 749 1329 quod
789 1250 1132 1330 signiﬁcatur
1156 1258 1263 1313 hoc
1300 1257 1541 1324 nomine,
1573 1272 1679 1314 non
1717 1265 1801 1312 est
1830 1255 1989 1321 nihil,
2017 1257 2110 1311 sed

521 1349 728 1421 aliquid
771 1349 1252 1423 (quemadmodum
1319 1347 1708 1418 consequentia
1756 1347 1970 1409 videtur
2016 1361 2108 1402 os-

522 1440 805 1512 tendere),
860 1440 998 1496 falso
1042 1450 1098 1499 et
1144 1441 1443 1511 incongrue
1474 1439 1566 1471 ¹⁹⁶⁸
1602 1447 1828 1494 vocatur
1858 1439 1964 1497 hoc
2012 1452 2111 1493 nos

521 1534 693 1590 mitte.
742 1534 815 1589 At
862 1543 1106 1600 econtra,
1157 1535 1204 1589 si
1254 1531 1550 1589 secundum
1575 1531 1839 1604 judicium
1867 1530 2109 1585 omnium

524 1623 643 1691 “‘9,
679 1625 732 1678 id
761 1626 906 1694 quod
936 1624 1252 1681 nominatur
1285 1622 1421 1687 nihil
1445 1638 1573 1678 vere
1601 1630 1686 1677 est
1716 1620 1875 1702 nihil,
1904 1635 2110 1690 nequa-

521 1729 686 1786 quam
726 1721 811 1769 est
848 1713 1086 1783 aliquid;
1118 1728 1422 1783 usquatnne
1451 1712 1669 1769 videtur
1687 1710 1892 1780 aliquid
1918 1723 2112 1765 conse-

2222 525 2461 597 aliquid;
2484 535 2542 582 et
2571 526 2883 590 nullatenus
2932 528 3207 599 signiﬁcat
3251 544 3389 597 rem,
3431 539 3524 586 aut
3552 531 3805 603 ahquid:

2218 620 2491 691 signiﬁcat
2533 623 2681 677 enim
2724 622 3072 686 removendo,
3100 631 3157 677 et
3202 638 3308 677 non
3348 624 3625 697 signiﬁcat
3673 641 3808 684 con-

2218 711 2510 769 stituendo.
2541 711 2655 769 Hac
2699 711 2910 768 ratione
2946 726 3168 779 nomen,
3215 712 3372 779 nihil,
3408 716 3554 785 quod
3582 715 3806 786 perimit

2215 814 2377 856 omne
2405 802 2548 873 qu'od
2579 811 2664 858 cst
2689 802 2914 873 aliquid,
2943 810 2999 857 et
3033 804 3367 861 destruendo
3389 821 3495 862 non
3524 806 3809 878 signiﬁcat

2215 892 2373 955 nihil,
2401 893 2497 949 sed
2518 892 2753 963 aliquid;
2782 902 2839 948 et
2867 892 3247 949 constituendo
3274 909 3379 949 non
3407 895 3685 966 signiﬁcat
3698 896 3802 957 ali-

2215 982 2365 1051 quid,
2396 982 2489 1037 sed
2522 984 2679 1039 nihil.
2731 982 3072 1054 Quapropter
3112 999 3218 1038 non
3259 996 3363 1040 εει·
3389 1001 3635 1055 necesse,
3668 988 3809 1043 nihil

2213 1090 2335 1132 esse
2357 1077 2581 1147 aliquid,
2609 1077 2730 1133 ideo
2776 1079 2903 1148 quia
2931 1094 3132 1135 nomen
3155 1080 3272 1152 ejus
3301 1081 3573 1152 signiﬁcat
3598 1080 3809 1152 aliquid

2216 1169 2330 1234 1°",
2363 1169 2604 1239 quolibet
2652 1170 2850 1237 modo;
2901 1171 2997 1226 sed
3042 1173 3224 1242 potius
3272 1188 3502 1231 necesse
3549 1182 3638 1229 est
3667 1173 3809 1229 nihil

2212 1275 2335 1317 esse
2365 1262 2518 1327 nihil,
2552 1262 2681 1332 quia
2709 1277 2907 1318 nomen
2942 1261 3059 1331 ejus
3082 1263 3353 1333 signiﬁcat
3379 1265 3485 1321 hoc
3513 1265 3680 1321 modo
3709 1265 3810 1319 ali-

2211 1351 2361 1421 quid.
2399 1353 2514 1407 IIoc
2566 1353 2751 1422 itaque
2796 1353 2956 1408 modo
2996 1369 3104 1408 non
3133 1363 3398 1424 repugnat
3437 1353 3641 1409 malum
3674 1353 3812 1413 nihil

2212 1458 2333 1501 esse
2352 1452 2408 1499 et
2430 1443 2555 1499 mali
2570 1459 2766 1500 nomen
2791 1459 2912 1501 esse
2940 1445 3385 1515 signiﬁcativum:
3409 1447 3556 1515 sisic
3588 1446 3685 1480 "7'
3710 1448 3811 1502 alio

2214 1534 2345 1603 quid
2370 1534 2691 1608 p‘erimendo
2718 1534 3011 1605 signiﬁcat,
3042 1545 3103 1590 ut
3131 1534 3330 1591 nullius
3360 1537 3439 1591 rei
3474 1536 3550 1592 sit
3591 1537 3805 1592 constio

2212 1626 2440 1681 tutivum
2487 1625 2601 1679 “7°.
2650 1624 2797 1684 Dtsc.
2846 1624 3066 1695 Nequeo
3120 1641 3323 1695 negare
3377 1641 3577 1683 nomen
3628 1627 3808 1697 nihili,

2211 1718 2506 1775 secundum
2548 1717 2863 1788 praedictam
2908 1733 2941 1774 a
2993 1729 3046 1774 te
3086 1719 3374 1785 rationem,
3418 1720 3603 1790 aliquo
3642 1721 3810 1776 modo

528 1804 807 1876 quentius,
836 1820 1002 1877 quam
1034 1813 1095 1860 ut
1141 1806 1247 1861 hoc
1294 1805 1470 1876 ipsum
1512 1817 1710 1859 nomen
1735 1800 1871 1856 nihil
1899 1799 2107 1871 signiﬁ-
2144 1834 2189 1890 Β
2214 1811 2523 1881 signiﬁcare
2570 1809 2811 1881 aliquid;
2842 1809 2937 1866 sed
2986 1810 3123 1866 satis
3166 1818 3355 1867 notum
3400 1811 3644 1882 estquia
3675 1811 3812 1866 illud

518 1907 630 1973 cet,
653 1898 707 1953 id
734 1906 820 1954 est
856 1912 964 1952 non
1013 1896 1284 1971 signiﬁcet
1325 1897 1417 1934 "7°
1457 1894 1700 1966 aliquid?
1744 1893 1885 1961 Quid
1928 1893 2113 1962 itaque

518 2002 607 2047 est
634 1991 762 2061 quia
805 1991 909 2046 hoc
947 2004 1173 2058 nomen,
1224 1989 1476 2045 videlicet
1510 1987 1647 2045 nihil
1691 2001 1800 2043 non
1841 1983 2113 2054 signiﬁcat

519 2083 615 2141 im
645 2081 801 2146 nihil,
829 2081 925 2137 sed
957 2080 1195 2150 aliquid;
1226 2092 1281 2136 et
1325 2096 1432 2141 non
1466 2079 1741 2152 signiﬁcat
1761 2075 1985 2147 aliquid,
2017 2074 2113 2130 sed

518 2174 693 2232 nihil?
746 2173 888 2230 MAG.
943 2173 1195 2230 Forsitan
1245 2189 1353 2229 non
1408 2181 1741 2245 repugnant,
1796 2170 2111 2241 signiﬁcare

520 2267 657 2323 nihil
714 2274 768 2322 et
799 2265 1025 2337 aliquid.
1056 2266 1202 2322 Dtsc.
1254 2265 1313 2322 Si
1345 2282 1452 2322 non
1503 2273 1806 2338 repugnant
1834 2283 1853 2329 ει
1881 2274 1977 2319 aut
2007 2263 2114 2319 ista

518 2372 630 2414 vox
660 2359 876 2413 diversa
912 2358 1352 2414 consideratione
1403 2359 1676 2431 signiﬁcat
1718 2355 1857 2412 nihil
1908 2365 1965 2410 et
2014 2354 2114 2410 ali-

522 2451 685 2518 quid;
742 2459 837 2505 aut
877 2450 968 2483 “"
1003 2436 1332 2506 invenienda
1380 2465 1468 2506 res
1496 2459 1581 2507 est
1615 2449 1820 2519 aliqua,
1876 2462 1997 2518 quae
2040 2447 2112 2502 sit

520 2541 751 2617 aliquid,
779 2548 834 2597 et
878 2541 1034 2599 nihil.
1074 2540 1217 2598 Msa.
1266 2540 1405 2609 Quid
1452 2541 1498 2597 si
1537 2534 1830 2610 utrumque
1874 2538 2113 2615 inveniri

519 2639 726 2701 potest,
775 2639 832 2686 ει
866 2632 1107 2699 diversa,
1160 2631 1370 2687 scilicet
1400 2631 1820 2705 signiﬁcationis
1860 2630 2115 2686 conside—

518 2723 662 2779 ratio
694 2724 750 2778 in
787 2723 892 2780 hoc
918 2723 1157 2790 nomine,
1187 2732 1241 2778 et
1289 2722 1538 2783 eamdem
1567 2738 1686 2779 rem
1720 2735 1855 2798 esse
1880 2720 2108 2792 aliquid,

519 2825 579 2872 et
611 2815 782 2871 nihil?
821 2816 973 2873 Dtsc.
1004 2816 1311 2889 Utrumque
1356 2816 1549 2871 vellem
1581 2808 1937 2887 cognoScere.
1966 2815 2108 2872 MAG.

518 2907 748 2968 Constat
785 2908 1045 2977 quoniam
1085 2909 1205 2963 haec
1237 2923 1365 2973 vox,
1397 2906 1608 2963 scilicet
1656 2906 1814 2973 nihil,
1846 2915 2110 2975 quantum

526 2996 597 3051 ad
627 2995 1111 3065 signiﬁcationem,
1162 2996 1473 3052 nullatenus
1521 2994 1702 3051 diﬁ'ert
1751 2995 1820 3057 ab
1857 3010 1923 3051 eo
1967 2994 2113 3065 quod

525 3090 674 3157 dico,
720 3105 831 3147 non
879 3090 1088 3161 aliquid
1116 3091 1234 3149 ιω.
1275 3089 1422 3146 Nihil
1457 3104 1673 3161 quoque
1710 3088 1816 3146 hoc
1846 3088 2108 3160 apertius,

2214 1900 2439 1972 aliquid,
2470 1901 2614 1971 quod
2662 1900 2767 1956 isto
2813 1900 2981 1955 modo
3018 1901 3125 1956 hoc
3172 1901 3392 1956 nomine
3443 1900 3809 1973 signiﬁcatur,

2212 2008 2321 2048 non
2348 1992 2660 2048 nominatur
2688 1991 2861 2058 nihil;
2900 2006 3001 2049 nec
3023 2008 3148 2048 cum
3175 1992 3427 2048 audimus
3446 1992 3553 2049 hoc
3579 2007 3806 2059 nomen,

2217 2083 2518 2154 accipimus
2544 2081 2674 2138 illud
2714 2098 2814 2152 pro
2843 2082 2938 2138 illa
2968 2098 3027 2139 re
3054 2082 3170 2149 ³³⁷⁸,
3200 2097 3366 2153 quam
3406 2083 3483 2139 ita
3504 2083 3804 2154 signiﬁcat.

2212 2175 2346 2232 Illud
2377 2175 2540 2247 igitur
2571 2174 2663 2209 “3°
2693 2188 2901 2245 quaero,
2933 2189 3035 2244 pro
3057 2189 3164 2245 quo
3194 2175 3302 2232 hoc
3326 2189 3524 2232 nomen
3546 2176 3810 2246 ponitur;-

2213 2279 2269 2326 et
2299 2270 2444 2339 quod
2470 2267 2824 2340 intelligimus
2866 2267 2981 2333 “9‘,
3017 2284 3141 2322 eum
3174 2268 3348 2339 ipsum
3381 2268 3637 2324 audimus
3666 2268 3809 2320 ""z

2215 2362 2375 2427 illud,
2406 2361 2652 2432 inquam,
2691 2375 2898 2431 quaero,
2929 2358 3058 2430 quid
3089 2358 3179 2414 sit.
3210 2358 3343 2414 Illud
3382 2359 3526 2413 enim
3571 2359 3677 2415 hoc
3701 2371 3813 2415 no-

2212 2467 2336 2508 men
2368 2451 2586 2522 proprie
2637 2450 2730 2484 ⁸⁹⁸³
2758 2448 3062 2521 signiﬁcat;
3090 2457 3163 2503 et
3210 2448 3414 2504 idcirco
3444 2462 3643 2504 nomen
3695 2457 3811 2513 est,

2214 2542 2340 2613 quia
2387 2541 2505 2612 ejus
2538 2539 2960 2610 signiﬁcativum
2996 2547 3080 2592 est
3126 2537 3242 2604 1°“,
3297 2544 3429 2593 ncn.
3457 2539 3584 2608 quia
3633 2553 3806 2608 supra

2214 2632 2358 2690 dicto
2386 2634 2563 2690 modo;
2581 2630 2832 2702 negando
2877 2628 3154 2700 signiﬁcat
3192 2627 3399 2698 aliquid
3427 2646 3440 2682 :
3465 2628 3584 2698 ejus
3606 2628 3814 2698 quippe

2213 2737 2410 2779 nomen
2455 2731 2564 2788 εει,
2608 2736 2709 2792 pro
2739 2719 2897 2790 cujus
2939 2721 3340 2791 signiﬁcatione
3389 2720 3535 2776 inter
3582 2721 3812 2776 nomina

2214 2822 2582 2887 computatur,
2605 2824 2662 2868 et
2683 2814 2813 2869 illud
2835 2826 3065 2870 vocatur
3084 2813 3239 2868 nihil.
3272 2808 3407 2868 Illttd
3436 2828 3644 2884 quem,
3667 2800 3810 2883 quo-

2214 2908 2376 2964 modo
2404 2907 2477 2962 sit
2502 2906 2729 2979 aliquid,
2754 2906 2802 2961 si
2829 2905 3049 2977 proprie
3077 2913 3306 2961 vocatur
3338 2905 3471 2960 nihil
3490 2906 3639 2972 ;'aut
3657 2920 3803 2975 qua.

2215 2998 2341 3054 liter
2361 2998 2433 3055 sit
2456 2997 2612 3064 nihil,
2637 2997 2683 3054 si
2709 3012 2908 3053 nomen
2931 2996 3355 3067 signiﬁcativum
3377 2996 3496 3066 ejus
3524 2996 3808 3066 signiﬁcat

2215 3089 2421 3161 aliquid
2456 3089 2574 3157 Μ’,
2603 3099 2698 3153 aut
2721 3088 2994 3159 quomodo
3018 3088 3165 3143 idem
3191 3088 3263 3142 sit
3288 3087 3516 3157 aliquid,
3547 3095 3605 3141 et
3632 3086 3814 3142 nihil?

519 3198 686 3254 quam
718 3182 865 3253 quod
895 3183 1015 3247 haec
1060 3198 1190 3252 vox,
1222 3184 1434 3240 scilicet
1465 3199 1572 3239 non
1620 3182 1847 3254 aliquid,
1891 3195 2109 3237 omnem
2138 3196 2185 3260 ρ
2213 3174 2351 3238 Illud
2389 3180 2530 3236 idem
2560 3194 2750 3251 quaero
2778 3179 2846 3235 de
2883 3179 3105 3234 nomine
3149 3176 3313 3242 mali;
3351 3185 3407 3231 et
3454 3176 3521 3231 de
3570 3190 3637 3231 eo
3662 3177 3817 3246 quod

521 3292 638 3334 rem
668 3277 887 3348 penitus
938 3285 997 3333 et
1039 3288 1201 3332 omne
1244 3277 1388 3348 quod
1435 3284 1519 3331 est
1563 3275 1797 3347 aliquid,
1834 3273 2111 3331 intellectu

521 3367 950 3436 removendum;
989 3383 1092 3430 nec
1132 3368 1358 3424 omnino
1384 3367 1551 3429 ullam
1588 3382 1727 3434 rem,
1771 3374 1867 3421 aut
1896 3366 2113 3433 penitus

524 3459 670 3529 quod
721 3458 924 3528 aliquid
972 3458 1045 3514 sit
1069 3459 1123 3521 in
1155 3458 1434 3517 intellectu
1479 3458 1822 3515 retinendum
1865 3456 1978 3523 “",
2012 3471 2111 3511 sua

523 3548 927 3620 signiﬁcatione
966 3549 1271 3605 constituit.
1304 3547 1411 3604 Sed
1443 3549 1699 3619 quoniam
1754 3547 1985 3602 remotio
2016 3546 2114 3601 ali-

521 3635 678 3708 cujus
708 3637 786 3693 rei
818 3637 1114 3706 slgniﬁcari
1141 3638 1447 3694 nullatenus
1464 3648 1643 3709 potest
1664 3638 1767 3693 nisi
1789 3653 1914 3694 cum
1936 3638 2106 3708 signi-

522 3726 780 3795 ﬁcatione
825 3723 945 3795 ejus
994 3726 1186 3796 ipsius,
1241 3727 1396 3796 cujus
1447 3726 1785 3798 signiﬁcatur
1834 3726 2109 3782 remotio:

519 3817 705 3873 nullus
725 3817 872 3873 enim
896 3816 1151 3889 intelligit
1177 3818 1308 3888 quid
1339 3817 1608 3889 signiﬁcet
1642 3832 1753 3873 non
1794 3817 1979 3885 homo,
2006 3817 2111 3872 nisi

520 3909 881 3981 intelligendo,
901 3910 1033 3982 quid
1062 3911 1132 3968 sit
1160 3911 1326 3974 homo
1361 3929 1374 3967 :
1409 3926 1636 3968 necesse
1660 3920 1744 3967 est
1778 3920 1839 3967 ut
1870 3911 1988 3968 haec
2018 3911 2111 3945 ³³⁷⁸

520 4016 629 4059 vox
656 4018 779 4072 qua:
807 4009 916 4066 est,
959 4018 1065 4059 non
1096 4002 1327 4074 aliquid,
1358 4002 1690 4058 destruendo
1736 4002 1791 4057 id
1832 4002 1977 4073 quod
2027 4010 2114 4059 est

520 4092 749 4164 aliquid,
783 4096 1055 4171 signiﬁcet
1086 4095 1315 4166 aliquid.
1345 4094 1614 4163 Quoniam
1653 4109 1783 4150 vero
1812 4093 2113 4150 auferendo

519 4199 683 4241 omne
706 4187 848 4256 quod
870 4196 953 4241 est
980 4186 1207 4256 aliquid,
1237 4186 1441 4248 nullam
1477 4186 1754 4258 signiﬁcat
1780 4185 2098 4253 essentiam,

520 4293 687 4351 quam
719 4279 775 4350 in
800 4278 1073 4335 audientis
1104 4270 1381 4347 intellectu
1404 4277 1746 4351 retinendam
1765 4276 2066 4336 constituat
2094 4294 2109 4331 :

521 4366 734 4423 idcirco
759 4384 887 4436 vox,
920 4386 1026 4425 non
1055 4369 1275 4440 aliquid,
1325 4368 1526 4422 nullam
1560 4381 1698 4434 rem,
1747 4373 1842 4420 aut
1864 4365 2009 4435 quod
2040 4366 2114 4420 sit

2217 3276 2511 3349 signiﬁcat,
2539 3284 2596 3333 ει
2646 3276 2791 3346 quod
2842 3273 3051 3340 malum
3085 3273 3416 3339 nominatur.
3462 3271 3608 3337 MAG.
3639 3270 3817 3326 Recte

2217 3356 2448 3441 quaeris:
2494 3369 2620 3439 quia
2669 3368 2815 3433 licet,
2863 3366 3205 3437 supraposita
3237 3364 3468 3429 ratione,
3520 3363 3726 3419 malum
3758 3371 3819 3419 et

2215 3452 2353 3519 nihil
2404 3460 2712 3532 signiﬁcent
2759 3459 3000 3529 aliquid,
3062 3466 3243 3513 tamen
3289 3456 3433 3527 quod
3470 3453 3819 3526 signiﬁcatur

2215 3567 2322 3608 non
2346 3560 2431 3607 est
2461 3550 2663 3607 malum
2694 3557 2789 3604 aut
2817 3548 2954 3603 nihil
2990 3547 3086 3581 ³⁸⁸⁵
3112 3565 3126 3601 :
3158 3547 3253 3602 sed
3286 3554 3374 3601 est
3398 3544 3505 3599 alia
3549 3544 3691 3599 ratio
3715 3544 3817 3576 ¹⁹⁶τ

2215 3634 2320 3716 qua
2374 3642 2683 3713 signiﬁcant
2748 3639 2981 3708 aliquid,
3025 3646 3082 3693 et
3126 3636 3270 3713 quod
3312 3632 3674 3707 signiﬁcatur
3726 3644 3821 3698 est

2214 3735 2447 3806 aliquid;
2480 3734 2574 3789 sed
2604 3747 2711 3788 non
2742 3746 2871 3789 vere
2894 3729 3097 3800 aliquid
3129 3728 3243 3795 ⁸³⁸³,
3275 3727 3369 3785 sed
3399 3726 3555 3799 quasi
3583 3716 3816 3795 a'iquid.

2216 3826 2383 3882 Multa
2426 3814 2626 3897 quippe
2668 3840 2791 3881 esse
2818 3823 3071 3880 dicuntur
3093 3821 3196 3854 ’⁸⁸³
3223 3820 3521 3879 secundum
3551 3818 3818 3885 formam,

2214 3932 2335 3988 quae
2385 3930 2495 3972 non
2543 3922 2671 3969 sunt
2714 3913 3014 3968 secundum
3062 3925 3226 3973 rem:
3277 3918 3376 3976 ut,
3434 3909 3665 3974 timere,
3720 3922 3821 3964 se-

2214 4008 2450 4065 cundum
2503 4005 2734 4062 formam
2782 4004 2955 4072 vocis,
2996 4003 3198 4059 dicitur
3243 4002 3504 4067 activum,
3555 4015 3680 4056 cum
3735 4000 3816 4056 sit

2213 4100 2322 4172 67
2353 4100 2649 4171 passivum,
2682 4097 2982 4153 secundum
3033 4110 3169 4150 rem.
3212 4093 3291 4149 Ita
3338 4108 3554 4163 quoque
3583 4092 3818 4147 caecitas

2215 4193 2414 4249 dicitur
2444 4190 2674 4261 aliquid,
2714 4189 3014 4245 secundum
3057 4186 3288 4242 formam
3330 4184 3620 4256 loquendi,
3676 4197 3813 4239 cum

2214 4301 2321 4349 non
2353 4284 2425 4339 sit
2452 4282 2678 4353 aliquid,
2709 4280 3007 4338 secundum
3037 4295 3175 4334 rem.
3214 4278 3368 4334 Sicut
3398 4278 3546 4333 enim
3596 4275 3666 4331 de
3699 4275 3817 4330 ali.

2213 4390 2321 4447 quo
2359 4373 2594 4429 dicimus
2622 4371 2751 4442 quia
2783 4371 2957 4430 visum
2992 4370 3178 4434 habet,
3218 4379 3273 4434 et
3313 4369 3461 4422 visus
3499 4375 3585 4440 εει
3631 4367 3685 4421 in
3709 4380 3821 4432 eo;

521 4457 749 4529 aliquid,
776 4462 1065 4533 signiﬁcat.
1116 4461 1283 4531 Igitur
1314 4461 1427 4517 hzcc
1461 4476 1586 4525 vox,
1618 4475 1724 4515 non
1755 4456 1985 4527 aliquid,
2026 4458 2112 4514 his
2216 4465 2291 4518 ita
2319 4463 2548 4520 dicimus
2576 4462 2701 4535 quia
2726 4460 2890 4517 habet
2912 4462 3232 4525 caecitatem,
3261 4467 3317 4515 et
3344 4458 3562 4517 cmcitas
3611 4464 3699 4512 est
3761 4456 3811 4522 il

1803 4644 2033 4701 VARIA'I
2059 4642 2457 4701 LECTIONES.

596 4775 689 4807 ’ναι
714 4771 854 4828 Nihil
881 4789 1022 4841 esse,
1052 4790 1307 4845 cogamur
1344 4775 1501 4834 fateri
1528 4776 1661 4833 nihil
1691 4794 1814 4832 mss.
1855 4775 1983 4841 Vict.
2008 4779 2128 4832 Ber.
2154 4777 2302 4833 Gem.
2345 4776 2500 4832 Corb.
2529 4778 2660 4835 nihil
2697 4793 2819 4833 esse
2847 4776 2981 4832 nihil
3006 4773 3443 4846 coganturl'ateri
3470 4772 3613 4846 __"”
3639 4769 3827 4831 Nemo

596 4853 699 4899 test
733 4860 859 4918 ptas.
895 4859 1053 4918 nemo
1086 4842 1265 4918 tamen
1309 4856 1484 4916 potest
1554 4849 1671 4918 imi“
1700 4849 2091 4918 ,Signlﬁcattnn
2134 4866 2255 4905 esse
2285 4865 2410 4905 mss.
2462 4849 2876 4917 signiticativum
2918 4861 3038 4901 esse
3078 4842 3091 4846 ⁷
3114 4846 3205 4877 ¹⁹⁶⁷
3238 4844 3322 4918 lit
3344 4842 3680 4918 signiﬁcetur
3710 4858 3824 4896 ms.

577 4918 667 4969 ἔτι.
691 4984 703 4996 ⁸
722 4913 854 4998 ﬁunt
892 4916 1025 4975 nihil
1070 4912 1404 4998 signiﬁcetur
1428 4986 1443 4998 _
1467 4988 1480 4998 ε
1499 4917 1591 4951 ¹⁹⁶⁸
1618 4912 1855 4998 False'et
1882 4919 2193 4998 incongrue
2217 4935 2316 4973 ms.
2352 4918 2485 4971 Vict.
2596 4918 2730 4998 {also
2766 4918 3140 4998 etincongrne
3235 4914 3325 4946 ¹⁹⁶⁹
3350 4912 3830 4998 Iudicium‘omne

518 5003 660 5061 mea.
676 4984 948 5061 judicium
992 4981 1233 5061 omnium
1271 4988 1403 5061 __‘"°
1426 4986 1641 5061 Idjnon
1676 4988 1951 5061 signiticet
1988 4981 2113 5043 mss.
2142 4988 2193 5043 id
2226 4996 2308 5042 est
2337 5002 2453 5061 non
2473 4986 2742 5061 signiﬁcet
2799 4981 3182 5061 fﬁ‘ji'd'elicet
3233 5000 3339 5061 non
3361 4981 3653 5061 signiﬁcat
3681 4998 3824 5061 mss.

517 5056 774 5127 videlicet,
814 5055 946 5115 nihil
989 5071 1095 5127 non
1147 5057 1415 5126 signiﬁcat
1488 5056 1582 5089 ¹¹⁷²
1616 5054 1955 5127 Αιιιῖιιίίιιιίἀ
1994 5072 2008 5112 :
2044 5067 2138 5112 aut
2170 5054 2721 5126 mas.etaliquid,aut
2795 5057 2886 5093 ³⁸⁷³
2903 5057 3041 5111 Dicit
3075 5054 3411 5127 nonAaliquid
3438 5070 3565 5127 nisi,
3587 5061 3634 5105 et
3678 5055 3827 5106 edit.

521 5127 680 5184 Goth.
725 5126 846 5180 dico
880 5142 985 5199 non
1009 5122 1233 5199 aliquid"
1260 5127 1401 5199 υ¹⁹⁷⁸
1423 5127 1701 5199 Intellectu
1750 5122 2087 5199 retinendum
2110 5144 2238 5189 mss.
2269 5128 2320 5181 in
2362 5122 2634 5199 intellectu
2659 5127 3025 5199 retinendum
3077 5122 3424 5199 ‘f'ffﬂNeces‘se
3454 5133 3511 5176 ut
3537 5122 3653 5179 hac
3682 5138 3822 5199 mas.

520 5211 748 5252 necesse
767 5204 927 5250 estut
949 5197 1067 5253 haec
1102 5192 1118 5199 ⁷
1141 5196 1237 5228 ⁸³⁷⁸
1259 5196 1463 5253 Nomen
1496 5197 1768 5264 signiﬁcet
1783 5198 1985 5266 aliquid
2014 5216 2139 5253 mss.
2174 5213 2366 5251 nomen
2390 5196 2507 5263 ejus
2534 5196 2800 5266 signiﬁcat
2826 5197 3028 5266 aliquid
3104 5196 3194 5228 "7"
3222 5193 3621 5266 signiﬁcatum,
3645 5192 3827 5266 setis}

523 5215 748 5252 necesse
767 5215 850 5249 εει
870 5215 927 5250 ιιι
950 5215 1067 5253 meo
1141 5215 1237 5228 ·’··’
1259 5215 1463 5253 nomen
1496 5215 1854 5264 Stgmncetatt
1897 5215 1985 5253 tlltI
2014 5216 2139 5253 mss.
2174 5215 2366 5251 nomen
2390 5215 2507 5263 ejus
2534 5215 2800 5251 swumcat
2826 5215 3028 5266 attqutu
3223 5215 3621 5264 atgtnncaunu,
3645 5215 3747 5249 seu
3774 5215 3826 5246 ει

523 5282 653 5337 nias.
680 5266 1123 5337 signiﬁcativnm,
1156 5266 1202 5337 si
1227 5268 1309 5323 sic
1384 5267 1476 5300 "7'
1500 5267 1603 5321 Hic
1630 5269 1684 5333 in
1717 5215 1977 5322 majus.
2007 5285 2124 5334 cap.
2171 5268 2256 5320 ll.
2297 5266 2364 5321 In
2394 5237 2852 5333 tituloﬁuomodo
2875 5268 3075 5321 malum
3100 5283 3249 5337 mss:
3256 5265 3409 5337 Quod
3426 5262 3633 5337 malum
3674 5332 3688 5337 _
3714 5262 3826 5295 ι⁹⁷⁸

521 5333 656 5388 Ilhnl
691 5331 786 5411 pro
815 5336 905 5390 illa
931 5331 993 5392 re
1018 5331 1141 5411 mss.
1168 5336 1357 5411 Cister.
1381 5331 1684 5411 omitrillud
1705 5347 1752 5391 et
1784 5352 1843 5411 re
1918 5338 2009 5370 ⁸⁸⁸⁸
2032 5331 2162 5411 Illud
2193 5338 2355 5411 igitur
2382 5354 2505 5411 mas.
2533 5331 2717 5391 Cister.
2742 5337 2868 5411 ξιιμ-ι
2900 5351 3029 5391 vero
3103 5336 3193 5369 ¹⁹⁸¹
3217 5331 3293 5389 Ει
3313 5333 3439 5411 quid
3462 5331 3829 5411 intelligit-nus

523 5401 830 5477 mssa’Vict.
854 5415 911 5460 et
937 5408 1079 5476 quod
1106 5408 1456 5477 intelligimus
1533 5408 1623 5441 ⁸³⁸³
1645 5406 1780 5461 Cum
1805 5409 1977 5476 ipsum
2007 5401 2254 5477 audimus
2281 5422 2407 5460 mss.
2430 5406 2617 5460 Cisler.
2649 5423 2770 5461 cum
2803 5408 2976 5477 ipsum
3010 5420 3206 5460 nomen
3238 5401 3659 5477 audintus___“_'_'
3701 5401 3831 5477 [Ioc

523 5474 748 5528 nomine
771 5470 986 5555 proprie
1008 5494 1132 5529 mss.
1161 5479 1261 5533 hoc
1281 5470 1478 5533 nomen
1503 5478 1719 5548 proprie
1814 5470 1907 5518 1"”
1930 5477 2055 5546 Ejus
2078 5474 2441 5599 silgniﬁratutn
2466 5488 2549 5531 cst
2574 5494 2697 5531 mss.
2720 5470 2836 5599 erlis
2868 5477 3288 5546 signiﬁcativum
3310 5483 3394 5531 est
3469 5472 3560 5505 ³⁸³⁸
3585 5470 3830 5542 Signiﬁ-

530 5552 711 5597 catum
740 5544 1008 5599 Signiﬁcat
1048 5547 1182 5599 nihil
1235 5566 1359 5599 mss.
1384 5548 1800 5599 signiticativum
1830 5546 1949 5599 cius
1970 5546 2108 5599 signi
2132 5556 2240 5599 tcat
2269 5546 2470 5599 aliquid
2504 5563 2628 5599 nus.
2656 5547 2718 5599 S.
2810 5550 2910 5599 iclt.
2945 5546 3365 5599 sianiﬁcativum
3393 5542 3512 5599 eius
3540 5543 3830 5599 signiﬁcat

530 5552 711 5619 catum
740 5544 1024 5619 signiﬁcat
1040 5547 1182 5619 nihil
1235 5566 1359 5603 mss.
1384 5542 1800 5619 signiticativum
1830 5542 2240 5619 cjussigniﬁcat
2269 5546 2470 5616 aliquid
2500 5563 2628 5619 nats.
2656 5547 2718 5602 S.
2747 5542 3365 5619 Michfsigniﬁcativum
3393 5542 3512 5619 ejus
3540 5543 3831 5619 signiﬁcat

525 5612 676 5688 nihil
762 5612 854 5688 ηεξ
876 5612 1224 5684 Signiﬁcatur
1252 5612 1461 5672 malum'
1483 5634 1591 5673 non
1615 5627 1699 5673 est
1728 5627 1819 5672 aut
1849 5612 1984 5673 nihil
2011 5612 2136 5672 mss.
2162 5612 2728 5688 aster-(signiﬁcatur,
2758 5633 2862 5674 non
2890 5627 2973 5673 est
2998 5612 3203 5671 malum
3234 5623 3328 5688 aut
3356 5614 3487 5688 nihil
3512 5612 3829 5688 _-_’”_"_Setl

528 5691 585 5737 et
607 5682 710 5763 alia
741 5683 883 5763 ratio
911 5680 1036 5763 nisa.
1066 5694 1152 5739 est
1179 5688 1280 5742 alia
1313 5688 1454 5763 ratio
1528 5688 1620 5763 {9"
1657 5689 1765 5763 Sed
1796 5704 1901 5743 non
1944 5703 2070 5745 vere
2095 5695 2180 5746 est
2210 5680 2409 5759 aliquid
2424 5680 2564 5744 'mss.
2590 5680 2778 5744 Cistér.
2822 5689 2914 5746 sed
2944 5702 3053 5744 non
3074 5682 3434 5760 vere.aliquid
3507 5683 3602 5716 m’
3644 5682 3828 5741 Multa

541 5753 758 5828 quidem
787 5754 1038 5816 dicuntur
1074 5771 1196 5811 mss.
1249 5759 1411 5813 multa
1463 5759 1659 5831 quippe
1685 5758 1952 5830 dicuntur
