4050 6294
225 349 313 410 341
1377 347 1654 409 DIALOG.
1694 348 1781 405 DE
1820 347 2001 405 CASU
2054 345 2344 405 DIABOLL
3385 348 3495 408 513

224 487 315 528 eo:
363 483 491 524 cum
525 468 644 524 haec
676 480 782 523 non
833 464 905 522 sit
935 465 1030 499 ¹⁹⁹⁰
1081 466 1303 537 aliquid,
1353 468 1447 523 sed
1478 467 1658 538 potius
1693 483 1797 522 non
1830 473 1875 532 Α
1906 480 2010 520 non
2053 465 2211 519 simul
2261 460 2453 532 totum,
2500 464 2594 519 sed
2633 479 2730 534 per
2778 473 2961 536 partes
2995 474 3050 520 et
3093 466 3497 537 hactenusjam

223 561 449 631 aliquid;
476 568 533 615 et
556 560 695 615 hanc
713 558 935 623 habere,
967 572 1073 612 non
1103 559 1175 613 sit
1198 559 1397 614 habere
1422 559 1622 630 aliquid
1648 600 1664 627 ,
1697 560 1805 615 imo
1906 572 2025 612 esse
2049 556 2271 622 factum,
2303 557 2486 627 utjam
2516 557 2589 612 sit
2616 570 2772 627 aptus;
2798 560 2864 613 ad
2900 560 3218 615 habendam.
3237 562 3501 618 volunta-.

224 668 401 710 carere
432 667 524 717 eo,
551 652 809 722 quodest
864 650 1089 721 aliquid.
1154 650 1386 707 Caecitas
1416 666 1652 723 namque
1697 667 1809 708 non
1907 655 2037 712 tem,
2062 646 2155 701 sed
2182 645 2419 700 nondum
2449 645 2575 701 velit
2599 646 2826 716 aliquid.
2863 648 3008 703 Dtsc.
3034 648 3352 720 Pone-quod
3383 652 3491 713 vis,

225 751 298 799 est
325 740 482 796 aliud
498 755 662 812 quam
692 754 799 795 non
837 739 1007 805 visus,
1034 747 1129 794 aut
1154 739 1396 795 absentia
1426 741 1572 797 visus
1613 741 1700 797 ubi
1725 741 1805 795 vi-
1905 748 1960 794 et
1978 750 2191 808 expone
2212 737 2354 807 quod
2399 751 2603 808 quaero.
2652 737 2792 794 MAG.
2841 740 2922 794 An
2953 755 3082 811 ergo
3135 750 3293 811 putas
3342 745 3505 814 quod

226 849 308 890 sus
339 832 505 888 debet
527 846 681 897 esse;
701 822 821 886 ‘non
850 830 1001 885 visus
1019 846 1153 886 vero
1181 830 1275 885 vel
1307 832 1398 869 ‘9"
1447 831 1690 887 absentia
1723 834 1804 887 vi-
1907 830 2006 885 iste
2028 824 2254 899 an'gelus
2283 844 2382 899 per
2402 844 2463 885 se
2486 830 2661 900 possit
2689 831 2827 886 velle
2866 832 3069 901 aliquid
3093 833 3116 887 ?
3169 834 3316 890 Drsc.
3369 834 3499 893 Non

227 940 306 981 sus
357 940 465 978 non
514 924 691 994 magis
725 929 812 978 est
861 921 1087 992 aliquid,
1138 921 1238 977 ubi‘
1275 922 1423 979 visus
1477 923 1637 979 debet
1682 937 1804 979 esse

225 1031 370 1087 quam
402 1013 497 1068 ubi
529 1029 635 1069 non
664 1013 822 1085 debet
846 1026 988 1067 esse.
1018 1012 1199 1078 Quare
1221 1012 1439 1068 caecitas
1491 1029 1596 1068 non
1631 1016 1801 1084 magis

224 1114 299 1160 est
322 1105 375 1159 in
407 1104 568 1160 oculo
589 1103 790 1173 aliquid
815 1102 938 1171 quia
963 1102 1034 1156 ibi
1065 1091 1224 1156 debet
1244 1116 1369 1158 esse
1395 1103 1543 1159 visus
1569 1145 1583 1169 ,
1635 1121 1797 1175 quam

225 1209 316 1249 non
337 1192 492 1249 visus
514 1192 598 1247 vel
623 1190 865 1247 absentia
888 1190 1038 1247 visus
1069 1191 1119 1245 in
1157 1190 1352 1262 lapide.
1385 1192 1472 1247 ubi
1499 1208 1603 1249 non
1641 1196 1802 1252 debet

223 1299 329 1344 esse
357 1286 528 1341 visus.
562 1283 726 1341 Multa
751 1282 968 1354 quoque
990 1282 1094 1337 alia
1130 1283 1383 1340 similiter
1408 1284 1667 1342 dicuntur
1703 1289 1800 1344 ali-

223 1379 354 1449 quid,
386 1378 691 1434 secundum
745 1377 974 1431 formam
1031 1375 1308 1447 loquendi,
1356 1393 1478 1449 qua:
1528 1396 1631 1435 non
1673 1391 1799 1438 sunt

222 1469 442 1541 aliquid,
466 1470 722 1538 quoniam
747 1469 827 1524 sic
849 1465 1122 1538 loquimur
1143 1470 1209 1523 de
1238 1470 1363 1538 illis,
1393 1471 1533 1527 sicut
1552 1473 1617 1528 de
1634 1475 1796 1531 rebus

220 1559 588 1615 existentibus.
622 1557 737 1614 Hoc
763 1573 893 1629 ergo
919 1558 1080 1612 modo
1110 1558 1310 1614 malum
1337 1570 1392 1616 et
1419 1562 1553 1616 nihil
1583 1563 1797 1634 signiﬁ-

221 1660 332 1705 (aut
359 1648 598 1720 aliquid;
639 1658 693 1703 et
724 1648 867 1718 quod
896 1647 1252 1719 signiﬁcatur,
1286 1660 1370 1707 est
1424 1652 1515 1684 “9'
1566 1653 1791 1724 aliquid,

222 1750 312 1793 non
346 1739 652 1794 secundum
682 1754 819 1804 rem,
845 1750 937 1797 sed
967 1740 1264 1798 secundum
1294 1738 1521 1795 formam
1564 1742 1789 1813 loquen-

1902 921 2041 976 bene
2092 919 2248 974 video
2295 918 2440 989 quod
2483 920 2618 976 dicis
2670 935 2765 990 per
2806 937 2885 977 se.
2922 921 3077 990 Quod
3128 925 3272 979 enim
3323 924 3490 992 (sicut

1905 1026 2068 1081 supra
2088 1011 2203 1080 jam
2253 1010 2441 1066 dixisti
2467 1011 2534 1067 de
2581 1012 2729 1067 omni
2785 1015 3058 1084 creatura)
3115 1014 3248 1069 nihil
3301 1015 3484 1081 habet,

1902 1103 2044 1171 quod
2070 1117 2174 1157 non
2200 1102 2443 1171 accepit,
2488 1102 2631 1157 nihil.
2648 1109 2827 1171 potest
2867 1117 2963 1172 per
3005 1117 3083 1157 se.
3133 1103 3272 1160 MAG.
3307 1103 3486 1162 Perse

1902 1192 2045 1256 dico,
2073 1205 2170 1261 per
2206 1190 2309 1245 hoc
2335 1192 2478 1261 quod
2519 1189 2631 1259 jam
2674 1192 2883 1246 habet:
2911 1201 2970 1247 ut
2986 1192 3077 1261 qui
3110 1193 3272 1247 habet
3320 1194 3489 1263 pedes

1899 1291 1955 1338 et
1981 1298 2102 1354 qua:
2131 1281 2404 1339 sttﬂiciunt
2426 1283 2518 1316 “’3
2540 1274 2613 1337 ad
2632 1284 2926 1353 potentiam
2953 1283 3283 1349 ambulandi,
3310 1293 3488 1354 potest

1901 1376 2185 1431 aiuhulare
2232 1391 2329 1446 per
2354 1391 2451 1441 se;
2491 1377 2581 1446 qui
2626 1386 2806 1431 autem
2861 1377 3025 1432 habet
3057 1380 3242 1446 pedes,
3280 1386 3336 1433 et
3375 1394 3494 1436 non

1900 1463 2500 1520 hahetineolumitatem
2524 1465 2719 1535 pedum
2743 1481 2847 1520 non
2876 1474 3054 1535 petest
3077 1465 3357 1523 ambulare
3387 1481 3486 1538 per

1898 1581 1977 1621 se.
2021 1564 2132 1621 lloc
2188 1567 2371 1636 itaque
2415 1571 2576 1621 modo
2612 1580 2796 1635 quaero
2837 1581 2904 1620 an
2961 1565 3050 1621 ille
3101 1566 3344 1634 angelus,
3391 1567 3499 1638 qui

1890 1655 2004 1728 jam
2028 1665 2187 1727 aptus
2217 1666 2303 1711 est
2336 1656 2405 1711 ad
2429 1655 2740 1721 voleudum,
2782 1664 2837 1709 et
2891 1655 3129 1710 nondum
3173 1656 3496 1725 ,quidquam.

1897 1747 2032 1813 vult,
2063 1748 2362 1818 possiner
2383 1762 2442 1802 se
2463 1746 2600 1801 velle
2621 1745 2856 1814 aliquid?
2893 1746 3041 1801 Disc.
3074 1746 3210 1800 Puto
3237 1746 3361 1815 quia
3389 1760 3486 1815 po-

219 1827 283 1887 di.
308 1827 449 1883 Nihil
474 1828 744 1883 enimnon
776 1829 917 1884 aliud
934 1830 1228 1901 signiﬁcat,
1248 1844 1411 1901 quam
1433 1846 1538 1885 non
1564 1831 1789 1902 aliquid,
1824 1830 1868 1891 Β
1899 1847 2023 1904 test,
2048 1839 2092 1894 si
2118 1837 2407 1908 aliquando
2429 1838 2562 1891 vult.
2589 1836 2727 1892 MAG.
2752 1836 2864 1890 Non
2892 1835 3184 1904 respondes
3212 1836 3279 1889 ad
3315 1836 3489 1891 inter-

218 1921 618 1980 autabsentiam
647 1936 834 1977 eorum
867 1938 988 1993 quae
1012 1931 1139 1979 sunt
1165 1940 1169 1944 -
1191 1922 1426 1994 aliquid;
1479 1931 1534 1978 et
1591 1924 1792 1980 malum

220 2029 311 2069 non
334 2024 420 2071 est
450 2014 620 2077 aliud,
653 2029 816 2084 quam
850 2030 957 2070 non
984 2017 1209 2079 bonum,
1241 2024 1335 2070 aut
1369 2000 1613 2071 absentia
1642 2017 1790 2083 boni,

219 2104 295 2161 ubi
320 2106 481 2161 debet
507 2117 561 2160 et
595 2106 813 2177 expedit
840 2120 962 2161 esse
1007 2105 1228 2161 bonum.
1263 2105 1417 2174 Quod
1454 2117 1636 2163 autem
1684 2124 1792 2164 non

218 2206 289 2253 est
311 2192 483 2263 aliud,
510 2212 673 2267 quam
701 2197 948 2254 absentia
977 2196 1093 2267 ejus
1120 2198 1262 2266 quod
1316 2207 1400 2253 est
1430 2197 1654 2268 aliquid,
1686 2198 1799 2253 uti-'

217 2302 307 2357 que
330 2301 438 2341 non
462 2298 550 2341 est
587 2285 811 2357 aliquid.
843 2284 1042 2342 Malum
1081 2285 1247 2356 igitur
1278 2301 1406 2343 vere
1431 2295 1516 2342 est
1546 2287 1699 2352 nihil,
1730 2298 1785 2343 et

217 2378 335 2433 nihil
370 2392 482 2433 non
515 2388 601 2433 est
631 2377 854 2452 aliquid,
893 2386 949 2434 et
995 2387 1174 2433 tamen
1233 2378 1631 2448 quodammodo
1667 2387 1793 2436 sunt

218 2469 434 2539 aliquid,
466 2470 594 2538 quia
620 2469 701 2525 sic
730 2470 1000 2540 loquimur
1028 2468 1216 2536 dehis,
1243 2471 1396 2540 quasi
1427 2471 1534 2526 sint
1562 2471 1787 2542 aliquid,

216 2575 321 2617 eum
342 2561 579 2618 dicimus
611 2578 627 2616 :
657 2561 825 2627 Nihil,
867 2560 951 2616 vel
979 2560 1181 2616 malum
1207 2559 1368 2629 fecit,
1396 2571 1511 2630 aut,
1534 2562 1668 2618 nihil
1698 2572 1793 2620 aut

216 2654 398 2708 malum
434 2664 540 2719 est,
579 2653 722 2725 quod
750 2654 877 2710 fecit
902 2672 916 2708 :
946 2655 1089 2711 sicut
1110 2654 1344 2711 dicimus
1376 2670 1393 2710 :
1429 2655 1669 2727 Aliquid,
1702 2659 1787 2715 vel

214 2745 397 2801 bonum
430 2747 564 2803 fecit
585 2787 602 2814 ,
637 2758 754 2813 aut,
782 2747 1105 2818 aliquidvel
1129 2747 1328 2804 bonum
1351 2757 1435 2805 est
1463 2748 1607 2821 quod
1638 2751 1789 2809 fecit.

214 2834 337 2916 Hine
364 2848 450 2894 est
482 2832 631 2909 quod
683 2854 805 2894 cum
860 2854 1120 2911 negamus
1152 2840 1376 2895 omnino
1416 2856 1537 2898 esse
1587 2834 1799 2915 aliquid

211 2928 340 2996 quad
364 2927 503 2984 dicit
530 2928 745 2999 aliquis,
776 2928 848 2984 ita
879 2928 1152 2985 dicimus:
1188 2929 1299 2985 Hoc
1327 2932 1470 3002 quod
1519 2932 1677 2998 dicis,
1707 2933 1792 2989 ni-

211 3016 277 3072 hil
298 3027 401 3073 est.
433 3017 569 3074 Nam
594 3020 697 3076 hoc
721 3019 948 3090 etquod
978 3021 1198 3092 pr0prie
1234 3037 1341 3078 non
1387 3022 1652 3079 dicuntur
1681 3024 1788 3082 nisi

210 3106 353 3167 deeo
382 3111 480 3145 ³⁸⁸³
507 3114 654 3184 quod
688 3121 771 3169 est
817 3104 1159 3183 aliquidaet
1209 3129 1333 3170 cum
1384 3115 1457 3170 ita
1509 3115 1799 3185 dicuntur,

1898 1932 2232 2002 rogationem
2267 1947 2463 1987 meam.
2504 1931 2650 1986 DISC.
2685 1929 3004 1998 Quomodo?
3035 1929 3175 1983 MAG.
3209 1930 3321 2001 Ego
3340 1946 3484 2000 qua:-

1897 2023 2045 2079 rode
2083 2022 2217 2078 nihil
2244 2021 2478 2086 volente,
2533 2029 2589 2076 et
2637 2020 2703 2075 de
2761 2027 3028 2090 potestate
3057 2035 3178 2090 quae
3226 2019 3485 2090 praecedit

1896 2133 2009 2173 rem
2035 2132 2050 2171 :
2088 2125 2144 2172 et
2180 2127 2234 2170 lu
2266 2115 2560 2184 respondes
2586 2113 2651 2169 de
2687 2113 2900 2169 volente
2921 2113 3013 2152 ³³⁸⁸
3036 2120 3092 2167 et
3116 2112 3184 2168 de
3208 2119 3479 2183 potestate

1894 2224 2014 2279 qme
2037 2207 2094 2263 ﬁt
2128 2223 2253 2263 cum
2282 2223 2361 2264 re.
2386 2205 2520 2262 Nam
2545 2220 2707 2262 omne
2730 2206 2875 2276 quod
2923 2214 3027 2273 est,
3075 2219 3141 2260 eo
3186 2211 3303 2275 ipso
3355 2206 3482 2275 quia

1894 2303 1979 2350 est
2010 2294 2132 2360 ποθ,
2165 2304 2344 2365 potest
2387 2308 2548 2360 esse;
2603 2309 2712 2349 non
2756 2295 2937 2348 autem
2986 2307 3147 2348 omne
3193 2293 3336 2363 quod
3374 2301 3495 2358 est“

1894 2386 2067 2456 potuit
2092 2401 2235 2451 esse,
2266 2395 2558 2456 antequam
2587 2393 2734 2440 esset
2760 2384 2878 2439 ¹⁰⁰¹.
2926 2382 3062 2440 Cum
3111 2399 3242 2456 ergo
3290 2399 3477 2454 quaero

1894 2486 2075 2533 utrum
2127 2477 2215 2533 ille
2255 2478 2346 2548 qui
2397 2476 2532 2532 nihil
2580 2476 2719 2540 vult,
2785 2474 2955 2545 possit
3013 2463 3214 2540 ’velle,
3295 2490 3485 2544 quaero

1894 2575 2228 2636 potestatem.
2247 2577 2375 2622 ante
2401 2567 2760 2631 voluntatem,
2784 2580 2890 2635 qua
2931 2580 2992 2621 se
3039 2565 3211 2635 possit
3260 2577 3485 2619 movere

1897 2660 1961 2716 ad
1988 2660 2344 2716 voluntatem.
2374 2657 2454 2713 Tu
2479 2673 2632 2723 vero,
2661 2672 2783 2712 cum
2814 2656 3110 2726 respondes
3134 2656 3260 2725 quia
3288 2655 3334 2710 si
3364 2656 3484 2710 vult
3510 2728 3513 2735 ι

1894 2762 2093 2824 potest,
2122 2753 2259 2809 dicis
2286 2761 2612 2823 potestatem
2637 2752 2763 2821 quae
2782 2749 2844 2804 [lt
2865 2764 2990 2804 eum
3022 2748 3139 2818 ipsa
3170 2748 3475 2803 voluntate.
3513 2780 3516 2784 λ

1894 2844 2128 2901 Necesse
2154 2844 2298 2899 enim
2326 2853 2409 2900 est
2432 2844 2482 2899 si
2509 2842 2645 2908 vult,
2672 2850 2733 2897 ut
2757 2840 2928 2912 possit
2962 2838 3118 2895 velle.
3148 2838 3295 2893 DISC.
3352 2838 3481 2894 Seio
3514 2866 3525 2913 ;

1892 2938 2026 2994 duas
2051 2952 2173 2995 esse
2199 2946 2497 3008 potestates
2527 2954 2541 2991 :
2572 2949 2756 2999 utram,
2785 2948 2905 3004 qure
2927 2932 3165 2987 nondum
3191 2940 3277 2988 est
3302 2929 3356 2984 in
3386 2945 3476 2995 re;
3502 2948 3505 2952 ·

1892 3029 2142 3095 alteram,
2171 3044 2288 3099 qua:
2310 3027 2423 3099 jam
2451 3036 2535 3085 est
2561 3028 2612 3080 in
2642 3040 2722 3081 re.
2751 3024 2858 3079 Sed
2886 3033 2955 3079 et.
2989 3022 3091 3078 hoc
3119 3036 3224 3077 non
3252 3036 3487 3092 possunt

1893 3118 2125 3187 nescire,
2149 3118 2273 3189 quia
2300 3116 2563 3188 quidquid
2590 3118 2662 3171 ita
2692 3118 2870 3186 potest
2894 3128 3016 3169 esse
3043 3121 3100 3166 ut
3132 3111 3244 3181 jam
3292 3112 3398 3180 sit,
3429 3112 3478 3166 si

209 3202 337 3258 sicut
360 3206 524 3262 modo
548 3206 679 3270 dixi,
712 3221 815 3262 non
840 3207 1093 3263 dicuntur
1121 3207 1189 3263 de
1203 3222 1270 3264 eo
1293 3209 1438 3278 quod
1464 3209 1536 3265 sit
1558 3210 1783 3281 aliquid,
1816 3185 1859 3244 (ἶ
1893 3185 2182 3280 aliquando
2207 3185 2468 3277 nonfuit,
2495 3185 2865 3278 potuitiprius
2890 3218 3029 3261 esse.
3059 3203 3122 3260 Si
3169 3203 3315 3259 enim
3366 3218 3487 3259 non-

206 3294 291 3350 sed
322 3296 468 3366 quod
490 3297 647 3367 quasi
673 3297 875 3369 aliquid
901 3298 1101 3354 dicitur
1130 3298 1242 3352 “".
1287 3299 1541 3373 [ηεαρδ
1576 3302 1786 3360 ratione

208 3386 433 3441 noxniuis
462 3387 612 3452 mali,
644 3404 750 3459 qua
783 3402 870 3443 me
896 3388 1153 3459 putabam
1200 3403 1359 3458 posse
1402 3389 1636 3460 probare
1664 3406 1785 3447 ma-

207 3476 304 3533 liun
331 3495 454 3536 esse
475 3480 701 3552 aliquid,
730 3482 1079 3545 satisfecisti.

804 3593 1033 3651 CAPUT
1071 3594 1181 3650 ΧΗ.

208 3701 350 3769 Quod
382 3702 601 3775 angelus
622 3721 740 3781 a_se
768 3722 870 3781 non
900 3706 1067 3781 potuit
1112 3708 1300 3763 habere
1344 3706 1655 3764 uoluntatem
1682 3710 1790 3781 pri—

269 3790 439 3838 mum;
464 3786 513 3829 et
542 3775 683 3845 quod
728 3775 1165 3851 ntultg'dicuntur
1222 3796 1372 3845 posse
1414 3780 1587 3835 aliena
1616 3775 1789 3851 poleso

264 3853 391 3908 late,
430 3854 480 3900 et
512 3862 615 3900 non
639 3863 787 3917 posse
811 3847 985 3901 aliena
1006 3849 1334 3917 impotentia.

273 3934 462 3991 ltestat
490 3951 636 3992 nunc
662 3945 722 3991 u‘t
750 3953 836 3993 me
858 3938 925 3992 ad
954 3937 1085 4004 alia,
1115 3950 1234 4007 qua:
1260 3936 1391 3994 mihi
1439 3940 1638 3995 malum
1667 3957 1789 3997 esse

202 4026 400 4097 aliquid
487 4022 818 4098 persuadere
902 4029 1151 4085 nituntur
1183 4070 1199 4097 ,
1276 4029 1406 4100 quid
1462 4034 1790 4101 respondere

200 4119 404 4178 valeam
429 4120 683 4180 edoceas.
715 4123 859 4201 MAG.
883 4124 955 4182 Ut
981 4127 1270 4182 veritatem
1305 4126 1383 4182 rei
1403 4128 1644 4183 enodare
1694 4128 1787 4167 ‘9"

199 4214 481 4279 possimus,
537 4216 753 4289 longius
801 4219 896 4253 ‘9"
962 4220 1362 4291 aliquantulum
1405 4222 1649 4279 exordiri
1686 4236 1788 4277 nos

176 4390 270 4469 {sis
292 4404 584 4454 contentus
603 4398 814 4471 singula
854 4402 1415 4474 tantum-intelligere,
1466 4404 1560 4459 sed
1590 4404 1780 4460 omnia

198 4483 355 4540 simul
383 4489 652 4544 memoria
683 4490 841 4561 quasi
892 4493 994 4548 sub
1020 4509 1128 4549 uno
1157 4494 1355 4550 intuitu
1386 4495 1480 4527 "’7
1505 4494 1781 4566 colligere.

198 4312 439 4371 oportet;
488 4306 586 4362 sed
615 4315 673 4363 et
693 4323 833 4375 opus
856 4318 941 4365 est
968 4320 1027 4365 ut
1056 4321 1111 4367 tu
1142 4328 1228 4378 ea,
1252 4328 1377 4384 quae
1425 4313 1626 4380 dicam,
1676 4328 1801 4368 non

1891 3303 2179 3375 potuisset,
2206 3316 2481 3372 nunquam
2506 3308 2671 3356 esset.
2701 3299 2848 3355 Bene
2873 3313 3003 3371 ergo
3024 3296 3237 3354 aestimo
3263 3311 3351 3353 me
3379 3312 3467 3353 re-

1890 3393 2200 3466 spondisse,
2228 3394 2355 3465 quia
2384 3394 2475 3463 qui
2505 3392 2625 3448 ideo
2651 3394 2830 3463 potest
2860 3390 3019 3459 velle,
3045 3389 3173 3460 quia
3191 3386 3308 3460 jam
3335 3390 3472 3456 vult,

1798 3498 1801 3505 '
1891 3497 2118 3540 necesse
2143 3491 2227 3539 est
2253 3498 2377 3538 eum
2404 3482 2557 3553 prius
2591 3482 2856 3554 potuisse,
2894 3495 3059 3553 quam
3095 3478 3281 3535 vellet.
3329 3477 3472 3534 MAG.

1890 3573 2060 3631 Putas
2086 3573 2211 3645 quia
2239 3575 2383 3644 quod
2423 3573 2559 3629 nihil
2583 3582 2684 3641 est,
2713 3571 2935 3629 omnino
2985 3568 3135 3626 nihil.
3170 3568 3476 3635 babet;.‘et

1892 3665 2014 3722 ideo
2038 3664 2240 3745 nullam
2266 3665 2428 3721 habet
2452 3666 2793 3736 potestatem,
2819 3673 2876 3720 et
2901 3664 3022 3721 sine
3048 3670 3319 3736 potestate
3355 3676 3478 3717 (δίη-ι

1893 3757 2025 3813 nino
2058 3756 2194 3812 nihil
2245 3764 2444 3828 potest.
2495 3757 2641 3813 Drsc.
2693 3751 3200 3827 Hoc’non'possum
3250 3768 3483 3824 negare.

1892 3849 2033 3906 MAG.
2062 3848 2299 3906 .IEstimo
2321 3849 2449 3920 quia
2477 3849 2733 3915 mundus,
2786 3857 3101 3918 antequam
3130 3846 3309 3911 ﬂeret,
3338 3843 3475 3899 nihil

1890 3952 2029 3997 erat.
2059 3942 2204 3998 Dtsc.
2236 3941 2438 3997 Verum
2482 3941 2637 3997 dicis.
2690 3939 2827 3995 ΜΑο.
2877 3939 3018 4009 Ergo
3065 3937 3290 3993 omnino
3341 3934 3476 3989 nihil

1889 4036 2087 4106 potuit,
2124 4042 2419 4102 antequam
2467 4040 2630 4090 esset.
2684 4033 2828 4087 Drsc.
2881 4030 2959 4084 Ita
3007 4031 3274 4099 sequitur.
3328 4026 3472 4081 MAG.

1890 4124 2005 4180 Non
2033 4139 2164 4194 ergo
2188 4125 2366 4193 potuit
2393 4136 2536 4190 esse,
2572 4131 2865 4192 antequam
2892 4130 3062 4177 esset.
3101 4119 3250 4176 Disc.
3283 4120 3350 4173 Et
3368 4135 3474 4189 ego

1890 4216 2012 4272 dico
2040 4232 2053 4269 :
2084 4213 2141 4268 Si
2170 4229 2276 4268 non
2304 4214 2479 4285 potuit
2521 4228 2667 4277 esse,
2715 4211 3051 4283 impossibile
3099 4210 3213 4265 fuit.
3246 4217 3306 4265 ut
3330 4218 3476 4265 esset

1894 4305 2206 4377 aliquando.
2239 4304 2377 4360 MAG.
2408 4304 2475 4359 Et
2505 4304 2791 4375 possibile,
2841 4312 2898 4366 et
2947 4300 3280 4373 inqressibile
3331 4310 3491 4367 erat,

1889 4406 2187 4468 antequam
2209 4407 2356 4454 esset
2384 4414 2398 4452 :
2424 4407 2483 4454 et
2505 4397 2726 4468 quidem
2762 4397 2817 4452 in
2841 4393 2999 4465 cujus
3044 4404 3313 4466 potestate
3365 4409 3491 4451 non.

1891 4497 2010 4545 erat
2037 4497 2098 4544 ut
2121 4498 2291 4554 esset,
2315 4498 2435 4543 erat
2459 4487 2824 4559 impossibile;
2877 4489 2972 4543 sed
3021 4488 3152 4554 Deo,
3206 4485 3262 4541 in
3310 4485 3491 4556 cujus

198 4574 342 4634 Dtsc.
391 4579 506 4652 Ego
535 4581 756 4652 quidem
803 4582 1045 4640 intentus
1096 4599 1194 4641 ero
1235 4594 1497 4657 quantum
1549 4562 1782 4658 potero:
1818 4562 1864 4618 Ῑ)
1890 4588 2159 4652 potestate
2200 4590 2327 4635 erat
2363 4589 2431 4635 ut
2468 4579 2623 4651 ﬁeret
2668 4579 2921 4650 posSibile
2968 4587 3114 4646 erat;
3166 4579 3294 4650 quia
3343 4594 3493 4649 ergo,

196 4680 570 4726 vemmtamen
605 4672 652 4727 si
682 4672 739 4727 iu
784 4673 966 4745 aliquo
1017 4675 1225 4730 tardior
1264 4690 1426 4745 quam
1453 4675 1586 4733 velis
1616 4677 1784 4732 exsti-

198 4766 328 4824 tero,
362 4776 470 4817 non
489 4772 543 4817 te
568 4778 657 4819 me
683 4775 1004 4834 exspectare
1024 4766 1223 4837 pigeat,
1242 4776 1415 4837 prout
1441 4783 1460 4819 ι
1476 4767 1641 4822 ideris
1672 4778 1784 4823 tar-

196 4850 415 4908 ditatem
449 4858 942 4926 meamexpeter'e.
980 4856 1122 4913 MAG.
1163 4858 1434 4915 Ponamus
1454 4874 1584 4930 ergo
1609 4860 1778 4914 Deum

195 4953 335 4999 nunc
366 4942 547 5001 facere
571 4946 845 5018 angelum,
881 4964 1042 5019 quem
1072 4950 1202 5006 velit
1233 4950 1415 5008 facere
1442 4952 1691 5015 beatum;
1723 4961 1780 5007 et

1862 4673 2034 4729 .Deus
2060 4673 2492 4744 priusmundum
2527 4671 2907 4742 potuitl‘acere
2932 4673 3027 4705 ¹⁰⁰¹
3076 4688 3240 4744 quam
3291 4672 3467 4733 ﬁeret.

1890 4763 2012 4819 ideo
2035 4773 2121 4819 est
2148 4764 2411 4831 mundus;
2442 4778 2546 4819 non
2568 4764 2696 4833 quia
2721 4764 2836 4834 ipse
2858 4766 3092 4820 nmndus
3120 4764 3272 4834 prius
3299 4763 3473 4832 Potuit

1889 4872 2032 4912 esse.
2065 4855 2212 4911 Disc.
2244 4854 2460 4911 Rationi
2501 4870 2613 4909 non
2658 4870 2873 4925 possum
2917 4853 3322 4914 contradicere;
3379 4852 3472 4905 sed

1892 4963 2025 5005 usus
2049 4947 2302 5019 loquendi
2332 4961 2438 5002 non
2467 4947 2757 5003 consentit.
2794 4945 2930 5002 MAG.
2960 4945 3072 5000 Non
3123 4952 3205 4999 est
3251 4943 3468 4997 mirum.

1478 5105 1710 5164 VARIxE
1743 5103 2150 5163 LECTIONES.

262 5215 359 5287 "*f
400 5215 536 5272 Cum
584 5219 687 5274 hoc
732 5236 837 5275 non
880 5222 952 5277 sit
978 5238 1101 5277 mss.
1128 5236 1250 5277 cum
1275 5224 1388 5278 haec
1421 5238 1525 5277 non
1564 5224 1636 5278 sit
1710 5221 1952 5278 ImNon
1979 5221 2151 5287 visus,
2178 5218 2259 5274 vel
2289 5233 2415 5273 mss.
2442 5232 2547 5272 non
2579 5230 2708 5272 vero
2732 5215 2899 5287 visus,
2930 5213 3011 5267 vel

3122 5210 3211 5243 ιω
3237 5209 3304 5264 Et
3325 5214 3469 5281 quod

188 5283 479 5356 signiﬁcat,
505 5298 586 5343 est
603 5306 751 5366 _mss.
777 5299 825 5346 et
861 5292 986 5366 edit.
1024 5290 1151 5366 Ven.
1173 5302 1230 5366 et
1255 5294 1398 5362 quod
1425 5294 1897 5366 signiticaturaesl
1971 5291 2064 5326 ’9”
2244 5296 2302 5366 9‘
2331 5289 2435 5366 “9°
2460 5288 2601 5366 quo}!
2627 5286 2977 5366 Ρῗίῖνῖ.ίθ.ζ¹¹⁰¹¹
3002 5281 3384 5366 (ξίεῆυτῖ..“⁰¹ξ.
3404 5285 3481 5366 (Ῐθ

185 5354 255 5434 eo
279 5372 409 5434 mss.
436 5373 560 5413 nam
602 5360 815 5434 boc,_et
839 5362 983 5434 quod
1012 5363 1231 5434 proprie
1257 5354 1365 5418 non
1394 5354 1649 5419 dicuntur
1671 5381 1689 5420 ι
1711 5354 1813 5420 nisi
1845 5363 1912 5434 de
1940 5377 2008 5419 eo
2110 5360 2211 5434 “‘l"
2235 5360 2394 5434 Quod
2415 5354 2962 5434 estaliquid’dicitur,
2986 5362 3039 5434 et
3078 5354 3458 5434 eumitadici-

186 5431 293 5490 tur,
326 5426 673 5505 sicut__modo
699 5431 834 5505 dixi,
856 5423 973 5488 'non
1004 5423 1218 5505 dicitur,
1274 5449 1340 5490 eo
1362 5435 1504 5503 quod
1540 5436 1612 5490 sit
1656 5433 1882 5505 aliquid,
1910 5434 2005 5489 sed
2033 5432 2187 5505 quasi
2233 5423 2433 5505 aliquid
2481 5423 2678 5505 dicitur
2709 5441 2838 5505 mss.
2868 5424 3021 5505 009d
3050 5434 3133 5505 ΕΜ
3159 5423 3393 5505 aliquid;
3415 5434 3467 5479 οε

185 5508 308 5549 rum
340 5497 415 5551 ita
450 5497 724 5569 dicuntur,
757 5494 899 5558 sicut
924 5504 1086 5559 modo
1125 5494 1258 5568 dixi,
1291 5494 1395 5559 novi
1418 5505 1673 5561 dicuntur
1713 5494 1781 5560 de
1817 5494 1884 5560 eo
1918 5494 2065 5572 quod
2111 5504 2184 5558 sit
2225 5501 2294 5554 ali
2325 5494 2458 5564 'uid;
2498 5497 2592 5552 sed
2638 5496 2782 5567 quod
2826 5495 2979 5566 quasi
3019 5494 3222 5564 aliquid
3271 5494 3465 5548 dicitur

187 5563 277 5598 ""
318 5566 571 5625 Enodare
624 5587 751 5625 mss.
802 5570 940 5625 Vict.
990 5574 1280 5625 enucleare
1354 5575 1445 5607 ηπ
1495 5575 1677 5625 mee
1717 5592 1844 5625 mss.
1891 5575 2100 5625 lonuius
2174 5572 2264 5605 "’7
2299 5515 2431 5625 (lino
2463 5568 2658 5623 intuitu
2695 5582 2823 5622 mss.
2865 5563 3052 5620 ϐίαιον.
3085 5580 3197 5620 uno
3221 5566 3465 5619 contuitu

308 5566 574 5647 Enodare
615 5563 751 5647 nisi.
802 5570 940 5628 Vict.
990 5563 1280 5647 enucleare
1354 5575 1445 5607 ¹⁹³⁸
1495 5575 1677 5647 Longe
1717 5592 1844 5629 mss.
1891 5563 2100 5646 longius
2174 5572 2264 5647 "f'

2362 5563 2673 5623 no'intuitu'
2695 5563 3052 5638 mssL'Cister.
3085 5563 3197 5638 uno
3221 5566 3466 5619 contuitu
3498 5585 3516 5638 ς

184 5634 435 5717 ⁸⁸⁵,Οηὶιὲ
458 5640 1023 5717 διμίῐίεἱεηιιιηεεηαυω
1052 5644 1321 5701 subiciunt
1422 5647 1513 5679 ηπ
1540 5634 1916 5717 Deuvuluntate
1943 5634 2011 5699 et"
2030 5660 2155 5697 mss.
2188 5642 2254 5697 de
2286 5638 2498 5717 volente
2522 5648 2594 5717 et_
2670 5637 2777 5717 ’σξιο
2808 5637 2873 5692 Ει
2904 5637 3019 5717 ipso
3050 5637 3193 5717 quod
3223 5643 3307 5716 est
3339 5650 3463 5688 mss.
3486 5634 3501 5665 -ί

181 5708 401 5791 enipso
424 5711 659 5791 quia_est
731 5715 831 5791 '°°l_
870 5708 1174 5791 Ajuequam
1206 5727 1348 5774 esset
1399 5734 1519 5773 mss.
1548 5716 1734 5774 (ἕξεων.
1758 5717 2070 5787 priusquam
2101 5723 2245 5769 esset
2315 5709 2689 5767 "’"ﬁhuidum
2717 5708 2898 5765 facere
2925 5714 3136 5778 poterat
3160 5708 3312 5777 prius
3340 5720 3471 5791 mss.

182 5778 337 5848 prius
403 5778 656 5838 tumidum
689 5787 854 5856 potuit
888 5778 1068 5843 facere
