4050 6294
565 320 673 379 δὶδ

1107 322 1167 378 S.
1207 320 1507 379 ANSELMI
1538 318 1892 376 CANTUAR.
1932 314 2251 372 ARCIIIEP.
2284 310 2437 368 OPP.
2471 307 2651 365 PARS
2687 307 2729 362 I.
2770 338 2843 350 —
2879 305 3301 364 DOGIIATICA.

3738 306 3841 364 3H

567 438 735 494 Multa
763 438 997 505 namque
1025 440 1076 490 in
1105 436 1377 491 communi
1419 436 1691 490 locutione
1740 432 2001 486 dicuntur
2049 432 2153 485 im-
2185 438 2229 494 Α
2259 426 2412 494 cujus
2435 422 2703 481 commodi
2724 421 2799 505 ad
2830 420 3118 480 volendum
3144 420 3373 491 aliquid,
3414 420 3520 477 nisi
3547 432 3640 492 qut
3691 422 3844 492 prius
3917 455 3921 458 ~

565 530 819 600 prOprie;
848 528 942 585 sed
966 544 1088 583 cum
1109 538 1321 597 oportet
1348 527 1446 559 ¹⁰⁹³
1474 525 1763 581 medullam
1796 522 2040 578 veritatis
2067 524 2152 577 in-

573 622 815 689 quirere,
862 634 1085 675 necesse
1102 629 1188 674 est
1214 620 1681 690 improprietatem
1713 617 2151 688 perturbantem,

569 719 833 780 quantum
860 724 949 764 res
973 710 1176 780 expetit
1201 721 1254 766 et
1280 711 1539 780 possibile
1585 719 1689 775 est,
1720 722 2022 766 secernere.
2075 707 2154 761 Ex

563 819 670 873 qua
700 802 1101 872 improprietate
1127 802 1378 872 loquendi
1407 802 1465 857 lit
1489 811 1547 856 ut
1572 803 1871 873 sepissime
1909 801 2155 856 dicamus

565 904 680 950 rem
708 910 897 965 posse,
927 911 1033 950 non
1061 897 1204 965 quod
1234 895 1321 949 illa
1350 896 1539 966 posstt,
1594 896 1688 951 sed
1740 895 1993 965 quoniam
2043 894 2150 948 alia

560 1000 651 1057 res
673 995 877 1056 potest;
932 993 986 1039 et
1006 1002 1151 1050 rem,
1181 1003 1302 1059 qua:
1328 996 1523 1058 potest,
1553 1005 1660 1044 non
1689 1002 1869 1059 posse,
1898 987 2149 1056 quoniam

561 1076 665 1131 azia
693 1090 779 1131 res
805 1090 911 1131 non
937 1087 1116 1146 potest
1141 1095 1156 1132 :
1187 1087 1265 1143 ut,
1294 1079 1341 1133 si
1371 1080 1492 1133 dico
1522 1098 1536 1133 :
1578 1079 1742 1133 Liber
1788 1088 2014 1148 potesta
2065 1090 2152 1132 me

566 1164 752 1231 scrib.,
778 1167 967 1237 utique
1018 1167 1158 1222 liber
1206 1169 1341 1223 nihil
1369 1179 1580 1240 potest,
1635 1171 1730 1225 sed
1786 1183 1885 1239 ego
1932 1183 2150 1238 possum

556 1257 800 1311 scribere
836 1256 1056 1311 librum.
1085 1259 1301 1312 Etcum
1327 1260 1562 1313 dicimus
1592 1275 1607 1312 :
1666 1259 1774 1313 lste
1825 1272 1931 1312 non
1972 1266 2151 1329 potest

557 1346 702 1399 vinci
765 1347 835 1402 ah
863 1347 975 1413 illo,
1007 1363 1111 1401 non
1139 1347 1284 1402 aliud
1323 1349 1669 1421 intelligimus
1719 1365 1880 1419 quam
1915 1348 2002 1404 ille
2040 1364 2151 1406 non

555 1446 739 1507 potest
759 1439 978 1494 vincere
997 1440 1186 1495 istum.
1215 1441 1351 1495 IIinc
1377 1452 1463 1496 est
1497 1443 1642 1512 quod
1690 1442 1921 1497 dicimus
1976 1441 2146 1497 Deum

555 1536 665 1580 non
691 1542 850 1596 posse
876 1528 1078 1598 aliquid
1119 1530 1221 1583 sibi
1266 1533 1578 1592 adversum,
1635 1542 1729 1585 aut
1782 1547 2144 1601 perversum;

558 1618 815 1685 quoniam
841 1618 920 1674 sic
942 1627 1026 1674 est
1050 1628 1242 1690 potens
1270 1621 1324 1674 in
1353 1621 1684 1676 beatitudine
1710 1631 1764 1677 et
1781 1621 2010 1690 justitia,
2035 1621 2147 1679 imo

553 1709 815 1777 quoniam
842 1710 1119 1767 beatitudo
1145 1720 1201 1767 et
1217 1713 1431 1784 justitia
1461 1728 1571 1769 non
1610 1724 1737 1769 sunt
1788 1715 1880 1771 illo
1906 1716 2140 1782 diversa,

2255 517 2417 571 habet
2463 500 2771 569 naturalein
2811 512 3142 568 voluntatem
3183 512 3390 568 vitandi
3437 513 3841 570 incommodum

2252 619 2346 663 aut
2378 608 2609 663 habendi
2635 606 3014 670 commodum;
3043 605 3170 674 quia
3216 593 3492 661 voluntate
3541 621 3600 660 se
3628 676 3629 683 γ
3658 615 3842 663 movet

2253 700 2320 753 ad
2346 699 2481 753 alias
2503 698 2832 751 voluntates.
2862 695 3009 750 Dtsc.
3042 694 3252 765 Negare
3285 712 3519 767 nequeo.
3563 696 3707 752 MAG.
3746 695 3842 754 Dic

2252 802 2382 859 ergo
2403 788 2531 857 quia
2554 786 2819 856 quidquid
2851 801 2911 840 se
2939 795 3117 840 movet
3139 785 3206 840 ad
3245 784 3551 849 volendum,
3596 786 3754 857 prius
3784 802 3841 843 se

2250 880 2366 934 vult
2401 879 2473 932 ita
2506 891 2746 933 movere.
2783 877 2927 931 DISC.
2959 875 3035 929 lta
3064 884 3166 930 est.
3195 875 3335 930 MAG.
3366 876 3518 943 Quod
3547 892 3679 947 ergo
3708 874 3840 931 nihil

2249 967 2384 1033 vult,
2412 966 2562 1021 nullo
2600 966 2760 1020 modo
2787 974 2965 1036 potest
3010 982 3069 1021 se
3136 981 3353 1022 movere
3409 968 3473 1021 ad
3525 966 3838 1021 volendunt.

2250 1059 2396 1115 Dtsc.
2426 1056 2539 1112 Non
2572 1072 2788 1127 possum
2817 1056 3211 1112 contradicere.
3254 1056 3397 1117 MAG.
3452 1056 3644 1112 Restat
3673 1056 3839 1128 igilttl
3878 1046 3885 1055 ’

2249 1162 2309 1208 ιιι
2339 1152 2426 1207 ille
2458 1150 2703 1221 angelus,
2733 1149 2831 1220 qui
2851 1147 2963 1217 jam
2997 1158 3156 1219 aptus
3187 1149 3361 1204 factus
3378 1157 3465 1203 est
3512 1147 3578 1202 ad
3631 1147 3838 1206 baben-

2250 1245 2372 1297 dam
2396 1240 2751 1305 voluntatem,
2784 1239 2879 1294 sed
2912 1248 3089 1292 tamen
3125 1237 3263 1292 nihil
3310 1236 3454 1302 vult,
3506 1250 3613 1290 non
3665 1235 3837 1305 possit

2248 1335 2453 1390 habere
2477 1334 2708 1404 primam
2735 1332 3071 1386 voluntatem
3095 1345 3126 1384 a
3158 1344 3236 1385 se-
3293 1329 3442 1385 Dtsc.
3496 1326 3730 1383 Necesse
3757 1336 3836 1383 est

2248 1427 2405 1482 fateri
2435 1440 2521 1480 me
2543 1426 2669 1497 quia
2696 1420 2828 1478 nihil
2844 1431 3019 1494 potest
3043 1438 3140 1492 per
3153 1436 3214 1477 se
3233 1421 3397 1488 velle,
3421 1421 3511 1492 qui
3541 1420 3679 1475 nihil
3706 1418 3830 1473 vult.

2248 1519 2390 1575 MAG.
2424 1520 2619 1574 Beatus
2648 1528 2833 1573 autem
2860 1532 2968 1571 non
2991 1525 3170 1587 potest
3191 1529 3334 1582 esse,
3361 1515 3408 1571 si
3441 1530 3546 1569 non
3571 1513 3692 1567 vult
3717 1512 3834 1568 bea-

2249 1613 2556 1667 titudinem.
2583 1613 2712 1670 Dico
2742 1621 2920 1667 autem
2951 1626 3094 1666 nunc
3145 1609 3240 1641 ’°“
3264 1607 3685 1672 beatitudinem,
3730 1621 3837 1661 non

2248 1704 2637 1758 beatitudinem
2665 1718 2787 1759 eum
2804 1700 3041 1771 justitia,
3071 1700 3167 1755 sed
3193 1715 3356 1771 quam
3381 1697 3568 1754 volunt
3617 1712 3835 1761 omnes,

553 1803 649 1855 sed
677 1818 840 1856 unum
867 1804 1094 1869 bonum,
1119 1805 1199 1860 sic
1225 1814 1307 1860 est
1333 1806 1676 1875 omnipotens
1697 1807 1750 1861 in
1778 1807 2011 1877 simplici
2044 1807 2136 1864 bo-

2253 1797 2417 1851 etiam
2443 1795 2649 1863 injttsti.
2678 1795 2878 1851 Omnes
2906 1793 3105 1863 quippe
3136 1791 3322 1845 volunt
3350 1791 3487 1846 bene
3532 1787 3635 1843 sibi
3692 1802 3838 1843 esse.

551 1909 623 1947 uo
647 1903 707 1948 ut
731 1894 875 1948 nulla
903 1911 993 1950 res
1020 1897 1192 1966 possit
1215 1898 1359 1967 quod
1389 1909 1579 1952 noceat
1605 1898 1703 1932 ¹⁰⁰⁹⁵
1725 1914 1937 1954 summo
1961 1899 2140 1955 bono:

550 1985 673 2039 ideo
699 2001 935 2055 namque
962 2002 1070 2040 non
1096 1996 1273 2057 potest
1318 1989 1412 2021 ²⁰⁰⁶
1452 1991 1729 2059 corrumpi
1761 1990 1845 2043 vel
1901 1992 2140 2046 mentiri.

548 2076 627 2131 lta
667 2075 800 2147 ergo
825 2078 1089 2148 quidquid
1140 2095 1247 2135 non
1282 2090 1384 2146 est,
1430 2088 1721 2152 antequam
1767 2082 1839 2137 sit
1864 2097 1958 2138 sua
1988 2093 2142 2153 pote-

549 2175 693 2223 state
740 2182 862 2224 esse
907 2184 1012 2225 non
1060 2180 1230 2240 potest
1255 2187 1303 2239 ;,
1327 2172 1441 2236 sed,
1493 2174 1539 2228 si
1592 2183 1771 2245 potest
1814 2175 1921 2229 alia
1946 2189 2035 2229 res
2065 2176 2145 2229 fa-

504 2313 512 2321 ,
549 2274 674 2316 cere
703 2270 762 2314 nt
789 2262 880 2330 sit,
912 2262 1016 2317 hoc
1045 2263 1205 2319 modo
1231 2262 1407 2319 aliena
1440 2274 1721 2334 potestate
1769 2273 1949 2336 potest
1989 2280 2138 2322 esse.

548 2349 812 2416 Quamvis
843 2364 1026 2408 autem
1070 2355 1316 2425 pluribus
1342 2357 1518 2413 modis
1545 2359 1709 2414 dividi
1759 2360 1933 2429 possit
1956 2368 2143 2429 poten-

548 2442 624 2494 tia
652 2442 737 2498 vel
768 2443 1109 2513 impotentia,
1172 2446 1277 2500 hoc
1319 2455 1527 2502 tantum
1580 2465 1725 2504 nunc
1771 2450 1866 2505 tibi
1911 2450 2143 2507 sulliciat

550 2532 677 2598 quia
711 2532 877 2587 multa
905 2533 1159 2589 dicuntur
1193 2553 1352 2605 posse
1376 2553 1481 2592 non
1513 2556 1633 2606 sua,
1666 2541 1760 2596 sed
1817 2541 1993 2597 aliena
2039 2556 2140 2612 po-

553 2632 789 2691 testate;
816 2633 872 2682 et
901 2626 1065 2680 multa
1098 2642 1202 2682 non
1231 2645 1390 2699 posse
1420 2646 1526 2685 non
1558 2647 1676 2696 sua,
1710 2635 1808 2688 sed
1838 2633 1933 2666 ²⁰⁰⁸
1962 2636 2138 2691 aliena

544 2713 882 2786 impotentia.
916 2716 993 2772 De
1033 2719 1250 2788 propria
1274 2720 1443 2791 igitur
1467 2731 1745 2792 potestate
1769 2724 1987 2794 loquor,
2012 2741 2143 2780 cum

544 2821 731 2873 quer
757 2806 826 2860 de
848 2807 1060 2879 angelo,
1089 2823 1250 2878 quem
1308 2826 1504 2865 novum
1550 2813 1832 2882 posuimus
1884 2815 2029 2883 lieri,
2082 2825 2139 2873 et

543 2894 813 2951 hactenus
830 2895 946 2966 jam
967 2913 1089 2953 esse
1112 2899 1340 2965 factum,
1365 2911 1425 2955 ut
1444 2900 1557 2970 jam
1610 2914 1769 2972 aptus
1817 2906 1912 2938 ³⁰⁰⁷
1942 2907 2011 2979 sit
2066 2908 2136 2963 ad

546 2990 851 3046 habendam
893 2993 1248 3057 voluntatem,
1290 2996 1385 3051 sed
1434 2997 1568 3052 nihil
1623 2999 1803 3056 adhuc
1860 3001 2020 3069 velit;
2064 3018 2134 3059 an

544 3082 660 3148 ipse
686 3083 857 3151 possit
885 3097 984 3153 per
1015 3098 1075 3139 se
1102 3085 1240 3141 velle
1263 3085 1463 3155 δημιῑά
1491 3096 1547 3143 et
1603 3088 1672 3145 de
1708 3091 1823 3161 ipsa
1874 3092 2009 3148 mihi
2048 3108 2134 3148 reo

544 3172 769 3240 sponde.
802 3174 946 3229 DISC.
978 3174 1033 3229 Si
1052 3174 1165 3245 jam
1194 3176 1275 3231 sic
1302 3186 1459 3246 aptus
1512 3179 1608 3211 ¹⁹⁰⁸
1657 3191 1742 3236 est
1770 3182 1839 3237 ad
1879 3182 2129 3240 volunta~

543 3272 653 3315 tem
676 3270 734 3316 ut
757 3263 892 3320 nihil
916 3265 991 3320 illi
1016 3265 1162 3321 aliud
1213 3268 1355 3324 desit
1388 3285 1552 3341 quam
1605 3271 1762 3339 velle,
1818 3289 1926 3339 non
1967 3275 2127 3332 video

540 3373 639 3410 cur
660 3372 759 3427 per
784 3374 843 3415 se
870 3374 976 3415 non
1004 3362 1173 3432 possit
1202 3379 1217 3415 :
1248 3362 1559 3434 quicunque
1582 3367 1726 3421 enim
1769 3377 1928 3438 aptus
1949 3378 2034 3425 est
2059 3370 2126 3426 ad

540 3451 853 3527 videndum,
886 3462 941 3507 et
966 3453 1165 3509 clausis
1186 3454 1361 3511 oculis
1388 3456 1440 3510 in
1468 3455 1587 3511 luce
1624 3458 1834 3526 positus
1883 3460 2019 3514 nihil
2052 3462 2128 3515 vi-

538 3540 664 3606 det,
690 3551 872 3610 potest
900 3552 1080 3599 tamen
1120 3546 1306 3600 videre
1335 3546 1431 3581 ⁸⁰⁰⁹
1462 3562 1561 3617 per
1611 3562 1670 3602 se
1703 3567 1716 3601 ε
1770 3564 1942 3619 quare.
1994 3566 2127 3622 ergo

539 3645 649 3685 non
677 3630 864 3686 volens
891 3632 1143 3688 similiter
1178 3634 1275 3666 ὀη
1303 3650 1411 3690 non
1436 3636 1569 3691 velit
1614 3651 1712 3705 per
1736 3651 1814 3704 se,
1847 3639 1989 3694 sicut
2018 3656 2124 3703 non

536 3719 731 3774 videns
769 3729 950 3788 potest
973 3736 1072 3790 per
1094 3736 1154 3778 se
1180 3722 1401 3778 videre?
1429 3724 1567 3779 Msa.
1595 3724 1733 3794 Quia
1775 3727 1863 3782 ille
1910 3744 2017 3784 non
2046 3732 2119 3784 νίς

536 3810 672 3865 dens
698 3809 863 3866 habet
894 3811 1068 3867 visum
1095 3821 1154 3867 et
1176 3814 1538 3893 voluntatem,
1564 3830 1671 3885 qua
1703 3826 1879 3887 potest
1904 3834 2126 3878 movere

534 3900 743 3968 visum;
775 3917 919 3958 nunc
950 3919 1081 3960 vero
1109 3905 1176 3960 de
1201 3905 1297 3944 ὀιί
1319 3905 1433 3973 illo,
1469 3908 1559 3977 qui
1592 3909 1795 3964 nullam
1843 3911 2001 3967 nahet
2029 3929 2125 3969 vo-

534 3989 819 4059 Iuntatem,
850 3994 1143 4065 loquimur.
1179 3997 1379 4072 Quare,
1419 4002 1687 4071 responde
1718 4003 1873 4069 mihi,
1920 4005 1964 4059 si
2016 4022 2123 4076 qua

534 4098 625 4138 res
654 4085 891 4154 seipsam
919 4098 1098 4145 movet
1122 4091 1190 4146 de
1209 4106 1318 4147 non
1358 4092 1495 4149 velte
1528 4095 1597 4150 ad
1630 4094 1787 4160 velle,
1831 4106 2011 4152 utrum
2040 4100 2121 4156 sic

534 4172 655 4241 ipsa
679 4175 774 4208 ²⁰¹²
799 4177 931 4233 velit
956 4194 1195 4237 movere.
1222 4182 1338 4254 ω
1366 4183 1513 4241 Disc.
1544 4184 1600 4240 Si
1634 4186 1826 4243 dixero
1851 4189 1975 4258 quia
2006 4205 2121 4247 mo-

531 4278 727 4326 veatur
759 4286 867 4329 non
894 4275 1105 4343 volens,
1134 4292 1479 4350 consequens
1504 4281 1612 4337 erit
1660 4291 1722 4338 ut
1745 4299 1856 4339 non
1878 4301 1908 4339 a
1935 4300 1995 4340 se
2023 4285 2131 4343 sed.

449 4354 459 4363 ’
529 4362 602 4414 ab
629 4362 738 4418 alio
757 4377 1061 4433 moveatur,
1084 4369 1189 4425 nisi
1241 4368 1384 4426 forte
1437 4372 1480 4427 si
1527 4374 1650 4443 quis
1688 4376 1869 4432 subito
1915 4376 2119 4435 claudit

533 4455 722 4511 oculos
759 4458 826 4512 ad
861 4459 1023 4515 ictum
1056 4462 1383 4527 venientem,
1410 4474 1501 4519 aut
1530 4467 1575 4519 si
1626 4469 1840 4538 cogitur
1865 4470 1988 4540 quis
2017 4473 2117 4526 ali-

529 4561 642 4617 quo
669 4549 1035 4619 incommodo,
1083 4561 1143 4608 ut
1167 4553 1300 4609 velit
1326 4558 1469 4625 quod
1521 4558 1672 4628 prius
1724 4574 1831 4619 non
1874 4562 2110 4619 volebat.

2247 1884 2484 1954 Excepto
2507 1899 2740 1955 namque
2767 1884 2892 1949 hoc,
2922 1881 3067 1952 quod
3094 1880 3273 1936 omnis
3301 1889 3496 1934 natura
3525 1879 3672 1934 bona
3699 1877 3835 1933 dici-

2244 1985 2369 2044 tur;
2400 1975 2509 2030 duo
2540 1976 2680 2031 bona
2711 1984 2766 2030 et
2786 1976 2892 2030 duo
2921 1975 3005 2028 his
3059 1972 3154 2006 ὀυ’
3209 1971 3484 2027 contraria
3534 1968 3677 2025 mala
3735 1985 3836 2025 usu

2244 2068 2500 2124 dicuntur
2526 2081 2541 2121 :
2575 2082 2739 2122 unum
2768 2068 2969 2123 bonum
3002 2074 3107 2130 est,
3139 2063 3282 2133 quod
3309 2062 3405 2102 "‘7‘
3434 2060 3633 2117 dicitur
3674 2060 3831 2131 justi-

2247 2158 2341 2223 tia,
2372 2158 2458 2211 cui
2506 2157 2837 2212 contrarium
2877 2155 3079 2209 malum
3120 2154 3211 2185 “‘7
3239 2161 3341 2217 est,
3374 2150 3670 2222 injustitia;
3701 2149 3829 2205 alte-

2240 2264 2362 2306 rum
2391 2251 2591 2305 bonum
2611 2257 2712 2313 est,
2741 2248 2887 2319 quod
2915 2249 3049 2303 mihi
3081 2247 3298 2303 videtur
3337 2260 3498 2317 posse
3545 2245 3654 2301 dici
3686 2259 3835 2299 com-

2241 2341 2494 2408 modum;
2526 2352 2583 2397 et
2635 2341 2765 2398 huic
2805 2342 3009 2397 malum
3058 2345 3358 2413 opponitur
3408 2341 3835 2403 incommodum.

2242 2434 2348 2489 Sed
2371 2434 2638 2505 justitiam
2663 2435 2880 2504 quidem
2910 2450 3018 2490 non
3046 2449 3236 2490 omnes
3265 2433 3471 2499 volunt,
3502 2446 3684 2503 neque
3706 2447 3827 2486 om-

2242 2541 2341 2581 nes
2364 2526 2581 2596 fugiunt
2603 2526 2956 2594 iniustitiam;
2983 2526 3325 2582 commodum
3349 2538 3480 2579 vero
3508 2539 3614 2578 non
3643 2524 3825 2577 soluat

2241 2617 2422 2673 ontuis
2444 2615 2727 2673 rationalis
2747 2626 2964 2681 natura,
2993 2616 3085 2673 sed
3113 2625 3164 2672 et
3192 2630 3355 2671 omne
3376 2617 3475 2650 ³⁸³⁸
3500 2615 3646 2686 quod
3697 2629 3832 2668 seu-

2242 2708 2345 2763 tire
2374 2716 2571 2777 potest,
2604 2707 2752 2773 vult;
2778 2716 2833 2763 et
2859 2706 2996 2761 vitat
3019 2706 3446 2781 incommodqm.
3472 2704 3609 2760 Nam
3646 2701 3833 2759 nullus

2240 2799 2373 2866 vult,
2412 2799 2515 2854 nisi
2540 2797 2685 2869 quod
2708 2797 2895 2868 aliquo
2930 2796 3091 2853 modo
3125 2804 3283 2865 putat
3323 2795 3426 2852 sibi
3458 2794 3833 2851 commodum.

2239 2896 2355 2953 IIoc
2384 2897 2549 2968 igitur
2571 2897 2753 2961 modo,
2784 2896 2923 2951 bene
2947 2894 3051 2949 sibi
3089 2879 3213 2952 esse
3259 2908 3451 2950 omnes
3509 2892 3722 2956 volunt,
3778 2901 3830 2946 el

2238 2989 2380 3043 male
2408 2988 2511 3043 sibi
2540 3002 2661 3043 esse
2687 2986 2896 3043 nolunt.
2924 2985 3002 3041 De
3027 2986 3131 3040 hac
3156 2980 3652 3041 beatitudinenunc
3678 2984 3828 3049 dico,

2239 3080 2366 3152 quia
2393 3078 2488 3118 ’δι’
2516 3078 2695 3141 nullus
2720 3085 2898 3150 potest
2923 3091 3047 3133 esse
3072 3077 3265 3132 beatus
3295 3075 3387 3146 qui
3418 3091 3524 3132 non
3553 3076 3672 3130 vult
3700 3076 3831 3131 bea-

2238 3154 2548 3226 titudinem.
2573 3168 2771 3225 Nullus
2789 3183 3029 3240 namque
3073 3168 3293 3235 beatus,
3336 3177 3515 3239 potest
3566 3182 3690 3223 esse
3733 3176 3832 3229 aut

2149 3228 2202 3289 θ
2237 3263 2486 3319 habendo
2514 3263 2658 3333 quod
2680 3278 2789 3318 non
2816 3228 2953 3327 vult,
2984 3270 3079 3316 aut
3105 3275 3212 3316 non
3242 3228 3493 3316 habendo
3517 3259 3663 3330 quod
3689 3261 3828 3313 vult.

2231 3354 2381 3410 Pisc.
2434 3355 2551 3410 Non
2587 3365 2673 3410 est
2721 3355 3050 3425 negandum.
3099 3351 3239 3408 Msa.
3292 3350 3403 3407 Nec
3458 3354 3649 3406 beatus
3700 3368 3831 3408 esse

2232 3447 2393 3500 debet
2420 3446 2515 3487 "1°
2542 3445 2635 3515 qui
2662 3430 2769 3500 non
2812 3444 2928 3500 vult
2948 3445 3238 3515 justitiam.
3268 3442 3418 3500 Disc.
3456 3442 3567 3499 Nec
3595 3445 3698 3499 hoc
3726 3445 3826 3511 tui-

2231 3550 2334 3589 uus
2360 3534 2787 3592 concedendum.

2818 3697 3047 3755 GAPUT
3090 3697 3239 3757 XIII.

2230 3830 2385 3896 Quod
2417 3841 2627 3899 accepta
2669 3832 2782 3886 sola
2834 3831 3102 3886 voluntate
3142 3831 3501 3895 beatitudinis,
3533 3846 3627 3884 nec
3667 3830 3833 3887 aliud

2297 3911 2468 3969 posset
2501 3902 2651 3968 velle,
2689 3918 2782 3956 nec
2809 3902 3087 3972 illamrnon
3112 3901 3272 3967 velle;
3297 3912 3345 3955 et
3382 3903 3637 3972 quidquid
3670 3903 3826 3956 vellet

2298 3972 2413 4039 ²⁰²¹,
2445 3989 2547 4027 non
2572 3972 2868 4042 essetjusta
2896 3971 2974 4026 vel
2994 3972 3199 4041 injusta
3234 3971 3496 4027 voluntas.

2248 4130 2257 4137 -
2297 4108 2439 4164 MAG.
2469 4107 2721 4164 Dicamus
2744 4124 2872 4181 ergo
2903 4112 3073 4166 Deum
3123 4109 3199 4166 illi
3253 4109 3385 4166 dare
3437 4111 3675 4181 primum
3713 4123 3827 4166 se-

2222 4197 2330 4253 lam
2358 4199 2712 4256 beatitudinis
2734 4201 3092 4267 voluntatem,
3123 4210 3180 4256 et
3206 4200 3487 4257 videamus
3513 4217 3582 4256 an
3606 4201 3837 4261 idcirco.

2224 4292 2349 4363 quia
2374 4292 2842 4362 accepitaliquam
2877 4291 3232 4357 voluntatem,
3262 4289 3375 4361 jam
3411 4292 3531 4361 ipse
3568 4307 3630 4347 se
3679 4306 3823 4362 pos.

2222 4384 2294 4440 sit
2331 4398 2548 4441 movere
2576 4385 2644 4441 ad
2672 4386 2960 4441 volendum
3005 4384 3151 4440 aliud
3181 4399 3347 4454 quam
3399 4384 3544 4454 quod
3595 4385 3829 4454 accepit

2220 4477 2378 4532 velle.
2410 4479 2554 4533 Disc.
2585 4477 2920 4547 Prosequere
2964 4478 3107 4547 quod
3136 4477 3404 4547 incoepisti
3438 4495 3454 4532 :
3506 4492 3608 4549 ego
3652 4478 3819 4534 enim

2221 4578 2446 4639 paratus
2498 4585 2615 4624 sum
2658 4570 2983 4641 intelligere.
3037 4569 3179 4629 MAG.
3232 4570 3461 4627 Constat
3491 4572 3619 4641 quia
3672 4586 3825 4626 non-

525 4636 729 4697 Nescio
757 4641 902 4696 enim
926 4658 994 4697 an
1028 4654 1155 4699 tunc
1183 4646 1281 4679 ²⁰¹³
1313 4647 1462 4717 prius
1492 4665 1552 4704 se
1597 4651 1725 4706 velit
1780 4668 1999 4709 movere
2045 4656 2114 4712 ad
2148 4655 2193 4710 D
2219 4636 2345 4715 dum
2376 4659 2487 4714 vult
2507 4659 2651 4715 aliud
2675 4636 3294 4729 quam‘beatitudinem;
3321 4661 3447 4731 quia
3498 4636 3606 4715 non
3656 4660 3825 4719 aliud

526 4732 671 4790 hanc
694 4734 1046 4791 voluntatem.
1075 4736 1215 4793 ΜΑσ.
1244 4738 1431 4795 Nullus
1457 4742 1669 4810 cogitur
1694 4744 1777 4799 vel
1811 4744 2005 4801 timore
2028 4748 2113 4804 vel

2217 4751 2428 4821 accepit
2453 4752 2611 4808 velle.
2640 4752 2785 4807 Disc.
2813 4752 3013 4808 Verum
3042 4763 3129 4810 est
3154 4753 3271 4809 ’⁰²².
3299 4753 3440 4814 Mss.
3466 4753 3819 4825 Quatroergo

535 4838 701 4881 sensu
729 4826 958 4896 alicujus
980 4830 1330 4898 incommodi,
1355 4845 1456 4889 nec
1476 4835 1771 4892 attrahitur
1800 4853 1987 4895 amore
2017 4841 2117 4897 ali-
2216 4859 2245 4898 a
2278 4852 2328 4898 te
2354 4860 2421 4898 an
2455 4846 2626 4917 possit
2653 4860 2712 4901 se
2738 4860 2955 4901 movere
2981 4847 3050 4902 ad
3094 4846 3240 4901 aliud
3286 4845 3601 4902 volentium.
3651 4844 3815 4902 Dtsc.

1809 4949 2046 5008 VARUS
2088 4955 2492 5012 LECTIONES.

523 5099 539 5120 ε
564 5032 693 5120 Si”
728 5032 835 5089 sed
869 5043 1046 5090 “me”
1070 5053 1189 5120 ουρ·
1208 5048 1281 5092 ῑθι
1307 5055 1431 5120 Ψξξη·
1448 5043 1549 5120 ﬁed
1576 5058 1698 5097 cum
1723 5053 1982 5120 oportet'_
2007 5046 2102 5078 ²ο⁰⁸
2121 5047 2251 5120 Qua:
2276 5057 2467 5120 augeat
2494 5066 2619 5103 mss.
2647 5050 2790 5120 quod
2811 5058 3003 5106 noceat
3075 5050 3171 5083 ²⁰⁰⁵
3193 5050 3315 5106 Ideo
3339 5066 3446 5106 non
3472 5062 3650 5118 potest
3670 5071 3812 5111 mu.

672 5120 917 5194 namque.
944 5122 1060 5194 non;
1079 5100 1257 5194 potest
1328 5100 1865 5194 ﬁfs‘Nonposse's-ua
1890 5100 2879 5194 settlizssjvi’ci?SIMiiiiI'iioii'ﬁésSé
2890 5100 3013 5194 '66.}
3051 5136 3145 5175 sua
3177 5100 3310 5176 sed-

518 5169 779 5262 {amni-ss.
798 5169 1013 5262 I’ic'trmt
1041 5169 1197 5262 aptus
1217 5195 1312 5262 ius.
1329 5169 1515 5262 Cistei'2
1526 5169 1720 5262 ttt'jatn
1749 5193 1906 5262 aptus
1932 5169 1939 5170 ί
1977 5169 2073 5262 ’ξτοέ
2094 5186 2149 5262 S__i
2170 5169 2293 5262 jam
2313 5169 2385 5256 sit
2410 5169 3039 5262 ’apiiis'iiiiiféi
3051 5169 3230 5262 Epiri;
3241 5169 3386 5245 *ἐσθ’

522 5240 1194 5331 ξξξξρξεξ-Ἦξεοὶγὶείλέιιιξζ.
1220 5259 1398 5331 tamen
1472 5252 1566 5284 ²⁰¹⁰
1601 5240 1716 5306 Non
1746 5240 1935 5331 volens
1969 5240 2291 5331 simplieiter
2318 5240 2575 5331 passim}
3268 5240 3373 5321 Nos
3407 5240 3813 5331 $6653.31;

521 5322 667 5399 {tunc
682 5326 827 5399 ’ξριςο
843 5313 921 5399 ρο
991 5316 1086 5399 ’ᾖξ’
1111 5317 1286 5399 Πεδήε¹
1312 5320 1424 5399 ἱρλεςι
1451 5339 1579 5378 mss.
1606 5332 1784 5377 utrum
1820 5325 1900 5380 sic
1921 5313 2209 5399 ipsar'f’m’
2230 5327 2386 5382 Enim
2417 5336 2541 5384 tunc
2566 5313 3125 5389 meféiiihfih‘i'dnc
3199 5313 3632 5390 ’“I'Dicoveuit'n'

520 5392 648 5451 mss.
682 5379 817 5436 Vict.
839 5381 986 5438 Gem.
1010 5386 1134 5441 Bec.
1163 5379 1476 5446 Corb.'l)ico
1510 5403 1690 5449 autem
1727 5410 1871 5451 nunc

1980 5396 2073 5431 ²⁰¹⁸
2096 5398 2440 5475 Dividitttrjtt
2473 5399 2579 5454 duo
2596 5402 2738 5475 bona
2768 5413 2822 5457 et
2844 5404 2950 5458 duo
2979 5404 3063 5459 his
3083 5419 3207 5460 mss.
3236 5403 3457 5458 dicitur.
3488 5405 3602 5460 Duo
3627 5396 3807 5475 bona,

521 5450 710 5535 ff!”
736 5451 829 5535 Illis‘
894 5453 987 5487 ⁸⁶¹⁶
1006 5456 1312 5535 Bonumlet
1340 5463 1483 5531 quod
1512 5480 1638 5520 mss.
1669 5450 1868 5521 bonum
1897 5475 1982 5521 est
2011 5450 2156 5534 quod
2176 5450 2337 5502 “3°”
2361 5450 3457 5535 (ῖόιιῐτῖτίνῑυῖῗηῖεέιῦἦῖ
3477 5450 3807 5535 (ξεί-νηιΠεῖδῖιῖ

522 5517 619 5554 ⁸⁰¹⁸
642 5521 746 5573 Sed
782 5529 834 5576 et
865 5537 1025 5582 omne
1046 5544 1171 5583 mss.
1198 5517 1384 5585 Cister'.
1410 5535 1503 5588 sed
1529 5517 1696 5590 etiam
1715 5517 1891 5591 ‘b‘mii'e

522 5602 641 5643 esse
667 5602 842 5659 potest
869 5608 995 5649 mss.
1022 5597 1215 5653 beatus
1239 5615 1360 5654 esse
1384 5603 1544 5658 debet
1651 5600 1739 5638 ’°“

520 5659 646 5723 quia
685 5663 921 5741 nondum
963 5666 1123 5741 aliud
1145 5672 1355 5741 accepit
1378 5673 1536 5728 velle.
1572 5674 1633 5730 D.
1683 5659 1965 5734 Unde'est

518 5742 670 5796 nem,
700 5734 824 5802 quia
850 5749 957 5796 non
981 5736 1126 5796 aliud
1153 5734 1359 5817 accepit
1392 5744 1547 5800 velle.
1582 5744 1646 5800 D.
1674 5762 1860 5805 verum
1890 5759 1971 5806 est

2001 5538 2094 5615 ’f"
2116 5538 2270 5615 lflunc
2293 5540 2560 5615 dico_quia
2580 5543 2925 5615 Αηιεεηϐἕειεν.
2952 5560 3059 5600 non
3086 5547 3208 5601 dico
3232 5549 3359 5615 quia

1766 5605 2036 5682 Quidquid
2066 5609 2228 5682 vellet
2261 5627 2358 5682 ms.
2394 5605 2525 5665 Vict.
2572 5611 2606 5668 9
2646 5613 2905 5682 quidquid
2946 5630 3052 5670 non
3077 5616 3237 5672 vellet

2009 5696 2134 5738 mss.
2163 5679 2491 5766 M.Constat
2534 5679 2928 5754 quia—nondum
2955 5685 3069 5742 vult
3115 5686 3262 5744 aliud
3287 5702 3451 5760 quam
3497 5688 3809 5748 beatitudi-

3469 5545 3564 5577 ²⁰²⁰
3594 5545 3809 5605 Beatus

3345 5616 3440 5648 ²⁰²²
3464 5614 3533 5671 Μ.
3562 5616 3808 5675 Constat.
