4050 6294
222 283 312 342 545

1362 277 1635 337 DIALOG.
1675 277 1765 335 DE
1799 277 1977 336 CASU
2012 280 2308 340 DIABOLI.

3374 288 3487 347 ὅδε
3522 357 3530 361 .

221 403 433 477 Nequeo
480 400 669 457 videre
705 395 977 469 quomodo
1004 409 1066 452 se
1115 402 1333 453 moveat
1378 396 1447 450 ad
1494 369 1784 451 volentium
1815 402 1864 460 Α
1892 406 2099 453 tantum
2126 398 2264 456 velle
2288 399 2585 471 posuimus.
2611 402 2759 459 DISC.
2790 401 2866 458 lta
2895 410 2999 459 est.
3056 400 3199 461 Mss.
3244 404 3301 459 Si
3349 420 3484 479 ergo

224 496 347 556 aliud
373 481 549 565 quam
570 488 989 566 beatitudinem,
1032 486 1293 558 quialiud
1342 502 1450 541 non
1502 487 1599 519 ¹⁰²³
1650 488 1791 544 vult.

221 590 338 648 Nam
380 587 430 641 si
469 583 583 639 vult
625 597 685 637 se
730 593 952 635 movere
990 579 1058 634 ad
1103 577 1251 639 aliud
1302 578 1628 647 volendum,
1677 580 1797 636 vult

221 681 389 751 utique
415 675 568 732 aliud
598 673 718 728 ²⁶¹⁸.
742 670 887 733 Mss.
922 672 1078 729 Sicut
1120 686 1270 742 ergo,
1324 670 1469 727 nulla
1513 671 1794 738 voluntate

223 772 379 828 adhuc
405 768 559 831 data,
586 763 723 821 nihil
750 771 963 833 poterat
988 779 1087 833 per
1122 778 1182 818 se
1204 762 1340 819 velle
1387 764 1482 795 ²⁰²⁸
1502 803 1518 829 ,
1550 763 1646 830 ita,
1680 764 1795 821 sola

224 861 489 916 voluntate
512 853 868 911 beatitudinis
892 860 1141 922 accepta.
1166 851 1373 906 nullam
1435 851 1599 907 aliam
1654 868 1685 906 a
1734 867 1794 908 se

223 956 380 1021 potest
406 944 617 1017 habere
636 941 1179 1013 voluntatem.-Dtsc.
1230 940 1307 996 Ita
1342 950 1445 996 est.
1474 941 1615 998 Man.
1646 941 1796 999 Non-

222 1058 279 1097 ne
296 1042 334 1095 si
364 1046 524 1110 putat
551 1037 814 1110 prodesse
836 1034 1040 1105 aliquid
1075 1035 1144 1088 ad
1182 1034 1588 1104 adipiscendam
1622 1036 1794 1093 beati-

225 1131 471 1194 tudinem,
498 1135 677 1198 potest
704 1142 765 1181 se
789 1140 1013 1181 movere
1038 1124 1107 1181 ad
1133 1123 1420 1179 volendum
1454 1125 1788 1185 illud?thsc.

223 1221 398 1276 Dubito
419 1221 553 1291 quid
585 1218 969 1290 respondeam,
1020 1231 1147 1271 nam
1192 1217 1238 1271 si
1291 1231 1399 1271 non
1438 1227 1638 1289 potest,
1683 1233 1793 1273 non

221 1314 356 1369 vdeo
377 1294 657 1384 quomodo
683 1310 812 1367 velit
831 1310 926 1349 ’(³³⁸
947 1309 1338 1365 beatitudinem
1361 1309 1455 1379 qui
1481 1324 1587 1364 non
1613 1318 1793 1380 potest

223 1402 337 1457 velle
388 1418 503 1473 quo
546 1415 609 1457 se
645 1399 872 1469 adipisci
902 1413 1061 1469 posse
1109 1398 1502 1455 beatitudinem
1530 1407 1716 1469 putat;
1744 1398 1794 1454 si

220 1509 331 1548 vero
358 1500 565 1563 potest,
593 1506 705 1547 non
754 1490 995 1562 intelligo
1020 1489 1294 1561 quomodo
1324 1505 1431 1545 non
1459 1490 1628 1560 possit
1657 1490 1795 1546 velle

220 1584 362 1640 aliud.
392 1583 540 1639 ΜΑϐ.
571 1583 675 1653 Qui
701 1581 816 1637 vult
844 1581 1051 1653 aliquid
1084 1595 1193 1636 non
1240 1590 1465 1652 propter
1490 1596 1605 1637 rem
1629 1596 1792 1652 quam

220 1680 410 1735 videtur
439 1678 598 1744 velle,
622 1677 716 1734 sed
741 1686 967 1749 propter
992 1676 1162 1744 aliud,
1192 1678 1322 1748 quid
1374 1678 1595 1749 proprie
1638 1679 1794 1750 judi-

1897 491 1985 547 ille
2014 491 2129 556 "3",
2157 492 2248 562 qui
2275 492 2409 548 nihil
2436 492 2595 549 vellet
2630 494 2734 549 nisi
2784 494 3088 560 commoda,
3144 510 3249 549 non
3298 506 3482 565 posset

1895 582 2096 639 habere
2123 583 2333 654 majora
2362 594 2418 639 et
2441 584 2678 653 veriora,
2716 584 2948 641 velletne
2999 585 3209 640 minora
3256 585 3480 655 quibus—
3548 660 3551 663 Ἴ

1894 690 2114 745 cunque
2136 677 2213 732 uti
2242 677 2465 747 posset?
2490 678 2635 732 DISC.
2665 677 2779 734 lmo
2803 693 2910 733 non
2961 686 3143 749 posset
3194 694 3302 733 non
3347 678 3484 735 velle

1893 766 2189 837 quamlibet
2213 766 2421 832 inﬁma,
2459 769 2505 823 si
2534 767 2740 838 majora
2789 770 2884 801 ³⁸³⁸
2930 785 3037 825 non
3084 779 3286 840 posset.
3338 770 3483 830 Mss.

1892 855 2102 925 Nonne,
2131 874 2252 914 eum
2305 859 2467 914 vellet
2517 862 2799 917 commoda
2849 861 3037 917 intima
3082 869 3137 917 et
3182 862 3483 930 immunda,

1894 952 2496 1022 quibusirrationabilia
2513 953 3480 1016 animaliadelectantur.esseteadem
3517 963 3531 1031 λ
3614 960 3617 963 ’

1892 1043 2147 1111 voluntas
2174 1044 2370 1116 injusta
2397 1054 2453 1100 et
2481 1044 2890 1113 vituperabilis?
2918 1044 3062 1101 DISC.
3090 1045 3370 1113 Quomodo
3399 1048 3482 1101 iu-

1891 1130 2038 1200 justa
2064 1142 2157 1187 aut
2184 1134 2626 1203 reprehendenda
2658 1135 2912 1216 voluntas
2937 1145 3115 1203 esset;
3142 1138 3267 1206 quia
3297 1138 3480 1205 vellet,

1893 1225 2035 1292 quod
2062 1240 2169 1279 non
2191 1239 2351 1293 posse
2377 1241 2482 1281 non
2510 1226 2644 1281 velle
2669 1228 2972 1297 accepisset
2997 1228 3125 1284 ’⁸³τῖ
3177 1221 3316 1286 MAG.
3375 1229 3483 1286 Vo—

1893 1312 2156 1368 luntatem
2187 1324 2364 1370 tamen
2395 1316 2590 1385 ipsam,
2619 1318 2735 1373 sive
2757 1333 2880 1373 cum
2904 1319 3022 1374 vult
3066 1335 3279 1375 summa
3331 1335 3486 1377 com-

1891 1404 2075 1468 moda,
2106 1403 2221 1459 sive
2246 1419 2370 1461 cum
2400 1405 2512 1460 vult
2547 1406 2755 1473 intima,
2806 1416 3022 1463 constat
3070 1423 3193 1465 esse
3241 1423 3378 1479 opus
3428 1416 3485 1465 et
3532 1420 3533 1423 ‘

1893 1493 2092 1548 donum
2124 1494 2257 1562 Dei,
2286 1496 2427 1551 sicut
2453 1505 2537 1552 est
2564 1497 2672 1553 vita
2720 1506 2813 1553 aut
2840 1498 3171 1556 sensibilitas
3205 1538 3222 1565 ,
3271 1510 3327 1557 et
3375 1515 3485 1557 non

1890 1598 2012 1641 esse
2043 1587 2094 1641 in
2123 1602 2186 1642 ea
2236 1588 2331 1621 ¹⁰³⁸
2352 1588 2620 1659 justitiam
2647 1589 2762 1645 sive
2789 1590 3128 1659 injustitiam.
3175 1594 3344 1661 91ch
3367 1592 3484 1651 Non

1892 1688 1978 1733 est
2002 1679 2244 1735 dubium.
2273 1680 2413 1736 Mm.
2443 1682 2586 1755 Ergo
2609 1682 2663 1737 in
2689 1694 2949 1753 quantum
2989 1687 3226 1741 essentia
3274 1696 3359 1741 est
3383 1686 3484 1741 bo-

220 1772 404 1828 emdus
432 1778 518 1826 est
542 1768 718 1825 velle?
752 1784 823 1825 an
855 1767 1001 1826 aliud
1055 1770 1201 1840 quod
1252 1770 1452 1826 dicitur
1494 1770 1666 1839 velle,
1720 1787 1788 1828 an
1821 1753 1872 1817 Β
1898 1784 2045 1830 num.
2073 1770 2275 1840 aliquid
2301 1781 2413 1835 est;
2441 1753 2703 1842 quantum
2730 1789 2863 1830 vero
2887 1777 2956 1831 ad
2996 1775 3265 1845 justitiam
3311 1778 3484 1846 pertio

219 1863 325 1920 illud
353 1872 585 1935 propter
606 1860 754 1937 quod
781 1860 933 1917 vult?
959 1860 1106 1916 Disc.
1136 1859 1271 1915 lllud
1300 1862 1492 1931 utique
1519 1862 1636 1928 ²⁰²⁷,
1661 1877 1791 1932 pro-

219 1964 319 2024 pter
339 1953 489 2024 quod
520 1951 656 2018 vult,
686 1951 903 2007 videtur
955 1949 1050 1983 ³⁸³⁸⁸
1102 1948 1263 2005 velle.
1308 1948 1453 2007 Mss.
1509 1949 1612 2018 Qui
1663 1965 1793 2021 ergo

219 2044 313 2101 vult
334 2043 547 2114 aliquid
584 2049 815 2114 propter
843 2041 1271 2107 beatitudinem,
1322 2054 1428 2095 non
1479 2039 1627 2099 aliud
1677 2042 1795 2099 vult

219 2148 357 2203 quam
386 2134 782 2191 beatitudinem
809 2152 825 2191 :
853 2149 1024 2204 quare
1050 2142 1226 2205 potest
1250 2143 1303 2193 et
1331 2133 1473 2201 quod
1497 2142 1650 2203 putat
1672 2149 1798 2204 pro-

223 2226 358 2281 desse
391 2224 463 2280 ad
494 2225 909 2290 beatitudinem,
937 2233 994 2280 et
1017 2223 1190 2281 solam
1213 2223 1608 2281 beatitudinem
1634 2224 1792 2280 velle.

220 2315 344 2371 Disc.
380 2314 531 2387 Satis
559 2326 642 2371 est
665 2315 912 2387 planum.
940 2314 1084 2371 Mss.
1114 2313 1310 2382 Quaem
1350 2315 1530 2372 adhuc
1578 2332 1645 2371 an
1697 2331 1791 2372 ac-

218 2416 348 2477 cepta
377 2406 486 2462 hac
520 2403 637 2461 sola
669 2404 952 2461 voluntate
983 2404 1157 2476 possit
1180 2420 1290 2460 non
1316 2405 1457 2461 velle
1504 2406 1799 2463 beatitudi-

214 2515 338 2554 nem.
374 2499 527 2555 Disc.
579 2497 697 2552 Non
746 2506 925 2568 potest
974 2506 1270 2566 utrumque
1315 2496 1479 2553 simul
1527 2505 1585 2553 et
1630 2497 1793 2563 velle,

217 2601 376 2646 etnon
406 2590 568 2649 velle.
594 2589 737 2645 MAG.
766 2587 968 2644 Verum
999 2597 1107 2644 est.
1162 2587 1270 2644 Sed
1297 2603 1405 2644 non
1456 2589 1561 2646 hoc
1585 2603 1792 2659 quaero,

214 2684 295 2737 sed
322 2697 513 2754 qumro
533 2697 604 2736 an
631 2682 812 2753 possit
834 2681 1092 2737 deserere
1144 2681 1287 2736 hanc
1336 2680 1690 2745 voluntatem,
1740 2690 1797 2738 et

215 2790 413 2829 movere
434 2791 497 2830 se
521 2772 591 2830 de
613 2773 751 2829 velle
778 2773 846 2828 ad
876 2788 983 2827 non
1011 2772 1157 2828 velle.
1177 2773 1613 2829 beatitudinem?
1637 2773 1790 2830 Dtsc.

215 2864 475 2934 Siquidem
503 2864 612 2919 hoc
637 2862 1004 2933 facitnolens,
1040 2877 1150 2918 non
1199 2863 1316 2931 ipse
1360 2861 1522 2930 facit;
1569 2864 1616 2919 si
1662 2878 1794 2919 vero

213 2957 381 3011 volens
408 2955 529 3021 ’°”,
550 2954 707 3011 aliud
724 2953 841 3010 vul-t
864 2969 1026 3023 quam
1067 2953 1461 3009 beatitudinem
1491 2969 1508 3020 ί
1557 2954 1654 3010 sed
1680 2969 1791 3011 non

213 3052 310 3108 vult
335 3050 523 3110 aliud;
556 3064 726 3119 quare
755 3048 1106 3105 manifestum
1133 3049 1425 3119 puto‘quia
1481 3046 1793 3111 nullatenus

1895 1872 1987 1916 net
2017 1863 2132 1918 sive
2157 1863 2498 1935 injustitiam,
2523 1881 2624 1922 nec
2646 1866 2786 1923 bona
2816 1882 2917 1923 nec
2942 1868 3084 1925 mala
3101 1868 3366 1924 est.-Dtsc.
3392 1868 3487 1923 Ni-

1896 1952 1970 2007 hil
1999 1954 2219 2010 clarius.
2251 1954 2391 2011 MAG.
2421 1955 2529 2011 Sed
2555 1972 2660 2012 non
2689 1958 2849 2014 debet
2873 1973 2997 2015 esse
3044 1941 3254 2026 beatus,
3301 1959 3346 2015 si
3375 1974 3484 2013 non

1895 2041 2281 2112 habetjustam
2306 2045 2679 2113 voluntatem;
2734 2047 2842 2105 imo
2872 2044 2977 2103 nun
3028 2057 3206 2118 pmest
3247 2045 3487 2117 perfecte
3536 2056 3539 2057 '

1897 2150 1996 2189 nec
2025 2135 2370 2193 laudabiliter
2398 2152 2521 2193 esse
2544 2139 2753 2205 beatus,
2782 2139 2873 2209 qui
2904 2139 3016 2194 vult
3044 2139 3187 2209 quod
3240 2153 3343 2195 nec
3383 2152 3484 2208 po-

1895 2234 2023 2290 test,
2051 2240 2154 2282 nee
2182 2224 2346 2283 debet
2367 2243 2509 2284 esse.
2539 2227 2685 2283 Dise.
2715 2228 2939 2286 Multum
2965 2238 3137 2301 patet.

2489 2340 2718 2397 CAPUT
2751 2340 2896 2396 XIV.

1902 2447 2058 2515 Quod
2088 2440 2336 2504 similiter
2362 2450 2449 2512 sit,
2488 2453 2535 2505 si
2559 2449 2674 2505 sola
2702 2461 2914 2521 accepta
2940 2461 3017 2507 est
3066 2451 3306 2507 voluntas
3333 2455 3488 2508 recti-

1970 2522 2217 2593 tudinis:
2256 2521 2871 2593 etgidcircoﬂutramque
2922 2524 3240 2577 voluntatem
3288 2525 3487 2593 accepit

1965 2589 2125 2645 simul
2154 2600 2207 2643 ιιι
2234 2601 2281 2643 et
2300 2591 2479 2661 justus
2500 2592 2619 2657 "3’,
2646 2601 2692 2644 et
2720 2589 2988 2645 ut'beatus
3014 2603 3167 2646 esset.

1968 2680 2110 2737 Illac.
2139 2681 2557 2737 Consideremus
2585 2696 2714 2751 ergo
2740 2681 2808 2737 de
2825 2681 3055 2752 justitia:
3093 2682 3391 2738 voluntate.
3424 2682 3489 2739 Si

1896 2772 2118 2827 duretur
2143 2772 2317 2828 eidem
2346 2774 2541 2845 angelo
2577 2774 2714 2829 velle
2763 2774 2935 2828 solum
2987 2774 3130 2845 quod
3177 2789 3299 2829 eum
3344 2774 3479 2831 velle

1896 2862 2235 2931 Conveniret,
2265 2879 2333 2918 an
2360 2873 2543 2933 posset
2568 2863 2713 2918 aliud
2738 2862 2904 2930 velle;
2930 2874 3023 2917 aut
3060 2863 3105 2917 si
3155 2871 3341 2932 posset
3390 2863 3487 2895 ’θη

1896 2974 2002 3012 non
2032 2956 2169 3013 velle
2194 2972 2291 3027 per
2313 2972 2392 3025 se,
2421 2958 2565 3027 quod
2593 2956 2895 3027 accepisset
2939 2954 3112 3011 velle?
3160 2955 3307 3011 Dtsc.
3362 2955 3494 3012 Oni-

1900 3050 2028 3105 nino
2054 3051 2197 3119 quod
2224 3051 2537 3119 vlditnusin
2566 3050 2841 3106 voluntate
2864 3048 3240 3117 beatitudinis,
3267 3061 3492 3119 necesse

211 3155 379 3219 potest
398 3160 496 3215 per
520 3110 713 3200 se-non
760 3142 901 3198 velle
927 3141 980 3196 id
1009 3110 1153 3211 quod
1204 3110 1388 3201 solum
1438 3141 1538 3174 ²⁰³⁸
1581 3142 1794 3212 accepit
1818 3110 1866 3183 (ἶ
1895 3152 1980 3197 est
2007 3110 2187 3198 in-hac
2213 3154 2428 3213 quoque
2456 3117 2733 3198 voluntate
2758 3140 2996 3196 evenire.
3029 3138 3169 3195 Illac.
3200 3139 3342 3211 Ergo
3383 3116 3488 3197 nec

212 3237 350 3293 velle.
380 3236 527 3293 MAG.
554 3236 702 3292 Bene
731 3234 1016 3306 intelligis.
1051 3231 1163 3289 Sed
1189 3234 1459 3304 responde
1506 3232 1642 3288 mihi
1695 3235 1795 3289 ad-
1890 3233 2097 3303 justam
2132 3274 2148 3301 ,
2200 3249 2303 3290 nec
2351 3234 2606 3305 injustam
2660 3234 2885 3290 haberet
2935 3231 3287 3288 voluntatem.
3338 3231 3494 3287 Sicut

210 3330 310 3389 huc
337 3349 352 3385 :
385 3330 447 3386 Si
484 3339 669 3402 potest
689 3344 798 3387 non
833 3329 970 3387 velle
991 3330 1086 3363 ““
1136 3329 1565 3396 beatitudinem,
1584 3338 1792 3399 quanto

211 3420 464 3490 majorem
490 3437 611 3479 eam
636 3421 903 3494 intelliget
925 3421 1019 3492 qui
1058 3421 1199 3477 nihil
1243 3422 1350 3477 nisi
1395 3420 1794 3477 beatitudinem

208 3513 312 3566 vult
330 3524 520 3573 etnon
548 3521 731 3583 potest
755 3528 864 3571 non
891 3512 1031 3568 velle
1059 3512 1155 3544 ²⁰³²
1181 3511 1616 3569 beatitudinem?
1644 3512 1790 3568 Dtsc.

211 3602 262 3658 Si
288 3620 395 3661 non
427 3613 582 3661 tanto
608 3598 780 3675 magis
807 3602 967 3659 vellet
1001 3603 1393 3660 beatitudinem
1424 3610 1633 3674 quanto
1681 3618 1796 3659 me-

206 3699 397 3754 liorem
426 3698 783 3769 ac-majorem
828 3697 978 3752 illaut
1025 3705 1274 3768 putaret,
1306 3706 1403 3752 aut
1429 3697 1655 3754 omnino
1685 3712 1793 3753 non

206 3791 359 3847 vellet
384 3790 783 3848 beatitudinem
809 3790 925 3855 "’3,
951 3800 1047 3845 aut
1073 3789 1232 3846 vellet
1257 3789 1464 3862 aliquid
1490 3790 1635 3846 aliud
1662 3805 1787 3861 pro-

204 3890 320 3954 pter
346 3881 497 3954 quod
523 3881 805 3938 meliorem
826 3880 1031 3947 nollet;
1065 3880 1161 3936 sed
1214 3881 1446 3937 dicimus
1492 3882 1623 3951 quia
1645 3881 1794 3946 illam

204 3974 333 4042 vult,
361 3984 426 4032 et
445 3990 552 4031 non
575 3973 742 4029 aliud.
768 3971 910 4029 MAG.
936 3970 1060 4027 Vult
1079 3987 1209 4044 ergo
1222 3987 1345 4029 esse
1366 3972 1563 4029 beatus
1588 3981 1795 4043 quanto

201 4065 359 4122 altius
388 4067 499 4122 hoc
518 4078 642 4122 esse
671 4079 831 4136 posse
856 4062 1159 4135 cognoscit.
1187 4064 1343 4119 Disc.
1387 4061 1584 4119 Procul
1632 4062 1797 4117 dubio

1897 3326 2042 3379 enim
2070 3324 2139 3380 ibi
2167 3340 2274 3381 non
2302 3333 2449 3381 esset
2473 3325 2723 3380 voluntas
2750 3325 2971 3394 iniusta,
3015 3325 3058 3379 si
3087 3321 3248 3378 vellet
3302 3323 3493 3379 incon-

1895 3415 2191 3470 venientia.
2226 3415 2490 3484 Quoniam
2518 3416 2623 3470 hoc
2650 3430 2754 3469 non
2804 3421 3144 3484 posset‘non
3192 3410 3365 3478 velle;
3415 3412 3492 3467 ita

1898 3509 1987 3564 hic
2021 3508 2256 3567 sivellet
2300 3506 2760 3571 inconvenientia,
2791 3521 2897 3561 non
2947 3504 3151 3559 ideirco
3201 3503 3296 3534 ’°“
3345 3509 3493 3559 esset

1891 3601 2040 3673 justa
2066 3602 2346 3667 voluntas;
2375 3600 2635 3672 quoniam
2661 3600 2740 3655 sic
2769 3600 2872 3653 hoc
2898 3594 3220 3666 accepisset,
3272 3605 3331 3651 ιιι
3382 3609 3491 3651 non

1897 3706 2082 3767 posset
2108 3695 2267 3751 aliter
2292 3691 2449 3748 velle.
2480 3692 2625 3747 Disc.
2649 3689 2729 3745 lta
2758 3700 2864 3745 est.
2893 3687 3035 3745 MAG.
3062 3687 3329 3756 Quoniam
3355 3698 3491 3758 ergo

1898 3805 2002 3845 nec
2030 3786 2369 3845 solummodo
2393 3785 2488 3818 ’δι’
2515 3783 2747 3839 volendo
2781 3782 3199 3847 beatitudinem,
3252 3793 3354 3835 nec
3401 3793 3493 3834 so-

1899 3880 2174 3935 lummodo
2199 3879 2429 3933 volendo
2453 3876 2565 3947 69
2589 3875 2732 3944 quod
2756 3875 3030 3938 convenit,
3051 3889 3174 3928 cum
3198 3887 3265 3926 ex
3296 3884 3492 3926 neces-

1901 3971 2063 4030 sitate
2088 3973 2169 4027 sic
2196 3970 2342 4034 velit,
2366 3968 2546 4038 justus
2571 3967 2657 4023 vel
2685 3966 2920 4036 injustus
2970 3974 3150 4036 potest
3196 3962 3492 4035 appellari;

1900 4079 2000 4118 nee
2029 4070 2330 4132 potestnec
2354 4060 2513 4114 debet
2539 4072 2660 4113 esse
2698 4057 2892 4112 beatus
2944 4054 3046 4110 nisi
3100 4053 3254 4119 velit,
3301 4059 3356 4106 et
3384 4050 3490 4108 nisi

204 4158 331 4219 vult.
361 4157 511 4217 Mss.
548 4157 694 4228 Ergo
736 4155 852 4211 vult
896 4155 1091 4211 similis
1119 4168 1241 4210 esse
1271 4154 1401 4209 Deo.
1454 4153 1604 4209 Dtsc.
1651 4151 1799 4207 Nihil
1894 4156 2040 4225 juste
2065 4153 2232 4209 velit:
2264 4166 2486 4208 necesse
2511 4159 2675 4206 estut
2700 4151 2780 4206 sic
2806 4148 2972 4205 faciat
3001 4148 3142 4203 Deus
3198 4154 3493 4215 utramque

199 4254 460 4322 apertius.
489 4252 629 4309 Hac.
655 4251 796 4320 Quid
972 4251 1236 4307 videtur?
1285 4266 1353 4307 an
1403 4260 1549 4306 esset
1595 4249 1797 4320 injusta

200 4341 293 4374 ’⁸⁸⁸
320 4343 601 4408 voluntas,
630 4344 677 4398 si
706 4343 811 4399 hoc
853 4343 1013 4399 modo
1038 4341 1232 4397 similis
1274 4341 1437 4398 vellet
1477 4357 1601 4399 esse
1647 4343 1795 4399 Deo?

200 4430 345 4488 DISC.
375 4430 492 4488 Nec
512 4433 721 4502 justam
750 4431 872 4487 volo
893 4431 1098 4497 dicere,
1127 4433 1256 4501 quia
1286 4432 1449 4488 vellet
1493 4434 1636 4503 quod
1684 4448 1793 4490 non

1899 4247 2233 4303 voluntatem
2260 4245 2314 4301 in
2340 4244 2432 4300 illo
2457 4242 2768 4308 convenire,
2796 4249 2856 4296 ut
2880 4248 2934 4296 et
2956 4240 3148 4296 beatus
3175 4252 3298 4294 esse
3325 4237 3480 4300 velit,

1901 4347 1957 4396 et
1976 4338 2122 4410 juste
2146 4337 2277 4393 velit
2303 4355 2317 4392 :
2344 4346 2615 4408 quatenus
2639 4334 2734 4367 '°"
2756 4333 2937 4389 addita
2956 4331 3172 4401 justitia
3222 4331 3301 4388 sic
3351 4338 3493 4384 tem-

1899 4442 2054 4506 peret
2081 4432 2412 4489 voluntatem
2439 4430 2813 4496 beatitudinis,
2841 4438 2898 4487 et
2947 4437 3158 4484 resecet
3200 4425 3493 4485 voluntatis

198 4528 549 4593 conveniret;
576 4539 676 4580 nec
702 4523 979 4592 injustam,
1008 4525 1132 4593 quia
1159 4541 1227 4581 ex
1256 4525 1583 4581 necessitate
1610 4524 1787 4581 vellet.
1828 4495 1875 4552 Β
1902 4495 2205 4593 excessum,
2227 4534 2283 4580 et
2306 4524 2603 4581 excedendi
2633 4539 2737 4579 non
2762 4530 3003 4593 amputet
3028 4528 3373 4593 potestatem,
3404 4530 3489 4588 ut,

196 4619 337 4682 MAG.
364 4621 444 4676 At
465 4634 592 4676 eum
613 4617 708 4689 qui
734 4615 849 4679 vult
868 4615 1261 4673 beatitudinem
1288 4617 1481 4685 solam,
1507 4617 1790 4672 commoda
1902 4634 2027 4676 cum
2056 4634 2153 4688 per
2178 4619 2280 4673 hoc
2303 4617 2433 4687 quia
2460 4616 2601 4672 volet
2629 4615 2723 4648 ⁸⁸⁸⁵
2748 4616 2938 4672 beatus
2951 4629 3092 4678 esse,
3126 4614 3345 4670 modum
3367 4626 3498 4683 pos-.

1514 4734 1747 4789 VARle
1782 4731 2187 4789 LECTIONES.

261 4840 364 4873 ³⁸³³
387 4837 527 4905 Quia
559 4835 702 4905 aliud
733 4848 839 4905 non
867 4848 996 4886 mss.
1030 4830 1119 4899 qui
1149 4829 1293 4883 aliud
1322 4844 1426 4905 non
1500 4828 1980 4905 “jfuvultutique
2009 4825 2151 4880 aliud
2179 4841 2277 4878 ms.
2303 4823 2493 4905 Cister.
2516 4822 2662 4905 omit.
2687 4822 2879 4905 litigii-el
2941 4820 3043 4905 3°}?
3080 4816 3227 4905 Nihil

195 4926 251 4965 se
295 4894 445 4965 velle
493 4923 618 4960 mss.
652 4903 794 4958 Nihil
841 4894 1062 4972 poterat
1101 4916 1199 4969 per
1224 4914 1287 4953 se
1312 4899 1457 4972 velle
1524 4897 1841 4972 A’»°"‘Quod
1862 4894 1993 4972 velit
2016 4911 2143 4950 mss.
2173 4894 2602 4972 qttotiiodo_vel_it
2665 4962 2677 4972 _
2708 4894 2800 4924 ²⁰²⁷
2827 4894 2956 4972 Illud
2988 4894 3170 4972 itanque
3205 4902 3332 4972 mss.
3360 4894 3462 4972 i'uu;

194 4954 445 5051 Eine?"
494 4954 1141 5051 ῖδῖῑ’ρῖέὸῐνιῆέριιιριιίτ
1168 4969 1460 5051 mss._quod
1488 4954 1725 5051 videturw
1800 4968 1896 5051 ’.οη
1935 4968 1995 5051 _Si
2026 4954 2391 5051 verojulens,
2420 4964 2563 5051 aliud
2592 4962 2704 5016 vult
2731 4979 2857 5018 mss.
2892 4958 3025 5051 Eiet.
3047 4954 3497 5051 9'sipveropl'ac‘i-t

434 5049 549 5105 vult
585 5024 768 5101 aiiiié"
802 5024 1206 5114 λδέοήιιριι
1237 5024 1564 5114 summulas.
1596 5039 1646 5114 id
1692 5038 1835 5109 quod
1869 5039 2042 5095 solum
2079 5109 2108 5114 __
2139 5035 2314 5114 ’°“_§i
2341 5024 2449 5114 non
2474 5043 2650 5104 potest
2680 5031 2962 5114 no_n_vell_e
2991 5045 3114 5083 mss.
3150 5024 3489 5114 Gemuere:

191 5100 759 5188 Ilicet-sipotestvclle
787 5131 915 5188 mss.
951 5100 1294 5188 Vict.'(._‘ister.
1321 5111 1384 5188 S._
1409 5108 1572 5188 Misit.
1603 5110 1644 5165 si
1672 5100 1850 5181 potest
1875 5125 1983 5188 non
2009 5109 2157 5188 velle
2222 5108 2316 5141 ²⁹³¹
2339 5105 2455 5161 Non
2477 5100 2656 5187 potest
2710 5100 3494 5188 nisinvellerussiltiottnpotest

189 5167 920 5247 EéS'Jét'té"?5=i'Oinniim
963 5183 1006 5237 si
1045 5183 1203 5236 vellet
1248 5167 1799 5255 licatiluditieni,'aut
1826 5181 1986 5255 vellet
2011 5181 2158 5255 aliud
2197 5197 2324 5255 mss.
2353 5167 2575 5255 omnino
2602 5189 2724 5255 non.
2750 5167 3493 5255 vellet.lieatitudinentLaut

189 5240 358 5318 vellet
376 5240 618 5331 valiquid
661 5240 808 5331 aliud
920 5254 1015 5331 ’3?“
1034 5255 1289 5331 An‘esset
1315 5240 1913 5331 justaumssXanHesset
1952 5251 2147 5331 iujnsta
2177 5324 2187 5331 _
2223 5251 2317 5283 ²⁰³⁵
2353 5247 2642 5330 Posuimus
2680 5244 2727 5297 si
2767 5256 2898 5331 ergo.
2926 5240 3177 5331 illems‘sg

656 5307 890 5397 Sit—ergo
931 5307 1045 5379 ille,
1074 5307 1354 5397 u’miNe'c
1392 5323 1553 5379 vellet
1598 5323 1852 5393 qumlibet
1900 5307 2108 5387 intima,
2145 5324 2223 5397 sie
2263 5320 2463 5397 majora
2492 5333 2618 5397 mss.
2640 5307 3488 5397 3199_V§lletll|3“}l“:elillailla}.

542 5380 658 5433 ’ξέν’
672 5380 803 5453 Non
824 5380 982 5471 posse
1008 5394 1142 5450 velle
1170 5396 1466 5464 accepisset
1482 5380 1631 5471 _mss.'
1651 5410 1940 5471 no‘n‘posse
1970 5410 2073 5471 non
2096 5380 2242 5448 'velle
2266 5380 2593 5471 accepisset.
2760 5380 3337 5471 Aut‘uottcs‘selu‘eg
3349 5393 3494 5471 Iug:

186 5452 238 5529 et
265 5452 540 5529 Esaiae
566 5473 620 5527 in
646 5486 710 5525 ea
740 5452 841 5522 ms:
863 5464 1051 5537 Cister.
1083 5475 1140 5521 et
1177 5452 1448 5537 non'esse
1482 5465 1534 5519 in
1581 5481 1645 5523 eo
1719 5452 1812 5498 ²⁰³’⁹
1836 5466 1903 5520 Ει
1933 5475 1987 5519 ιιι
2008 5466 2189 5536 justus
2219 5479 2350 5537 mss.
2394 5452 2450 5513 ut
2474 5465 2530 5513 ct
2571 5454 2750 5537 justus
2822 5452 2919 5487 ²⁰⁵⁰
2939 5453 3045 5506 Aut
3076 5452 3123 5506 si
3156 5466 3268 5537 non
3309 5455 3493 5537 posset

187 5518 547 5600 ~svi
568 5518 1776 5612 posset““fiInponvenieutia,ﬁnesid—given
1806 5518 2408 5612 nissaitteonvenientia,
2440 5518 2708 5612 quoniam.
2728 5525 2962 5612 hocrnon
2992 5518 3490 5612 possetut-inimici

185 5588 480 5669 {Ein'él't
502 5588 1089 5673 velleaonvenicntia,
1116 5588 1471 5662 nonidcireo
1490 5588 1504 5590 τ
1524 5588 1536 5590 ἡ
1553 5588 1647 5638 ²⁰ί²
1665 5588 2315 5677 illitchvellesQuoniam
2346 5588 2474 5669 elige
2505 5612 2604 5652 nec
2629 5588 3495 5677 solttntquojnss.“alitervelle

276 5663 525 5739 ἦξε-εξ.-
543 5663 908 5749 ᾖίριιῦιιίξιιιι
939 5663 1081 5746 ergo,
1094 5677 1430 5749 solummodo
1527 5677 1623 5749 ³9³³
1664 5677 1795 5733 Esse
1823 5678 1971 5734 velit.
2007 5663 2283 5743 QGatcnus
2312 5663 2436 5727 mss“.
2484 5683 2607 5723 esse
2633 5665 2781 5731 νυιίίτ
2809 5665 3023 5738 aliis“:
3049 5663 3195 5729 “om:
3223 5669 3496 5737 ίιυτιιθηυεξ

181 5755 278 5789 ηδε
300 5755 425 5817 Per
457 5756 555 5811 hoc
583 5747 727 5823 quod
754 5747 896 5807 volet
929 5764 1049 5802 mss.
1077 5762 1172 5822 per
1194 5748 1292 5803 hoc
1320 5748 1445 5820 quia
1472 5748 1612 5803 volet

3279 4823 3498 4885 poterat

2708 4885 2800 4924 ²⁰²Ῠ
2827 4891 2956 4945 Illud
2988 4892 3170 4958 itaque
3205 4902 3332 4940 mu-
3360 4885 3494 4958 i_||||_d
3596 4938 3597 4941 η
