4050 6294
536 338 633 398 ὖᾶἸ

1077 339 1137 397 s.
1173 336 1473 396 ANSELMI
1506 328 1858 421 GAanAn.
1892 325 2212 388 ARClilEP.
2255 326 2408 387 ora.
2439 329 2622 388 rans
2654 316 2795 387 ιζ-
2826 328 3255 389 DOGnAncA.

3705 326 3815 389 3i!

539 454 610 510 sit
634 464 929 520 excedere;
1078 453 1183 508 hoc
1208 452 1332 523 quia
1358 433 1503 520 iuste
1527 412 1678 505 volet
1702 446 1822 513 ω’,
1850 460 1959 501 non
1986 442 2121 514 velit
2146 444 2196 506 Α
2222 444 2442 513 quando
2488 444 2742 500 habuisse
2779 450 2843 501 et
2879 456 3097 513 semper
3135 443 3337 498 habere
3381 448 3439 497 ut
3473 442 3669 498 haheat
3700 449 3816 498 tam
3902 444 3905 447 ’

539 546 807 602 excedere
836 563 851 600 ε
877 554 932 600 et
957 543 1251 611 sicjustam
1277 543 1484 598 habens
1533 538 1889 596 beatitudinis
1934 536 2129 601 voluns

541 640 730 699 tatem,
759 633 929 705 possit
953 642 1007 688 et
1031 632 1221 687 debeat
1249 645 1370 688 esse
1393 631 1585 686 beatus
1617 647 1629 685 :
1660 629 1752 699 qui
1805 642 1910 683 non
1937 626 2127 682 volen-

540 724 611 781 do
636 724 781 795 quod
807 737 914 778 non
939 722 1099 777 debet
1121 721 1278 786 velle,
1303 736 1431 778 cum
1458 729 1636 776 tamen
1663 712 1858 790 possit,
1908 730 2125 785 merea-

542 823 632 869 tur
657 822 716 870 ut
741 813 883 885 quod
907 812 1044 867 velle
1068 827 1173 866 non
1202 812 1383 879 debet,
1417 826 1695 880 nunquam
1741 807 1877 864 velle
1923 806 2126 878 possit;

541 915 596 962 et
622 919 839 975 semper
868 904 1097 959 tenendo
1114 894 1381 974 justitiam
1408 918 1505 974 per
1534 904 1891 965 ,moderatam
1937 900 2129 956 volun-

542 998 707 1051 tatem
736 987 882 1050 nul‘lo
908 996 1066 1049 modo
1096 995 1361 1066 indigeat;
1410 1004 1503 1049 ent
1530 994 1576 1049 si
1627 992 1929 1063 deseruerit
1970 979 2133 1061 justi;

542 1086 671 1140 tiam
698 1099 797 1155 per
823 1085 1237 1140 immoderatam
1267 1083 1623 1158 voluntatem,
1651 1083 1799 1137 omni
1829 1084 1989 1136 modo
2043 1072 2132 1137 in-j

540 1175 723 1246 digeat
745 1174 861 1230 ³⁸⁸⁸.
889 1175 1033 1229 DISC.
1066 1174 1205 1229 Nihil
1233 1174 1644 1231 convenientius
1669 1172 1895 1244 cogitari
1923 1183 2135 1242 potest.

542 1266 687 1323 MAG.
717 1265 988 1321 Memento
1014 1271 1160 1334 quia,
1190 1281 1310 1320 eum
1358 1266 1604 1339 superius
1653 1264 2132 1321 considerabamus

542 1357 716 1413 Solam
745 1357 1455 1413 bealitudinisvoluntatem
1486 1357 1611 1412 sine
1642 1356 1743 1412 hac
1770 1367 1935 1424 meta,
1965 1371 2129 1425 quam

542 1450 871 1517 addidimus,
901 1460 959 1503 ut
981 1450 1080 1505 sub
1107 1449 1218 1505 Deo
1244 1464 1303 1505 se
1328 1457 1598 1515 coerceat,
1627 1448 1940 1504 dicebamus
1981 1449 2035 1502 in
2065 1434 2133 1503 ea

543 1556 650 1595 non
678 1541 1082 1611 essejnstitiam
1111 1540 1196 1596 vel
1226 1536 1571 1610 iniustitiam,
1627 1539 1893 1613 quidquid
1944 1539 2127 1595 vellet.

543 1630 691 1686 Dtsc.
721 1630 862 1686 Bene
888 1631 1130 1687 memini.
2134 1622 2139 1635 ’

556 1734 563 1737 -
969 1717 1203 1780 CAPUT
1240 1716 1336 1772 xv
1376 1718 1500 1791 [al.,
1532 1715 1701 1791 xw].

969 1809 1124 1875 Quod
1144 1804 1360 1881 justitia
1387 1809 1453 1864 sit
1478 1809 1701 1881 aliquid.

613 1901 757 1957 MAG.
803 1902 886 1958 An
941 1910 1100 1972 putas
1148 1901 1349 1969 aliquid
1399 1901 1497 1934 ’“’
1537 1917 1657 1957 esse
1703 1901 1848 1972 quod
1892 1892 2133 1956 additum

542 1994 718 2048 eidem
769 1992 1035 2049 voluntati
1080 2001 1344 2066 temperat
1385 1993 1530 2048 illam
1578 1993 1692 2058 'm,
1733 2009 1798 2049 ne
1847 1993 1968 2061 plus
2007 1993 2136 2050 velit

542 2089 638 2120 ὀν’
668 2104 831 2158 quam
861 2088 1001 2143 velle
1027 2097 1261 2159 oportet,
1294 2098 1349 2145 et
1376 2092 1632 2162 expedit?
1665 2091 1809 2148 Disc.
1838 2090 2026 2146 Nullus
2051 2092 2136 2148 in-

542 2180 634 2236 tell
659 2195 790 2252 gens
815 2221 831 2247 ,
873 2181 1009 2236 nihil
1040 2183 1145 2237 hoc
1182 2197 1303 2238 esse
1341 2184 1571 2253 putabit.
1620 2183 1761 2240 MAG.
1808 2181 1958 2248 Hoc,
1999 2183 2134 2240 satis

544 2273 732 2340 credo,
768 2272 1159 2328 animadvertis
1191 2289 1298 2329 non
1326 2274 1471 2329 aliud
1499 2290 1622 2330 esse
1656 2292 1817 2345 quam
1842 2273 2131 2344 justitiam;

543 2362 691 2418 Disc.
757 2361 902 2416 Nihil
951 2363 1097 2419 aliud
1160 2362 1389 2435 cogitari
1451 2374 1650 2435 potest.
1715 2366 1855 2422 MAG.
1914 2364 2134 2421 Certum

543 2464 628 2511 est
672 2454 838 2525 igitur
892 2453 1160 2524 jusﬁtiam
1211 2472 1332 2513 esse
1374 2456 1598 2527 aliquid.
1648 2457 1791 2513 ὓπερ.
1837 2458 1949 2513 Ιιιιο
1979 2459 2136 2515 valde

543 2547 748 2617 aliquid
784 2548 1009 2604 bonum.
1050 2547 1186 2605 MAG.
1230 2549 1531 2619 Antequam
1573 2551 1840 2622 acciperet
1866 2549 2136 2620 justitiam

541 2639 721 2705 hanc,
780 2638 1038 2706 voluntas,
1080 2638 1170 2694 illa
1223 2641 1456 2696 debebat
1528 2640 1662 2698 velle
1724 2652 1779 2698 et
1832 2659 1941 2699 nun
1999 2643 2138 2700 velle

543 2728 844 2797 secundum
883 2718 1185 2798 justitiam?
1212 2716 1359 2786 Dtsc.
1408 2729 1525 2785 Non
1569 2732 1799 2787 debebat
1837 2731 1978 2802 quod
2017 2732 2137 2787 ideo

542 2838 652 2881 non
696 2822 931 2878 habebat
969 2822 1089 2887 ’θ’θ,
1131 2822 1254 2893 quia
1300 2839 1408 2880 non
1446 2832 1752 2894 acceperat.
1800 2823 1939 2880 MAG.
1976 2824 2136 2878 Post-

541 2927 705 2983 quam
738 2923 922 2967 autem
960 2913 1168 2984 accepit
1214 2914 1308 2945 ²⁰⁸¹
1340 2932 1355 2968 :
1390 2929 1496 2970 non
1530 2914 1745 2970 dubitas
1775 2915 2002 2980 debere,
2034 2915 2136 2971 nisi

545 3001 731 3070 aliqua
755 3000 1008 3057 violentia
1041 3002 1295 3061 amittat?
1321 3003 1469 3059 Duc.
1496 3003 1723 3075 Semper
1749 3020 1870 3060 eam
1898 3006 2023 3060 huic
2046 3006 2139 3060 de-

541 3091 659 3148 bito
695 3091 975 3162 alligatam,
1001 3102 1132 3164 puto
1154 3134 1170 3161 ,
1202 3094 1317 3150 sive
1357 3102 1542 3150 teneat
1587 3097 1730 3167 quod
1781 3096 1993 3167 accepit
2020 3098 2134 3153 sive

2227 534 2514 590 honestum
2552 534 2754 589 bonum
2799 534 3142 589 convincitur
3186 532 3300 598 ’m,
3343 547 3505 602 quam
3543 547 3665 602 qua
3710 532 3818 589 hoc

2228 625 2326 657 ηδε
2357 625 2531 696 ipsum
2562 641 2666 680 non
2700 624 2903 680 habere
2933 639 3033 679 nec
3058 622 3258 679 debere
3293 621 3584 694 aliquando
3611 618 3819 693 cogno-

2230 716 2420 773 scitur.
2472 714 2611 771 MAG.
2647 715 2790 771 Bene
2831 713 3146 769 consideras
3180 729 3202 789 ε,
3225 713 3321 768 sed
3364 711 3502 767 adde
3537 711 3666 767 huic
3715 721 3821 767 tute

2229 806 2543 870 sententias,
2577 807 2703 876 quia
2733 814 2936 876 quanto
2966 792 3192 869 natura,
3222 817 3345 873 qua:
3375 802 3479 858 hoc
3504 794 3697 858 habuit
3722 799 3853 889 “‘l,

2230 906 2287 955 et
2331 898 2519 965 debet,
2562 904 2900 952 monstratur
2942 892 3286 958 laudabilior,
3342 899 3494 948 tanto
3540 900 3849 962 persona,‘

2231 1006 2353 1061 quae
2384 1005 2487 1043 non
2523 988 2688 1043 habet
2720 987 2868 1056 quod
2895 985 3085 1052 debet,
3122 982 3464 1039 convincitur
3489 982 3851 1055 vituperabi—}

2232 1080 2355 1136 lior.
2406 1080 2552 1135 DISC.
2601 1080 2962 1135 Vehementer
3002 1076 3256 1132 assentio.
3306 1075 3448 1132 MAG.
3497 1074 3829 1131 Discernere

2232 1170 2365 1225 mihi
2396 1171 2559 1231 bene,
2591 1169 2719 1239 quid
2755 1168 2827 1223 ibi
2857 1175 3124 1223 monstret
3155 1166 3252 1199 ¹⁰⁶³
3278 1176 3528 1221 naturam
3573 1164 3831 1220 laudabi-

2230 1257 2368 1323 lem,
2408 1259 2617 1327 etquid
2657 1256 2823 1311 faciat
2868 1271 3157 1326 personam
3197 1254 3634 1326 vituperabilem.
3669 1255 3825 1310 Disc.

2233 1350 2499 1405 Habuisse
2541 1348 2625 1404 vel
2671 1349 2872 1404 debere
2922 1355 3190 1404 monstrat
3239 1345 3546 1402 naturalem
3589 1345 3829 1416 dignita-

2232 1451 2365 1510 tem,
2396 1451 2452 1497 et
2478 1458 2584 1497 non
2612 1441 2816 1496 habere
2857 1439 2988 1495 facit
3016 1439 3360 1511 personalem
3382 1452 3383 1457 π
3403 1438 3831 1495 inhonestatem.

2236 1536 2439 1591 Debere
2473 1535 2617 1589 enim
2649 1534 2766 1598 ηδ’,
2814 1517 3017 1589 factum
3049 1542 3136 1603 est
3165 1532 3235 1587 ab
3272 1547 3339 1588 eo
3366 1532 3457 1602 qui
3485 1530 3669 1598 dedit;
3717 1546 3845 1587 non.

2232 1627 2433 1682 habere
2458 1639 2618 1693 vero,
2665 1624 2867 1679 factum
2907 1633 2993 1679 est
3036 1624 3106 1679 ab
3137 1623 3255 1695 ipso
3288 1622 3384 1655 ¹⁰⁶⁰
3424 1621 3518 1692 qui
3564 1620 3834 1677 deseruit.

2128 1709 2137 1721 ι
2232 1708 2357 1778 Ideo
2390 1732 2625 1792 namque
2654 1721 2842 1785 debet,
2873 1719 2964 1790 qui
2995 1720 3239 1791 accepit;
3273 1718 3395 1775 ideo
3423 1733 3554 1773 vero
3590 1733 3700 1774 non
3732 1718 3837 1773 ha-

2164 1803 2208 1859 Β
2234 1812 2347 1877 bet,
2380 1814 2502 1882 quia
2538 1812 2781 1867 deseruit
2813 1811 2929 1865 'W.
2962 1810 3102 1867 MAG.
3141 1810 3259 1866 Non
3295 1826 3427 1880 ergo
3470 1810 3837 1880 reprehendis

2236 1905 2330 1936 ’θ’θ’
2356 1904 2408 1959 in
2436 1905 2549 1974 ipsa
2579 1903 2888 1968 voluntate,
2915 1917 3036 1972 quae
3063 1917 3167 1958 non
3197 1902 3347 1957 stetit
3383 1902 3436 1956 in
3461 1900 3708 1971 justitia,
3739 1900 3839 1955 de?

2234 1995 2365 2050 here
2414 1994 2714 2064 justitiam;
2767 1993 2861 2047 sed
2921 2008 3027 2048 non
3085 1993 3287 2047 habere
3327 1990 3616 2061 justitiam.
3678 1989 3839 2044 Dtsc.

2236 2088 2471 2143 Omnino
2503 2086 2634 2141 nihil
2667 2086 2813 2140 aliud
2842 2086 2912 2141 ibi
2949 2086 3285 2156 reprehendo
3320 2101 3481 2155 quam
3522 2084 3836 2139 absentiam

2230 2175 2486 2248 justitize,
2519 2176 2631 2230 sive
2661 2192 2766 2230 non
2804 2175 3005 2229 habere
3029 2174 3317 2246 justitiam.
3359 2173 3519 2239 Nam,
3551 2173 3695 2229 sicut
3718 2175 3842 2244 jam

2238 2265 2371 2330 dixi,
2404 2265 2631 2330 debere,
2665 2266 2887 2330 decorat
2917 2265 3044 2331 ’ως
3080 2280 3186 2320 non
3224 2265 3426 2320 habere
3453 2279 3608 2330 vero,
3647 2265 3844 2320 detur—

2235 2368 2362 2430 pat;
2394 2367 2449 2413 et
2478 2374 2584 2428 quo
2617 2358 2788 2428 magis
2819 2357 3162 2423 illud‘decet,
3191 2373 3257 2412 eo
3284 2357 3456 2427 magis
3486 2356 3627 2412 istud
3663 2356 3845 2411 dede-

2239 2458 2322 2503 cet
2354 2462 2369 2501 :
2398 2449 2529 2513 imo,
2559 2462 2664 2502 non
2689 2448 2759 2503 ob
2787 2446 2932 2502 aliud
2960 2447 3287 2502 voluntatem
3312 2446 3456 2501 illam
3482 2446 3744 2514 deturpat
3770 2460 3845 2500 ex

2237 2540 2455 2611 propria
2487 2538 2643 2609 culpa
2678 2553 2782 2592 non
2813 2538 3044 2601 habere,
3076 2552 3237 2608 quam
3267 2537 3392 2606 quia
3434 2535 3578 2591 illam
3610 2536 3848 2591 decorat

2237 2645 2302 2686 ex
2335 2629 2579 2684 bonitate
2613 2629 2795 2683 dantis
2832 2628 3030 2684 debere
3066 2628 3269 2683 habere
3302 2627 3420 2679 mi.
3456 2625 3595 2682 MAG.
3641 2625 3868 2682 Nonne-

2233 2723 2345 2794 jam
2389 2721 2718 2776 voluntatem
2756 2716 2969 2791 ipsam,
2999 2702 3119 2790 quin
3157 2734 3262 2775 non
3307 2718 3470 2775 habet
3512 2716 3798 2787 justitiam
3826 2758 3864 2785 ,.

2239 2827 2400 2883 quam
2432 2812 2591 2866 debet
2622 2811 2847 2874 habere,
2871 2809 3082 2881 jndicas
3111 2808 3385 2878 injustam,
3419 2818 3473 2864 et
3502 2809 3557 2863 in
3584 2808 3679 2864 illa
3712 2824 3850 2865 esse

2241 2902 2603 2971 injustitiam?
2629 2901 2772 2956 Disc.
2804 2901 2938 2969 Quis
2961 2917 3068 2956 non
3098 2903 3169 2955 ita
3193 2900 3399 2973 judicet
3417 2901 3444 2956 ?
3464 2900 3600 2958 MAG.
3632 2902 3693 2957 Si
3727 2919 3851 2959 non

2240 3005 2384 3051 esset
2415 2993 2643 3063 injuste,
2686 3009 2787 3049 nec
2815 3004 2957 3050 esset
3000 2994 3052 3049 in
3085 2994 3171 3048 illa
3214 2995 3511 3064 injustitia;
3543 3003 3676 3066 puto
3704 2997 3853 3066 quia

2240 3085 2375 3140 nihil
2406 3085 2457 3139 in
2493 3100 2556 3139 ea
2586 3084 3033 3153 reprehenderes.
3072 3084 3218 3140 Dtsc.
3249 3082 3393 3139 Nihil
3416 3082 3658 3139 omnino.
3687 3084 3863 3143 MAG.

543 3191 739 3258 sponte
774 3185 1006 3238 deserat.
1051 3174 1196 3242 MAG;
1227 3185 1395 3242 Recte
1420 3187 1633 3258 iudicas
1678 3188 1793 3240 to",
1836 3186 1942 3245 sed
1981 3189 2128 3260 quid,
2162 3167 2208 3230 C
2237 3176 2379 3248 Ergo
2407 3175 2538 3232 nihil
2569 3175 2714 3231 aliud
2742 3175 2796 3230 in
2819 3191 2883 3232 ea
2914 3175 3265 3246 reprehendis
3286 3191 3449 3246 quam
3479 3173 3853 3246 injustitiam,

544 3274 592 3330 si
629 3274 882 3332 voluntas
917 3276 1105 3333 eadem
1131 3276 1399 3349 justitiam
1433 3287 1541 3334 tam
1574 3279 1779 3336 utiliter
1800 3290 1857 3336 et
1895 3287 2004 3335 tam
2034 3296 2136 3337 sa-

542 3367 758 3438 pienter
784 3369 1024 3424 additam
1064 3370 1200 3439 sibi,
1234 3370 1383 3429 nulla
1418 3372 1714 3445 indigentia
1751 3380 1807 3429 et
1841 3373 1986 3430 nulla
2021 3374 2135 3431 vio-

544 3457 714 3539 lentia
739 3470 987 3532 cogente,
1013 3462 1249 3531 deserat,
1275 3463 1477 3520 utendo
1504 3473 1696 3536 sponte
1723 3481 1817 3521 sua
1845 3474 2135 3537 potestate,

542 3549 598 3605 id
625 3558 721 3633 est‘
732 3549 855 3627 plus
879 3551 1108 3606 volendo
1137 3567 1300 3623 quam
1329 3552 1559 3609 debeat?
1581 3553 1667 3608 An
1710 3554 2012 3610 remanebit
2042 3554 2141 3609 ali-

545 3639 675 3708 quid
721 3639 865 3695 aliud
908 3657 1030 3697 cum
1071 3642 1185 3714 ipsa
1224 3643 1542 3715 voluntate,
1592 3659 1757 3715 quam
1805 3645 1948 3714 quod
1987 3645 2137 3711 prius

547 3728 1027 3786 considerabamus
1066 3744 1193 3789 ante
1229 3733 1658 3803 additamentum
1690 3735 1949 3805 justitite?
1986 3735 2134 3790 Disc.

547 3820 818 3888 Quoniam
849 3820 945 3855 ’⁰⁸³
971 3821 1107 3877 nihil
1136 3822 1281 3878 aliud
1312 3830 1397 3879 est
1437 3823 1678 3897 additum
1705 3839 1867 3895 quam
1891 3823 2134 3896 justitia,

547 3898 799 3983 separata
840 3913 1051 3984 justitia
1094 3915 1228 3970 nihil
1273 3913 1421 3972 aliud
1468 3924 1676 3973 certum
1726 3928 1807 3973 est
1856 3934 2156 3980 remanere.

546 4019 712 4075 quam
749 4007 895 4077 quod
935 4007 1086 4077 prius
1123 4015 1279 4076 erat,
1330 4007 1449 4064 nisi
1476 4009 1601 4078 quia
1647 3998 1967 4067 debitricem
2010 4012 2142 4071 fecit

546 4111 669 4152 eam
722 4107 945 4170 accepta
992 4099 1201 4171 justitia
1231 4143 1247 4167 ,
1300 4108 1357 4155 et
1406 4102 1561 4171 quasi
1613 4100 1860 4172 quaedam
1910 4106 2136 4175 pulchra

547 4189 778 4258 vestigia
825 4192 909 4246 sui
961 4191 1184 4262 reliquit
1231 4192 1488 4248 derelicta
1537 4194 1726 4249 eadem
1771 4195 2004 4266 justitia.
2060 4186 2139 4256 Eo

548 4279 695 4361 enim
727 4281 867 4351 ipso,
894 4297 1003 4353 quo
1030 4283 1263 4338 debitrix
1287 4283 1514 4352 justitia:
1541 4297 1843 4355 permanet,
1874 4300 2140 4347 monstra-

550 4377 639 4425 tur
681 4370 966 4429 honestate
1006 4371 1233 4442 justitia:
1269 4374 1438 4431 fuisse
1485 4378 1757 4432 decorata.
1799 4377 1905 4434 Sed
1939 4389 1996 4435 et
2038 4380 2141 4439 hoc

548 4462 685 4517 satis
713 4454 920 4530 justum
955 4474 1069 4529 eat,
1103 4473 1161 4520 ut
1199 4466 1340 4533 quod
1379 4466 1546 4522 semel
1589 4469 1798 4539 accepit
1824 4468 2135 4540 justitiam,

2233 3277 2289 3323 et
2321 3270 2450 3339 quia
2494 3268 2694 3338 injusta
2724 3279 2839 3324 est.
2870 3270 3014 3325 Dtsc.
3052 3265 3167 3323 Non
3197 3284 3418 3339 possum
3464 3268 3610 3324 aliud
3663 3272 3846 3340 quid-

2236 3362 2400 3432 quam
2440 3360 2495 3415 in
2525 3376 2589 3417 ea
2627 3346 3044 3431 reprehendere.
3082 3360 3225 3417 MAG.
3257 3360 3316 3417 Si
3346 3375 3480 3432 ergo
3508 3360 3644 3415 nihil
3684 3362 3859 3419 aliud

2238 3457 2311 3512 ibi
2343 3450 2698 3521 reprehendis
2728 3468 2890 3525 quam
2931 3452 3233 3508 absentiam
3273 3451 3568 3521 injustitiar,
3597 3461 3657 3508 et
3682 3453 3853 3510 illam

2238 3565 2344 3607 non
2374 3551 2577 3607 habere
2622 3549 2891 3622 justitiam
2915 3588 2932 3613 ,
2960 3547 3101 3602 sicut
3138 3545 3300 3616 paulo
3328 3554 3453 3602 ante
3487 3545 3675 3601 dixisti
3706 3562 3726 3613 ;
3792 3557 3855 3605 et

2238 3639 2436 3696 iterum
2464 3654 2652 3696 verum
2676 3646 2762 3694 est
2789 3639 2916 3709 quia
2944 3636 3079 3693 nihil
3103 3636 3249 3690 aliud
3275 3634 3629 3705 reprehendis
3660 3635 3719 3690 in
3752 3652 3854 3704 ea,

2238 3747 2401 3803 quam
2432 3732 2487 3787 in
2527 3731 2615 3787 illa
2645 3745 2766 3807 esse
2800 3728 3124 3797 injustitiam
3145 3769 3160 3794 ,
3198 3729 3313 3784 sive
3345 3726 3493 3782 illam
3523 3741 3649 3784 esse
3690 3728 3859 3796 inju-

2239 3833 2410 3891 stam;
2470 3823 2648 3895 palam
2680 3830 2765 3878 cst
2790 3821 2916 3893 quia
2954 3810 3063 3877 non
3093 3821 3239 3876 aliud
3279 3822 3333 3877 in
3366 3822 3454 3877 illa
3484 3831 3568 3877 est
3606 3823 3854 3893 injusti-

2243 3918 2315 3973 tia
2354 3926 2449 3972 aut
2485 3931 2605 3972 esse
2648 3913 2937 3983 injustam,
2982 3929 3146 3986 quam
3189 3914 3432 3970 absentia
3473 3914 3700 3985 justitiae
3750 3925 3864 3971 aut

2242 4027 2347 4066 non
2379 4010 2584 4066 habere
2600 4007 2890 4080 justitiam.
2917 4005 3253 4062 Disc.‘Nullo
3281 4006 3441 4062 modo
3467 4018 3696 4077 posmtnt
3723 4007 3859 4063 hac

2240 4118 2362 4161 esse
2391 4104 2626 4159 diversa.
2668 4099 2810 4155 MAG.
2850 4097 3005 4154 Sicut
3038 4098 3201 4169 igitur
3229 4096 3472 4153 absentia
3512 4096 3757 4166 justitiae
3798 4111 3865 4156 et

2241 4209 2348 4250 non
2380 4192 2581 4248 habere
2603 4188 3137 4262 justitiam,‘nnllam
3169 4188 3462 4245 essentiam
3492 4187 3660 4243 habet
3685 4188 3810 4223 ³⁸⁸⁸
3839 4234 3857 4259 ,

2243 4284 2315 4339 ita
2357 4277 2638 4353 injuslitia,
2670 4287 2726 4336 et
2767 4293 2888 4334 esse
2932 4276 3215 4347 injustum,
3250 4276 3457 4332 nullum
3501 4276 3671 4332 habet
3718 4292 3866 4336 esse

2243 4373 2362 4441 ﬂ“,
2387 4383 2445 4427 et
2472 4372 2672 4428 idcirco
2703 4385 2810 4426 non
2837 4378 2922 4425 est
2950 4368 3189 4439 aliquid,
3221 4368 3315 4425 sed
3344 4366 3498 4423 nihil.
3531 4367 3681 4424 DISC.
3724 4368 3864 4427 Non

2194 4510 2199 4515 .
2242 4476 2327 4523 est
2361 4464 2780 4532 consequentius
2807 4460 3029 4531 aliquid.
3057 4459 3199 4516 MAG.
3229 4459 3500 4515 Memento
3527 4459 3695 4515 etiam
3726 4460 3867 4531 jam
3896 4458 3907 4489 ³

548 4566 668 4606 eam
698 4566 917 4622 semper
947 4554 1143 4612 debeat
1170 4532 1286 4621 "5‘,
1312 4550 1431 4613 nisi
1462 4532 1735 4613 violenter:
1759 4532 2025 4617 amiserit.
2165 4532 2218 4594 θ
2245 4564 2497 4614 constare
2530 4554 2658 4624 quia
2688 4552 2975 4609 recedente
3010 4551 3219 4621 justitia
3241 4592 3258 4618 ,
3285 4559 3512 4622 excepto
3535 4550 3732 4608 debito
3762 4556 3870 4626 ju-

546 4653 696 4702 certe
723 4646 951 4704 multum
995 4651 1208 4722 dignior
1238 4663 1431 4708 natura
1462 4649 1745 4724 probatur,
1777 4669 1898 4725 quae
1929 4656 2011 4712 vel
2041 4657 2138 4713 ali-

2245 4647 2408 4705 stitiae
2432 4688 2447 4714 ,
2478 4645 2613 4701 nihil
2648 4644 2795 4700 aliud
2822 4642 2899 4699 illi
2931 4642 3200 4700 remansit
3229 4642 3326 4676 ’⁸⁸⁷
3353 4654 3518 4714 quam
3548 4642 3700 4711 quod
3756 4646 3871 4703 In.

1815 4813 2051 4877 VARUE
2093 4811 2505 4873 LECTIONES.

616 4921 840 5010 "‘2?"
854 4926 1277 5010 hostiumiam
1296 4928 1881 5010 Υοιρίυλιοηνοιςεειξε-
1901 4946 1997 5010 pec
2013 4930 2413 5010 ιιοοίιυὶξιίιιβςθ
2433 4924 2716 5010 solemn?"
2733 4921 2864 5010 Fel.“
2912 4920 3032 5010 Ὗ
3045 4920 3278 5010 ρὲιῑξῗηὲ
3294 4919 3530 5010 Ῠηάίῆἳὶδὲ
3546 4918 3875 5010 milia:

544 4990 673 5085 gem
710 4994 834 5051 Bac.
849 4989 1011 5085 qerh:
1025 4989 1175 5085 omni
1197 4989 1642 5085 ιῐιοξιριῑιιᾷιίεεὶεξξ⁸
1665 4999 1783 5085 3°"
1802 4989 2161 5085 ‘MJnIPutas'
2176 4989 2521 5085 aliiquidgetc.
2544 4993 2628 5085 hic
2647 4992 2842 5085 incipit
2867 4991 3151 5085 cqpﬁt'l'iil.
3150 4993 3208 5085 in
3216 5007 3369 5085 Art-ts:
3374 4990 3531 5085 L1":
3546 4989 3765 5085 temp?

3770 5001 3872 5048 ret

542 5062 697 5142 illam
711 5081 837 5142 mas:
871 5065 1473 5142 Vict._temperat‘illam
1495 5060 1525 5070 ”
1547 5070 1642 5103 ²⁰⁸⁹
1663 5068 1742 5127 Ne
1765 5071 1885 5142 plus
1903 5060 2033 5142 velit
2056 5089 2156 5128 ma.
2188 5060 2327 5126 Vict.
2371 5060 2406 5125 ’ὅ
2437 5081 2540 5124 nec
2571 5065 2690 5135 plus
2714 5060 2844 5118 velit
2869 5062 3154 5142 μηδίζειεο
3176 5076 3282 5142 non
3305 5060 3534 5142 debebat
3557 5060 3873 5142 mu.’.i_<_leo

542 5148 649 5214 non
683 5135 916 5214 habebat
960 5138 1082 5214 _'°f_‘
1106 5129 1397 5214 Postquam
1425 5148 1607 5214 autem
1637 5156 1743 5214 n_on
1765 5129 1981 5214 'accepit
2011 5161 2138 5199 mss.
2166 5150 2458 5214 postquam
2489 5129 2672 5214 autem
2700 5133 2936 5214 accepit"
2971 5131 3264 5214 fmdll'ecte
3297 5135 3497 5203 asseris
3533 5146 3663 5185 mu.
3698 5129 3868 5188 Vict.

544 5202 735 5258 Cister.
765 5205 931 5263 Recte
954 5207 1165 5273 iudicas
1236 5202 1332 5246 ³³⁵³
1349 5209 1612 5267 Iustitiae?

1647 5200 1919 5279 Quoniaui
1953 5230 2084 5269 mas.
2111 5200 2368 5284 ῇυὲιιὶῑίῖίξἒ
2397 5211 2458 5284 li_.
2484 5207 2750 5284 Quoniam
2831 5200 2943 5236 3°“
2963 5201 3262 5284 Justitiam,
3296 5200 3514 5258 servare
3544 5215 3881 5284 θείη-ΞΨ-

544 5287 643 5341 per
670 5276 864 5331 debeat
890 5268 1017 5334 mis.
1045 5277 1232 5334 Cister.
1256 5277 1403 5336 Gem.
1429 5281 1552 5336 Bec.
1578 5268 1735 5337 Cori).
1757 5268 1925 5338 omitt.
1951 5268 2177 5340 serva're
2273 5281 2369 5314 '°"
2409 5268 2783 5334 Οοίῖυιιιιηὶιθι·
2825 5291 2952 5328 ﬂm-
2979 5272 3371 5329 οοηνίηοθηιυν
3410 5288 3535 5327 ἠδεο
3579 5271 3645 5327 8ο
3665 5268 3871 5329 Hith-

542 5343 954 5401 convinceretur

543 5412 640 5493 ’f”
667 5415 794 5493 quid
821 5418 921 5493 tibi
958 5412 1223 5476 monstret
1252 5437 1380 5493 mss.
1407 5412 1535 5493 quid
1573 5423 1667 5479 tibi
1699 5412 1965 5479 monstret

1062 5349 1157 5382 ’°“
1178 5349 1349 5418 Quam
1402 5352 1534 5426 quia
1576 5353 1681 5426 hoc
1731 5370 1858 5409 mss.
1891 5370 2054 5425 quam
2086 5368 2242 5426 grue
2279 5353 2383 5426 hoc
2491 5349 2587 5426 ’f’"
2614 5349 2998 5426 Habuit,_quod
3029 5349 3087 5426 de

2077 5411 2174 5456 “3’
2198 5422 2413 5477 Habere
2446 5418 2592 5474 enim
2623 5434 2749 5470 mss.
2776 5411 2976 5470 debere
3003 5415 3147 5469 enini
3241 5412 3335 5448 ⁹⁶⁸⁰
3357 5411 3472 5467 Νοη
3504 5411 3743 5475 habare,
3770 5413 3876 5468 fa.

2491 5348 2587 5380 ¹⁰⁵⁷
2614 5345 2831 5406 Habuit,
2856 5344 2998 5414 quod
3029 5344 3190 5398 debet
3227 5341 3652 5414 mss._l_iabuit_et
3670 5341 3895 5414 debet

543 5481 791 5564 EEI‘I-liiltlb
820 5486 937 5564 ipso
965 5506 1090 5564 mss.
1116 5507 1224 5564 non
1256 5481 1455 5549 habere
1485 5508 1636 5559 vero,
1671 5494 1870 5564 factum
1902 5503 1984 5546 est
2014 5495 2082 5564 ab
2113 5495 2232 5564 ipso
2305 5491 2398 5564 τοδί
2421 5489 2559 5557 Quia
2589 5487 2827 5564 deseruit
2852 5502 2984 5564 mss.
3019 5481 3149 5538 Vict.
3182 5481 3372 5564 Cist-ef:
3393 5481 3877 5564 q‘ttia‘dereliqnit

549 5552 646 5589 Μ’
669 5552 1056 5624 Ιὶιερι-θίιειιύθε
1114 5561 1168 5616 in
1200 5578 1325 5647 mss:
1356 5552 1714 5684 repréhen'dis

549 5623 748 5678 debere
794 5641 919 5682 mss.
952 5626 1099 5684 Gem.
1131 5630 1252 5684 Bec.
1283 5632 1443 5684 (.orb.
1524 5644 1613 5684 τοι.
1662 5636 1798 5684 ἀθηιι

546 5623 763 5678 debere
794 5641 919 5682 mss.
952 5626 1099 5684 Gem.
1131 5630 1252 5686 Bec.
1283 5623 1443 5686 (ἰονὸῖ

1524 5634 1613 5687 iet.
1662 5634 1841 5689 dantis
1889 5635 2089 5691 debere
2131 5634 2334 5689 habere

1910 5551 2245 5618 m'llaliere
2293 5551 2516 5617 decorat
2562 5574 2688 5612 mss.
2716 5559 2914 5612 debere
2953 5554 3173 5610 decorat
3279 5553 3374 5585 ’m
3410 5551 3598 5606 Daulis
3631 5552 3878 5609 habere

2444 5630 2539 5661 ²⁰⁶³
2583 5628 2884 5683 Essentiatn
2931 5626 3128 5681 habent
3175 5639 3299 5678 mss.
3331 5621 3481 5678 Gem.
3513 5621 3641 5676 Bac.
3673 5618 3873 5678 (ἔοι-ὀ.

555 5691 697 5775 Vliet.
732 5699 1191 5775 essentia‘habet
1283 5703 1379 5735 ²⁰⁶⁶
1413 5701 1627 5760 Nullum
1672 5704 1872 5761 habent
1908 5721 2027 5764 esse
2065 5721 2160 5761 ms.
2195 5701 2384 5760 (Σίδην.
2446 5700 2646 5757 nullum
2706 5699 2867 5752 habet
2929 5709 3048 5752 esse
3139 5693 3333 5749 ""lbi
3397 5692 3655 5749 remansit
3714 5692 3873 5749 istis.

541 5763 617 5818 :lli
651 5767 913 5824 remansit
