4050 6294
215 366 307 427 329
1151 417 1154 421 .
1340 366 1618 429 DIALOG.
1662 369 1750 427 DE
1784 371 1963 429 CASU
2005 373 2292 433 DIABOLI.

219 481 353 542 bebat
371 487 498 535 ante
513 486 817 550 susceptam
834 477 1124 552 iustitiam.
1149 480 1296 552 Disc.
1319 483 1541 540 Constat
1563 487 1767 556 utique.
1798 495 1846 550 Α

219 575 331 633 MAG.
359 573 427 626 At
459 573 659 642 iniusta
692 586 798 626 non
829 581 980 638 erat,
1017 589 1119 630 nec
1157 575 1470 645 iniustitiam
1507 577 1772 646 habebat,

216 674 474 731 antequam
513 662 736 716 haberet
767 658 1056 730 justitiam.
1091 663 1236 717 Disc.
1264 662 1400 719 Non.
1431 663 1572 721 MAG.
1609 666 1770 736 Ergo,

217 765 290 811 aut
320 755 604 810 recedente
629 754 840 823 iustitia
879 754 994 817 ⁸⁸³⁸⁸,
1028 771 1132 808 non
1163 765 1246 811 est
1276 756 1328 810 in
1369 755 1455 810 illa
1489 753 1770 827 iniustitia,

216 861 294 902 nec
325 852 404 898 est
432 841 662 910 iniusta;
705 851 798 895 aut
827 842 962 896 nihil
994 852 1078 898 est
1108 842 1396 911 iniustitia,
1426 846 1507 900 vel
1539 863 1658 902 esse
1690 848 1772 902 in-

212 939 402 1008 iustum.
445 935 592 990 Disc.
637 933 752 989 Non
799 944 980 1004 potest
1006 935 1176 990 videri
1223 935 1426 1006 aliquid
1465 940 1636 1010 magis
1677 955 1772 995 ne-

214 1029 503 1086 cessarium.
533 1026 674 1082 MAG.
701 1026 770 1080 At
790 1026 1110 1097 iniustitiam
1141 1027 1284 1082 illam
1316 1029 1539 1094 habere,
1570 1039 1625 1084 et
1649 1045 1770 1087 esse

214 1122 458 1190 injustam,
492 1128 613 1187 post
646 1119 915 1174 desertam
941 1117 1206 1185 justitiam
1239 1122 1576 1176 concessisti.
1619 1121 1778 1178 Disc.’

211 1213 299 1266 Ιιιιο
339 1225 445 1264 non
486 1223 706 1278 possum
737 1224 844 1263 non
880 1209 1085 1264 videre.
1120 1209 1258 1265 MAG.
1303 1210 1446 1265 Nihil
1497 1213 1658 1282 igitur
1685 1221 1768 1267 est

213 1302 482 1371 iniustitia,
512 1300 599 1355 vel
629 1316 748 1357 esse
789 1301 1069 1368 iniustum.
1122 1302 1265 1356 Disc.
1311 1301 1634 1358 Credentetn
1681 1319 1768 1360 me

209 1393 352 1450 fecisti
380 1392 528 1448 scire
562 1393 705 1465 quod
738 1378 988 1448 nesciens
1012 1393 1322 1448 credebam.

766 1505 997 1563 CAPUT
1036 1505 1174 1562 XVI.

265 1598 400 1664 Quod
432 1597 699 1667 injustitia
733 1614 835 1651 non
863 1601 931 1679 sit
967 1599 1078 1681 ξοξθ,
1116 1600 1216 1653 nisi
1245 1601 1481 1654 absentia
1510 1602 1702 1657 debitas

845 1682 1090 1738 justtltw.

263 1756 382 1812 MAG.
413 1755 656 1813 IEstimo
683 1765 738 1813 te
759 1755 872 1826 iam
901 1773 1248 1829 cognoscere,
1274 1775 1396 1815 cum
1423 1761 1520 1793 "7°
1545 1762 1760 1833 iniusti-

3349 384 3460 442 550

2256 492 2484 550 CAPUT
2523 493 2684 548 xvm
2727 494 2848 567 [al.,
2884 493 3067 568 xvn].

1881 597 2155 679 Quomodo
2182 603 2353 660 malus
2386 606 2602 679 angelus
2639 623 2697 679 se
2729 609 2852 677 fecit
2881 612 3170 679 injustam,
3212 620 3262 665 ct
3292 611 3454 667 bonus

1947 688 2001 752 se
2022 672 2227 752 justum
2258 691 2276 728 :
2305 685 2350 728 et
2378 672 2516 752 quod
2539 676 2711 752 malus
2729 672 2813 732 ἐἰσ
2835 672 2980 734 ᾱεὺὲι
3009 681 3115 735 Deo
3139 672 3338 752 gratias
3359 699 3463 752 pro-

1947 740 2280 823 bonisuqute
2311 740 2506 815 accepit
2529 785 2544 811 ,
2581 755 2629 801 et
2659 749 2919 814 deseruit;
2960 752 3094 806 sicut
3127 740 3323 821 (ianus,
3359 740 3447 823 qui

1945 812 2160 865 servavit
2188 825 2418 881 accepta.

1944 922 2084 978 MAG.
2125 924 2314 978 Nonne
2359 925 2539 995 aliquo
2575 927 2734 982 modo
2779 930 2895 995 "7‘,
2932 930 3017 985 vel
3069 947 3191 986 cum
3225 931 3444 987 haberet

1870 1014 1986 1079 "7’,
2026 1015 2202 1084 potuit
2233 1017 2346 1085 ipse
2376 1016 2478 1070 sibi
2510 1017 2640 1072 dare
2663 1017 2969 1086 iustitiam?
2999 1022 3143 1077 Disc.
3173 1022 3448 1090 Quomodo

1870 1104 2180 1172 potuisset?
2231 1104 2368 1159 MAG.
2418 1105 2668 1162 Pluribus
2719 1109 2906 1163 modis-
2946 1110 3175 1166 dicimur
3229 1112 3449 1169 facere:

1869 1195 2099 1249 dicimur
2119 1199 2262 1250 enim
2292 1196 2471 1251 facere
2495 1199 2718 1267 aliquid,
2751 1215 2874 1253 cum
2902 1215 3021 1256 esse
3045 1201 3274 1258 facimus
3303 1221 3448 1270 rem;

1868 1294 1920 1339 et
1949 1300 2071 1339 cum
2109 1286 2291 1343 facere
2316 1302 2602 1356 possantus
2631 1299 2688 1342 ut
2722 1306 2826 1345 non
2857 1291 2950 1356 sit,
2980 1301 3035 1346 et
3065 1306 3169 1346 non
3200 1291 3449 1348 facimus.

1868 1377 1980 1432 Hoc
2011 1379 2194 1448 itaque
2219 1382 2376 1435 modo
2400 1382 2573 1451 powit
2603 1381 2718 1451 ipse
2740 1383 2839 1437 sibi
2867 1384 2994 1438 dare
3012 1384 3303 1454 iustitiam,
3325 1387 3450 1455 quia

1865 1467 2040 1536 potuit
2068 1467 2167 1521 sibi
2200 1468 2413 1522 auferre
2441 1484 2582 1533 eam,
2613 1478 2666 1524 et
2693 1470 2867 1539 potuit
2895 1485 3000 1525 non
3034 1470 3287 1528 auferre:
3319 1488 3456 1542 quo-

1866 1558 2026 1613 modo
2052 1557 2158 1621 ille,
2186 1559 2277 1626 qui
2305 1558 2455 1613 stetit
2478 1559 2529 1612 in
2558 1559 2784 1614 veritate
2808 1561 2859 1613 in
2887 1574 2992 1630 qua
3015 1560 3197 1626 factus,
3213 1569 3316 1627 est,
3343 1577 3452 1618 non

1865 1648 2014 1713 fecit,
2049 1664 2168 1702 cum
2196 1650 2406 1718 potuit,
2453 1661 2510 1704 ut
2539 1667 2658 1706 eam
2699 1652 3094 1728 non'haberet;
3137 1663 3191 1708 et
3225 1655 3298 1709 ita
3329 1670 3452 1711 eam

1863 1736 1976 1808 ipse
2009 1737 2112 1792 sibi
2140 1739 2323 1804 dedit,
2355 1747 2411 1793 et
2442 1747 2612 1794 totum
2658 1741 2760 1796 hoc
2787 1741 2960 1802 aDeo
3003 1743 3212 1813 accepit
3244 1762 3258 1797 :
3289 1744 3357 1799 ab
3385 1761 3452 1800 eo

207 1847 262 1900 tia
294 1862 385 1901 non
419 1847 494 1901 sit
523 1846 669 1902 aliud
703 1862 866 1917 quam
906 1828 1148 1902 absentia
1172 1847 1398 1916 iustitiae
1419 1891 1433 1916 ,
1481 1828 1761 1922 nec‘iniu-
1793 1841 1836 1899 Β
1865 1828 2008 1881 enim
2041 1843 2270 1922 30°91)"
2274 1839 2368 1883 um
2397 1829 2557 1922 ambo
2584 1831 2678 1863 mo
2705 1832 2926 1898 habere”
2956 1840 3009 1886 θί
3029 1848 3190 1904 posse
3222 1843 3406 1903 tenere
3432 1877 3450 1901 '

206 1947 318 1995 tlum
342 1951 463 1992 esse
489 1937 634 1991 aliud
657 1953 818 2007 quam
846 1952 952 1993 non
985 1938 1184 1995 habere
1203 1938 1494 2007 iustitiam,
1525 1957 1625 1998 cur
1651 1960 1756 1999 non

205 2041 304 2084 ante
329 2029 541 2096 datam,
590 2030 684 2084 sed
727 2039 848 2099 post
879 2031 1194 2086 derelictam
1214 2033 1483 2102 iustitiam
1510 2076 1524 2100 ,
1567 2037 1755 2092 eadem

203 2120 410 2174 absentia
453 2118 684 2190 iustitia:
713 2130 939 2175 vocetur
983 2121 1283 2190 iniustitia,
1323 2132 1510 2178 etnon
1558 2127 1759 2183 habere

200 2206 432 2275 iustitiam
455 2251 470 2275 ,
506 2210 579 2266 sit
602 2209 858 2279 iniustum
887 2226 1028 2278 esse,
1058 2222 1114 2268 et
1155 2214 1226 2269 sit
1255 2223 1542 2285 utrumque
1573 2231 1759 2288 repre-

206 2299 439 2356 hensibile
471 2320 484 2354 :
519 2318 626 2356 non
665 2303 808 2356 enim
853 2317 1072 2373 propter
1098 2305 1240 2359 aliud
1265 2347 1280 2370 ,
1328 2308 1429 2362 nisi
1474 2310 1599 2378 quia
1650 2325 1755 2365 non

200 2394 388 2449 dedecet
421 2395 618 2450 abesse
641 2394 909 2463 justitiam
929 2436 943 2460 ,
974 2397 1077 2452 nisi
1110 2398 1198 2452 ubi
1230 2399 1390 2454 debet
1431 2415 1573 2456 esse.
1606 2401 1757 2458 Sicut

201 2486 325 2539 enim
345 2487 547 2552 virum,
575 2487 665 2556 qui
694 2490 928 2543 nondum
956 2489 1114 2545 debet
1145 2491 1344 2548 habere
1374 2493 1618 2561 barbam,
1648 2512 1755 2552 non

198 2573 390 2629 dedecet
422 2593 530 2630 non
559 2577 783 2642 habere,
805 2593 929 2633 cum
959 2593 1086 2634 vero
1103 2577 1218 2647 iam
1245 2583 1401 2638 debet
1428 2584 1646 2647 habere,
1677 2587 1758 2662 in:

199 2664 421 2720 decorum
444 2677 532 2722 est
557 2683 660 2722 non
684 2669 909 2734 habere,
933 2671 1007 2724 ita
1031 2682 1301 2740 naturam,
1325 2688 1444 2742 qua:
1465 2691 1572 2730 non
1596 2677 1758 2731 debet

197 2756 366 2813 habere
399 2760 670 2830 iustitiam
695 2802 710 2826 ,
749 2777 855 2816 non
885 2763 1152 2818 deformat
1193 2781 1299 2820 non
1332 2766 1566 2833 habere;
1611 2768 1755 2824 illam

195 2863 320 2918 vero,
343 2866 464 2921 quae
492 2851 694 2908 habere
719 2853 904 2920 debet,
937 2854 1260 2910 dehonestat
1298 2871 1400 2910 non
1429 2857 1630 2914 habere
1654 2878 1667 2915 :
1701 2869 1758 2916 et

193 2952 367 3014 quanto
407 2944 586 3014 magis
626 2945 824 3000 debere
854 2945 1054 3015 habere
1091 2948 1184 2980 ²⁰⁷¹
1208 2988 1224 3015 ,
1267 2949 1478 3004 virilem
1520 2953 1756 3008 ostendit

195 3044 410 3089 naturam
438 3036 557 3099 "7’,
591 3045 740 3090 tanto
773 3038 942 3106 magis
973 3054 1077 3093 non
1104 3039 1324 3106 habere,
1352 3039 1517 3095 findat
1544 3043 1753 3098 virilem

191 3123 414 3196 figuram.
438 3125 587 3182 Dtsc.
612 3126 950 3183 Sullicienter
969 3130 1122 3185 video
1145 3131 1458 3202 iniustitiam
1483 3149 1586 3190 non
1610 3150 1750 3202 esse,

191 3216 276 3269 nisi
303 3217 602 3272 absentiam
625 3217 870 3285 iustitiae,
904 3219 995 3275 ubi
1025 3221 1185 3277 debet
1213 3239 1332 3278 esse
1360 3225 1597 3293 iustitia.

570 3306 802 3364 CAPUT
839 3309 977 3367 xvn
1019 3309 1143 3384 [al.,
1174 3311 1342 3386 xvq.

188 3391 280 3457 Cur
309 3396 545 3454 desertor
572 3397 788 3468 angelus
827 3415 931 3455 non
962 3402 1126 3469 possit
1169 3403 1339 3457 redire
1378 3405 1449 3458 ad
1467 3405 1755 3476 justitiam.

247 3483 378 3539 MAG.
420 3485 558 3541 Cum
602 3487 879 3555 posuimus
909 3489 1004 3520 ²⁰⁷⁸
1033 3490 1202 3546 solam
1233 3493 1556 3550 voluntatem
1590 3497 1758 3552 beati-

190 3579 370 3633 tudinis
400 3578 631 3649 prazfato
659 3579 852 3650 angelo
887 3581 1006 3636 dari
1045 3583 1164 3648 ὀτδ,
1196 3584 1428 3640 vidimus
1462 3601 1583 3641 eum
1623 3589 1756 3643 nihil

184 3671 407 3738 potuisse
439 3672 552 3742 70
579 3671 714 3727 velle
744 3672 909 3728 aliud.
941 3674 1090 3731 Disc.
1123 3677 1327 3746 Aperte
1358 3678 1590 3746 vidimus
1615 3681 1757 3748 quod

182 3761 316 3816 dicis.
356 3763 502 3818 MAG.
545 3763 628 3818 An
663 3763 865 3832 modo,
911 3766 1168 3823 derelicta
1217 3769 1425 3839 iustitia
1473 3779 1528 3825 et
1573 3764 1754 3827 rema-

181 3861 326 3906 nente
386 3855 475 3907 illa
541 3855 655 3909 sola
709 3856 803 3888 ’(³⁷⁸
849 3858 1147 3925 voluntate,
1174 3875 1294 3930 quae
1342 3861 1493 3930 prius
1545 3861 1753 3930 fuerat,

176 3941 558 4010 beatitudinis,
631 3955 808 4016 potest
867 3947 1007 4004 idem
1067 3949 1313 4006 desertor
1373 3951 1440 4006 ad
1503 3951 1753 4010 volunta-

176 4037 271 4085 tem
313 4030 548 4100 iustitiae
595 4038 774 4093 redire
821 4053 919 4108 per
966 4054 1026 4095 se
1069 4043 1138 4096 ad
1182 4057 1344 4111 quam
1393 4062 1500 4102 non
1548 4050 1752 4120 potuit,

171 4133 453 4194 antequam
497 4127 740 4196 daretur,
779 4131 999 4186 venire?
1039 4134 1188 4190 Dtsc.
1228 4134 1334 4191 Sed
1379 4139 1540 4195 modo
1584 4144 1754 4199 multo

169 4213 337 4269 minus
371 4234 387 4270 :
426 4227 555 4270 tunc
590 4218 736 4272 enim
779 4221 1087 4277 conditione
1135 4233 1342 4281 natura:
1392 4243 1497 4282 non
1537 4242 1755 4300 poterat

164 4302 396 4371 habere;
433 4323 579 4362 nunc
617 4323 746 4364 vero
782 4311 974 4367 merito
1001 4329 1219 4384 quoque
1245 4315 1416 4388 culpae
1458 4333 1564 4372 non
1593 4320 1754 4376 debet

165 4390 379 4482 habere.
411 4397 559 4454 MAG.
589 4398 742 4454 Nullo
769 4417 898 4472 ergo
926 4404 1085 4459 modo
1131 4415 1310 4476 potest
1356 4410 1554 4467 habere
1591 4411 1750 4482 iusti-

1863 1927 1918 1972 et
1944 1924 2101 1987 posse
2129 1920 2400 1975 deserere.
2446 1921 2560 1977 lloc
2587 1922 2831 1978 ultimum
2876 1924 2997 1979 ideo
3024 1923 3167 1980 Deus
3205 1925 3355 1980 dedit
3390 1934 3452 1980 ut

1862 2016 2084 2076 possent
2128 2009 2228 2063 sibi
2281 2011 2431 2064 dare‘
2458 2010 2637 2081 aliquo
2680 2013 2839 2067 modo
2863 2011 3155 2082 iustitiam.
3200 2012 3258 2068 Si
3303 2014 3448 2070 enim

1863 2099 2009 2154 nullo
2045 2101 2203 2155 modo
2243 2116 2363 2156 eam
2408 2102 2508 2158 sibi
2557 2112 2777 2172 possent
2808 2105 3024 2160 auferre
3049 2145 3063 2171 ,
3111 2105 3257 2160 nullo
3289 2107 3451 2162 modo

1861 2202 2083 2262 possent
2106 2193 2205 2247 sibi
2232 2193 2385 2248 dare.
2411 2193 2511 2256 Qui
2541 2209 2670 2266 ergo
2696 2194 2798 2250 hoc
2822 2195 2983 2251 modo
3007 2196 3107 2251 sibi
3137 2195 3282 2251 dedit
3303 2211 3447 2260 eam,

1861 2285 1963 2339 hoc
2005 2283 2179 2354 ipsum
2218 2299 2248 2338 a
2290 2285 2400 2340 Deo
2438 2286 2637 2355 accipit
2685 2295 2740 2340 ut
2794 2287 2896 2342 sibi
2949 2302 3070 2342 eam
3120 2287 3274 2343 daret
3333 2289 3447 2344 "8‘.

1860 2374 2007 2428 Disc.
2063 2372 2231 2429 Video
2287 2376 2414 2445 quia
2473 2392 2579 2431 non
2632 2377 2926 2434 auferendo
2977 2389 3271 2449 potuerunt
3346 2379 3448 2435 sibi

1860 2466 1990 2520 dare
2013 2464 2311 2534 iustitiam;
2345 2467 2439 2521 sed
2469 2467 2607 2521 alter
2634 2467 2733 2523 sibi
2767 2469 2933 2537 dedit,
2965 2470 3101 2524 alter
3130 2470 3230 2525 sibi
3258 2471 3446 2525 abstu-

1861 2555 1944 2608 lit.
1973 2557 2110 2611 MAG.
2150 2557 2309 2613 Vides
2337 2573 2465 2627 ergo
2491 2558 2600 2612 Deo
2626 2574 2812 2626 parem
2851 2575 2945 2615 eos
2988 2563 3186 2616 debere
3216 2563 3448 2632 gratiam

1859 2645 1975 2712 "3’,
2003 2655 2264 2716 quantum
2292 2648 2356 2701 ad
2386 2647 2480 2678 ¹⁰⁸³
2503 2648 2799 2702 bonitatem
2829 2651 3019 2720 ipsius,
3051 2668 3151 2706 nec
3174 2652 3446 2708 diaboluzu

1861 2736 1982 2791 ideo
2010 2737 2188 2792 minus
2213 2737 2412 2793 debere
2441 2739 2552 2794 Deo
2579 2739 2839 2805 reddere,
2867 2741 3008 2810 quod
3040 2741 3134 2796 Dei
3173 2753 3288 2807 est;
3318 2744 3446 2812 quia

1859 2827 1960 2881 sibi
1985 2826 2204 2882 abstulit
2225 2829 2366 2901 quod
2391 2829 2530 2885 Deus
2557 2829 2726 2896 dedit,
2759 2819 3012 2886 et'noluit
3032 2832 3280 2903 accipere
3299 2835 3448 2904 quod

1862 2919 2004 2974 Dens
2032 2919 2246 2974 obtulit.
2280 2919 2426 2975 Disc.
2461 2919 2652 2976 Video.
2683 2921 2821 2978 MAG.
2853 2921 3076 2994 Semper
3102 2924 3267 2996 igitur
3290 2926 3450 2982 debet

1857 3011 1968 3068 Deo
2017 3013 2223 3082 gratias
2268 3029 2430 3084 agere
2479 3013 2656 3068 malus
2702 3014 2925 3085 angelus
2973 3030 3070 3084 pro
3115 3018 3448 3074 beatitudine

1858 3117 2021 3172 quam
2045 3103 2148 3158 sibi
2173 3103 2427 3169 abstulit;
2453 3104 2594 3159 sicut
2615 3104 2787 3160 bonus
2808 3121 2907 3175 pro
2931 3120 2994 3160 ea
3018 3123 3176 3176 quam
3203 3107 3305 3164 sibi
3334 3109 3448 3179 ipse

1783 3180 1829 3242 (ἶ
1861 3195 2030 3250 dedit.
2060 3192 2209 3249 Disc.
2242 3194 2592 3250 Verissimnm
2619 3204 2721 3251 est.
2745 3195 2885 3252 MAG.
2911 3195 3146 3254 Estimo
3170 3200 3297 3269 quia
3323 3200 3445 3254 ani-

1860 3284 2159 3340 madvertis
2188 3287 2359 3340 Deum
2390 3286 2536 3341 nullo
2567 3287 2726 3343 modo
2755 3303 2915 3358 posse
2943 3287 3124 3344 facere
3151 3289 3408 3358 iniustum
3427 3331 3444 3357 ,

1859 3377 1961 3432 nisi
1995 3378 2252 3449 iniustum
2285 3393 2392 3432 non
2432 3378 2680 3436 faciendo
2706 3379 2942 3448 iustum,
2976 3397 3098 3436 cum
3129 3383 3298 3452 possit
3327 3383 3443 3440 '°“.

1860 3468 1994 3523 Nam
2023 3481 2148 3525 ante
2187 3478 2467 3541 acceptam
2491 3469 2755 3539 iustitiam
2795 3471 2974 3527 nullus
3010 3481 3094 3528 est
3121 3472 3331 3542 iustus,
3359 3474 3446 3530 vel

1858 3559 2126 3629 iniustus;
2169 3570 2223 3616 et
2259 3563 2438 3618 nullus
2478 3574 2598 3633 post
2638 3573 2915 3635 acceptam
2947 3563 3216 3634 iustitiam
3260 3567 3329 3622 sit
3361 3568 3446 3622 in-

1853 3650 2054 3720 iustus,
2090 3653 2189 3707 nisi
2221 3663 2412 3724 sponte
2442 3657 2651 3712 deserta
2673 3655 2903 3724 iustitia.
2934 3655 3087 3713 Sicut
3110 3651 3241 3730 ergo
3268 3660 3444 3716 bonus

1857 3741 2077 3812 angelus
2100 3743 2228 3806 fecit
2255 3761 2312 3800 se
2333 3746 2560 3815 justum,
2586 3763 2688 3801 non
2717 3747 3010 3804 auferendo
3035 3749 3444 3818 sibi-iustitiam,

1862 3848 1984 3886 cum
2028 3835 2238 3903 potuit,
2289 3837 2360 3908 ita
2411 3837 2552 3892 Deus
2597 3838 2793 3892 malum
2837 3839 3083 3907 angelum
3132 3839 3260 3894 facit
3305 3841 3439 3910 iniu-

1857 3930 1998 3976 stum
2044 3923 2159 3987 "3",
2201 3940 2307 3979 non
2344 3925 2616 3980 reddendo
2649 3927 2700 3981 ei
2739 3926 3041 3996 iustitiam,
3089 3941 3210 3982 cum
3249 3929 3439 3998 possit.

1855 4012 2003 4068 Disc.
2035 4013 2216 4070 Facile
2244 4017 2607 4085 cognoscitur.

2438 4125 2666 4181 CAPUT
2708 4126 2846 4180 XIX.

1856 4231 2010 4298 Quod
2039 4230 2304 4299 voluntas,
2335 4233 2388 4287 in
2416 4244 2669 4302 quantum
2698 4244 2771 4288 est
2791 4277 2805 4301 ,
2840 4235 3031 4290 bonum
3074 4237 3173 4302 sit;
3207 4247 3256 4292 et
3293 4238 3440 4294 nulla

2369 4320 2448 4357 res
2479 4304 2676 4358 malum
2708 4307 2774 4358 sit
2809 4305 2927 4358 ²⁰⁸⁶.

1924 4412 2066 4469 MAG.
2110 4413 2416 4470 Redeamus
2451 4415 2520 4469 ad
2565 4417 3053 4472 considerationem
3104 4420 3434 4489 voluntatis;

164 4478 282 4535 tiam
311 4499 341 4536 a
376 4500 440 4539 se
465 4527 480 4552 ,
515 4502 637 4542 cum
666 4505 770 4544 non
802 4491 966 4546 habet
989 4495 1287 4563 justitiam;
1316 4500 1440 4568 quia
1471 4516 1570 4556 nec
1595 4508 1746 4557 anteé
1781 4523 1823 4579 ο
1848 4517 1904 4562 et
1951 4509 2366 4564 reminiscamur
2412 4509 2554 4578 quod
2610 4512 3016 4568 consideramus
3041 4553 3056 4579 ,
3101 4513 3436 4570 voluntatem

162 4583 311 4634 quam
343 4589 471 4628 eam
505 4577 734 4647 accipiat
764 4579 881 4644 ¹⁰⁷⁰,
916 4597 1017 4636 nec
1044 4595 1326 4654 postquam
1358 4605 1476 4643 eam
1510 4591 1749 4648 deseruit
1785 4577 1809 4595 ᾖ

164 4656 260 4714 ”⁷⁷.
294 4661 450 4718 Dtsc.
484 4663 605 4719 Non
637 4667 795 4723 debet
821 4669 1020 4739 aliquid
1052 4674 1252 4730 habere
1285 4693 1313 4729 a
1345 4694 1426 4732 se.

1855 4599 2062 4655 scilicet
2096 4601 2476 4669 beatitudinis,
2522 4602 2779 4672 quidquid
2819 4604 2982 4669 velit,
3022 4623 3129 4662 non
3164 4623 3284 4663 esse
3323 4623 3439 4662 ma-

1853 4688 1994 4756 lum,
2034 4691 2125 4745 sed
2167 4707 2287 4746 esse
2322 4691 2520 4746 bonum
2562 4695 2779 4763 aliquod
2812 4697 2928 4762 "3",
2967 4707 3254 4768 antequam
3292 4701 3437 4755 acci-

1481 4814 1711 4874 VARUS
1753 4821 2156 4881 LECTIONES.

213 4910 305 5011 ζ’*
501 4916 1101 5011 recede-meninittstitia
1168 4941 1292 4979 mss.
1325 4923 1387 4980 S.
1416 4924 1576 5008 Mich.
1611 4940 1702 4986 aut
1753 4935 2036 5011 recedente
2075 4937 2286 5011 iustitia
2367 4941 2460 5011 ὀἷ’
2493 4939 2607 5011 Non
2637 4941 2914 5011 iniustitia
2963 4942 3033 4996 sit
3087 4958 3212 4995 mss.
3269 4940 3434 5008 inius-

159 4976 262 5034 titia
331 4999 448 5036 non
501 4986 572 5064 sit

152 5063 264 5104 cere
337 5066 472 5106 cum
543 5060 750 5122 iustitia

149 5191 456 5270 posuimus,
486 5203 593 5270 etc.
624 5197 905 5270 hicincipit
949 5213 1102 5270 caput
1149 5204 1234 5258 l7.

147 5273 266 5346 mss:
301 5261 432 5346 illa-
458 5264 572 5344 soia
685 5261 967 5346 '°’f_Eam_
1001 5261 1228 5346 accepit.
1270 5291 1400 5346 mss.
1434 5261 1665 5346 accipiat

145 5331 329 5410 modo,
370 5340 490 5383 etc.
521 5333 573 5386 in
603 5351 728 5410 mss.
753 5338 835 5410 h_ic
865 5339 1042 5407 incipit
1079 5331 1231 5410 cdput
1257 5345 1344 5400 18.

144 5397 299 5475 ambo
337 5417 478 5452 mss.
512 5415 559 5455 et
607 5405 915 5475 edit._Got/t.
942 5397 1265 5475 acceperunt
1293 5397 1452 5470 ainbo

673 4991 767 5070 "f"
790 4991 972 5071 Etiam
1020 5005 1076 5071 te
1126 5010 1455 5071 cognoscere
1495 4996 1629 5065 iatn,
1675 5004 1818 5071 quod
1872 5021 1992 5058 cum
2039 4991 2165 5060 niss.
2227 5008 2356 5061 Vict.
2401 4991 2904 5065 Gemeecf‘Corb.
2951 5023 3000 5066 te

341 5066 472 5136 cum
519 5133 526 5136 _
543 5063 750 5122 iustitia
885 5063 976 5136 ’37}
1044 5063 1217 5136 Debet
1261 5065 1459 5136 habere
1498 5063 1646 5124 ﬁnies.
1695 5063 1852 5128 'Vict.
1919 5074 2067 5129 Gem.
2137 5076 2258 5131 Bec.
2326 5063 2481 5132 Corb.
2524 5063 2718 5136 debere
2763 5063 2964 5135 habere

151 5123 386 5200 ostendit
442 5133 690 5179 naturam
735 5147 832 5189 ms.
891 5131 1024 5186 Vict.
1074 5135 1106 5187 9
1167 5135 1337 5189 virilis
1382 5123 1852 5196 ostenditnatuvra

151 5200 456 5262 posuimus,
486 5203 593 5248 etc.
624 5197 708 5248 hic
733 5199 905 5262 incipit
949 5213 1102 5262 caput
1149 5204 1234 5258 l7.
1349 5204 1672 5262 "'"Anaelo
1717 5213 1848 5262 dare

1515 5219 1672 5275 ngeto
1717 5219 1848 5266 dare
1900 5230 2024 5269 mss.
2073 5227 2120 5270 et
2163 5220 2291 5275 edit.
2337 5219 2492 5272 Col/1.
2534 5221 2738 5275 Anaelo
2786 5219 2898 5273 dari

1552 5213 1672 5275 gelo
1717 5213 1848 5266 dare
1900 5230 2024 5269 mss.
2073 5227 2120 5270 et
2163 5213 2291 5275 edit.
2337 5217 2492 5272 Col/1.
2534 5221 2738 5288 Angelo
2786 5219 2899 5273 dari
3002 5219 3094 5249 ’(⁵⁷⁸
3121 5219 3210 5272 Illa
3258 5219 3430 5274 solum

1553 5279 1665 5357 piat
1773 5283 1870 5357 f0"
1907 5283 2041 5357 Eam
2087 5287 2288 5342 deserit
2325 5287 2455 5341 'mss.
2503 5290 2647 5342 omit.
2675 5305 2792 5343 eain
2888 5288 2980 5319 ²⁰⁷⁸
3021 5287 3207 5342 Nonne
3254 5288 3432 5357 aliquo

1459 5348 1727 5427 mitium
1773 5353 1888 5424 ipse
1937 5355 2161 5427 haberet
2207 5375 2303 5410 ms.
2333 5357 2519 5411 Cister.
2555 5359 2696 5411 omit.
2747 5359 2862 5427 ipse

1643 5420 1706 5498 In
1732 5419 1857 5478 mss.
1884 5426 2222 5498 continuatur
2260 5428 2556 5498 praecedens
2601 5419 2781 5496 caput'
2832 5428 2925 5459 ²⁰⁸²
2950 5428 3053 5482 Eos
3084 5419 3280 5483 habere
3305 5445 3431 5498 gra-

3041 5027 3152 5079 iam
3210 5026 3410 5080 cognos

3077 5082 3171 5111 ²⁰⁷¹
3213 5081 3432 5135 Virilem

1964 5146 2059 5177 ²⁰⁷⁸
2087 5146 2220 5201 Cum
2249 5150 2540 5217 possimus,
2562 5159 2668 5204 etc.
2703 5168 2825 5203 mss.
2864 5159 2911 5202 et
2957 5150 3081 5202 edit.
3106 5149 3262 5202 Gotlt.
3297 5149 3431 5205 Cum

1964 5232 2024 5269 ss.
2073 5227 2120 5270 et
2163 5220 2291 5272 edit.
2337 5217 2492 5272 Col/1.
2534 5221 2738 5272 Anaelo
2786 5219 2899 5272 dari
3002 5219 3210 5272 ’mllla
3258 5219 3430 5272 solum

3180 5234 3210 5272 ει
3258 5233 3430 5274 εοιιιηι

2966 5358 3061 5389 ²⁰⁸⁰
3099 5359 3432 5428 Acceperunt

143 5465 264 5567 Et:
296 5481 549 5567 inszsgne‘th
562 5475 685 5527 edit.
713 5473 872 5567 got/3..
890 5494 982 5567 eos
1006 5465 1200 5536 debere
1229 5485 1459 5563 gratiam
1528 5489 1628 5567 ξοδδ
1657 5465 2025 5558 Quanluui
2260 5465 2718 5565 ’iiici.".]63nmili
2744 5499 2812 5552 ad
2887 5499 2983 5530 ²⁰⁸¹⁵
3007 5499 3147 5554 Deus
3172 5465 3426 5567 inius'ium

568 5559 684 5630 ,9?"
711 5542 1077 5630 ίδξίίμῖυβιξηηυ
1102 5533 1261 5620 (ιιιειῖἶ
1288 5551 1493 5630 histum
1524 5533 1926 5630 [aceFé‘éBiéEif
1950 5533 2146 5619 Stis'f'éi
2179 5533 2315 5620 Zdi‘tl.
2339 5533 2668 5622 Gal/tiuolmit.
2694 5533 2812 5622 Ιηεέ
2832 5570 3006 5623 omnia

3113 5569 3206 5601 ’⁸³⁸⁵
3232 5569 3427 5623 Malum

756 5607 884 5706 facit
914 5607 1165 5706 iniustum
1197 5607 1321 5706 nisi.
1345 5623 1498 5706 .l’ict.
1523 5627 1644 5706 Βςσ.
1673 5607 1821 5686 ίίἕηι.
1849 5607 2009 5687 Gorb:
2031 5607 2236 5706 maluit)
2285 5607 2532 5704 angelum
2563 5636 2689 5691 facit
2721 5635 2976 5705 iniustum
3057 5639 3151 5672 ²⁰⁸⁶
3172 5639 3227 5694 In
3259 5655 3427 5706 quau-

139 5681 242 5752 tum
282 5679 388 5742 sit,
420 5679 624 5752 bonum
651 5694 751 5749 est,
779 5694 834 5738 ct
861 5679 1001 5742 nulla
1030 5705 1113 5744 res
1139 5693 1278 5748 mala
1314 5693 1385 5750 sit
1412 5679 1536 5751 mss.
1574 5679 1627 5752 in

137 5743 342 5802 bonum
373 5748 596 5822 aliquod
627 5743 749 5808 mss.
787 5755 916 5811 Vict.
945 5758 1072 5813 Cist.
1098 5743 1726 5838 esse"béiiuiﬁniiiuiit‘i

1656 5712 1916 5782 quantum
1945 5712 2045 5772 cst,
2077 5703 2273 5762 bonum
2303 5703 2395 5774 sit,
2427 5715 2483 5761 et
2514 5707 2656 5764 nulla
2694 5703 2784 5766 res
2809 5710 3006 5767 malum
3037 5711 3107 5767 sit
3181 5703 3426 5764 ’m—Esse
