4050 6294
516 235 623 291 351

1054 232 1451 290 είΑκεεωιι
1475 230 1829 289 ΕΔΝΠΙΑΒ.
1876 228 2201 287 Δίιειιιει».
2240 231 2395 286 οΡΡ.
2436 232 2621 289 PARS
2656 234 2700 290 Ι.
2726 266 2798 278 -
2820 237 3245 299 ΒΟΟΜΔΤΙΟΔ.
3322 202 3337 209 ᾔ

3690 246 3811 302 35!

515 351 635 419 piat
664 348 949 418 justitiam.
994 346 1149 403 Unde
1186 348 1538 417 aursequitur
1568 348 1697 417 quia
1744 362 1868 401 cum
1899 345 2104 399 deserit
2132 350 2180 405 Α
2205 350 2518 402 consensit?
2548 352 2693 406 Dtsc.
2725 349 2868 406 Nihil
2892 354 2982 409 hic
3008 371 3315 425 repugnare
3339 357 3437 391 ¹⁶⁹⁹
3463 359 3684 415 videtur
3712 376 3811 417 ve-
3893 411 3898 414 .

516 452 797 511 acceptam
817 440 1081 509 justitiam
1108 442 1172 505 (si
1197 440 1384 492 eadem
1412 440 1647 494 essentia
1673 448 1777 502 est,
1807 453 1929 508 qua
1954 438 2106 507 prius

516 544 659 599 erat)
696 535 896 587 bonum
925 541 1011 586 est
1036 531 1255 599 aliquod
1284 528 1401 595 ³⁸⁸⁸,
1434 539 1697 599 quantum
1732 531 1800 584 ad
1831 531 1935 585 hoc
1962 530 2105 598 quod

515 636 637 690 est;
673 632 935 695 quantum
964 638 1093 677 vero
1121 624 1190 675 ad
1225 623 1328 676 hoc
1358 624 1487 691 quia
1523 623 1735 692 justitia
1766 638 1888 690 qua:
1918 623 2019 675 fuit
2051 624 2103 676 in

517 716 629 779 illa,
664 732 769 768 non
804 724 917 777 est,
965 714 1163 767 dicitur
1192 714 1335 767 mala
1374 725 1427 767 et
1467 714 1689 781 iniusta.
1731 712 1864 765 Nam
1893 713 1938 766 si
1971 714 2106 767 velle

514 806 629 861 Deo
650 807 881 859 similem
910 798 1049 859 esse.
1078 804 1278 857 malum
1302 815 1474 866 esset,
1503 805 1673 859 Filius
1695 804 1785 857 Dei
1811 819 1917 857 non
1945 803 2105 857 vellet

514 899 710 952 similis
744 897 1043 953 esse‘Patri
1074 913 1091 951 :
1124 907 1218 951 aut
1254 897 1392 951 velle
1420 898 1688 965 quaslibet
1716 898 1930 952 infimas
1954 897 2105 950 vuln-

512 997 711 1056 platea,
738 998 883 1042 esset
908 990 1141 1051 malum;
1172 988 1311 1040 mala
1342 988 1615 1039 diceretur
1638 986 1886 1039 voluntas
1914 986 2100 1039 bruto-

512 1095 639 1133 rum
661 1081 1003 1133 animalium.
1033 1079 1141 1134 Sed
1167 1095 1265 1133 nec
1286 1081 1533 1132 voluntas
1559 1079 1683 1132 Filii
1718 1079 1810 1132 Dei
1830 1088 1915 1133 est
1937 1076 2099 1143 mala,

515 1172 641 1240 quia
664 1170 943 1238 estiusta;
972 1187 1071 1225 nec
1094 1170 1339 1224 voluntas
1368 1171 1693 1223 irrationalis
1720 1170 1856 1222 mala
1881 1169 2101 1233 dicitur,

514 1264 645 1331 quia
674 1279 779 1316 non
807 1272 891 1316 est
914 1262 1132 1329 iniusta.
1162 1261 1316 1317 Unde
1342 1264 1585 1330 sequitur
1612 1261 1813 1315 nullam
1848 1260 2100 1315 volunta-

516 1365 627 1408 tem
672 1370 796 1410 esse
824 1356 1049 1415 malum,
1077 1356 1174 1409 sed
1210 1370 1331 1408 esse
1366 1352 1562 1407 bonum
1594 1354 1647 1407 in
1691 1362 1953 1423 quantum
1982 1361 2098 1418 est,

516 1447 642 1513 quia
671 1461 809 1515 opus
841 1446 936 1499 Dei
966 1454 1080 1508 est;
1116 1460 1215 1498 nec
1241 1443 1344 1497 nisi
1373 1443 1426 1495 in
1454 1450 1719 1511 quantum
1746 1451 1829 1497 est
1862 1439 2057 1507 injusta
2079 1480 2097 1504 ,

515 1541 713 1593 malam
739 1555 859 1593 esse
883 1537 980 1578 ’ν’
1006 1557 1020 1591 :
1050 1547 1107 1592 et
1130 1538 1384 1606 quoniam
1414 1536 1557 1590 nulla
1593 1550 1680 1590 res
1711 1534 1849 1588 mala
1880 1534 2099 1596 dicitur,

512 1632 619 1684 nisi
646 1632 784 1683 mala
819 1634 1069 1684 voluntas
1092 1671 1106 1692 ,
1138 1638 1233 1683 aut
1262 1638 1481 1699 propter
1510 1627 1705 1680 malam
1726 1627 2059 1679 voluntatem
2079 1663 2095 1685 ,

512 1730 573 1772 ut
610 1720 786 1774 malus
833 1721 1026 1781 homo,
1072 1729 1129 1773 et
1160 1718 1299 1772 mala
1343 1719 1486 1771 actio
1518 1734 1532 1769 :
1562 1716 1695 1770 nihil
1741 1726 1823 1771 est
1860 1716 2101 1785 apertius

512 1824 675 1879 quam
713 1809 914 1863 nullam
954 1825 1067 1862 rem
1101 1824 1222 1863 esse
1266 1807 1466 1861 malum
1494 1807 1619 1867 ””,
1663 1820 1763 1859 nec
1806 1805 1948 1858 aliud
1977 1818 2099 1859 esse

512 1904 711 1957 malum
749 1920 910 1971 quam
944 1903 1245 1957 absentiam
1280 1901 1503 1970 iustitia:
1524 1898 1796 1954 derelicta:
1824 1899 1878 1951 in
1910 1898 2101 1951 volun-

512 2002 646 2060 tate,
674 2004 767 2047 aut
793 1995 848 2048 in
877 1994 1054 2062 aliqua
1082 2007 1143 2047 re
1170 2001 1392 2063 propter
1420 1990 1617 2046 malam
1640 1989 1996 2044 voluntatem.

1114 2103 1345 2159 CAPET
1378 2101 1500 2157 XX.

514 2196 793 2263 Quomodo
819 2195 962 2251 Deus
984 2194 1146 2266 faciat
1174 2192 1342 2266 mulas
1362 2203 1417 2266 et
1432 2192 1719 2266 rohmtales
1739 2190 1835 2223 ””
1858 2201 1907 2245 et
1926 2192 2097 2246 actio-

778 2283 871 2321 ne:
895 2284 916 2321 :
944 2264 993 2320 et
1020 2264 1283 2335 quomodo
1306 2264 1634 2331 accipiantur
1652 2264 1719 2315 ab
1745 2279 1827 2315 eo.

580 2358 728 2412 Pisc.
759 2355 854 2411 Sic
879 2365 969 2409 tua
992 2354 1288 2425 disputatio
1312 2353 1473 2415 veris,
1503 2360 1558 2405 et
1586 2352 1913 2408 necessariis
1937 2365 2100 2422 aper-

506 2450 694 2519 tisque
718 2449 1015 2504 rationibus
1038 2455 1426 2503 concatenatur
1442 2446 1670 2500 utnulla
1696 2447 1923 2508 ratione,
1949 2445 2096 2517 quod

507 2544 669 2607 dicis,
709 2543 930 2598 dissolvi
970 2556 1132 2613 posse
1176 2540 1388 2595 videam
1429 2559 1445 2594 :
1487 2540 1590 2595 nisi
1629 2541 1755 2611 quia
1801 2540 1958 2595 video
1990 2539 2095 2593 ali-

504 2635 636 2704 quid
669 2634 767 2666 m’
790 2631 1086 2702 consequi,
1114 2631 1258 2701 quod
1287 2646 1387 2686 nec
1413 2629 1517 2684 dici
1553 2630 1756 2685 debere
1781 2629 1877 2661 ’⁸⁸³
1895 2628 2092 2695 credo,

504 2742 608 2780 nec
635 2725 909 2795 quomodo
936 2739 1042 2778 non
1070 2724 1143 2777 sit
1166 2723 1265 2755 ”“
1288 2723 1333 2778 si
1360 2738 1488 2777 vera
1514 2730 1640 2777 sunt
1663 2736 1784 2790 qua:
1803 2720 1962 2784 dicis,
1986 2735 2095 2774 non

504 2817 684 2869 video.
716 2814 851 2868 Nam
875 2815 921 2869 si
946 2815 1085 2869 velle
1107 2829 1227 2869 esse
1248 2814 1480 2869 similem
1506 2814 1638 2876 Deo,
1662 2829 1767 2867 non
1796 2813 1966 2876 nihil,
1992 2828 2096 2869 nec

503 2906 738 2963 malum,
784 2905 878 2959 sed
907 2905 1178 2974 quoddam
1208 2906 1407 2958 bonum
1437 2913 1551 2968 est;
1594 2904 1808 2958 nonnisi
1835 2904 1905 2959 ab
1941 2920 2034 2969 eo,
2061 2920 2093 2959 a

504 3011 614 3067 quo
640 3005 725 3050 est
756 3010 919 3050 omne
953 2995 1095 3064 quod
1125 3004 1209 3049 est
1246 2995 1362 3059 ⁸⁸⁸⁸,
1404 2994 1590 3049 haberi
1636 2997 1830 3062 potuit.
1876 2994 1935 3049 Si
1965 3009 2095 3066 ergo

2207 442 2377 497 ritati.
2409 443 2551 499 llic.
2578 444 2714 500 Cum
2759 446 2928 517 igitur
2960 449 3208 504 diabolus
3234 453 3507 507 convertit
3545 451 3819 511 volunta-

2206 545 2315 590 tem
2346 538 2413 590 ad
2441 538 2584 607 quod
2607 554 2715 592 non
2738 540 2946 604 debuit,
2970 549 3027 595 et
3052 542 3230 611 ipsum
3257 542 3412 607 velle,
3442 553 3500 598 et
3528 545 3648 613 ipsa
3673 561 3812 600 cou-

2204 628 2388 681 vcrsio
2432 627 2529 681 fuit
2572 630 2812 697 aliquid;
2844 640 2901 685 et
2939 641 3119 686 tamen
3160 633 3376 687 nonnisi
3416 649 3449 687 a
3490 635 3602 689 Deo
3643 643 3703 690 et
3738 636 3821 690 de

2206 718 2300 771 Dei
2332 719 2835 789 voluntate-aliquid
2867 722 3076 785 habuit,
3102 725 3360 791 quoniam
3390 741 3492 781 nec
3530 728 3674 783 velle
3705 729 3817 784 ali.-

2203 811 2355 877 quid,
2387 826 2491 864 nec
2524 826 2745 866 movere
2782 813 2959 881 potuit
2986 814 3352 876 voluntatem,
3402 817 3506 871 nisi
3538 818 3633 873 illo
3676 835 3814 889 pcr-

2204 901 2479 962 mittente,
2506 900 2599 967 qui
2644 899 2775 954 fecit
2800 916 2991 957 omnes
3017 903 3117 935 ’⁸⁸⁸
3146 912 3372 960 naturas
3408 907 3820 964 substantiales

2204 1001 2260 1047 et
2302 992 2659 1048 aocidentales
2684 1032 2703 1056 ,
2753 994 3093 1051 universales
3124 1005 3181 1051 et
3223 997 3531 1054 individuus
3574 1001 3697 1055 "“.
3748 1000 3825 1058 In

2204 1090 2465 1152 quantum
2495 1082 2642 1136 enim
2673 1081 2926 1137 voluntas
2947 1124 2963 1147 ,
2995 1091 3052 1137 et
3086 1086 3373 1139 conversio
3398 1128 3413 1144 .
3455 1087 3572 1142 sive
3615 1098 3816 1145 motus

2202 1172 2496 1226 voluntatis
2534 1181 2622 1224 est
2659 1172 2864 1240 aliquid
2889 1212 2906 1235 ,
2944 1173 3147 1227 bonum
3186 1184 3302 1238 est,
3347 1184 3403 1229 et
3446 1174 3542 1229 Dei
3575 1188 3709 1238 est:
3755 1178 3814 1232 in

2203 1272 2464 1333 quantum
2486 1279 2617 1317 vero
2633 1263 2842 1331 iustitia
2862 1275 3035 1329 caret,
3063 1267 3183 1320 sine
3207 1281 3315 1336 qua
3338 1281 3463 1323 esse
3484 1282 3593 1324 non
3614 1268 3814 1334 debet.

2203 1370 2310 1409 non
2342 1354 2661 1423 simpliciter
2692 1355 2894 1408 malum
2920 1396 2937 1419 ,
2966 1356 3063 1410 sed
3092 1357 3297 1425 aliquid
3324 1358 3530 1412 malum
3558 1372 3643 1415 est
3691 1380 3709 1414 :
3758 1369 3825 1417 et

2203 1445 2347 1515 quod
2380 1444 2579 1499 malum
2607 1456 2712 1508 est,
2742 1461 2850 1500 non
2880 1447 3000 1513 Dei,
3026 1448 3121 1502 sed
3149 1447 3402 1512 volentis,
3430 1449 3551 1505 sive
3574 1466 3818 1506 moveu-

2204 1540 2274 1592 tEs
2302 1538 2629 1593 voluntatem
2655 1539 2752 1571 ’⁸⁸³
2779 1549 2881 1593 est.
2930 1538 3171 1609 Simplex
3204 1540 3406 1609 quippe
3436 1541 3640 1595 malum
3668 1583 3686 1607 ,
3722 1550 3819 1598 est

2203 1630 2498 1699 injustitia;
2518 1631 2777 1700 quoniam
2805 1644 2911 1683 nou
2933 1638 3017 1681 est
3046 1628 3191 1683 aliud
3213 1645 3375 1698 quam
3398 1629 3629 1694 malum,
3652 1633 3817 1699 quod

2130 1696 2176 1751 Β
2204 1696 2335 1775 nihil
2365 1730 2469 1775 est.
2501 1696 2717 1792 Aliquid
2748 1735 2876 1775 vero
2899 1722 2997 1752 ²¹⁸³
3023 1696 3334 1775 malum'est
3359 1731 3578 1787 natura,
3604 1696 3817 1791 iit—qua

2200 1824 2283 1868 ρει
2316 1813 2575 1881 iniustitia
2600 1854 2617 1877 ,
2655 1812 2780 1881 quia
2827 1819 2913 1867 est
2940 1811 3143 1882 aliquid
3173 1821 3230 1866 et
3267 1812 3409 1867 aliud
3438 1828 3605 1882 quam
3655 1814 3825 1885 inju-

2199 1902 2348 1956 stitia
2372 1943 2389 1967 ,
2418 1915 2540 1970 quae
2581 1902 2782 1954 malum
2808 1910 2864 1955 et
2891 1901 3028 1955 nihil
3066 1909 3167 1955 est.
3201 1899 3382 1967 Quare
3409 1902 3552 1970 quod
3587 1901 3833 1974 aliquid.

2199 2002 2303 2054 est,
2332 2008 2360 2045 a
2392 1991 2503 2046 Deo
2528 1992 2610 2055 ﬁt,
2635 2002 2690 2046 et
2718 1992 2810 2045 Dei
2836 2001 2958 2056 cst;
2988 1992 3136 2061 quod
3173 2006 3304 2045 vero
3326 1992 3460 2045 nihil
3489 2000 3599 2057 est,
3631 1993 3690 2048 id
3721 2002 3820 2050 est

2197 2084 2434 2147 malum,
2464 2084 2534 2138 ab
2563 2082 2763 2150 iujuslo
2795 2083 2886 2148 ﬁt,
2923 2092 2978 2136 et
3003 2084 3121 2153 ejus
3155 2092 3258 2137 est.
3298 2084 3444 2139 Dtsc.
3486 2084 3646 2150 Quod
3674 2085 3823 2155 qui-

2196 2173 2321 2228 dem
2359 2173 2499 2228 Deus
2525 2183 2747 2228 naturas
2774 2188 2955 2227 rerum
2996 2172 3238 2226 omnium
3276 2172 3479 2239 faciat,
3510 2172 3823 2230 fatendum

2196 2278 2312 2331 est;
2336 2267 2478 2336 quod
2502 2281 2628 2321 vero
2655 2265 2896 2337 singulas
2920 2266 3163 2321 actiones
3185 2279 3568 2335 perversurum
3598 2264 3821 2322 volun-

2197 2367 2401 2424 tatum,
2430 2359 2577 2413 velut
2608 2359 2782 2428 ipsum
2821 2372 3049 2429 pravum
3091 2366 3299 2412 motum
3326 2356 3655 2423 voluntatis,
3688 2372 3833 2429 quo

2197 2453 2313 2523 ipsa
2346 2451 2485 2505 mala
2511 2451 2759 2506 voluntas
2786 2465 2847 2506 se
2878 2458 3088 2512 movet,
3120 2448 3303 2513 faciat,
3330 2449 3453 2516 quis
3477 2449 3831 2505 concedat?

2196 2541 2339 2599 llic.
2369 2541 2510 2610 Quid
2536 2542 2756 2606 mirum,
2791 2540 2837 2595 si
2865 2540 3097 2595 dicimus
3124 2536 3295 2593 Deum
3323 2536 3506 2594 facere
3544 2537 3839 2609 singulas.

2196 2634 2468 2697 actiones,
2499 2646 2623 2702 qua:
2658 2632 2796 2685 fiunt
2830 2630 2970 2684 mala
2998 2628 3279 2684 voluntate
3303 2667 3321 2692 ,
3363 2642 3486 2681 cum
3516 2624 3824 2683 fateamur

2195 2724 2292 2755 ἰνδ
2318 2737 2442 2778 eum
2487 2721 2672 2777 facere
2697 2719 2941 2791 singulas
2974 2718 3338 2782 substantias,
3377 2733 3500 2787 qum
3528 2715 3673 2771 fiunt
3720 2717 3825 2774 in-

2190 2815 2337 2886 iusta
2384 2814 2665 2868 voluntate
2716 2820 2773 2867 et
2820 2811 3106 2865 inhonesta
3160 2807 3416 2863 actione?
3464 2806 3616 2860 Dtsc.
3676 2806 3833 2863 Non.

2195 2903 2373 2959 habeo
2396 2902 2527 2972 quid
2555 2900 2928 2956 contradicam
2950 2915 2966 2953 :
2991 2898 3191 2968 quippe
3215 2912 3315 2952 nec
3342 2911 3537 2967 negare
3561 2911 3823 2967 possum

2194 3011 2324 3051 vere
2350 2992 2553 3066 aliquid
2577 3008 2700 3049 esse
2724 2991 2822 3025 ’⁸⁸⁸
2841 2990 3141 3064 quamlibet
3166 2989 3465 3054 actionem;
3490 3002 3597 3043 nec
3625 2986 3837 3053 fateri

501 3084 729 3151 angelus
756 3100 862 3138 non
892 3083 1079 3138 habuit
1105 3084 1249 3154 quod
1278 3098 1385 3138 non
1415 3084 1621 3153 accepit
1639 3126 1655 3145 ,
1692 3086 1834 3153 quod
1864 3084 2087 3149 habuit,
2118 3075 2161 3134 C
2195 3087 2315 3141 volo
2337 3102 2443 3141 non
2466 3085 2585 3141 fieri
2608 3100 2641 3139 a
2664 3085 2799 3151 Deo,
2819 3083 2968 3155 quod
2994 3097 3124 3137 vere
3148 3080 3388 3150 aliquam
3410 3079 3577 3135 habet
3599 3094 3823 3137 essen-

503 3176 575 3230 ab
610 3175 703 3229 illo
726 3176 933 3245 accepit
957 3192 987 3230 a
1015 3190 1124 3245 quo
1154 3175 1359 3231 habuit.
1388 3173 1527 3242 Quid
1556 3184 1737 3229 autem
1766 3175 1836 3229 ab
1861 3174 1968 3243 illo
2000 3189 2094 3229 ac-

509 3266 656 3334 cepit
679 3308 693 3328 ,
729 3268 872 3336 quod
907 3265 996 3322 ille
1040 3281 1147 3322 non
1189 3266 1377 3322 dedit?
1410 3264 1592 3332 Quare
1634 3281 1694 3320 se
1732 3266 1921 3322 habuit
1954 3266 2095 3322 velle

499 3373 624 3413 esse
655 3359 888 3416 similem
932 3359 1045 3414 Deo
1072 3400 1088 3425 ,
1128 3360 1250 3415 ideo
1288 3360 1511 3425 habuit,
1560 3361 1685 3429 quia
1738 3359 1880 3415 Dens
1922 3361 2088 3415 dedit.

501 3446 645 3502 Mite.
678 3448 818 3515 Quid
864 3450 1060 3502 mirum
1087 3490 1103 3513 ,
1134 3450 1181 3503 si
1216 3448 1667 3519 quemadmodum
1710 3449 1851 3504 Deus
1893 3448 2093 3504 dicitur

501 3537 764 3592 inducere
788 3537 886 3571 ³⁸⁸⁸
915 3538 968 3590 in
1000 3540 1373 3605 tentationem,
1403 3540 1621 3608 quando
1662 3555 1768 3593 non
1802 3539 1994 3595 liberat
2022 3540 2091 3595 ab

499 3641 566 3681 ea
594 3626 691 3661 “’7
718 3666 734 3690 ,
766 3628 840 3682 ita
872 3627 1109 3682 fatemur
1155 3644 1279 3684 eum
1310 3631 1440 3684 dare
1471 3629 1802 3683 voluntatem
1850 3629 2045 3684 malam
2069 3669 2088 3695 ,

501 3735 612 3775 non
642 3721 979 3789 prohibendo
1006 3736 1126 3775 eam
1164 3734 1289 3777 cum
1332 3730 1513 3792 potest
1543 3741 1556 3775 :
1600 3722 1932 3792 praesertim,
1963 3724 2087 3777 cum

498 3819 741 3881 potestas
782 3812 994 3868 valendi
1030 3814 1292 3882 quidlibet
1328 3814 1425 3847 "”
1473 3814 1685 3869 nonnisi
1730 3815 1799 3869 ab
1840 3812 1931 3868 illo
1975 3812 2090 3868 sit?

498 3902 648 3959 Disc.
678 3903 788 3959 lloc
815 3903 975 3959 modo
998 3920 1104 3960 non
1135 3905 1345 3961 videtur
1369 3919 1491 3960 esse
1518 3903 1919 3960 inconveniens.
1944 3903 2086 3960 MAG.

497 3994 558 4049 Si
582 4010 711 4064 ergo
731 3996 876 4051 datio
900 4012 1006 4050 non
1029 3998 1246 4052 estsine
1264 3997 1578 4067 acccptione
1597 4011 1614 4051 :
1634 3997 2086 4066 quemadmodum

495 4102 604 4142 non
643 4088 897 4144 inusitate
918 4089 1126 4155 dicitur
1168 4092 1329 4155 dare,
1358 4100 1415 4145 ct
1449 4092 1540 4160 qui
1573 4102 1764 4161 sponte
1799 4093 2045 4148 concedit
2068 4132 2086 4159 ,

497 4184 555 4229 et
584 4178 673 4245 qui
706 4193 809 4232 non
855 4179 1201 4249 approbando
1228 4181 1523 4250 permittit,
1557 4182 1627 4235 ita
1655 4197 1762 4235 non
1791 4181 2086 4253 incongrue
2116 4190 2127 4202 ‘

496 4268 748 4337 accitere
775 4270 994 4331 dicitur.
1018 4280 1074 4326 et
1098 4273 1188 4339 qui
1217 4286 1477 4328 concessa
1508 4273 1757 4343 suscipit,
1779 4282 1837 4330 et
1860 4275 1952 4344 qui
1983 4272 2087 4329 illi-

495 4358 607 4414 cita
638 4361 936 4429 praesumit.
982 4363 1128 4418 DISC.
1165 4362 1275 4419 Nec
1310 4364 1698 4435 incongruum,
1725 4381 1827 4423 nec
1860 4366 2088 4423 inusita-

2196 3178 2346 3233 tiam.
2378 3175 2564 3247 Neque
2592 3177 2698 3231 ista
2724 3185 2820 3230 tua
2852 3173 2994 3229 ratio
3018 3171 3143 3237 ullo_
3156 3172 3316 3226 modo
3341 3178 3565 3226 accusat
3588 3169 3827 3238 Deum,

2192 3278 2283 3323 aut
2322 3276 2548 3323 excusat
2576 3266 2892 3322 diabolum?
2933 3265 3029 3321 sed
3070 3264 3292 3320 omnino
3310 3262 3499 3327 ,Deum
3535 3262 3648 3332 71
3705 3278 3824 3319 ex—

2191 3372 2363 3424 cusat,
2394 3371 2453 3415 et
2479 3361 2755 3417 diabolum
2784 3368 3031 3416 accusat.
3061 3356 3170 3414 Sed
3201 3355 3395 3411 vellem
3423 3356 3569 3410 scire
3599 3365 3835 3414 utrum

2191 3453 2333 3508 idem
2365 3452 2611 3508 desertor
2639 3450 2866 3522 angelus
2892 3449 2999 3505 ista
3028 3448 3096 3504 de
3121 3462 3179 3504 se
3205 3445 3567 3518 praesciverit.

2777 3559 3007 3616 CAPUT
3045 3558 3188 3614 XX].

2192 3653 2346 3722 Quod
2373 3653 2545 3708 malus
2570 3651 2787 3724 angelus
2816 3667 2921 3705 non
2944 3651 3112 3721 potuit
3139 3649 3387 3721 pra’acire
3428 3664 3485 3703 se
3527 3663 3831 3706 mamma.

2922 3737 3055 3776 εδει.

2260 3816 2403 3873 MAG.
2433 3816 2572 3872 Cum
2624 3815 2827 3887 quieris
2854 3825 3036 3869 utrum
3095 3813 3187 3870 ille
3237 3813 3488 3884 angelus,
3519 3812 3620 3883 qui
3686 3828 3821 3872 non

2190 3911 2339 3964 stetit
2412 3910 2465 3963 in
2512 3908 2786 3973 veritate,
2844 3906 3184 3978 praesciverit
3233 3921 3292 3962 se
3334 3920 3457 3961 esse
3519 3920 3825 3965 casurum

2187 4000 2317 4065 m‘,
2348 3998 2766 4053 discernendum
2789 4007 2874 4052 est
2898 3997 2965 4051 de
2985 4011 3091 4065 qua
3118 3994 3343 4051 scientia
3373 3994 3544 4049 dicas.
3572 3991 3733 4050 Nam
3760 3997 3820 4053 si

2188 4090 2254 4146 dc
2286 4089 2373 4141 illa
2402 4087 2629 4142 scicntia
2663 4087 2955 4155 quaeritur,
2984 4102 3107 4156 qua:
3138 4100 3243 4140 non
3272 4094 3358 4140 est
3384 4084 3488 4139 nisi
3527 4085 3632 4117 ³³⁸⁷
3664 4101 3823 4145 cum

2188 4191 2337 4236 certa
2360 4181 2567 4235 ratione
2597 4178 2802 4249 aliquid
2828 4178 3177 4250 intelligitur,
3212 4178 3435 4233 omnino
3471 4179 3835 4246 respondeo

2186 4288 2295 4328 non
2326 4287 2483 4344 posse
2504 4272 2632 4327 sciri
2654 4271 2751 4302 "“
2776 4270 2919 4341 quod
2942 4278 3121 4341 potest
3143 4284 3249 4325 non
3273 4282 3413 4326 esse.
3445 4267 3602 4336 Quod
3635 4271 3823 4326 enim

2188 4380 2294 4421 non
2325 4378 2447 4419 esse
2475 4371 2654 4434 potest
2674 4376 2797 4418 esse
2826 4376 3169 4432 nequaquam
3195 4369 3343 4416 certa
3375 4365 3555 4429 potest
3599 4359 3837 4433 colligi

499 4457 612 4505 tum
642 4449 773 4504 mihi
811 4450 1025 4507 videtur
1058 4453 1201 4521 quod
1229 4452 1385 4508 dicis.
1421 4432 1563 4509 llas.
1609 4453 1750 4522 Quid
1787 4471 1917 4524 ergo
1946 4457 2083 4513 dici-
2115 4432 2163 4489 Ῐ)
2187 4456 2418 4511 ratione.
2445 4432 2790 4525 Quapropter
2808 4451 3188 4509 eonstatillum
3205 4450 3508 4507 nullatenus
3532 4432 3833 4519 potuisse

494 4555 619 4595 ntus
646 4549 833 4595 contra
870 4542 1157 4597 veritatem
1177 4584 1193 4610 ,
1224 4543 1269 4598 si
1298 4543 1531 4600 dicimus
1555 4560 1681 4600 cum
1718 4545 1966 4602 diabolus
1989 4561 2084 4603 vo-

494 4631 595 4687 luit
634 4633 775 4702 quod
802 4648 907 4686 non
938 4626 1143 4699 debuit,
1171 4633 1271 4688 hoc
1303 4633 1449 4688 illum
1477 4645 1534 4690 et
1561 4649 1592 4689 a
1620 4634 1729 4691 Deo
1763 4637 2041 4706 accepisse
2063 4677 2079 4703 ,

491 4722 619 4794 quia
652 4721 794 4777 Deus
824 4724 1066 4793 permisit
1091 4740 1106 4789 ;
1139 4732 1194 4780 et
1236 4739 1344 4780 non
1371 4726 1665 4796 accepisse,
1696 4727 1823 4798 quia
1854 4726 1943 4781 ille
1972 4743 2079 4782 non

2185 4546 2439 4617 pnnscirc
2465 4560 2651 4600 casum
2674 4559 2831 4600 suum
2851 4585 2866 4608 ,
2895 4559 3057 4614 quem
3091 4556 3313 4600 necesse
3351 4557 3457 4597 non
3491 4549 3621 4597 erat
3670 4557 3831 4603 esse

2184 4637 2427 4692 futurum
2456 4636 2574 4687 "‘9.
2596 4634 2869 4689 Ponamus
2902 4634 3046 4691 enim
3077 4649 3187 4688 non
3218 4633 3385 4688 fuisse
3412 4632 3666 4706 futurum
3702 4650 3831 4691 ca-

2184 4744 2304 4784 sum
2331 4726 2514 4793 illum;
2553 4742 2622 4780 an
2646 4726 2829 4796 itaque
2851 4735 3009 4796 putas
3037 4724 3277 4797 pratsciri
3303 4723 3542 4794 potuisse
3565 4761 3581 4785 ,
3608 4724 3668 4779 si
3718 4725 3828 4780 fit-

1770 4863 2000 4921 VARUE
2036 4864 2442 4925 LECTIONES.

567 4995 816 5069 ’κέεται
834 4996 1029 5069 bonum
1070 4996 1306 5065 aliquod.
1338 5014 1464 5069 mss.
1497 5007 1636 5058 crat,
1672 4998 1873 5069 bonum
1896 5009 1979 5054 est
1999 4999 2212 5069 aliquid
2307 4998 2402 5031 ²⁰⁸⁹
2444 4996 2642 5069 lnjttsta
2668 5010 2871 5069 ma.um
2902 5011 3024 5052 esse
3052 4995 3401 5069 msulﬂlllsm
3429 4992 3637 5069 malum
3671 5013 3847 5059 esse-

495 5068 590 5103 ⁹⁰⁹⁰
634 5068 766 5122 Esse
789 5067 983 5122 malam
1029 5064 1306 5137 mss.resse
1337 5068 1533 5121 malum
1633 5069 1723 5099 ²⁰⁹¹
1760 5068 1924 5137 Malas
1958 5064 2262 5125 voluntates
2292 5086 2419 5123 mss.
2470 5068 2646 5123 malas
2675 5078 2729 5122 et
2754 5067 3057 5122 voluntates
3155 5067 3250 5098 ²⁹⁹¹
3281 5066 3446 5121 Video
3471 5064 3624 5137 aliud
3664 5087 3829 5129 mss.

497 5138 654 5190 video
676 5138 724 5190 al

500 5153 654 5192 vntco
676 5153 724 5190 at
748 5153 877 5205 quid
911 5153 948 5198 δ
985 5153 1079 5170 π’·
1100 5153 1209 5193 nec
1230 5153 1335 5192 met
1365 5153 1562 5193 uenere
1585 5154 1712 5193 nisa.
1742 5153 1800 5192 δ.
1818 5153 1981 5194 Mtcn.
2006 5159 2019 5194 ι

500 5221 606 5262 nou
638 5209 708 5261 sit
778 5208 871 5240 ’θη
903 5208 1073 5263 Omne
1113 5209 1338 5273 bonum,
1386 5209 1529 5275 quod
1574 5219 1658 5263 est
1693 5225 1818 5262 mss.
1856 5225 2019 5265 omne

748 5138 877 5205 quid
911 5137 949 5198 ἐ
985 5137 1079 5170 ²⁰⁹²
1100 5136 1209 5193 Nec
1230 5138 1335 5192 dici
1365 5138 1562 5193 debere
1585 5154 1712 5193 mss.
1742 5136 1800 5192 S.
1818 5138 1981 5194 Hic/1.
2006 5141 2112 5195 dici
2141 5157 2249 5195 non
2277 5140 2476 5195 debere

2070 5212 2211 5280 quod
2258 5220 2342 5265 est
2416 5209 2511 5241 'm
2555 5207 2764 5280 Dicitur
2791 5206 3199 5280 indttcerentss.
3228 5205 3594 5280 Deusdicitur
3630 5207 3836 5266 indu-

2581 5138 2680 5171 ’θοι
2716 5138 3000 5205 Quomodo
3039 5150 3148 5192 non
3178 5145 3303 5192 sunt
3350 5142 3845 5206 mss.rquomodo

501 5290 626 5329 cere
696 5276 790 5315 ³⁵³⁷
809 5277 1121 5350 Libet-atde
1145 5293 1210 5332 ea
1239 5295 1365 5332 mu.
1394 5273 1595 5350 liberat
1608 5279 1769 5350 alica
1814 5279 1933 5350 _'°"
1958 5273 2181 5337 Volendi
2214 5281 2466 5350 quaflibel
2504 5277 2877 5350 mss._volendi
2898 5276 3210 5350 quidlibet_
3263 5273 3680 5350 f"?_b:iliil_hoc
3711 5296 3837 5338 re-

500 5361 745 5416 pugnare
764 5364 889 5400 nm.
913 5348 1045 5402 nihil
1071 5349 1159 5402 hic
1184 5363 1485 5417 repugnare
1558 5347 1772 5472 ἰσοθξηί
1804 5347 2143 5408 lecitomnes
2164 5344 2263 5405 ms.
2289 5349 2477 5404 Cister.
2512 5350 2603 5418 qui
2636 5348 2766 5403 facit
2789 5344 2979 5403 omnes
3053 5347 3145 5378 ⁸¹⁰¹
3173 5347 3238 5401 Et
3262 5344 3623 5402 individuales
3660 5366 3832 5408 mss-

502 5425 559 5467 et
592 5414 889 5470 individuus
957 5419 1052 5449 ²¹⁰²
1086 5417 1451 5472 Voluntatem.
1483 5436 1608 5472 nm.
1711 5418 1800 5472 ict.
1827 5418 1948 5472 Bcc.
1989 5418 2134 5472 Gem.
2169 5421 2324 5472 Corb.
2358 5432 2404 5472 et
2442 5417 2589 5472 Fdit.
2623 5417 2779 5472 Gal/1.
2826 5418 3155 5472 voluntatem
3177 5426 3280 5470 est.
3360 5415 3453 5448 ²¹⁰³
3472 5415 3643 5470 Aliud
3664 5434 3832 5472 vom

1716 5418 1729 5431 ο

502 5414 559 5467 et
592 5414 889 5470 individuus
957 5419 1052 5449 ²¹⁰²
1086 5414 1451 5474 Voluntatem.
1483 5436 1608 5474 nm.

1711 5418 1800 5472 ict.
1827 5418 1948 5474 Bcc.
1989 5418 2134 5475 Gem.
2169 5421 2324 5476 Corb.
2358 5432 2404 5474 et
2442 5415 2589 5474 Fdit.
2623 5417 2779 5473 Colit.
2826 5418 3155 5473 voluntatem
3177 5426 3280 5470 est.
3360 5415 3453 5448 ²¹⁰³
3472 5415 3643 5470 Aliud
3664 5434 3845 5477 vero

503 5500 632 5537 uin.
665 5483 878 5555 Aliquid
919 5502 1050 5543 vero
1122 5487 1214 5522 ἰοί
1249 5489 1381 5544 Cum
1407 5490 1640 5545 fatemur
1683 5505 1805 5542 mss.
1826 5488 1947 5544 c'um
1968 5492 2235 5547 fateamur
2303 5491 2395 5522 ²¹⁰⁵
2415 5489 2549 5545 Vere
2564 5490 2707 5544 aliud
2731 5505 2849 5545 esse
2872 5504 2995 5542 mss.
3030 5503 3156 5543 vere
3186 5487 3364 5557 alquid
3393 5501 3516 5542 esse
3589 5488 3705 5521 "”
3728 5490 3845 5551 δα

501 5571 625 5608 νεεδ
654 5571 908 5612 casurum
932 5574 1030 5611 mi.
1090 5558 1276 5615 ϐῖκον.
1305 5563 1450 5613 omit.
1493 5575 1614 5616 csse

1723 5560 1816 5590 ²¹⁰⁷
1844 5559 1959 5626 Qua
1993 5578 2097 5617 nou
2129 5561 2229 5616 nisi
2258 5578 2382 5616 mss.
2408 5577 2528 5631 quae
2548 5576 2654 5616 non
2683 5570 2766 5614 est
2798 5559 2898 5614 nisi

3010 5557 3105 5591 ⁸³⁸⁸
3149 5557 3264 5613 Νοιι
3292 5572 3452 5628 posse
3481 5557 3619 5615 sciri
3665 5563 3836 5621 atir.

504 5624 660 5680 (Iulli.
688 5641 792 5680 non
823 5641 980 5699 posse
1004 5627 1143 5682 scire
1218 5626 1311 5661 ἠ’
1335 5628 1564 5685 Necesse
1591 5644 1698 5685 non
1724 5639 1844 5687 crat
1870 5624 2119 5687 'futurmu
2155 5648 2277 5686 mss.
2312 5624 2529 5689 necesse
2568 5648 2672 5687 non
2702 5641 2818 5686 crat
2849 5642 2969 5686 esse
3004 5629 3242 5685 futurum
