4050 6294
217 414 313 476 353

1368 407 1645 466 mnos.
1695 408 1785 464 ne
1831 407 2010 466 casu
2048 408 2349 481 omnem.

3384 406 3492 468 35!

221 544 359 588 turus
387 545 495 585 non
519 528 675 585 erat?
698 525 844 583 Dtsc.
881 525 1107 581 Videtur
1156 539 1261 578 non
1315 540 1470 593 posse
1506 526 1744 595 prmseiri
1768 564 1784 590 ,
1816 531 1863 588 Α
1893 539 2013 578 cum
2045 526 2379 594 przescientia
2424 525 2756 581 voiuutatem
2796 525 3034 583 habebat
3067 525 3357 597 aliquando
3398 545 3493 583 ea.

218 622 344 693 quod
372 627 553 691 potest
582 620 822 673 futurum
850 631 959 671 non
987 629 1139 682 esse;
1199 629 1300 669 nec
1338 629 1497 685 posse
1531 630 1638 669 non
1668 629 1792 670 esse

216 715 473 778 futurum,
500 711 648 784 quod
678 710 981 781 praeseitur.
1014 707 1123 763 Sed
1146 708 1467 762 reminiscor
1490 723 1630 762 nunc
1651 707 1793 763 illius

216 804 579 862 famosissinue
635 800 949 873 quaastionis
1002 801 1070 854 de
1121 797 1462 869 praescientia
1516 797 1698 853 divina
1737 804 1795 853 et

213 900 366 955 libero
397 895 663 961 arbitrio,
694 892 942 963 quamvis
955 891 1099 946 enim
1135 899 1282 944 tanta
1297 888 1621 944 auctoritate
1644 902 1795 943 asse-

215 999 378 1052 ratur,
456 996 516 1042 et
568 994 718 1040 tanta
772 991 1023 1038 teneatur
1082 981 1316 1036 utilitate
1376 989 1438 1035 ut
1483 980 1793 1036 nullatenus

214 1087 417 1152 propter
439 1076 604 1133 ullam
630 1074 1028 1131 humanam'm
1057 1073 1321 1128 rationem
1343 1072 1695 1128 dubitandum
1724 1072 1798 1129 sit

216 1173 439 1229 divinam
478 1168 878 1241 praescieutiam
908 1176 964 1223 et
989 1166 1220 1222 liberum
1253 1167 1539 1221 arbitrium
1573 1165 1675 1221 sibi
1710 1183 1794 1220 m—

213 1260 369 1316 vicem
392 1258 719 1315 consentire
740 1297 758 1322 ,
791 1266 973 1312 tamen
999 1267 1261 1326 quantum
1301 1255 1368 1310 ad
1398 1256 1624 1311 rationis
1656 1271 1792 1311 con-

213 1351 587 1410 siderationem
616 1364 739 1421 qua
766 1349 1015 1415 videtur,
1046 1357 1258 1419 spectat
1283 1348 1408 1410 “t‘,
1459 1348 1793 1403 insociabili-

214 1449 287 1498 ter
314 1441 570 1497 videntur
607 1438 933 1495 dissentire:
972 1438 1115 1494 ttnde
1161 1440 1406 1492 videmus
1450 1438 1544 1469 ¹¹¹²
1588 1438 1641 1491 in
1692 1438 1795 1493 hac

210 1533 495 1602 quastione
524 1530 815 1588 nonnullos
843 1531 926 1585 sic
957 1531 1009 1585 in
1049 1515 1212 1586 unam
1239 1540 1448 1603 partem
1486 1540 1790 1599 vergentes,

211 1624 511 1679 utalterant
536 1621 763 1678 omnino
787 1621 1045 1676 deserant
1069 1621 1166 1652 ἰη
1189 1664 1205 1690 ,
1263 1622 1406 1677 nuda
1457 1621 1793 1678 inﬁdelitatis

214 1716 586 1783 submergente
614 1714 740 1778 "",
783 1713 994 1782 perire;
1040 1713 1241 1768 multos
1287 1728 1446 1777 vero,
1487 1714 1633 1768 velut
1661 1728 1794 1768 eon-

214 1804 377 1860 trariis
406 1804 591 1859 ventis
620 1803 747 1858 hinc
784 1800 911 1857 inde
934 1814 1125 1858 contra
1172 1803 1403 1858 invicem
1435 1804 1790 1859 sustentando

213 1894 618 1964 quassantibus.
653 1894 974 1963 periclitari.
1006 1893 1139 1948 Cum
1163 1908 1294 1948 vero
1318 1893 1556 1948 divinam
1584 1902 1795 1949 constet

213 1984 294 2018 ¹¹¹⁵
308 1984 704 2055 pmscientiant
732 2001 849 2043 esse
872 1985 1137 2051 omnium,
1161 1970 1282 2057 qua:
1303 1984 1439 2039 ﬁunt
1458 1984 1629 2041 libero
1652 1984 1796 2040 arbi-

215 2076 323 2144 trio,
352 2093 457 2131 nec
489 2076 691 2147 aliquid
719 2078 912 2133 horum
939 2077 1034 2109 “"
1064 2077 1134 2132 sit
1163 2092 1229 2131 ex
1259 2061 1617 2142 necessitate,
1653 2073 1796 2129 nihi-

214 2166 429 2223 lominus
463 2169 678 2224 videtur
701 2184 858 2239 posse
886 2185 992 2224 non
1015 2184 1135 2224 esse
1165 2168 1404 2222 futurum
1423 2208 1440 2234 ,
1481 2167 1623 2238 quod
1652 2182 1796 2238 prae-

214 2261 382 2314 scitur.
417 2257 564 2314 Mss.
619 2259 864 2315 Breviter
913 2260 1130 2315 interim
1183 2258 1286 2314 hoc
1328 2259 1627 2328 respondeo
1676 2256 1793 2311 ²¹¹⁷.

213 2344 547 2407 Praescientia
574 2350 664 2405 Dei
694 2367 800 2406 non
835 2351 1053 2421 proprie
1081 2350 1279 2405 dicitur
1304 2348 1675 2418 prrescientia:
1708 2347 1794 2402 eui

214 2443 339 2497 enim
366 2441 555 2494 omnia
577 2456 793 2510 semper
816 2449 945 2496 sunt
974 2439 1256 2511 praesentia
1275 2478 1292 2506 ,
1329 2454 1433 2493 non
1465 2439 1626 2493 habet
1649 2438 1798 2491 l'utu-

215 2538 378 2589 rorant
403 2532 831 2603 pnescientiam,
854 2532 947 2588 sed
968 2531 1316 2602 przesentium
1335 2528 1643 2585 scientiam.
1658 2528 1795 2583 Cum

214 2642 326 2698 ergo
351 2629 458 2681 alia
496 2625 568 2681 sit
610 2627 750 2680 ratio
769 2626 836 2681 de
880 2623 1217 2698 praeseientia
1250 2624 1472 2690 futurre,
1519 2637 1682 2693 quant
1728 2621 1797 2677 de

215 2720 483 2789 pr.esentis
524 2720 600 2773 rei
649 2718 907 2784 scientia;
960 2732 1066 2772 non
1104 2725 1206 2772 est
1254 2728 1480 2772 necesse
1552 2714 1793 2769 divinam

215 2812 630 2879 prteseieutfazn,
656 2820 711 2867 et
734 2811 877 2867 illam
895 2851 911 2878 ,
939 2811 1007 2867 de
1034 2826 1140 2882 qua
1184 2809 1480 2881 quaerimus
1503 2847 1519 2874 ,
1546 2807 1797 2863 eamdem

214 2900 401 2957 habere
428 2903 900 2973 consequentiam.
932 2901 1080 2958 DISC.
1112 2901 1384 2958 Assentio.
1415 2898 1556 2955 Mss.
1585 2896 1797 2953 Redea—

213 3009 324 3048 mus
349 2996 417 3049 ad
454 2994 633 3063 illam,
685 3010 806 3065 quae
838 3001 960 3049 erat
1011 2995 1064 3049 in
1111 2993 1393 3057 manibus,
1421 2991 1793 3062 qumstionem.

214 3083 346 3139 Btsc.
398 3083 590 3140 Placet
632 3084 778 3155 quod
814 3085 969 3141 dicis.
1014 3083 1119 3140 Sed
1146 3099 1211 3139 eo
1241 3094 1398 3153 pacto
1427 3122 1442 3149 ,
1501 3089 1558 3137 ut
1580 3096 1703 3135 cum
1731 3080 1798 3135 de

210 3176 291 3231 illa
313 3217 328 3241 ,
358 3178 519 3249 cujus
547 3178 875 3234 mentionem
903 3177 1004 3233 feci
1033 3177 1161 3245 ωε,
1191 3177 1487 3246 qutesiero,
1541 3172 1669 3228 mihi
1705 3189 1795 3228 re-

211 3269 468 3339 spondere
491 3269 635 3338 quod
669 3269 794 3325 inde
832 3269 974 3325 Deus
1000 3270 1097 3325 tibi
1135 3266 1442 3341 dignabitur
1466 3264 1788 3331 ostendere,

1895 614 2055 670 (lenii
2082 633 2096 681 ;
2124 615 2237 685 iam
2266 619 2378 688 ipsa
2411 618 2549 672 mala
2586 616 2864 678 voluntate
2892 620 3182 674 ceciderat.
3211 620 3359 676 Dtsc.
3388 620 3493 677 Pa-

1897 714 1973 760 tet
2006 707 2152 775 quod
2203 708 2360 763 dicis.
2404 709 2551 763 'Mtc.
2606 706 2722 764 Non
2771 708 2953 778 itaque
2992 708 3221 765 videndo
3253 710 3490 778 cadere,

1893 796 2044 866 prius
2070 797 2226 852 scivit
2252 813 2311 853 se
2335 813 2586 855 casurum
2610 813 2771 868 quam
2803 799 3000 852 cecidit
3024 799 3141 851 ²¹²¹.
3175 798 3320 853 Disc.
3372 797 3492 854 Non

1894 897 2071 958 potest
2093 887 2297 958 aliquid
2326 889 2485 957 obiici
2512 889 2607 921 ’³³³
2635 888 2968 944 conclusioni
3007 897 3129 945 tute.
3160 887 3303 944 MAG.
3349 889 3421 944 At
3443 889 3492 945 si
3518 876 3523 881 ’

1894 981 1992 1012 ﬂ”
2022 980 2346 1050 prtesciebat
2369 994 2428 1036 se
2464 994 2721 1037 casurum
2745 1019 2763 1044 ,
2794 989 2850 1035 et
2871 979 3088 1036 nolebat
3110 1020 3124 1045 ,
3151 988 3359 1035 tantum
3386 981 3490 1034 mi-

1894 1088 1986 1130 ser
2018 1085 2139 1129 erat
2169 1073 2404 1129 dolendo
2431 1082 2693 1143 quantum
2725 1079 2875 1126 stare
2902 1071 3136 1127 volebat.
3176 1070 3324 1129 Dtsc.
3380 1068 3490 1125 Ne—

1894 1166 2142 1237 garinou
2175 1173 2371 1235 potest.
2410 1164 2550 1219 MAG.
2587 1165 2657 1221 At
2682 1172 2833 1219 tanto
2883 1163 3081 1234 iustior
3127 1173 3248 1220 erat
3284 1173 3490 1235 quanto

1896 1257 2069 1327 magis
2090 1258 2300 1311 volebat
2328 1267 2502 1322 stare,
2540 1267 2596 1311 et
2632 1272 2739 1326 quo
2767 1266 2883 1311 erat
2925 1255 3146 1327 iustior,
3171 1270 3238 1311 eo
3261 1256 3493 1313 debebat

1895 1363 2016 1404 esse
2072 1347 2300 1402 felicior.
2368 1347 2519 1404 Disc.
2578 1347 2696 1403 Non
2740 1349 2836 1380 *m
2894 1356 3075 1417 potest
3108 1348 3315 1419 negari.
3345 1349 3488 1405 litae.

1895 1441 2038 1510 Ergo
2070 1439 2115 1495 si
2144 1439 2376 1495 nolendo
2403 1440 2726 1510 praesciebat
2751 1453 2812 1496 se
2840 1455 3097 1496 casurum
3118 1478 3135 1506 ,
3186 1449 3339 1495 tanto
3372 1447 3494 1496 erat

1893 1530 2146 1587 miserior
2175 1572 2191 1597 ,
2229 1538 2431 1598 quanto
2453 1528 2702 1587 debebat
2751 1545 2872 1586 esse
2911 1530 3165 1586 Μίιοὶοη
3201 1530 3344 1600 quod
3381 1545 3492 1588 non

1889 1623 2167 1680 convenit.
2206 1622 2352 1678 Disc.
2391 1622 2468 1677 lta
2494 1622 2714 1693 quidem
2740 1624 2997 1693 consequi
3028 1637 3227 1694 negare
3252 1637 3488 1692 nequeo;

1894 1716 1989 1773 sed
2011 1715 2116 1770 hoc
2149 1729 2290 1784 saepe
2314 1728 2420 1769 non
2446 1714 2620 1771 solum
2643 1713 2761 1769 sine
2797 1714 3234 1773 inconvenientia
3256 1756 3271 1781 ,
3313 1716 3409 1770 sed
3438 1722 3494 1769 et

1895 1805 2235 1860 laudabiliter
2256 1813 2314 1860 et
2340 1820 2573 1875 superna
2603 1805 2778 1874 gratia
2804 1805 2918 1860 ﬁeri
2934 1806 3281 1873 cognoscitur
3305 1824 3318 1859 :
3355 1806 3493 1861 mul-

1903 1895 2065 1950 toties
2138 1894 2284 1951 enim
2354 1905 2413 1951 ut
2472 1910 2648 1965 pauca
2702 1896 2778 1952 de.
2819 1896 3174 1953 incommodis
3217 1897 3492 1964 iustorum

1897 2001 2317 2042 commemorem
2336 2027 2352 2053 ,
2383 1996 2587 2056 quanto
2612 1985 2945 2055 quisiustior.
2963 1994 3046 2042 est
3065 2027 3081 2051 ,
3114 1995 3265 2041 tanto
3286 1987 3492 2057 maiote

1890 2075 2100 2131 doloris
2130 2077 2503 2145 compassione
2543 2077 2615 2149 de
2645 2076 2823 2133 alieno
2860 2092 2992 2133 casu
3043 2076 3293 2131 adicitur.
3335 2077 3493 2144 Sa-pe

1889 2164 2061 2220 etiam
2087 2165 2182 2199 ²¹²⁵
2205 2179 2351 2230 eum,
2375 2166 2467 2236 qui
2493 2166 2751 2236 majorem
2771 2165 2934 2220 habet
2954 2164 3218 2236 iniustitia
3237 2174 3497 2220 constan-

1898 2258 2060 2326 tiam,
2093 2258 2339 2314 videmus
2369 2258 2436 2313 ab
2456 2257 2672 2328 iniustis
2693 2258 3072 2314 inttnauiorem
3090 2260 3197 2328 pati
3231 2258 3347 2325 “’5,
3371 2274 3493 2328 per-

1884 2349 2553 2406 secutionisinstantiam.
2597 2349 2736 2405 Msa.
2783 2349 2905 2404 Non
2931 2359 3014 2403 est
3042 2351 3233 2405 eadem
3263 2350 3410 2404 ratio
3435 2349 3491 2403 itt
3534 2385 3540 2391 -

1882 2441 2241 2506 hominibus,
2285 2450 2341 2496 et
2378 2441 2432 2495 in
2477 2441 2570 2495 illo
2619 2441 2835 2513 angelo.
2871 2440 3160 2496 llominum
3206 2439 3352 2495 enim
3396 2437 3492 2469 ¹¹¹⁷

1890 2543 2121 2595 natura,
2154 2540 2376 2602 propter
2398 2542 2678 2602 peccatum
2708 2532 2868 2603 primi
2908 2532 3168 2602 parentis,
3189 2529 3306 2601 iam
3334 2531 3495 2586 ianu-

1900 2608 2243 2675 nterahilium
2277 2604 2739 2675 incommodorum
2771 2621 2913 2688 facta
2950 2630 3035 2676 est
3084 2620 3355 2692 passibilis
3379 2637 3492 2685 rex

1898 2729 2003 2785 qtta
2034 2712 2388 2783 passibilitate
2417 2711 2601 2767 multis
2631 2712 2805 2768 modis
2836 2713 3010 2784 gratia
3041 2713 3206 2771 nobis
3234 2720 3495 2784 operatur

1899 2806 2489 2876 incorruptibilitatem.
2521 2805 2612 2861 Ille
2643 2820 2807 2873 vero,
2848 2805 3215 2887 adhucnullo
3265 2816 3493 2876 peccato

1888 2899 2264 2970 "praecedente,
2292 2896 2521 2967 alicuius
2543 2898 2668 2953 mali
2708 2914 2815 2954 non
2842 2908 3119 2954 meruerat
3144 2896 3268 2966 “’3,
3286 2901 3489 2971 passin-

1898 3004 2045 3047 nem.
2083 2991 2228 3047 Dtsc.
2254 2989 2581 3047 Satisfeciin
2610 2988 2916 3058 ohicctioni
2948 3004 3104 3045 mete.
3155 2989 3313 3045 Patet
3343 2990 3491 3046 enim

1883 3085 1993 3123 σιω
2023 3086 2151 3156 quia
2177 3085 2293 3141 hac
2326 3086 2440 3156 ipsa
2470 3086 2611 3140 ratio
2641 3086 2784 3140 sicut
2833 3095 3051 3157 separat
3072 3087 3142 3142 ab
3178 3087 3296 3158 ipso
3349 3088 3493 3143 maio

1898 3178 2094 3250 angelo
2143 3178 2229 3233 sui
2290 3193 2452 3233 casus
2517 3179 2912 3248 prtescientiam
3009 3180 3085 3235 ita
3144 3180 3498 3238 nihilominus

1900 3284 2115 3325 omnem
2142 3279 2387 3340 segregat
2415 3269 2748 3338 opinionem.
2778 3270 2920 3327 MAG.
2959 3271 3054 3327 Est
3090 3282 3145 3327 et
3169 3271 3314 3326 aliud
3343 3275 3492 3342 quod

211 3375 308 3417 non
337 3378 561 3418 renuas.
594 3363 760 3418 Valde
788 3377 1019 3432 namque
1051 3360 1356 3417 necessaria
1386 3366 1471 3414 est
1496 3359 1615 3429 eius
1648 3356 1793 3412 solu-
1824 3374 1867 3434 α
1901 3359 2033 3414 mihi
2058 3358 2193 3414 satis
2218 3359 2434 3413 videtur
2451 3360 2740 3414 ostendere
2769 3360 2917 3414 nullo
2958 3361 3118 3414 modo
3161 3376 3285 3415 eum
3331 3374 3488 3416 suam

210 3452 303 3518 tio,
330 3455 515 3526 siiam
547 3458 615 3509 ah
642 3455 825 3526 aliquo
869 3452 1008 3509 facta
1059 3463 1175 3519 est,
1227 3460 1322 3507 aut
1374 3450 1418 3505 si
1462 3449 1794 3529 ﬁatzfateor

209 3543 340 3599 enim
381 3546 627 3601 nondum
667 3546 910 3613 alicubi,
958 3555 1180 3617 excepta
1222 3543 1401 3599 divina
1433 3545 1791 3610 auctoritate,

209 3638 284 3691 cui
315 3637 688 3694 indubitanter
713 3640 875 3697 credo
900 3677 921 3706 ,
973 3654 1060 3694 me
1109 3636 1450 3707 legisscrath
1471 3651 1592 3691 nem
1613 3677 1626 3701 ,
1675 3650 1795 3705 quze

206 3730 327 3784 mihi
357 3730 649 3787 'suﬂieeret
695 3731 762 3787 ad
816 3732 1057 3804 eiusdem
1106 3730 1389 3787 solutionis
1436 3728 1791 3783 intellectum.

206 3816 337 3873 Mtte.
369 3820 509 3875 Cum
548 3823 614 3875 ad
654 3820 797 3875 illam
830 3822 1136 3886 veniemus,
1188 3820 1233 3875 si
1273 3822 1412 3875 forte
1439 3819 1748 3876 venerimus
1778 3859 1793 3885 ,

204 3910 301 3964 erit
322 3911 467 3966 sicut
499 3911 639 3967 Deus
666 3912 834 3967 dabit.
866 3911 1018 3968 Nunc
1062 3922 1241 3965 autem
1264 3952 1280 3979 ,
1339 3912 1594 3981 quoniam
1628 3925 1793 3979 supra

201 4006 372 4073 posita
397 4005 612 4060 ratione
641 4014 788 4075 patet
811 4015 1112 4075 apostatam
1136 4004 1386 4076 angelum
1418 4020 1524 4058 non
1556 4002 1795 4073 potuisse

201 4098 457 4165 praescire
490 4096 700 4153 ruinam
730 4112 882 4152 suam
911 4087 926 4165 ζ
979 4113 1040 4153 ea
1083 4097 1419 4169 przescieutia
1449 4136 1463 4160 ,
1511 4111 1674 4166 quam
1715 4095 1795 4151 rei

201 4187 506 4242 necessitas
543 4188 826 4258 sequitur:
864 4190 1049 4259 accipe
1085 4189 1261 4243 adhuc
1291 4187 1451 4240 aliam
1487 4185 1751 4241 rationem
1777 4225 1793 4251 ,

197 4290 249 4347 ag
271 4291 317 4333 te
339 4292 451 4332 non
475 4277 647 4334 solum
674 4280 1045 4349 pmescieutia,
1101 4280 1195 4334 sed
1234 4288 1290 4334 et
1316 4277 1674 4332 aestimatione
1704 4285 1798 4332 aut
1831 4291 1843 4303 ’

197 4369 443 4437 ιιιιειιυει
472 4370 782 4440 suspicione
842 4386 1000 4427 suum
1048 4386 1170 4426 eum
1224 4370 1572 4441 przrsensisse
1610 4385 1794 4424 casum

196 4461 458 4518 excludit.
487 4465 632 4520 DISC.
682 4463 793 4519 Hoc
812 4462 1074 4536 exspecto
1104 4464 1219 4517 “‘9.
1256 4462 1395 4519 Mtte.
1444 4460 1500 4517 Si
1540 4463 1717 4515 adhuc
1745 4461 1796 4514 in

194 4550 335 4607 bona
372 4554 657 4611 voluntate
702 4562 850 4610 stans
874 4554 1191 4626 praesciebat
1242 4569 1300 4609 se
1357 4567 1646 4618 rasurum',
1701 4562 1800 4607 aut

192 4643 418 4702 volebat
477 4656 538 4700 ut
588 4648 658 4702 ita
704 4648 897 4714 iteret,
951 4656 1045 4702 aut
1098 4662 1205 4702 non
1246 4646 1458 4702 volebat
1487 4645 1603 4699 ²¹²⁰.
1646 4646 1794 4700 Dtsc.

194 4730 376 4792 Unum
407 4740 602 4794 borum
625 4753 850 4795 necesse
877 4747 962 4795 est
1006 4753 1192 4795 verum
1240 4752 1383 4794 esse.
1429 4737 1570 4793 MAG.
1622 4736 1725 4792 Sed
1752 4737 1799 4792 si

1900 3461 2027 3509 ante
2051 3453 2327 3523 potavisse
2353 3451 2590 3508 futuram
2609 3451 3132 3522 praevaricationem.
3165 3450 3373 3523 Nempe
3396 3453 3491 3486 “3°

1896 3551 2256 3599 autcoaetam
2288 3542 2628 3614 putavisset,
2676 3551 2770 3598 aut
2807 3551 3199 3612 spontaneam;
3251 3545 3347 3600 sed
3390 3560 3491 3601 nec

1896 3634 2167 3689 ullatenus
2194 3642 2314 3688 erat
2343 3634 2483 3688 unde
2512 3648 2573 3688 se
2601 3633 2896 3704 aliquando
2922 3636 3040 3704 cogi
3072 3634 3447 3705 suspicaretur
3469 3672 3488 3699 ,

1897 3740 1997 3781 nec
2021 3724 2260 3796 quandiu
2286 3724 2455 3778 voluit
2485 3724 2536 3779 in
2565 3725 2797 3780 veritate
2818 3738 3172 3795 perseverare
3193 3725 3301 3782 ullo
3331 3727 3491 3781 modo

1898 3827 2090 3889 putare
2119 3819 2293 3888 potuit
2338 3833 2396 3874 sc
2429 3817 2544 3872 sola
2585 3819 2863 3874 voluntate
2921 3818 3068 3872 illam
3125 3818 3485 3875 deserturum.

1880 3912 2073 3981 Supra
2105 3926 2339 3980 namque
2384 3911 2497 3980 iam
2545 3921 2903 3966 monstratum
2927 3923 3009 3966 est
3035 3927 3160 3966 eum
3184 3952 3200 3977 ,
3249 3912 3490 3983 quandiu

1900 4014 2103 4058 rectam
2136 4003 2468 4058 voluntatem
2505 4002 2730 4068 habuit,
2788 4003 2840 4056 in
2886 4004 2986 4057 hac
3040 4003 3157 4072 ipsa
3210 4003 3492 4058 voluntate

1882 4093 2131 4149 'voluisse
2182 4088 2548 4163 perseverare.
2605 4094 2948 4163 Quapropter
3016 4093 3242 4148 valendo
3308 4102 3492 4148 tenere

1896 4194 2330 4256 perseveranter,
2362 4184 2505 4253 quod
2534 4184 2782 4248 tenebat;
2816 4184 2962 4237 nullo
2989 4185 3148 4240 modo
3166 4185 3325 4240 video
3346 4184 3492 4239 unde

1897 4276 2165 4346 potuisset
2186 4275 2270 4329 vel
2298 4273 2594 4344 suspicari,
2650 4273 2797 4327 nulla
2834 4273 2937 4328 alia
2990 4273 3282 4328 act-edente
3323 4287 3493 4328 causa

1899 4367 2010 4422 sola
2038 4383 2097 4423 se
2124 4367 2253 4422 illud
2284 4369 2627 4421 deserturum
2657 4366 2955 4419 voluntate.
3005 4363 3121 4418 Non
3156 4380 3295 4436 nego
3336 4364 3490 4419 illum

1897 4460 2122 4516 scivisse
2147 4459 2275 4529 quia
2311 4469 2491 4529 posset
2519 4466 2728 4511 tnutare
2753 4457 3115 4523 voluntatem,
3146 4471 3309 4527 quam
3346 4465 3493 4511 tene-

1899 4556 2023 4620 bat;
2055 4552 2149 4608 sed
2175 4551 2297 4606 dico
2342 4550 2491 4605 illum
2538 4566 2643 4605 non
2695 4550 2940 4618 potuisse
2990 4557 3182 4619 putare
3211 4547 3337 4619 quia
3385 4547 3489 4603 ali-

1900 4645 2119 4716 quando
2141 4684 2157 4709 ,
2186 4643 2330 4698 omni
2363 4643 2465 4696 alia
2492 4651 2740 4696 cessante
2764 4656 2930 4696 causa
2960 4681 2974 4703 ,
3023 4649 3216 4710 sponte
3255 4645 3495 4694 mutaret

1900 4739 2271 4803 voluntatem,
2327 4748 2490 4805 quam
2546 4742 2963 4803 perseveranter
3020 4741 3204 4788 tenere
3252 4729 3493 4787 volebat.

1491 4869 2175 4946 vsmmjmc'rtouss.

255 4990 360 5024 'm
384 4988 614 5060 Propter
669 4992 960 5047 humanam
992 5008 1118 5047 mss.
1160 5003 1382 5061 propter
1412 4989 1572 5044 ullam
1618 4991 1915 5060 humanam

188 5072 235 5115 et
275 5062 418 5117 edit.
448 5054 606 5135 (ἰωὴ.
631 5063 865 5135 videtur,
895 5070 1105 5135 spectat
1161 5054 1293 5135 3“?
1322 5061 1479 5135 Unde
1521 5061 1777 5135 _videtttus
1820 5056 1918 5112 ms.
1968 5054 2163 5135 _Cistcr.
2219 5056 2357 5108 unde
2405 5063 2462 5108 ct
2512 5054 2814 5135 videmus"
2849 5054 2944 5135 ’_’3
2991 5054 3126 5135 Otun
3159 5054 3456 5135 sindﬁ'se‘rau

1020 5134 1115 5165 ““
1160 5132 1316 5189 Unde
1354 5130 1683 5201 inﬁdelitatis
1749 5143 1859 5184 sum
1901 5127 2283 5196 submergcnte
2336 5141 2469 5201 mss;
2504 5135 2571 5201 et
2604 5125 2710 5201 edit
2771 5121 2927 5178 GOI’L
2976 5122 3124 5201 unda
3157 5116 3491 5201 infidelitatis

186 5148 318 5187 mss.
379 5134 609 5188 omnino
650 5133 908 5188 destertuit

188 5204 591 5272 suhmergente

184 5345 537 5399 motionem
563 5342 692 5400 fecit

185 5411 500 5487 fffouam
541 5415 764 5472 Cederet
813 5433 941 5471 mss.
991 5432 1153 5487 quam
1200 5411 1400 5470 cecidit

697 5204 790 5235 ²¹¹⁸
811 5205 948 5276 cum
978 5219 1112 5276 ergo
1139 5210 1352 5276 constet
1381 5199 1504 5256 mss.
1530 5199 1728 5276 gister.
1751 5212 2028 5276 eum‘vero
2058 5204 2270 5276 constet

186 5272 281 5304 ""
309 5266 681 5345 Respondebo
702 5291 829 5330 mss.
862 5275 966 5331 hoc
995 5266 1330 5345 respondebo
1364 5289 1493 5326 mss.
1518 5272 1579 5326 S.
1600 5272 1763 5326 Miclt.
1800 5278 1848 5323 et
1872 5268 2197 5345 Cist_et_'.__hoc
2220 5266 2521 5345 respondeo

802 5345 895 5378 “"
921 5344 1033 5401 Hoc
1067 5344 1448 5422 acceptam“.
1478 5345 1839 5422 Itoe_e_.\'pec_to
1876 5410 1887 5422 .
1913 5344 2043 5422 "'1"
2066 5344 2395 5422 Fieret,_.aut_
2417 5344 2647 5422 petebat.

1510 5413 1605 5444 ¹¹⁹²
1633 5407 1789 5467 Aliud
1838 5407 2002 5480 obiici
2052 5426 2180 5480 mss.
2232 5407 2438 5480 aliquid
2489 5407 2649 5480 obiici

2023 4986 2117 5018 ἰιι
2140 4984 2365 5040 Videtur
2388 4991 2637 5052 spectare
2677 5000 2801 5037 mss.
2836 4981 2968 5036 Vict.
2995 4979 3121 5035 Bec.
3157 4975 3302 5032 Gem.
3330 4975 3488 5031 Corb.

2023 5058 2163 5106 ister.
2219 5056 2357 5106 unde
2405 5063 2462 5106 ct
2512 5054 2756 5106 videmus
2849 5055 2868 5083 ¹
2901 5053 2944 5083 ⁸³
2991 5052 3126 5106 Otutt
3163 5065 3190 5104 s
3241 5048 3492 5101 dt‘scraut

3039 5063 3126 5104 Iltll
3163 5065 3190 5104 5
3241 5061 3461 5100 arserat:

2374 5193 2646 5248 ““Aliud
2674 5197 2864 5248 horum
2896 5207 3024 5245 mss.
3056 5188 3257 5257 aliquid
3290 5190 3489 5243 horum

2632 5264 2726 5296 ²¹¹⁸
2749 5263 3075 5317 Mentioueut
3107 5258 3337 5312 fecimus
3358 5274 3486 5326 mss.

1949 5338 2043 5373 ²¹²⁰
2066 5337 2264 5400 Fieret,
2296 5327 2389 5390 aut
2417 5334 2633 5389 uolebat
2662 5351 2786 5388 mss.
2822 5334 2974 5385 lieret
3005 5338 3098 5383 aut
3126 5343 3230 5383 non
3274 5327 3490 5383 volebat

1953 5410 2000 5455 ni
2052 5426 2180 5455 nisa.
2232 5406 2434 5455 nlinuid
2489 5406 2649 5455 obiici
2757 5402 2856 5436 ¹¹¹⁸
2874 5404 2951 5455 Ac
3003 5402 3046 5454 Si
3090 5416 3217 5454 mss.
3250 5399 3416 5453 Μ.Δι
3441 5400 3491 5454 εἰ

182 5484 286 5557 ῗ¹⁸¹⁵
306 5469 599 5557 ῧαιηιμὲη
620 5469 980 5557 ξιὴείέὶεγείεὶὲο
996 5469 1258 5548 Volebat,
1278 5494 1334 5557 et
1356 5492 1625 5557 qugeerat
1659 5482 1881 5551 iustior,
1905 5469 1974 5536 co
2001 5478 2234 5557 debebat
2257 5469 2380 5557 esse
2418 5469 2666 5557 fmlic'ior.
2779 5472 2969 5557 negari
2991 5488 3146 5557 “non.
3175 5480 3373 5557 potest.
3406 5469 3487 5557 hi.

182 5554 265 5610 Ac
296 5540 467 5607 ιῖηιο
501 5553 700 5624 iustior
726 5540 880 5622 Bisi,
913 5540 1117 5626 quanto
1157 5540 1330 5623 magis
1363 5540 1575 5626 volebat
1619 5540 1797 5615 st'arc;
1821 5540 1911 5626 _et_
1934 5566 2044 5626 quo
2072 5559 2190 5604 erat
2213 5546 2433 5626 iustior,
2473 5560 2538 5600 eo
2556 5545 2795 5626 debebat
2838 5540 2958 5597 esse
2989 5541 3237 5626 facticior.
3372 5554 3488 5626 non

180 5640 316 5679 mss.
350 5636 620 5692 quantum
652 5635 798 5680 stare
825 5624 1060 5682 volebat.
1095 5627 1156 5681 Ι).
1191 5624 1376 5694 negari
1428 5641 1534 5679 non

1623 5633 1677 5677 οι

180 5640 316 5679 mss.
350 5640 620 5692 quantum
652 5640 798 5680 stare
825 5640 1060 5682 volebat.
1095 5640 1156 5681 υ.
1191 5640 1376 5694 negari
1428 5641 1534 5679 11011
1623 5640 1785 5677 mest.
1818 5640 1885 5676 Μ.
1920 5640 1987 5675 At
2037 5640 2188 5675 tanto
2228 5640 2427 5688 jllSllOl‘
2454 5640 2593 5679 erat,
2624 5640 2828 5685 qu:th

180 5705 238 5747 et
263 5708 393 5765 quo
427 5694 775 5760 eratiustior,
806 5715 873 5752 eo
903 5697 1130 5764 debebat
1164 5710 1283 5751 esse
1312 5695 1561 5750 fmhcior.
1688 5709 1821 5765 nou_
1861 5692 1961 5723 ἠδ
1984 5691 2139 5765 Saepe
2175 5689 2467 5765 Citi‘tilptss.
2499 5686 2654 5755 Saepe
2680 5688 2846 5742 etiam

1681 5612 1987 5677 est.'M.'A't
2037 5630 2188 5675 tanto
2213 5612 2427 5688 'iustior
2454 5623 2593 5688 erat,
2624 5624 2828 5685 quanto
2867 5616 3041 5688 magis
3082 5612 3295 5688 volebat
3338 5621 3488 5688 stare

2944 5686 3042 5718 ³⁸³⁸
3088 5681 3343 5752 Maiorem
3374 5681 3492 5750 pati

183 5751 321 5835 ηυξ.
357 5751 878 5835 ίιηηωιῇοιοθιιιῖρηιὶ
952 5757 1044 5801 ²¹¹⁴¹
1080 5766 1323 5821 Hominis
1346 5766 1489 5835 enim
1522 5782 1647 5819 mss.
1679 5762 1956 5818 hominum
1986 5751 2131 5817 enim
2204 5759 2301 5793 “'3
2331 5751 2614 5814 lnveuerat
2662 5774 2787 5812 mss.
2832 5764 3110 5813 meruerat
3173 5751 3280 5789 7"”
3327 5751 3490 5806 Patet

182 5834 339 5909 ξιιὶω
374 5848 511 5892 mss.
543 5833 729 5892 Cister.
761 5833 906 5893 until.
958 5839 1102 5894 enim
1176 5836 1268 5872 ²¹³⁰
1318 5834 1520 5906 Nempe
1560 5845 1617 5891 ut
1654 5850 1779 5889 mss.
1813 5847 2008 5903 nempe
2051 5839 2144 5885 aut
2449 5881 2453 5884 ,
2702 5872 2712 5884 .
3314 5854 3323 5862 ο
3436 5840 3448 5851 ‘
