  <div class='ocr_page' id='page_1' title='image "/cluster/home/n/w/nwhite01/storage/ocr_20150623/158/hvd.32044024236689/217.png"; bbox 0 0 4050 6294; ppageno 0'>
   <div class='ocr_carea' id='block_1_1' title="bbox 548 375 666 432">
    <p class='ocr_par' dir='ltr' id='par_1_1' title="bbox 548 375 666 432">
     <span class='ocr_line' id='line_1_1' title="bbox 548 375 666 432; baseline 0 0"><span class='ocrx_word' id='word_1_1' title='bbox 548 375 666 432; x_wconf 65' lang='lat'><strong>5&amp;5</strong></span> 
     </span>
    </p>
   </div>
   <div class='ocr_carea' id='block_1_2' title="bbox 558 475 2218 564">
    <p class='ocr_par' dir='ltr' id='par_1_2' title="bbox 558 475 2218 564">
     <span class='ocr_line' id='line_1_2' title="bbox 558 475 2218 564; baseline -0.013 -19"><span class='ocrx_word' id='word_1_2' title='bbox 558 489 710 546; x_wconf 62' lang='grc' dir='ltr'><strong>ὓπερ,</strong></span> <span class='ocrx_word' id='word_1_3' title='bbox 739 485 836 555; x_wconf 83' lang='lat' dir='ltr'><strong>Qui</strong></span> <span class='ocrx_word' id='word_1_4' title='bbox 889 483 1175 555; x_wconf 73' lang='lat' dir='ltr'><strong>diligenter</strong></span> <span class='ocrx_word' id='word_1_5' title='bbox 1210 479 1460 550; x_wconf 87' lang='lat' dir='ltr'><strong>intelligit</strong></span> <span class='ocrx_word' id='word_1_6' title='bbox 1504 477 1646 548; x_wconf 90' lang='lat' dir='ltr'><strong>quod</strong></span> <span class='ocrx_word' id='word_1_7' title='bbox 1675 475 1846 538; x_wconf 91' lang='lat' dir='ltr'><strong>dicis,</strong></span> <span class='ocrx_word' id='word_1_8' title='bbox 1895 479 2144 544; x_wconf 87' lang='lat' dir='ltr'><strong>patenter</strong></span> <span class='ocrx_word' id='word_1_9' title='bbox 2171 506 2218 564; x_wconf 68' lang='grc' dir='ltr'><strong>Α</strong></span> 
     </span>
    </p>
   </div>
   <div class='ocr_carea' id='block_1_3' title="bbox 557 564 2144 649">
    <p class='ocr_par' dir='ltr' id='par_1_3' title="bbox 557 564 2144 649">
     <span class='ocr_line' id='line_1_3' title="bbox 557 564 2144 649; baseline -0.011 -12"><span class='ocrx_word' id='word_1_10' title='bbox 557 583 705 637; x_wconf 83' lang='lat' dir='ltr'><strong>videt</strong></span> <span class='ocrx_word' id='word_1_11' title='bbox 730 579 852 649; x_wconf 83' lang='lat' dir='ltr'><strong>quia</strong></span> <span class='ocrx_word' id='word_1_12' title='bbox 880 576 1024 631; x_wconf 92' lang='lat' dir='ltr'><strong>nullo</strong></span> <span class='ocrx_word' id='word_1_13' title='bbox 1055 575 1214 629; x_wconf 91' lang='lat' dir='ltr'><strong>modo</strong></span> <span class='ocrx_word' id='word_1_14' title='bbox 1237 573 1378 628; x_wconf 87' lang='lat' dir='ltr'><strong>scire</strong></span> <span class='ocrx_word' id='word_1_15' title='bbox 1402 572 1481 636; x_wconf 84' lang='lat' dir='ltr'><strong>vel</strong></span> <span class='ocrx_word' id='word_1_16' title='bbox 1507 579 1697 638; x_wconf 87' lang='lat' dir='ltr'><strong>putare</strong></span> <span class='ocrx_word' id='word_1_17' title='bbox 1722 566 1898 639; x_wconf 88' lang='lat' dir='ltr'><strong>potuit</strong></span> <span class='ocrx_word' id='word_1_18' title='bbox 1920 564 2144 635; x_wconf 77' lang='lat' dir='ltr'><strong>angelus</strong></span> 
     </span>
    </p>
   </div>
   <div class='ocr_carea' id='block_1_4' title="bbox 558 659 1642 734">
    <p class='ocr_par' dir='ltr' id='par_1_4' title="bbox 558 659 1642 734">
     <span class='ocr_line' id='line_1_4' title="bbox 558 659 1642 734; baseline -0.012 -8"><span class='ocrx_word' id='word_1_19' title='bbox 558 670 734 726; x_wconf 86' lang='lat' dir='ltr'><strong>malus</strong></span> <span class='ocrx_word' id='word_1_20' title='bbox 763 684 822 722; x_wconf 85' lang='lat' dir='ltr'><strong>se</strong></span> <span class='ocrx_word' id='word_1_21' title='bbox 847 665 1114 720; x_wconf 82' lang='lat' dir='ltr'><strong>facturum</strong></span> <span class='ocrx_word' id='word_1_22' title='bbox 1147 663 1288 733; x_wconf 87' lang='lat' dir='ltr'><strong>quod</strong></span> <span class='ocrx_word' id='word_1_23' title='bbox 1325 661 1468 715; x_wconf 89' lang='lat' dir='ltr'><strong>male</strong></span> <span class='ocrx_word' id='word_1_24' title='bbox 1489 659 1642 734; x_wconf 79' lang='lat' dir='ltr'><strong>fecit.</strong></span> 
     </span>
    </p>
   </div>
   <div class='ocr_carea' id='block_1_5' title="bbox 1127 773 1562 832">
    <p class='ocr_par' dir='ltr' id='par_1_5' title="bbox 1127 773 1562 832">
     <span class='ocr_line' id='line_1_5' title="bbox 1127 773 1562 832; baseline -0.014 0"><span class='ocrx_word' id='word_1_25' title='bbox 1127 774 1356 832; x_wconf 80' lang='lat' dir='ltr'><strong>CAPUT</strong></span> <span class='ocrx_word' id='word_1_26' title='bbox 1396 773 1562 829; x_wconf 79' lang='lat' dir='ltr'><strong>XXII.</strong></span> 
     </span>
    </p>
   </div>
   <div class='ocr_carea' id='block_1_6' title="bbox 561 880 2148 959">
    <p class='ocr_par' dir='ltr' id='par_1_6' title="bbox 561 880 2148 959">
     <span class='ocr_line' id='line_1_6' title="bbox 561 880 2148 959; baseline -0.01 -12"><span class='ocrx_word' id='word_1_27' title='bbox 561 893 715 959; x_wconf 78' lang='lat' dir='ltr'><strong>Quod</strong></span> <span class='ocrx_word' id='word_1_28' title='bbox 738 891 878 946; x_wconf 76' lang='lat' dir='ltr'><strong>scivit</strong></span> <span class='ocrx_word' id='word_1_29' title='bbox 902 906 956 942; x_wconf 84' lang='lat' dir='ltr'><strong>se</strong></span> <span class='ocrx_word' id='word_1_30' title='bbox 978 905 1079 942; x_wconf 84' lang='lat' dir='ltr'><strong>non</strong></span> <span class='ocrx_word' id='word_1_31' title='bbox 1105 889 1289 959; x_wconf 69' lang='lat' dir='ltr'><strong>debere</strong></span> <span class='ocrx_word' id='word_1_32' title='bbox 1312 885 1437 959; x_wconf 75' lang='lat' dir='ltr'><strong>velle</strong></span> <span class='ocrx_word' id='word_1_33' title='bbox 1460 885 1556 959; x_wconf 72' lang='lat' dir='ltr'><strong>[ioc</strong></span> <span class='ocrx_word' id='word_1_34' title='bbox 1574 882 1712 953; x_wconf 86' lang='lat' dir='ltr'><strong>quod</strong></span> <span class='ocrx_word' id='word_1_35' title='bbox 1731 880 1949 936; x_wconf 73' lang='lat' dir='ltr'><strong>colendo</strong></span> <span class='ocrx_word' id='word_1_36' title='bbox 1973 895 2148 948; x_wconf 82' lang='lat' dir='ltr'><strong>pecca-</strong></span> 
     </span>
    </p>
   </div>
   <div class='ocr_carea' id='block_1_7' title="bbox 877 956 1829 1026">
    <p class='ocr_par' dir='ltr' id='par_1_7' title="bbox 877 956 1829 1026">
     <span class='ocr_line' id='line_1_7' title="bbox 877 956 1829 1026; baseline -0.011 -12"><span class='ocrx_word' id='word_1_37' title='bbox 877 963 979 1024; x_wconf 80' lang='lat' dir='ltr'><strong>vit;</strong></span> <span class='ocrx_word' id='word_1_38' title='bbox 1011 971 1056 1012; x_wconf 81' lang='lat' dir='ltr'><strong>et</strong></span> <span class='ocrx_word' id='word_1_39' title='bbox 1088 958 1270 1010; x_wconf 73' lang='lat' dir='ltr'><strong>debere</strong></span> <span class='ocrx_word' id='word_1_40' title='bbox 1291 957 1468 1026; x_wconf 80' lang='lat' dir='ltr'><strong>puniri</strong></span> <span class='ocrx_word' id='word_1_41' title='bbox 1497 956 1543 1008; x_wconf 82' lang='lat' dir='ltr'><strong>si</strong></span> <span class='ocrx_word' id='word_1_42' title='bbox 1573 962 1829 1023; x_wconf 81' lang='lat' dir='ltr'><strong>peccaret.</strong></span> 
     </span>
    </p>
   </div>
   <div class='ocr_carea' id='block_1_8' title="bbox 631 1064 2150 1141">
    <p class='ocr_par' dir='ltr' id='par_1_8' title="bbox 631 1064 2150 1141">
     <span class='ocr_line' id='line_1_8' title="bbox 631 1064 2150 1141; baseline -0.012 -8"><span class='ocrx_word' id='word_1_43' title='bbox 631 1077 736 1132; x_wconf 95' lang='lat' dir='ltr'><strong>Sed</strong></span> <span class='ocrx_word' id='word_1_44' title='bbox 767 1076 945 1130; x_wconf 88' lang='lat' dir='ltr'><strong>ethoc</strong></span> <span class='ocrx_word' id='word_1_45' title='bbox 966 1074 1088 1128; x_wconf 83' lang='lat' dir='ltr'><strong>volo</strong></span> <span class='ocrx_word' id='word_1_46' title='bbox 1117 1081 1176 1125; x_wconf 92' lang='lat' dir='ltr'><strong>ut</strong></span> <span class='ocrx_word' id='word_1_47' title='bbox 1221 1071 1424 1141; x_wconf 87' lang='lat' dir='ltr'><strong>pari‘er</strong></span> <span class='ocrx_word' id='word_1_48' title='bbox 1452 1068 1708 1124; x_wconf 81' lang='lat' dir='ltr'><strong>ostendas</strong></span> <span class='ocrx_word' id='word_1_49' title='bbox 1728 1108 1742 1131; x_wconf 93' lang='lat'><strong>,</strong></span> <span class='ocrx_word' id='word_1_50' title='bbox 1783 1065 1828 1119; x_wconf 89' lang='lat' dir='ltr'><strong>si</strong></span> <span class='ocrx_word' id='word_1_51' title='bbox 1883 1064 2045 1118; x_wconf 84' lang='lat' dir='ltr'><strong>scivit</strong></span> <span class='ocrx_word' id='word_1_52' title='bbox 2091 1077 2150 1116; x_wconf 85' lang='lat' dir='ltr'><strong>se</strong></span> 
     </span>
    </p>
   </div>
   <div class='ocr_carea' id='block_1_9' title="bbox 560 1153 2146 1232">
    <p class='ocr_par' dir='ltr' id='par_1_9' title="bbox 560 1153 2146 1232">
     <span class='ocr_line' id='line_1_9' title="bbox 560 1153 2146 1232; baseline -0.011 -9"><span class='ocrx_word' id='word_1_53' title='bbox 560 1183 669 1223; x_wconf 87' lang='lat' dir='ltr'><strong>non</strong></span> <span class='ocrx_word' id='word_1_54' title='bbox 700 1167 895 1221; x_wconf 81' lang='lat' dir='ltr'><strong>debere</strong></span> <span class='ocrx_word' id='word_1_55' title='bbox 922 1165 1057 1218; x_wconf 90' lang='lat' dir='ltr'><strong>velle</strong></span> <span class='ocrx_word' id='word_1_56' title='bbox 1086 1163 1227 1232; x_wconf 81' lang='lat' dir='ltr'><strong>quod</strong></span> <span class='ocrx_word' id='word_1_57' title='bbox 1253 1159 1652 1231; x_wconf 68' lang='lat' dir='ltr'><strong>pnevaricantlo</strong></span> <span class='ocrx_word' id='word_1_58' title='bbox 1687 1157 1875 1210; x_wconf 90' lang='lat' dir='ltr'><strong>voluit.</strong></span> <span class='ocrx_word' id='word_1_59' title='bbox 1910 1154 2054 1210; x_wconf 78' lang='lat' dir='ltr'><strong>MAG.</strong></span> <span class='ocrx_word' id='word_1_60' title='bbox 2091 1153 2146 1207; x_wconf 95' lang='lat' dir='ltr'><strong>ln</strong></span> 
     </span>
    </p>
   </div>
   <div class='ocr_carea' id='block_1_10' title="bbox 562 1245 2146 1321">
    <p class='ocr_par' dir='ltr' id='par_1_10' title="bbox 562 1245 2146 1321">
     <span class='ocr_line' id='line_1_10' title="bbox 562 1245 2146 1321; baseline -0.012 -7"><span class='ocrx_word' id='word_1_61' title='bbox 562 1261 665 1314; x_wconf 88' lang='lat' dir='ltr'><strong>hoc</strong></span> <span class='ocrx_word' id='word_1_62' title='bbox 685 1259 930 1313; x_wconf 89' lang='lat' dir='ltr'><strong>dubitare</strong></span> <span class='ocrx_word' id='word_1_63' title='bbox 969 1271 1074 1310; x_wconf 93' lang='lat' dir='ltr'><strong>non</strong></span> <span class='ocrx_word' id='word_1_64' title='bbox 1097 1255 1288 1317; x_wconf 86' lang='lat' dir='ltr'><strong>debes,</strong></span> <span class='ocrx_word' id='word_1_65' title='bbox 1343 1253 1386 1306; x_wconf 83' lang='lat' dir='ltr'><strong>si</strong></span> <span class='ocrx_word' id='word_1_66' title='bbox 1431 1265 1592 1321; x_wconf 83' lang='lat' dir='ltr'><strong>supra</strong></span> <span class='ocrx_word' id='word_1_67' title='bbox 1624 1249 1766 1304; x_wconf 85' lang='lat' dir='ltr'><strong>dicta</strong></span> <span class='ocrx_word' id='word_1_68' title='bbox 1811 1245 2146 1321; x_wconf 70' lang='lat' dir='ltr'><strong>consideras.</strong></span> 
     </span>
    </p>
   </div>
   <div class='ocr_carea' id='block_1_11' title="bbox 564 1315 2149 1402">
    <p class='ocr_par' dir='ltr' id='par_1_11' title="bbox 564 1315 2149 1402">
     <span class='ocr_line' id='line_1_11' title="bbox 564 1315 2149 1402; baseline -0.013 -1"><span class='ocrx_word' id='word_1_69' title='bbox 564 1347 621 1402; x_wconf 87' lang='lat' dir='ltr'><strong>Si</strong></span> <span class='ocrx_word' id='word_1_70' title='bbox 649 1347 792 1400; x_wconf 86' lang='lat' dir='ltr'><strong>enim</strong></span> <span class='ocrx_word' id='word_1_71' title='bbox 825 1345 1084 1398; x_wconf 85' lang='lat' dir='ltr'><strong>nescisset</strong></span> <span class='ocrx_word' id='word_1_72' title='bbox 1103 1357 1165 1396; x_wconf 87' lang='lat' dir='ltr'><strong>se</strong></span> <span class='ocrx_word' id='word_1_73' title='bbox 1192 1355 1295 1395; x_wconf 91' lang='lat' dir='ltr'><strong>non</strong></span> <span class='ocrx_word' id='word_1_74' title='bbox 1326 1339 1526 1393; x_wconf 88' lang='lat' dir='ltr'><strong>debere</strong></span> <span class='ocrx_word' id='word_1_75' title='bbox 1571 1333 1708 1389; x_wconf 84' lang='lat' dir='ltr'><strong>velle</strong></span> <span class='ocrx_word' id='word_1_76' title='bbox 1757 1332 1899 1402; x_wconf 84' lang='lat' dir='ltr'><strong>quod</strong></span> <span class='ocrx_word' id='word_1_77' title='bbox 1952 1315 2149 1400; x_wconf 73' lang='lat' dir='ltr'><strong>injuste</strong></span> 
     </span>
    </p>
   </div>
   <div class='ocr_carea' id='block_1_12' title="bbox 565 1427 2148 1508">
    <p class='ocr_par' dir='ltr' id='par_1_12' title="bbox 565 1427 2148 1508">
     <span class='ocr_line' id='line_1_12' title="bbox 565 1427 2148 1508; baseline -0.01 -17"><span class='ocrx_word' id='word_1_78' title='bbox 565 1439 763 1502; x_wconf 86' lang='lat' dir='ltr'><strong>voluit,</strong></span> <span class='ocrx_word' id='word_1_79' title='bbox 793 1439 1095 1508; x_wconf 77' lang='lat' dir='ltr'><strong>ignorasset</strong></span> <span class='ocrx_word' id='word_1_80' title='bbox 1122 1448 1180 1488; x_wconf 86' lang='lat' dir='ltr'><strong>se</strong></span> <span class='ocrx_word' id='word_1_81' title='bbox 1201 1433 1397 1486; x_wconf 86' lang='lat' dir='ltr'><strong>debere</strong></span> <span class='ocrx_word' id='word_1_82' title='bbox 1421 1427 1753 1481; x_wconf 84' lang='lat' dir='ltr'><strong>voluntatem</strong></span> <span class='ocrx_word' id='word_1_83' title='bbox 1777 1432 1960 1478; x_wconf 86' lang='lat' dir='ltr'><strong>tenere</strong></span> <span class='ocrx_word' id='word_1_84' title='bbox 1987 1435 2148 1491; x_wconf 90' lang='lat' dir='ltr'><strong>quam</strong></span> 
     </span>
    </p>
   </div>
   <div class='ocr_carea' id='block_1_13' title="bbox 564 1519 2150 1602">
    <p class='ocr_par' dir='ltr' id='par_1_13' title="bbox 564 1519 2150 1602">
     <span class='ocr_line' id='line_1_13' title="bbox 564 1519 2150 1602; baseline -0.014 -11"><span class='ocrx_word' id='word_1_85' title='bbox 564 1535 819 1591; x_wconf 85' lang='lat' dir='ltr'><strong>deseruit.</strong></span> <span class='ocrx_word' id='word_1_86' title='bbox 851 1532 1190 1602; x_wconf 85' lang='lat' dir='ltr'><strong>Quapropter</strong></span> <span class='ocrx_word' id='word_1_87' title='bbox 1211 1543 1308 1582; x_wconf 90' lang='lat' dir='ltr'><strong>nec</strong></span> <span class='ocrx_word' id='word_1_88' title='bbox 1335 1525 1512 1597; x_wconf 87' lang='lat' dir='ltr'><strong>justus</strong></span> <span class='ocrx_word' id='word_1_89' title='bbox 1537 1530 1685 1578; x_wconf 88' lang='lat' dir='ltr'><strong>esset</strong></span> <span class='ocrx_word' id='word_1_90' title='bbox 1734 1519 1996 1580; x_wconf 85' lang='lat' dir='ltr'><strong>tenendo,</strong></span> <span class='ocrx_word' id='word_1_91' title='bbox 2051 1530 2150 1570; x_wconf 91' lang='lat' dir='ltr'><strong>nec</strong></span> 
     </span>
    </p>
   </div>
   <div class='ocr_carea' id='block_1_14' title="bbox 567 1607 2151 1697">
    <p class='ocr_par' dir='ltr' id='par_1_14' title="bbox 567 1607 2151 1697">
     <span class='ocr_line' id='line_1_14' title="bbox 567 1607 2151 1697; baseline -0.015 -14"><span class='ocrx_word' id='word_1_92' title='bbox 567 1627 797 1697; x_wconf 84' lang='lat' dir='ltr'><strong>injustas</strong></span> <span class='ocrx_word' id='word_1_93' title='bbox 821 1623 1121 1680; x_wconf 84' lang='lat' dir='ltr'><strong>deserendo</strong></span> <span class='ocrx_word' id='word_1_94' title='bbox 1143 1619 1442 1688; x_wconf 80' lang='lat' dir='ltr'><strong>justitiam,</strong></span> <span class='ocrx_word' id='word_1_95' title='bbox 1479 1618 1641 1685; x_wconf 88' lang='lat' dir='ltr'><strong>quam</strong></span> <span class='ocrx_word' id='word_1_96' title='bbox 1678 1610 1965 1666; x_wconf 88' lang='lat' dir='ltr'><strong>nesciisset</strong></span> <span class='ocrx_word' id='word_1_97' title='bbox 1995 1622 2010 1660; x_wconf 89' lang='lat'><strong>:</strong></span> <span class='ocrx_word' id='word_1_98' title='bbox 2043 1607 2151 1661; x_wconf 94' lang='lat' dir='ltr'><strong>imo</strong></span> 
     </span>
    </p>
   </div>
   <div class='ocr_carea' id='block_1_15' title="bbox 562 1699 2148 1790">
    <p class='ocr_par' dir='ltr' id='par_1_15' title="bbox 562 1699 2148 1790">
     <span class='ocr_line' id='line_1_15' title="bbox 562 1699 2148 1790; baseline -0.014 -15"><span class='ocrx_word' id='word_1_99' title='bbox 562 1736 666 1776; x_wconf 88' lang='lat' dir='ltr'><strong>uec</strong></span> <span class='ocrx_word' id='word_1_100' title='bbox 695 1729 903 1790; x_wconf 84' lang='lat' dir='ltr'><strong>poterat</strong></span> <span class='ocrx_word' id='word_1_101' title='bbox 934 1733 1038 1771; x_wconf 79' lang='lat' dir='ltr'><strong>non</strong></span> <span class='ocrx_word' id='word_1_102' title='bbox 1069 1715 1207 1768; x_wconf 90' lang='lat' dir='ltr'><strong>velle</strong></span> <span class='ocrx_word' id='word_1_103' title='bbox 1235 1713 1533 1783; x_wconf 85' lang='lat' dir='ltr'><strong>plusquam</strong></span> <span class='ocrx_word' id='word_1_104' title='bbox 1564 1707 1830 1767; x_wconf 87' lang='lat' dir='ltr'><strong>habebat,</strong></span> <span class='ocrx_word' id='word_1_105' title='bbox 1861 1703 1904 1757; x_wconf 90' lang='lat' dir='ltr'><strong>si</strong></span> <span class='ocrx_word' id='word_1_106' title='bbox 1939 1699 2148 1756; x_wconf 86' lang='lat' dir='ltr'><strong>nescie-</strong></span> 
     </span>
    </p>
   </div>
   <div class='ocr_carea' id='block_1_16' title="bbox 564 1795 2146 1866">
    <p class='ocr_par' dir='ltr' id='par_1_16' title="bbox 564 1795 2146 1866">
     <span class='ocr_line' id='line_1_16' title="bbox 564 1795 2146 1866; baseline -0.014 0"><span class='ocrx_word' id='word_1_107' title='bbox 564 1813 658 1866; x_wconf 88' lang='lat' dir='ltr'><strong>bat</strong></span> <span class='ocrx_word' id='word_1_108' title='bbox 701 1827 759 1866; x_wconf 90' lang='lat' dir='ltr'><strong>se</strong></span> <span class='ocrx_word' id='word_1_109' title='bbox 782 1810 978 1864; x_wconf 87' lang='lat' dir='ltr'><strong>debere</strong></span> <span class='ocrx_word' id='word_1_110' title='bbox 1032 1821 1158 1861; x_wconf 83' lang='lat' dir='ltr'><strong>esse</strong></span> <span class='ocrx_word' id='word_1_111' title='bbox 1202 1810 1513 1859; x_wconf 90' lang='lat' dir='ltr'><strong>contentum</strong></span> <span class='ocrx_word' id='word_1_112' title='bbox 1564 1812 1630 1851; x_wconf 87' lang='lat' dir='ltr'><strong>eo</strong></span> <span class='ocrx_word' id='word_1_113' title='bbox 1659 1795 1802 1865; x_wconf 90' lang='lat' dir='ltr'><strong>quod</strong></span> <span class='ocrx_word' id='word_1_114' title='bbox 1845 1800 2146 1862; x_wconf 84' lang='lat' dir='ltr'><strong>acceperat.</strong></span> 
     </span>
    </p>
   </div>
   <div class='ocr_carea' id='block_1_17' title="bbox 561 1883 2150 1969">
    <p class='ocr_par' dir='ltr' id='par_1_17' title="bbox 561 1883 2150 1969">
     <span class='ocr_line' id='line_1_17' title="bbox 561 1883 2150 1969; baseline -0.014 -13"><span class='ocrx_word' id='word_1_115' title='bbox 561 1900 804 1969; x_wconf 85' lang='lat' dir='ltr'><strong>Denique</strong></span> <span class='ocrx_word' id='word_1_116' title='bbox 823 1941 837 1964; x_wconf 93' lang='lat'><strong>,</strong></span> <span class='ocrx_word' id='word_1_117' title='bbox 869 1899 994 1967; x_wconf 85' lang='lat' dir='ltr'><strong>quia</strong></span> <span class='ocrx_word' id='word_1_118' title='bbox 1019 1897 1112 1928; x_wconf 78' lang='grc'><strong>⁹¹³⁸</strong></span> <span class='ocrx_word' id='word_1_119' title='bbox 1146 1896 1218 1948; x_wconf 90' lang='lat' dir='ltr'><strong>ita</strong></span> <span class='ocrx_word' id='word_1_120' title='bbox 1251 1889 1529 1946; x_wconf 81' lang='lat' dir='ltr'><strong>rationalis</strong></span> <span class='ocrx_word' id='word_1_121' title='bbox 1555 1895 1676 1941; x_wconf 88' lang='lat' dir='ltr'><strong>erat</strong></span> <span class='ocrx_word' id='word_1_122' title='bbox 1706 1893 1763 1940; x_wconf 95' lang='lat' dir='ltr'><strong>ut</strong></span> <span class='ocrx_word' id='word_1_123' title='bbox 1784 1883 1928 1938; x_wconf 88' lang='lat' dir='ltr'><strong>nulla</strong></span> <span class='ocrx_word' id='word_1_124' title='bbox 1955 1897 2013 1937; x_wconf 91' lang='lat' dir='ltr'><strong>re</strong></span> <span class='ocrx_word' id='word_1_125' title='bbox 2029 1897 2150 1952; x_wconf 86' lang='lat' dir='ltr'><strong>pro-</strong></span> 
     </span>
    </p>
   </div>
   <div class='ocr_carea' id='block_1_18' title="bbox 561 1973 2153 2050">
    <p class='ocr_par' dir='ltr' id='par_1_18' title="bbox 561 1973 2153 2050">
     <span class='ocr_line' id='line_1_18' title="bbox 561 1973 2153 2050; baseline -0.014 -1"><span class='ocrx_word' id='word_1_126' title='bbox 561 1990 946 2049; x_wconf 80' lang='lat' dir='ltr'><strong>liibereturuti</strong></span> <span class='ocrx_word' id='word_1_127' title='bbox 982 1987 1219 2050; x_wconf 85' lang='lat' dir='ltr'><strong>ratione,</strong></span> <span class='ocrx_word' id='word_1_128' title='bbox 1277 1973 1381 2037; x_wconf 87' lang='lat' dir='ltr'><strong>non</strong></span> <span class='ocrx_word' id='word_1_129' title='bbox 1413 1979 1701 2050; x_wconf 85' lang='lat' dir='ltr'><strong>ignorabat</strong></span> <span class='ocrx_word' id='word_1_130' title='bbox 1753 1976 1880 2046; x_wconf 90' lang='lat' dir='ltr'><strong>quid</strong></span> <span class='ocrx_word' id='word_1_131' title='bbox 1928 1975 2153 2030; x_wconf 83' lang='lat' dir='ltr'><strong>deberet</strong></span> 
     </span>
    </p>
   </div>
   <div class='ocr_carea' id='block_1_19' title="bbox 564 2063 2151 2137">
    <p class='ocr_par' dir='ltr' id='par_1_19' title="bbox 564 2063 2151 2137">
     <span class='ocr_line' id='line_1_19' title="bbox 564 2063 2151 2137; baseline -0.011 -1"><span class='ocrx_word' id='word_1_132' title='bbox 564 2082 648 2137; x_wconf 88' lang='lat' dir='ltr'><strong>vel</strong></span> <span class='ocrx_word' id='word_1_133' title='bbox 672 2097 776 2136; x_wconf 87' lang='lat' dir='ltr'><strong>non</strong></span> <span class='ocrx_word' id='word_1_134' title='bbox 806 2076 1194 2134; x_wconf 88' lang='lat' dir='ltr'><strong>deberetvelle.</strong></span> <span class='ocrx_word' id='word_1_135' title='bbox 1222 2075 1365 2127; x_wconf 72' lang='lat' dir='ltr'><strong>Dt~c.</strong></span> <span class='ocrx_word' id='word_1_136' title='bbox 1391 2070 1836 2124; x_wconf 78' lang='lat' dir='ltr'><strong>Rationemtuam</strong></span> <span class='ocrx_word' id='word_1_137' title='bbox 1857 2079 1961 2119; x_wconf 92' lang='lat' dir='ltr'><strong>non</strong></span> <span class='ocrx_word' id='word_1_138' title='bbox 1994 2063 2151 2118; x_wconf 87' lang='lat' dir='ltr'><strong>video</strong></span> 
     </span>
    </p>
   </div>
   <div class='ocr_carea' id='block_1_20' title="bbox 562 2155 2152 2242">
    <p class='ocr_par' dir='ltr' id='par_1_20' title="bbox 562 2155 2152 2242">
     <span class='ocr_line' id='line_1_20' title="bbox 562 2155 2152 2242; baseline -0.013 -15"><span class='ocrx_word' id='word_1_139' title='bbox 562 2170 1027 2242; x_wconf 82' lang='lat' dir='ltr'><strong>posseiuiirmari;</strong></span> <span class='ocrx_word' id='word_1_140' title='bbox 1059 2167 1150 2222; x_wconf 90' lang='lat' dir='ltr'><strong>sed</strong></span> <span class='ocrx_word' id='word_1_141' title='bbox 1172 2175 1351 2218; x_wconf 87' lang='lat' dir='ltr'><strong>tamen</strong></span> <span class='ocrx_word' id='word_1_142' title='bbox 1370 2163 1494 2216; x_wconf 90' lang='lat' dir='ltr'><strong>inde</strong></span> <span class='ocrx_word' id='word_1_143' title='bbox 1518 2159 1648 2214; x_wconf 92' lang='lat' dir='ltr'><strong>mihi</strong></span> <span class='ocrx_word' id='word_1_144' title='bbox 1675 2158 1886 2212; x_wconf 85' lang='lat' dir='ltr'><strong>videtur</strong></span> <span class='ocrx_word' id='word_1_145' title='bbox 1907 2155 2152 2224; x_wconf 66' lang='lat' dir='ltr'><strong>quaedam</strong></span> 
     </span>
    </p>
   </div>
   <div class='ocr_carea' id='block_1_21' title="bbox 565 2247 2156 2330">
    <p class='ocr_par' dir='ltr' id='par_1_21' title="bbox 565 2247 2156 2330">
     <span class='ocr_line' id='line_1_21' title="bbox 565 2247 2156 2330; baseline -0.011 -13"><span class='ocrx_word' id='word_1_146' title='bbox 565 2262 697 2318; x_wconf 87' lang='lat' dir='ltr'><strong>oriri</strong></span> <span class='ocrx_word' id='word_1_147' title='bbox 728 2259 972 2330; x_wconf 66' lang='lat' dir='ltr'><strong>quaestio.</strong></span> <span class='ocrx_word' id='word_1_148' title='bbox 1001 2258 1056 2312; x_wconf 91' lang='lat' dir='ltr'><strong>Si</strong></span> <span class='ocrx_word' id='word_1_149' title='bbox 1081 2257 1224 2310; x_wconf 89' lang='lat' dir='ltr'><strong>enim</strong></span> <span class='ocrx_word' id='word_1_150' title='bbox 1249 2254 1454 2309; x_wconf 84' lang='lat' dir='ltr'><strong>sciebat</strong></span> <span class='ocrx_word' id='word_1_151' title='bbox 1475 2267 1532 2306; x_wconf 91' lang='lat' dir='ltr'><strong>se</strong></span> <span class='ocrx_word' id='word_1_152' title='bbox 1557 2248 1658 2304; x_wconf 87' lang='lat' dir='ltr'><strong>non</strong></span> <span class='ocrx_word' id='word_1_153' title='bbox 1676 2249 1875 2303; x_wconf 82' lang='lat' dir='ltr'><strong>debere</strong></span> <span class='ocrx_word' id='word_1_154' title='bbox 1900 2247 2156 2301; x_wconf 77' lang='lat' dir='ltr'><strong>deserere</strong></span> 
     </span>
    </p>
   </div>
   <div class='ocr_carea' id='block_1_22' title="bbox 568 2340 2157 2424">
    <p class='ocr_par' dir='ltr' id='par_1_22' title="bbox 568 2340 2157 2424">
     <span class='ocr_line' id='line_1_22' title="bbox 568 2340 2157 2424; baseline -0.01 -16"><span class='ocrx_word' id='word_1_155' title='bbox 568 2353 712 2424; x_wconf 90' lang='lat' dir='ltr'><strong>quod</strong></span> <span class='ocrx_word' id='word_1_156' title='bbox 742 2360 1048 2422; x_wconf 85' lang='lat' dir='ltr'><strong>acceperat,</strong></span> <span class='ocrx_word' id='word_1_157' title='bbox 1068 2349 1254 2418; x_wconf 89' lang='lat' dir='ltr'><strong>utique</strong></span> <span class='ocrx_word' id='word_1_158' title='bbox 1289 2341 1860 2402; x_wconf 86' lang='lat' dir='ltr'><strong>sciebatnihilominus</strong></span> <span class='ocrx_word' id='word_1_159' title='bbox 1883 2355 1941 2395; x_wconf 86' lang='lat' dir='ltr'><strong>se</strong></span> <span class='ocrx_word' id='word_1_160' title='bbox 1960 2340 2157 2394; x_wconf 79' lang='lat' dir='ltr'><strong>debere</strong></span> 
     </span>
    </p>
   </div>
   <div class='ocr_carea' id='block_1_23' title="bbox 567 2428 2159 2515">
    <p class='ocr_par' dir='ltr' id='par_1_23' title="bbox 567 2428 2159 2515">
     <span class='ocr_line' id='line_1_23' title="bbox 567 2428 2159 2515; baseline -0.008 -20"><span class='ocrx_word' id='word_1_161' title='bbox 567 2434 780 2515; x_wconf 85' lang='lat' dir='ltr'><strong>puniri,</strong></span> <span class='ocrx_word' id='word_1_162' title='bbox 820 2443 865 2497; x_wconf 89' lang='lat' dir='ltr'><strong>si</strong></span> <span class='ocrx_word' id='word_1_163' title='bbox 895 2443 1186 2496; x_wconf 87' lang='lat' dir='ltr'><strong>desereret.</strong></span> <span class='ocrx_word' id='word_1_164' title='bbox 1216 2434 1497 2504; x_wconf 83' lang='lat' dir='ltr'><strong>Quomodo</strong></span> <span class='ocrx_word' id='word_1_165' title='bbox 1521 2433 1685 2505; x_wconf 85' lang='lat' dir='ltr'><strong>igitur</strong></span> <span class='ocrx_word' id='word_1_166' title='bbox 1731 2439 1922 2500; x_wconf 81' lang='lat' dir='ltr'><strong>sponte</strong></span> <span class='ocrx_word' id='word_1_167' title='bbox 1984 2428 2159 2497; x_wconf 90' lang='lat' dir='ltr'><strong>potuit</strong></span> 
     </span>
    </p>
   </div>
   <div class='ocr_carea' id='block_1_24' title="bbox 567 2520 2159 2597">
    <p class='ocr_par' dir='ltr' id='par_1_24' title="bbox 567 2520 2159 2597">
     <span class='ocr_line' id='line_1_24' title="bbox 567 2520 2159 2597; baseline -0.009 -11"><span class='ocrx_word' id='word_1_168' title='bbox 567 2533 705 2590; x_wconf 88' lang='lat' dir='ltr'><strong>velle</strong></span> <span class='ocrx_word' id='word_1_169' title='bbox 731 2535 872 2588; x_wconf 89' lang='lat' dir='ltr'><strong>unde</strong></span> <span class='ocrx_word' id='word_1_170' title='bbox 894 2533 1058 2587; x_wconf 88' lang='lat' dir='ltr'><strong>miser</strong></span> <span class='ocrx_word' id='word_1_171' title='bbox 1078 2535 1252 2591; x_wconf 86' lang='lat' dir='ltr'><strong>esset,</strong></span> <span class='ocrx_word' id='word_1_172' title='bbox 1295 2527 1388 2597; x_wconf 89' lang='lat' dir='ltr'><strong>qui</strong></span> <span class='ocrx_word' id='word_1_173' title='bbox 1415 2531 1700 2595; x_wconf 88' lang='lat' dir='ltr'><strong>acceperat</strong></span> <span class='ocrx_word' id='word_1_174' title='bbox 1729 2520 2159 2592; x_wconf 87' lang='lat' dir='ltr'><strong>inseparabiliter</strong></span> 
     </span>
    </p>
   </div>
   <div class='ocr_carea' id='block_1_25' title="bbox 570 2621 1324 2683">
    <p class='ocr_par' dir='ltr' id='par_1_25' title="bbox 570 2621 1324 2683">
     <span class='ocr_line' id='line_1_25' title="bbox 570 2621 1324 2683; baseline -0.012 0"><span class='ocrx_word' id='word_1_175' title='bbox 570 2627 710 2683; x_wconf 83' lang='lat' dir='ltr'><strong>velle</strong></span> <span class='ocrx_word' id='word_1_176' title='bbox 736 2637 796 2682; x_wconf 92' lang='lat' dir='ltr'><strong>ut</strong></span> <span class='ocrx_word' id='word_1_177' title='bbox 827 2627 1012 2682; x_wconf 90' lang='lat' dir='ltr'><strong>beatus</strong></span> <span class='ocrx_word' id='word_1_178' title='bbox 1033 2631 1178 2680; x_wconf 89' lang='lat' dir='ltr'><strong>esset</strong></span> <span class='ocrx_word' id='word_1_179' title='bbox 1207 2621 1324 2674; x_wconf 66' lang='lat'><strong>“3&#39;.</strong></span> 
     </span>
    </p>
   </div>
   <div class='ocr_carea' id='block_1_26' title="bbox 1134 2752 1589 2814">
    <p class='ocr_par' dir='ltr' id='par_1_26' title="bbox 1134 2752 1589 2814">
     <span class='ocr_line' id='line_1_26' title="bbox 1134 2752 1589 2814; baseline -0.018 0"><span class='ocrx_word' id='word_1_180' title='bbox 1134 2753 1363 2814; x_wconf 75' lang='lat' dir='ltr'><strong>CAPUT</strong></span> <span class='ocrx_word' id='word_1_181' title='bbox 1403 2752 1589 2807; x_wconf 75' lang='lat' dir='ltr'><strong>XXIII.</strong></span> 
     </span>
    </p>
   </div>
   <div class='ocr_carea' id='block_1_27' title="bbox 570 2851 2155 2930">
    <p class='ocr_par' dir='ltr' id='par_1_27' title="bbox 570 2851 2155 2930">
     <span class='ocr_line' id='line_1_27' title="bbox 570 2851 2155 2930; baseline -0.008 -13"><span class='ocrx_word' id='word_1_182' title='bbox 570 2861 725 2930; x_wconf 82' lang='lat' dir='ltr'><strong>Quod</strong></span> <span class='ocrx_word' id='word_1_183' title='bbox 771 2878 874 2916; x_wconf 83' lang='lat' dir='ltr'><strong>non</strong></span> <span class='ocrx_word' id='word_1_184' title='bbox 909 2859 1086 2914; x_wconf 80' lang='lat' dir='ltr'><strong>debuit</strong></span> <span class='ocrx_word' id='word_1_185' title='bbox 1122 2859 1256 2912; x_wconf 83' lang='lat' dir='ltr'><strong>scire</strong></span> <span class='ocrx_word' id='word_1_186' title='bbox 1297 2856 1422 2926; x_wconf 85' lang='lat' dir='ltr'><strong>quia</strong></span> <span class='ocrx_word' id='word_1_187' title='bbox 1460 2855 1506 2908; x_wconf 92' lang='lat' dir='ltr'><strong>si</strong></span> <span class='ocrx_word' id='word_1_188' title='bbox 1547 2861 1814 2923; x_wconf 79' lang='lat' dir='ltr'><strong>peccaret,</strong></span> <span class='ocrx_word' id='word_1_189' title='bbox 1862 2851 2155 2921; x_wconf 83' lang='lat' dir='ltr'><strong>puniretur.</strong></span> 
     </span>
    </p>
   </div>
   <div class='ocr_carea' id='block_1_28' title="bbox 642 2962 2158 3036">
    <p class='ocr_par' dir='ltr' id='par_1_28' title="bbox 642 2962 2158 3036">
     <span class='ocr_line' id='line_1_28' title="bbox 642 2962 2158 3036; baseline -0.007 -10"><span class='ocrx_word' id='word_1_190' title='bbox 642 2973 786 3026; x_wconf 82' lang='lat' dir='ltr'><strong>MAG.</strong></span> <span class='ocrx_word' id='word_1_191' title='bbox 817 2970 1200 3026; x_wconf 83' lang='lat' dir='ltr'><strong>Sicuteertum</strong></span> <span class='ocrx_word' id='word_1_192' title='bbox 1226 2977 1309 3023; x_wconf 87' lang='lat' dir='ltr'><strong>est</strong></span> <span class='ocrx_word' id='word_1_193' title='bbox 1347 2966 1472 3036; x_wconf 89' lang='lat' dir='ltr'><strong>quia</strong></span> <span class='ocrx_word' id='word_1_194' title='bbox 1511 2965 1711 3020; x_wconf 89' lang='lat' dir='ltr'><strong>debere</strong></span> <span class='ocrx_word' id='word_1_195' title='bbox 1761 2979 1820 3018; x_wconf 90' lang='lat' dir='ltr'><strong>se</strong></span> <span class='ocrx_word' id='word_1_196' title='bbox 1861 2963 2075 3033; x_wconf 89' lang='lat' dir='ltr'><strong>puniri,</strong></span> <span class='ocrx_word' id='word_1_197' title='bbox 2113 2962 2158 3018; x_wconf 92' lang='lat' dir='ltr'><strong>si</strong></span> 
     </span>
    </p>
   </div>
   <div class='ocr_carea' id='block_1_29' title="bbox 569 3053 2156 3132">
    <p class='ocr_par' dir='ltr' id='par_1_29' title="bbox 569 3053 2156 3132">
     <span class='ocr_line' id='line_1_29' title="bbox 569 3053 2156 3132; baseline -0.006 -16"><span class='ocrx_word' id='word_1_198' title='bbox 569 3072 855 3132; x_wconf 82' lang='lat' dir='ltr'><strong>peccaret,</strong></span> <span class='ocrx_word' id='word_1_199' title='bbox 890 3060 1141 3130; x_wconf 88' lang='lat' dir='ltr'><strong>ignorare</strong></span> <span class='ocrx_word' id='word_1_200' title='bbox 1179 3072 1282 3112; x_wconf 92' lang='lat' dir='ltr'><strong>non</strong></span> <span class='ocrx_word' id='word_1_201' title='bbox 1323 3055 1533 3125; x_wconf 86' lang='lat' dir='ltr'><strong>potuit;</strong></span> <span class='ocrx_word' id='word_1_202' title='bbox 1565 3055 1638 3108; x_wconf 90' lang='lat' dir='ltr'><strong>ita</strong></span> <span class='ocrx_word' id='word_1_203' title='bbox 1667 3054 1794 3124; x_wconf 84' lang='lat' dir='ltr'><strong>quia</strong></span> <span class='ocrx_word' id='word_1_204' title='bbox 1833 3053 2156 3123; x_wconf 85' lang='lat' dir='ltr'><strong>puniretur,</strong></span> 
     </span>
    </p>
   </div>
   <div class='ocr_carea' id='block_1_30' title="bbox 573 3146 2158 3222">
    <p class='ocr_par' dir='ltr' id='par_1_30' title="bbox 573 3146 2158 3222">
     <span class='ocr_line' id='line_1_30' title="bbox 573 3146 2158 3222; baseline -0.004 -14"><span class='ocrx_word' id='word_1_205' title='bbox 573 3154 619 3208; x_wconf 89' lang='lat' dir='ltr'><strong>si</strong></span> <span class='ocrx_word' id='word_1_206' title='bbox 649 3162 929 3222; x_wconf 87' lang='lat' dir='ltr'><strong>peccaret,</strong></span> <span class='ocrx_word' id='word_1_207' title='bbox 977 3152 1119 3208; x_wconf 86' lang='lat' dir='ltr'><strong>scire</strong></span> <span class='ocrx_word' id='word_1_208' title='bbox 1165 3166 1272 3205; x_wconf 91' lang='lat' dir='ltr'><strong>non</strong></span> <span class='ocrx_word' id='word_1_209' title='bbox 1300 3148 1503 3204; x_wconf 90' lang='lat' dir='ltr'><strong>debuit.</strong></span> <span class='ocrx_word' id='word_1_210' title='bbox 1537 3147 1686 3202; x_wconf 79' lang='lat' dir='ltr'><strong>Drsc.</strong></span> <span class='ocrx_word' id='word_1_211' title='bbox 1738 3147 2019 3213; x_wconf 88' lang='lat' dir='ltr'><strong>Quomodo</strong></span> <span class='ocrx_word' id='word_1_212' title='bbox 2055 3146 2158 3202; x_wconf 90' lang='lat' dir='ltr'><strong>hoc</strong></span> 
     </span>
    </p>
   </div>
   <div class='ocr_carea' id='block_1_31' title="bbox 2183 1865 2226 1924">
    <p class='ocr_par' dir='ltr' id='par_1_31' title="bbox 2183 1865 2226 1924">
     <span class='ocr_line' id='line_1_31' title="bbox 2183 1865 2226 1924; baseline 0 0"><span class='ocrx_word' id='word_1_213' title='bbox 2183 1865 2226 1924; x_wconf 84' lang='grc' dir='ltr'><strong>Β</strong></span> 
     </span>
    </p>
   </div>
   <div class='ocr_carea' id='block_1_32' title="bbox 573 3331 2158 3409">
    <p class='ocr_par' dir='ltr' id='par_1_32' title="bbox 573 3331 2158 3409">
     <span class='ocr_line' id='line_1_32' title="bbox 573 3331 2158 3409; baseline -0.006 -14"><span class='ocrx_word' id='word_1_214' title='bbox 573 3354 681 3395; x_wconf 90' lang='lat' dir='ltr'><strong>non</strong></span> <span class='ocrx_word' id='word_1_215' title='bbox 704 3337 1078 3409; x_wconf 61' lang='lat' dir='ltr'><strong>,impediretur</strong></span> <span class='ocrx_word' id='word_1_216' title='bbox 1107 3335 1388 3391; x_wconf 83' lang='lat' dir='ltr'><strong>veritatem</strong></span> <span class='ocrx_word' id='word_1_217' title='bbox 1438 3346 1796 3402; x_wconf 88' lang='lat' dir='ltr'><strong>cognoscere,</strong></span> <span class='ocrx_word' id='word_1_218' title='bbox 1835 3331 1978 3386; x_wconf 92' lang='lat' dir='ltr'><strong>sicut</strong></span> <span class='ocrx_word' id='word_1_219' title='bbox 2015 3345 2158 3400; x_wconf 67' lang='lat' dir='ltr'><strong>saepe</strong></span> 
     </span>
    </p>
   </div>
   <div class='ocr_carea' id='block_1_33' title="bbox 573 3421 2249 3498">
    <p class='ocr_par' dir='ltr' id='par_1_33' title="bbox 573 3421 2249 3498">
     <span class='ocr_line' id='line_1_33' title="bbox 573 3421 2249 3498; baseline -0.007 -12"><span class='ocrx_word' id='word_1_220' title='bbox 573 3440 759 3486; x_wconf 87' lang='lat' dir='ltr'><strong>nostra</strong></span> <span class='ocrx_word' id='word_1_221' title='bbox 793 3428 1106 3498; x_wconf 84' lang='lat' dir='ltr'><strong>impeditur,</strong></span> <span class='ocrx_word' id='word_1_222' title='bbox 1137 3427 1242 3498; x_wconf 75' lang='lat'><strong>72</strong></span> <span class='ocrx_word' id='word_1_223' title='bbox 1274 3433 1536 3496; x_wconf 83' lang='lat' dir='ltr'><strong>gravante</strong></span> <span class='ocrx_word' id='word_1_224' title='bbox 1558 3423 1652 3455; x_wconf 81' lang='grc'><strong>³¹³³</strong></span> <span class='ocrx_word' id='word_1_225' title='bbox 1674 3421 2008 3494; x_wconf 87' lang='lat' dir='ltr'><strong>corruptibili</strong></span> <span class='ocrx_word' id='word_1_226' title='bbox 2039 3438 2162 3477; x_wconf 81' lang='lat' dir='ltr'><strong>eor-</strong></span> <span class='ocrx_word' id='word_1_227' title='bbox 2246 3456 2249 3459; x_wconf 91' lang='lat'><strong><em>-</em></strong></span> 
     </span>
    </p>
   </div>
   <div class='ocr_carea' id='block_1_34' title="bbox 570 3513 2162 3591">
    <p class='ocr_par' dir='ltr' id='par_1_34' title="bbox 570 3513 2162 3591">
     <span class='ocr_line' id='line_1_34' title="bbox 570 3513 2162 3591; baseline -0.006 -14"><span class='ocrx_word' id='word_1_228' title='bbox 570 3522 747 3591; x_wconf 89' lang='lat' dir='ltr'><strong>pore?</strong></span> <span class='ocrx_word' id='word_1_229' title='bbox 777 3521 916 3576; x_wconf 87' lang='lat' dir='ltr'><strong>MAG.</strong></span> <span class='ocrx_word' id='word_1_230' title='bbox 956 3519 1090 3586; x_wconf 85' lang='lat' dir='ltr'><strong>Quia</strong></span> <span class='ocrx_word' id='word_1_231' title='bbox 1122 3517 1401 3572; x_wconf 88' lang='lat' dir='ltr'><strong>rationalis</strong></span> <span class='ocrx_word' id='word_1_232' title='bbox 1439 3525 1593 3580; x_wconf 88' lang='lat' dir='ltr'><strong>erat,</strong></span> <span class='ocrx_word' id='word_1_233' title='bbox 1640 3515 1815 3584; x_wconf 80' lang='lat' dir='ltr'><strong>patuit</strong></span> <span class='ocrx_word' id='word_1_234' title='bbox 1861 3513 2162 3584; x_wconf 71' lang='lat' dir='ltr'><strong>inteliigere</strong></span> 
     </span>
    </p>
   </div>
   <div class='ocr_carea' id='block_1_35' title="bbox 576 3603 2161 3681">
    <p class='ocr_par' dir='ltr' id='par_1_35' title="bbox 576 3603 2161 3681">
     <span class='ocr_line' id='line_1_35' title="bbox 576 3603 2161 3681; baseline -0.004 -16"><span class='ocrx_word' id='word_1_235' title='bbox 576 3613 702 3681; x_wconf 90' lang='lat' dir='ltr'><strong>quia</strong></span> <span class='ocrx_word' id='word_1_236' title='bbox 727 3611 897 3681; x_wconf 88' lang='lat' dir='ltr'><strong>juste,</strong></span> <span class='ocrx_word' id='word_1_237' title='bbox 952 3611 997 3665; x_wconf 91' lang='lat' dir='ltr'><strong>si</strong></span> <span class='ocrx_word' id='word_1_238' title='bbox 1049 3617 1320 3679; x_wconf 87' lang='lat' dir='ltr'><strong>peccaret,</strong></span> <span class='ocrx_word' id='word_1_239' title='bbox 1372 3607 1672 3677; x_wconf 88' lang='lat' dir='ltr'><strong>puniretur.</strong></span> <span class='ocrx_word' id='word_1_240' title='bbox 1710 3603 1856 3666; x_wconf 86' lang='lat' dir='ltr'><strong>Sed,</strong></span> <span class='ocrx_word' id='word_1_241' title='bbox 1907 3605 2161 3674; x_wconf 80' lang='lat' dir='ltr'><strong>quoniam</strong></span> 
     </span>
    </p>
   </div>
   <div class='ocr_carea' id='block_1_36' title="bbox 567 3696 2164 3772">
    <p class='ocr_par' dir='ltr' id='par_1_36' title="bbox 567 3696 2164 3772">
     <span class='ocr_line' id='line_1_36' title="bbox 567 3696 2164 3772; baseline -0.003 -17"><span class='ocrx_word' id='word_1_242' title='bbox 567 3702 773 3772; x_wconf 87' lang='lat' dir='ltr'><strong>judicia</strong></span> <span class='ocrx_word' id='word_1_243' title='bbox 810 3701 901 3756; x_wconf 91' lang='lat' dir='ltr'><strong>Dei</strong></span> <span class='ocrx_word' id='word_1_244' title='bbox 949 3704 1179 3772; x_wconf 79' lang='lat' dir='ltr'><strong>abyssus</strong></span> <span class='ocrx_word' id='word_1_245' title='bbox 1223 3699 1390 3754; x_wconf 91' lang='lat' dir='ltr'><strong>multa</strong></span> <span class='ocrx_word' id='word_1_246' title='bbox 1449 3698 1544 3729; x_wconf 65' lang='grc'><strong>²¹³³</strong></span> <span class='ocrx_word' id='word_1_247' title='bbox 1586 3696 1760 3766; x_wconf 80' lang='lat' dir='ltr'><strong>(Psal.</strong></span> <span class='ocrx_word' id='word_1_248' title='bbox 1791 3713 1954 3762; x_wconf 77' lang='lat' dir='ltr'><strong>xxxv,</strong></span> <span class='ocrx_word' id='word_1_249' title='bbox 1989 3697 2063 3766; x_wconf 81' lang='lat'><strong>7),</strong></span> <span class='ocrx_word' id='word_1_250' title='bbox 2109 3705 2164 3750; x_wconf 91' lang='lat' dir='ltr'><strong>et</strong></span> 
     </span>
    </p>
   </div>
   <div class='ocr_carea' id='block_1_37' title="bbox 574 3788 2163 3861">
    <p class='ocr_par' dir='ltr' id='par_1_37' title="bbox 574 3788 2163 3861">
     <span class='ocr_line' id='line_1_37' title="bbox 574 3788 2163 3861; baseline -0.003 -14"><span class='ocrx_word' id='word_1_251' title='bbox 574 3790 978 3861; x_wconf 86' lang='lat' dir='ltr'><strong>investigabiles</strong></span> <span class='ocrx_word' id='word_1_252' title='bbox 1003 3791 1103 3846; x_wconf 65' lang='lat' dir='ltr'><strong>vite</strong></span> <span class='ocrx_word' id='word_1_253' title='bbox 1129 3790 1247 3859; x_wconf 86' lang='lat' dir='ltr'><strong>ejus</strong></span> <span class='ocrx_word' id='word_1_254' title='bbox 1279 3788 1452 3860; x_wconf 82' lang='lat' dir='ltr'><strong>(Rom.</strong></span> <span class='ocrx_word' id='word_1_255' title='bbox 1477 3804 1557 3853; x_wconf 81' lang='lat' dir='ltr'><strong>xt,</strong></span> <span class='ocrx_word' id='word_1_256' title='bbox 1587 3788 1679 3858; x_wconf 79' lang='lat'><strong>55)</strong></span> <span class='ocrx_word' id='word_1_257' title='bbox 1699 3829 1713 3851; x_wconf 94' lang='lat'><strong>,</strong></span> <span class='ocrx_word' id='word_1_258' title='bbox 1746 3789 1980 3858; x_wconf 82' lang='lat' dir='ltr'><strong>nequivit</strong></span> <span class='ocrx_word' id='word_1_259' title='bbox 2013 3805 2163 3843; x_wconf 89' lang='lat' dir='ltr'><strong>eom—</strong></span> 
     </span>
    </p>
   </div>
   <div class='ocr_carea' id='block_1_38' title="bbox 574 3877 2160 3952">
    <p class='ocr_par' dir='ltr' id='par_1_38' title="bbox 574 3877 2160 3952">
     <span class='ocr_line' id='line_1_38' title="bbox 574 3877 2160 3952; baseline -0.003 -15"><span class='ocrx_word' id='word_1_260' title='bbox 574 3882 910 3952; x_wconf 86' lang='lat' dir='ltr'><strong>prehendere</strong></span> <span class='ocrx_word' id='word_1_261' title='bbox 929 3888 996 3935; x_wconf 91' lang='lat' dir='ltr'><strong>an</strong></span> <span class='ocrx_word' id='word_1_262' title='bbox 1023 3882 1165 3937; x_wconf 90' lang='lat' dir='ltr'><strong>Deus</strong></span> <span class='ocrx_word' id='word_1_263' title='bbox 1191 3881 1394 3936; x_wconf 82' lang='lat' dir='ltr'><strong>faceret</strong></span> <span class='ocrx_word' id='word_1_264' title='bbox 1418 3879 1562 3950; x_wconf 91' lang='lat' dir='ltr'><strong>quod</strong></span> <span class='ocrx_word' id='word_1_265' title='bbox 1586 3879 1732 3947; x_wconf 89' lang='lat' dir='ltr'><strong>juste</strong></span> <span class='ocrx_word' id='word_1_266' title='bbox 1755 3877 1935 3934; x_wconf 78' lang='lat' dir='ltr'><strong>facere</strong></span> <span class='ocrx_word' id='word_1_267' title='bbox 1959 3889 2160 3948; x_wconf 55' lang='lat' dir='ltr'><strong>posset.</strong></span> 
     </span>
    </p>
   </div>
   <div class='ocr_carea' id='block_1_39' title="bbox 577 3967 2165 4042">
    <p class='ocr_par' dir='ltr' id='par_1_39' title="bbox 577 3967 2165 4042">
     <span class='ocr_line' id='line_1_39' title="bbox 577 3967 2165 4042; baseline -0.003 -16"><span class='ocrx_word' id='word_1_268' title='bbox 577 3971 683 4026; x_wconf 87' lang='lat' dir='ltr'><strong>Sed</strong></span> <span class='ocrx_word' id='word_1_269' title='bbox 718 3979 774 4026; x_wconf 88' lang='lat' dir='ltr'><strong>et</strong></span> <span class='ocrx_word' id='word_1_270' title='bbox 802 3971 847 4026; x_wconf 88' lang='lat' dir='ltr'><strong>si</strong></span> <span class='ocrx_word' id='word_1_271' title='bbox 872 3973 994 4042; x_wconf 90' lang='lat' dir='ltr'><strong>quis</strong></span> <span class='ocrx_word' id='word_1_272' title='bbox 1022 3971 1167 4026; x_wconf 87' lang='lat' dir='ltr'><strong>dicat</strong></span> <span class='ocrx_word' id='word_1_273' title='bbox 1205 3970 1330 4040; x_wconf 89' lang='lat' dir='ltr'><strong>quia</strong></span> <span class='ocrx_word' id='word_1_274' title='bbox 1375 3969 1682 4024; x_wconf 84' lang='lat' dir='ltr'><strong>nullatenus</strong></span> <span class='ocrx_word' id='word_1_275' title='bbox 1719 3967 1942 4024; x_wconf 91' lang='lat' dir='ltr'><strong>credere</strong></span> <span class='ocrx_word' id='word_1_276' title='bbox 1988 3968 2165 4036; x_wconf 85' lang='lat' dir='ltr'><strong>potuit</strong></span> 
     </span>
    </p>
   </div>
   <div class='ocr_carea' id='block_1_40' title="bbox 573 4057 2163 4131">
    <p class='ocr_par' dir='ltr' id='par_1_40' title="bbox 573 4057 2163 4131">
     <span class='ocr_line' id='line_1_40' title="bbox 573 4057 2163 4131; baseline -0.003 -16"><span class='ocrx_word' id='word_1_277' title='bbox 573 4060 743 4116; x_wconf 84' lang='lat' dir='ltr'><strong>Deum</strong></span> <span class='ocrx_word' id='word_1_278' title='bbox 773 4070 1080 4117; x_wconf 87' lang='lat' dir='ltr'><strong>creaturam</strong></span> <span class='ocrx_word' id='word_1_279' title='bbox 1112 4076 1266 4116; x_wconf 90' lang='lat' dir='ltr'><strong>suam</strong></span> <span class='ocrx_word' id='word_1_280' title='bbox 1296 4068 1515 4131; x_wconf 87' lang='lat' dir='ltr'><strong>propter</strong></span> <span class='ocrx_word' id='word_1_281' title='bbox 1543 4058 1659 4127; x_wconf 83' lang='lat' dir='ltr'><strong>ejus</strong></span> <span class='ocrx_word' id='word_1_282' title='bbox 1688 4058 1899 4128; x_wconf 87' lang='lat' dir='ltr'><strong>culpam</strong></span> <span class='ocrx_word' id='word_1_283' title='bbox 1931 4057 2163 4112; x_wconf 75' lang='lat' dir='ltr'><strong>damna-</strong></span> 
     </span>
    </p>
   </div>
   <div class='ocr_carea' id='block_1_41' title="bbox 577 4151 2159 4224">
    <p class='ocr_par' dir='ltr' id='par_1_41' title="bbox 577 4151 2159 4224">
     <span class='ocr_line' id='line_1_41' title="bbox 577 4151 2159 4224; baseline -0.001 -18"><span class='ocrx_word' id='word_1_284' title='bbox 577 4162 760 4206; x_wconf 92' lang='lat' dir='ltr'><strong>turum</strong></span> <span class='ocrx_word' id='word_1_285' title='bbox 787 4195 803 4219; x_wconf 92' lang='lat'><strong>,</strong></span> <span class='ocrx_word' id='word_1_286' title='bbox 832 4171 994 4224; x_wconf 88' lang='lat' dir='ltr'><strong>quam</strong></span> <span class='ocrx_word' id='word_1_287' title='bbox 1027 4163 1172 4208; x_wconf 80' lang='lat' dir='ltr'><strong>tanta</strong></span> <span class='ocrx_word' id='word_1_288' title='bbox 1195 4170 1291 4208; x_wconf 89' lang='lat' dir='ltr'><strong>sua</strong></span> <span class='ocrx_word' id='word_1_289' title='bbox 1311 4154 1549 4208; x_wconf 90' lang='lat' dir='ltr'><strong>bonitate</strong></span> <span class='ocrx_word' id='word_1_290' title='bbox 1566 4153 1769 4208; x_wconf 83' lang='lat' dir='ltr'><strong>fecerat</strong></span> <span class='ocrx_word' id='word_1_291' title='bbox 1793 4169 1807 4206; x_wconf 89' lang='lat'><strong>:</strong></span> <span class='ocrx_word' id='word_1_292' title='bbox 1836 4151 2159 4221; x_wconf 74' lang='lat' dir='ltr'><strong>pra-serum,</strong></span> 
     </span>
    </p>
   </div>
   <div class='ocr_carea' id='block_1_42' title="bbox 573 4241 2162 4317">
    <p class='ocr_par' dir='ltr' id='par_1_42' title="bbox 573 4241 2162 4317">
     <span class='ocr_line' id='line_1_42' title="bbox 573 4241 2162 4317; baseline -0.003 -17"><span class='ocrx_word' id='word_1_293' title='bbox 573 4260 698 4300; x_wconf 88' lang='lat' dir='ltr'><strong>cum</strong></span> <span class='ocrx_word' id='word_1_294' title='bbox 725 4245 929 4300; x_wconf 76' lang='lat' dir='ltr'><strong>nullum</strong></span> <span class='ocrx_word' id='word_1_295' title='bbox 963 4247 1264 4317; x_wconf 81' lang='lat' dir='ltr'><strong>exemplum</strong></span> <span class='ocrx_word' id='word_1_296' title='bbox 1307 4245 1536 4313; x_wconf 72' lang='lat' dir='ltr'><strong>justitia:</strong></span> <span class='ocrx_word' id='word_1_297' title='bbox 1586 4243 1901 4299; x_wconf 89' lang='lat' dir='ltr'><strong>ulciscentis</strong></span> <span class='ocrx_word' id='word_1_298' title='bbox 1949 4241 2162 4311; x_wconf 90' lang='lat' dir='ltr'><strong>injusti-</strong></span> 
     </span>
    </p>
   </div>
   <div class='ocr_carea' id='block_1_43' title="bbox 577 4335 2163 4406">
    <p class='ocr_par' dir='ltr' id='par_1_43' title="bbox 577 4335 2163 4406">
     <span class='ocr_line' id='line_1_43' title="bbox 577 4335 2163 4406; baseline 0.001 -17"><span class='ocrx_word' id='word_1_299' title='bbox 577 4337 709 4390; x_wconf 87' lang='lat' dir='ltr'><strong>tiam</strong></span> <span class='ocrx_word' id='word_1_300' title='bbox 741 4338 1138 4406; x_wconf 60' lang='lat' dir='ltr'><strong>praecessisset,</strong></span> <span class='ocrx_word' id='word_1_301' title='bbox 1174 4348 1229 4392; x_wconf 91' lang='lat' dir='ltr'><strong>et</strong></span> <span class='ocrx_word' id='word_1_302' title='bbox 1256 4347 1438 4392; x_wconf 86' lang='lat' dir='ltr'><strong>certus</strong></span> <span class='ocrx_word' id='word_1_303' title='bbox 1462 4347 1608 4392; x_wconf 88' lang='lat' dir='ltr'><strong>esset</strong></span> <span class='ocrx_word' id='word_1_304' title='bbox 1629 4351 1912 4390; x_wconf 87' lang='lat' dir='ltr'><strong>numerum</strong></span> <span class='ocrx_word' id='word_1_305' title='bbox 1934 4375 1950 4401; x_wconf 93' lang='lat'><strong>,</strong></span> <span class='ocrx_word' id='word_1_306' title='bbox 1975 4335 2027 4389; x_wconf 91' lang='lat' dir='ltr'><strong>in</strong></span> <span class='ocrx_word' id='word_1_307' title='bbox 2057 4351 2163 4404; x_wconf 91' lang='lat' dir='ltr'><strong>quo</strong></span> 
     </span>
    </p>
   </div>
   <div class='ocr_carea' id='block_1_44' title="bbox 580 4428 2162 4498">
    <p class='ocr_par' dir='ltr' id='par_1_44' title="bbox 580 4428 2162 4498">
     <span class='ocr_line' id='line_1_44' title="bbox 580 4428 2162 4498; baseline -0.001 -16"><span class='ocrx_word' id='word_1_308' title='bbox 580 4429 654 4482; x_wconf 92' lang='lat' dir='ltr'><strong>illi</strong></span> <span class='ocrx_word' id='word_1_309' title='bbox 690 4429 814 4483; x_wconf 79' lang='lat' dir='ltr'><strong>facti</strong></span> <span class='ocrx_word' id='word_1_310' title='bbox 845 4440 1001 4483; x_wconf 87' lang='lat' dir='ltr'><strong>erant</strong></span> <span class='ocrx_word' id='word_1_311' title='bbox 1033 4430 1160 4496; x_wconf 66' lang='lat'><strong>“’5,</strong></span> <span class='ocrx_word' id='word_1_312' title='bbox 1219 4429 1309 4498; x_wconf 90' lang='lat' dir='ltr'><strong>qui</strong></span> <span class='ocrx_word' id='word_1_313' title='bbox 1362 4429 1471 4482; x_wconf 90' lang='lat' dir='ltr'><strong>Deo</strong></span> <span class='ocrx_word' id='word_1_314' title='bbox 1510 4428 1613 4482; x_wconf 78' lang='lat' dir='ltr'><strong>lrui</strong></span> <span class='ocrx_word' id='word_1_315' title='bbox 1658 4428 1957 4488; x_wconf 87' lang='lat' dir='ltr'><strong>deberent,</strong></span> <span class='ocrx_word' id='word_1_316' title='bbox 2015 4435 2162 4481; x_wconf 87' lang='lat' dir='ltr'><strong>tanta</strong></span> 
     </span>
    </p>
   </div>
   <div class='ocr_carea' id='block_1_45' title="bbox 577 4516 2166 4588">
    <p class='ocr_par' dir='ltr' id='par_1_45' title="bbox 577 4516 2166 4588">
     <span class='ocr_line' id='line_1_45' title="bbox 577 4516 2166 4588; baseline -0.001 -14"><span class='ocrx_word' id='word_1_317' title='bbox 577 4519 842 4588; x_wconf 72' lang='lat' dir='ltr'><strong>Sapientia</strong></span> <span class='ocrx_word' id='word_1_318' title='bbox 871 4534 992 4573; x_wconf 88' lang='lat' dir='ltr'><strong>esse</strong></span> <span class='ocrx_word' id='word_1_319' title='bbox 1018 4519 1379 4587; x_wconf 67' lang='lat' dir='ltr'><strong>praestitutum</strong></span> <span class='ocrx_word' id='word_1_320' title='bbox 1408 4536 1421 4572; x_wconf 88' lang='lat'><strong>:</strong></span> <span class='ocrx_word' id='word_1_321' title='bbox 1452 4527 1510 4572; x_wconf 91' lang='lat' dir='ltr'><strong>ut</strong></span> <span class='ocrx_word' id='word_1_322' title='bbox 1529 4558 1542 4582; x_wconf 94' lang='lat'><strong>,</strong></span> <span class='ocrx_word' id='word_1_323' title='bbox 1591 4518 1732 4570; x_wconf 86' lang='lat' dir='ltr'><strong>sicut</strong></span> <span class='ocrx_word' id='word_1_324' title='bbox 1769 4516 1903 4571; x_wconf 81' lang='lat' dir='ltr'><strong>nihil</strong></span> <span class='ocrx_word' id='word_1_325' title='bbox 1929 4517 2166 4573; x_wconf 82' lang='lat' dir='ltr'><strong>habebat</strong></span> 
     </span>
    </p>
   </div>
   <div class='ocr_carea' id='block_1_46' title="bbox 579 4607 2161 4677">
    <p class='ocr_par' dir='ltr' id='par_1_46' title="bbox 579 4607 2161 4677">
     <span class='ocr_line' id='line_1_46' title="bbox 579 4607 2161 4677; baseline 0 -14"><span class='ocrx_word' id='word_1_326' title='bbox 579 4607 944 4677; x_wconf 81' lang='lat' dir='ltr'><strong>superﬂuum,</strong></span> <span class='ocrx_word' id='word_1_327' title='bbox 1001 4609 1072 4662; x_wconf 90' lang='lat' dir='ltr'><strong>ita</strong></span> <span class='ocrx_word' id='word_1_328' title='bbox 1111 4609 1156 4662; x_wconf 78' lang='lat' dir='ltr'><strong>si</strong></span> <span class='ocrx_word' id='word_1_329' title='bbox 1191 4609 1528 4665; x_wconf 89' lang='lat' dir='ltr'><strong>minueretur</strong></span> <span class='ocrx_word' id='word_1_330' title='bbox 1578 4609 1928 4677; x_wconf 81' lang='lat' dir='ltr'><strong>imperfectus</strong></span> <span class='ocrx_word' id='word_1_331' title='bbox 1981 4619 2161 4673; x_wconf 85' lang='lat' dir='ltr'><strong>esset;</strong></span> 
     </span>
    </p>
   </div>
   <div class='ocr_carea' id='block_1_47' title="bbox 578 4699 2162 4770">
    <p class='ocr_par' dir='ltr' id='par_1_47' title="bbox 578 4699 2162 4770">
     <span class='ocr_line' id='line_1_47' title="bbox 578 4699 2162 4770; baseline 0.001 -17"><span class='ocrx_word' id='word_1_332' title='bbox 578 4710 815 4754; x_wconf 89' lang='lat' dir='ltr'><strong>nectam</strong></span> <span class='ocrx_word' id='word_1_333' title='bbox 840 4701 1158 4770; x_wconf 67' lang='lat' dir='ltr'><strong>praeclarum</strong></span> <span class='ocrx_word' id='word_1_334' title='bbox 1199 4717 1334 4770; x_wconf 80' lang='lat' dir='ltr'><strong>Opus</strong></span> <span class='ocrx_word' id='word_1_335' title='bbox 1368 4702 1462 4756; x_wconf 89' lang='lat' dir='ltr'><strong>Dei</strong></span> <span class='ocrx_word' id='word_1_336' title='bbox 1507 4715 1572 4756; x_wconf 83' lang='lat' dir='ltr'><strong>ex</strong></span> <span class='ocrx_word' id='word_1_337' title='bbox 1620 4699 1796 4768; x_wconf 69' lang='lat' dir='ltr'><strong>aliqua</strong></span> <span class='ocrx_word' id='word_1_338' title='bbox 1838 4708 1993 4768; x_wconf 89' lang='lat' dir='ltr'><strong>parte</strong></span> <span class='ocrx_word' id='word_1_339' title='bbox 2037 4715 2162 4769; x_wconf 86' lang='lat' dir='ltr'><strong>per-</strong></span> 
     </span>
    </p>
   </div>
   <div class='ocr_carea' id='block_1_48' title="bbox 579 4790 2164 4861">
    <p class='ocr_par' dir='ltr' id='par_1_48' title="bbox 579 4790 2164 4861">
     <span class='ocr_line' id='line_1_48' title="bbox 579 4790 2164 4861; baseline 0 -17"><span class='ocrx_word' id='word_1_340' title='bbox 579 4806 895 4844; x_wconf 85' lang='lat' dir='ltr'><strong>mansurum</strong></span> <span class='ocrx_word' id='word_1_341' title='bbox 945 4791 1362 4861; x_wconf 80' lang='lat' dir='ltr'><strong>imperfectum;</strong></span> <span class='ocrx_word' id='word_1_342' title='bbox 1432 4807 1533 4846; x_wconf 89' lang='lat' dir='ltr'><strong>nec</strong></span> <span class='ocrx_word' id='word_1_343' title='bbox 1605 4790 1711 4844; x_wconf 91' lang='lat' dir='ltr'><strong>ulla</strong></span> <span class='ocrx_word' id='word_1_344' title='bbox 1769 4791 1975 4844; x_wconf 85' lang='lat' dir='ltr'><strong>rat&#39;one</strong></span> <span class='ocrx_word' id='word_1_345' title='bbox 2024 4791 2164 4844; x_wconf 85' lang='lat' dir='ltr'><strong>seire</strong></span> 
     </span>
    </p>
   </div>
   <div class='ocr_carea' id='block_1_49' title="bbox 576 4881 2163 4953">
    <p class='ocr_par' dir='ltr' id='par_1_49' title="bbox 576 4881 2163 4953">
     <span class='ocr_line' id='line_1_49' title="bbox 576 4881 2163 4953; baseline -0.001 -17"><span class='ocrx_word' id='word_1_346' title='bbox 576 4891 763 4953; x_wconf 81' lang='lat' dir='ltr'><strong>posset</strong></span> <span class='ocrx_word' id='word_1_347' title='bbox 782 4883 825 4937; x_wconf 93' lang='lat' dir='ltr'><strong>si</strong></span> <span class='ocrx_word' id='word_1_348' title='bbox 853 4884 1014 4938; x_wconf 91' lang='lat' dir='ltr'><strong>homo</strong></span> <span class='ocrx_word' id='word_1_349' title='bbox 1053 4883 1164 4952; x_wconf 89' lang='lat' dir='ltr'><strong>jam</strong></span> <span class='ocrx_word' id='word_1_350' title='bbox 1218 4881 1392 4939; x_wconf 78' lang='lat' dir='ltr'><strong>[actus</strong></span> <span class='ocrx_word' id='word_1_351' title='bbox 1440 4891 1603 4949; x_wconf 88' lang='lat' dir='ltr'><strong>erat,</strong></span> <span class='ocrx_word' id='word_1_352' title='bbox 1653 4882 1818 4936; x_wconf 89' lang='lat' dir='ltr'><strong>Deum</strong></span> <span class='ocrx_word' id='word_1_353' title='bbox 1871 4881 2163 4934; x_wconf 85' lang='lat' dir='ltr'><strong>humanam</strong></span> 
     </span>
    </p>
   </div>
   <div class='ocr_carea' id='block_1_50' title="bbox 577 4975 2158 5047">
    <p class='ocr_par' dir='ltr' id='par_1_50' title="bbox 577 4975 2158 5047">
     <span class='ocr_line' id='line_1_50' title="bbox 577 4975 2158 5047; baseline -0.002 -17"><span class='ocrx_word' id='word_1_354' title='bbox 577 4985 828 5044; x_wconf 88' lang='lat' dir='ltr'><strong>naturam</strong></span> <span class='ocrx_word' id='word_1_355' title='bbox 858 4991 953 5046; x_wconf 89' lang='lat' dir='ltr'><strong>pro</strong></span> <span class='ocrx_word' id='word_1_356' title='bbox 980 4977 1222 5047; x_wconf 88' lang='lat' dir='ltr'><strong>angelica</strong></span> <span class='ocrx_word' id='word_1_357' title='bbox 1245 5019 1259 5042; x_wconf 95' lang='lat'><strong>,</strong></span> <span class='ocrx_word' id='word_1_358' title='bbox 1312 4986 1403 5031; x_wconf 89' lang='lat' dir='ltr'><strong>aut</strong></span> <span class='ocrx_word' id='word_1_359' title='bbox 1427 4975 1727 5046; x_wconf 84' lang='lat' dir='ltr'><strong>angelicam</strong></span> <span class='ocrx_word' id='word_1_360' title='bbox 1755 4989 1854 5044; x_wconf 91' lang='lat' dir='ltr'><strong>pro</strong></span> <span class='ocrx_word' id='word_1_361' title='bbox 1885 4975 2120 5029; x_wconf 88' lang='lat' dir='ltr'><strong>humana</strong></span> <span class='ocrx_word' id='word_1_362' title='bbox 2143 5012 2158 5036; x_wconf 89' lang='lat'><strong>,</strong></span> 
     </span>
    </p>
   </div>
   <div class='ocr_carea' id='block_1_51' title="bbox 577 5064 2162 5138">
    <p class='ocr_par' dir='ltr' id='par_1_51' title="bbox 577 5064 2162 5138">
     <span class='ocr_line' id='line_1_51' title="bbox 577 5064 2162 5138; baseline -0.001 -18"><span class='ocrx_word' id='word_1_363' title='bbox 577 5064 622 5121; x_wconf 92' lang='lat' dir='ltr'><strong>si</strong></span> <span class='ocrx_word' id='word_1_364' title='bbox 646 5066 884 5132; x_wconf 89' lang='lat' dir='ltr'><strong>caderet,</strong></span> <span class='ocrx_word' id='word_1_365' title='bbox 911 5069 1323 5124; x_wconf 86' lang='lat' dir='ltr'><strong>substituturum</strong></span> <span class='ocrx_word' id='word_1_366' title='bbox 1355 5067 1484 5123; x_wconf 87' lang='lat' dir='ltr'><strong>:sed</strong></span> <span class='ocrx_word' id='word_1_367' title='bbox 1518 5067 1698 5138; x_wconf 87' lang='lat' dir='ltr'><strong>potius</strong></span> <span class='ocrx_word' id='word_1_368' title='bbox 1723 5081 2162 5136; x_wconf 82' lang='lat' dir='ltr'><strong>unamquamque</strong></span> 
     </span>
    </p>
   </div>
   <div class='ocr_carea' id='block_1_52' title="bbox 576 5156 2167 5232">
    <p class='ocr_par' dir='ltr' id='par_1_52' title="bbox 576 5156 2167 5232">
     <span class='ocr_line' id='line_1_52' title="bbox 576 5156 2167 5232; baseline -0.002 -19"><span class='ocrx_word' id='word_1_369' title='bbox 576 5158 631 5214; x_wconf 93' lang='lat' dir='ltr'><strong>in</strong></span> <span class='ocrx_word' id='word_1_370' title='bbox 665 5160 745 5225; x_wconf 88' lang='lat' dir='ltr'><strong>id,</strong></span> <span class='ocrx_word' id='word_1_371' title='bbox 776 5160 844 5216; x_wconf 90' lang='lat' dir='ltr'><strong>ad</strong></span> <span class='ocrx_word' id='word_1_372' title='bbox 873 5161 1016 5231; x_wconf 87' lang='lat' dir='ltr'><strong>quod</strong></span> <span class='ocrx_word' id='word_1_373' title='bbox 1041 5161 1178 5218; x_wconf 79' lang='lat' dir='ltr'><strong>facta</strong></span> <span class='ocrx_word' id='word_1_374' title='bbox 1204 5170 1321 5217; x_wconf 88' lang='lat' dir='ltr'><strong>erat</strong></span> <span class='ocrx_word' id='word_1_375' title='bbox 1341 5201 1358 5228; x_wconf 89' lang='lat'><strong>,</strong></span> <span class='ocrx_word' id='word_1_376' title='bbox 1383 5175 1481 5232; x_wconf 91' lang='lat' dir='ltr'><strong>pro</strong></span> <span class='ocrx_word' id='word_1_377' title='bbox 1503 5176 1561 5217; x_wconf 91' lang='lat' dir='ltr'><strong>se</strong></span> <span class='ocrx_word' id='word_1_378' title='bbox 1579 5202 1594 5226; x_wconf 93' lang='lat'><strong>,</strong></span> <span class='ocrx_word' id='word_1_379' title='bbox 1625 5175 1732 5214; x_wconf 89' lang='lat' dir='ltr'><strong>non</strong></span> <span class='ocrx_word' id='word_1_380' title='bbox 1755 5172 1855 5229; x_wconf 87' lang='lat' dir='ltr'><strong>pro</strong></span> <span class='ocrx_word' id='word_1_381' title='bbox 1877 5157 1981 5211; x_wconf 87' lang='lat' dir='ltr'><strong>alia</strong></span> <span class='ocrx_word' id='word_1_382' title='bbox 2006 5156 2167 5212; x_wconf 88' lang='lat' dir='ltr'><strong>resti-</strong></span> 
     </span>
    </p>
   </div>
   <div class='ocr_carea' id='block_1_53' title="bbox 1096 344 3377 424">
    <p class='ocr_par' dir='ltr' id='par_1_53' title="bbox 1096 344 3377 424">
     <span class='ocr_line' id='line_1_53' title="bbox 1096 344 3377 424; baseline -0.009 -1"><span class='ocrx_word' id='word_1_383' title='bbox 1096 368 1157 424; x_wconf 88' lang='lat' dir='ltr'><strong>S.</strong></span> <span class='ocrx_word' id='word_1_384' title='bbox 1208 364 1505 422; x_wconf 66' lang='lat' dir='ltr'><strong>ANSELill</strong></span> <span class='ocrx_word' id='word_1_385' title='bbox 1545 360 1896 419; x_wconf 70' lang='lat' dir='ltr'><strong>CANTUAR.</strong></span> <span class='ocrx_word' id='word_1_386' title='bbox 1944 347 2262 414; x_wconf 68' lang='lat' dir='ltr'><strong>ARCIIIEP.</strong></span> <span class='ocrx_word' id='word_1_387' title='bbox 2300 353 2452 411; x_wconf 83' lang='lat' dir='ltr'><strong>OPP.</strong></span> <span class='ocrx_word' id='word_1_388' title='bbox 2497 351 2715 409; x_wconf 47' lang='lat' dir='ltr'><strong>PARS&quot;</strong></span> <span class='ocrx_word' id='word_1_389' title='bbox 2740 351 2780 404; x_wconf 93' lang='lat' dir='ltr'><strong>l.</strong></span> <span class='ocrx_word' id='word_1_390' title='bbox 2814 381 2882 391; x_wconf 91' lang='lat'><strong><em>—</em></strong></span> <span class='ocrx_word' id='word_1_391' title='bbox 2919 344 3377 406; x_wconf 68' lang='lat' dir='ltr'><strong>DOGMATICA.&#39;</strong></span> 
     </span>
    </p>
   </div>
   <div class='ocr_carea' id='block_1_54' title="bbox 3721 351 3822 410">
    <p class='ocr_par' dir='ltr' id='par_1_54' title="bbox 3721 351 3822 410">
     <span class='ocr_line' id='line_1_54' title="bbox 3721 351 3822 410; baseline 0.03 -3"><span class='ocrx_word' id='word_1_392' title='bbox 3721 351 3822 410; x_wconf 75' lang='lat'><strong>356</strong></span> 
     </span>
    </p>
   </div>
   <div class='ocr_carea' id='block_1_55' title="bbox 2249 462 3908 533">
    <p class='ocr_par' dir='ltr' id='par_1_55' title="bbox 2249 462 3908 533">
     <span class='ocr_line' id='line_1_55' title="bbox 2249 462 3908 533; baseline -0.004 -9"><span class='ocrx_word' id='word_1_393' title='bbox 2249 476 2491 524; x_wconf 91' lang='lat' dir='ltr'><strong>tuturum</strong></span> <span class='ocrx_word' id='word_1_394' title='bbox 2521 465 2650 533; x_wconf 80' lang='grc'><strong>³¹³⁶,</strong></span> <span class='ocrx_word' id='word_1_395' title='bbox 2707 472 2801 518; x_wconf 88' lang='lat' dir='ltr'><strong>aut</strong></span> <span class='ocrx_word' id='word_1_396' title='bbox 2852 463 2895 518; x_wconf 90' lang='lat' dir='ltr'><strong>si</strong></span> <span class='ocrx_word' id='word_1_397' title='bbox 2941 464 3115 518; x_wconf 82' lang='lat' dir='ltr'><strong>factus</strong></span> <span class='ocrx_word' id='word_1_398' title='bbox 3161 463 3396 518; x_wconf 89' lang='lat' dir='ltr'><strong>nondum</strong></span> <span class='ocrx_word' id='word_1_399' title='bbox 3458 462 3620 518; x_wconf 92' lang='lat' dir='ltr'><strong>homo</strong></span> <span class='ocrx_word' id='word_1_400' title='bbox 3672 467 3822 532; x_wconf 70' lang='lat' dir='ltr'><strong>erat”,</strong></span> <span class='ocrx_word' id='word_1_401' title='bbox 3906 473 3908 475; x_wconf 72' lang='lat'><strong><em>&#39;</em></strong></span> 
     </span>
    </p>
   </div>
   <div class='ocr_carea' id='block_1_56' title="bbox 2249 556 3824 628">
    <p class='ocr_par' dir='ltr' id='par_1_56' title="bbox 2249 556 3824 628">
     <span class='ocr_line' id='line_1_56' title="bbox 2249 556 3824 628; baseline -0.001 -13"><span class='ocrx_word' id='word_1_402' title='bbox 2249 560 2418 616; x_wconf 89' lang='lat' dir='ltr'><strong>multo</strong></span> <span class='ocrx_word' id='word_1_403' title='bbox 2447 559 2624 612; x_wconf 89' lang='lat' dir='ltr'><strong>minus</strong></span> <span class='ocrx_word' id='word_1_404' title='bbox 2647 568 2839 628; x_wconf 88' lang='lat' dir='ltr'><strong>putare</strong></span> <span class='ocrx_word' id='word_1_405' title='bbox 2868 564 3049 624; x_wconf 88' lang='lat' dir='ltr'><strong>posset</strong></span> <span class='ocrx_word' id='word_1_406' title='bbox 3072 556 3139 609; x_wconf 89' lang='lat' dir='ltr'><strong>ad</strong></span> <span class='ocrx_word' id='word_1_407' title='bbox 3169 556 3574 611; x_wconf 90' lang='lat' dir='ltr'><strong>subtitutionem</strong></span> <span class='ocrx_word' id='word_1_408' title='bbox 3603 557 3824 614; x_wconf 83' lang='lat' dir='ltr'><strong>alterius</strong></span> 
     </span>
    </p>
   </div>
   <div class='ocr_carea' id='block_1_57' title="bbox 2247 643 3828 716">
    <p class='ocr_par' dir='ltr' id='par_1_57' title="bbox 2247 643 3828 716">
     <span class='ocr_line' id='line_1_57' title="bbox 2247 643 3828 716; baseline -0.003 -8"><span class='ocrx_word' id='word_1_409' title='bbox 2247 663 2457 708; x_wconf 69' lang='lat' dir='ltr'><strong>natura:</strong></span> <span class='ocrx_word' id='word_1_410' title='bbox 2486 651 2634 705; x_wconf 92' lang='lat' dir='ltr'><strong>illum</strong></span> <span class='ocrx_word' id='word_1_411' title='bbox 2664 665 2785 704; x_wconf 89' lang='lat' dir='ltr'><strong>esse</strong></span> <span class='ocrx_word' id='word_1_412' title='bbox 2819 646 3150 713; x_wconf 80' lang='lat' dir='ltr'><strong>faciendum.</strong></span> <span class='ocrx_word' id='word_1_413' title='bbox 3188 646 3277 710; x_wconf 90' lang='lat' dir='ltr'><strong>Si,</strong></span> <span class='ocrx_word' id='word_1_414' title='bbox 3330 643 3584 715; x_wconf 88' lang='lat' dir='ltr'><strong>inquam,</strong></span> <span class='ocrx_word' id='word_1_415' title='bbox 3636 648 3828 716; x_wconf 78' lang='lat' dir='ltr'><strong>aliquis</strong></span> 
     </span>
    </p>
   </div>
   <div class='ocr_carea' id='block_1_58' title="bbox 2249 721 3828 810">
    <p class='ocr_par' dir='ltr' id='par_1_58' title="bbox 2249 721 3828 810">
     <span class='ocr_line' id='line_1_58' title="bbox 2249 721 3828 810; baseline -0.004 -10"><span class='ocrx_word' id='word_1_416' title='bbox 2249 746 2351 801; x_wconf 82' lang='lat' dir='ltr'><strong>hoc</strong></span> <span class='ocrx_word' id='word_1_417' title='bbox 2377 745 2564 806; x_wconf 80' lang='lat' dir='ltr'><strong>dicat,</strong></span> <span class='ocrx_word' id='word_1_418' title='bbox 2609 756 2731 810; x_wconf 65' lang='lat' dir='ltr'><strong>qua:</strong></span> <span class='ocrx_word' id='word_1_419' title='bbox 2785 721 3219 794; x_wconf 87' lang='lat' dir='ltr'><strong>inconvenientia</strong></span> <span class='ocrx_word' id='word_1_420' title='bbox 3269 737 3453 792; x_wconf 86' lang='lat' dir='ltr'><strong>inest?</strong></span> <span class='ocrx_word' id='word_1_421' title='bbox 3502 733 3648 792; x_wconf 79' lang='lat' dir='ltr'><strong>DISC.</strong></span> <span class='ocrx_word' id='word_1_422' title='bbox 3701 736 3828 794; x_wconf 79' lang='lat' dir='ltr'><strong>Mihi</strong></span> 
     </span>
    </p>
   </div>
   <div class='ocr_carea' id='block_1_59' title="bbox 2246 831 3830 908">
    <p class='ocr_par' dir='ltr' id='par_1_59' title="bbox 2246 831 3830 908">
     <span class='ocr_line' id='line_1_59' title="bbox 2246 831 3830 908; baseline -0.004 -16"><span class='ocrx_word' id='word_1_423' title='bbox 2246 839 2468 908; x_wconf 88' lang='lat' dir='ltr'><strong>quidem</strong></span> <span class='ocrx_word' id='word_1_424' title='bbox 2499 836 2713 890; x_wconf 89' lang='lat' dir='ltr'><strong>videtur</strong></span> <span class='ocrx_word' id='word_1_425' title='bbox 2752 835 2926 904; x_wconf 79' lang='lat' dir='ltr'><strong>magis</strong></span> <span class='ocrx_word' id='word_1_426' title='bbox 2958 831 3334 888; x_wconf 83' lang='lat' dir='ltr'><strong>convenientia</strong></span> <span class='ocrx_word' id='word_1_427' title='bbox 3381 846 3543 902; x_wconf 89' lang='lat' dir='ltr'><strong>quam</strong></span> <span class='ocrx_word' id='word_1_428' title='bbox 3579 831 3830 886; x_wconf 85' lang='lat' dir='ltr'><strong>inconve-</strong></span> 
     </span>
    </p>
   </div>
   <div class='ocr_carea' id='block_1_60' title="bbox 2249 921 3826 992">
    <p class='ocr_par' dir='ltr' id='par_1_60' title="bbox 2249 921 3826 992">
     <span class='ocr_line' id='line_1_60' title="bbox 2249 921 3826 992; baseline -0.005 -8"><span class='ocrx_word' id='word_1_429' title='bbox 2249 930 2474 984; x_wconf 88' lang='lat' dir='ltr'><strong>nientia.</strong></span> <span class='ocrx_word' id='word_1_430' title='bbox 2505 927 2647 982; x_wconf 87' lang='lat' dir='ltr'><strong>MAG.</strong></span> <span class='ocrx_word' id='word_1_431' title='bbox 2681 921 2986 980; x_wconf 76' lang='lat' dir='ltr'><strong>Redeamus</strong></span> <span class='ocrx_word' id='word_1_432' title='bbox 3023 923 3116 954; x_wconf 79' lang='grc'>²¹⁸⁷</span> <span class='ocrx_word' id='word_1_433' title='bbox 3146 923 3211 976; x_wconf 89' lang='lat' dir='ltr'><strong>ad</strong></span> <span class='ocrx_word' id='word_1_434' title='bbox 3242 923 3346 978; x_wconf 89' lang='lat' dir='ltr'><strong>hoc</strong></span> <span class='ocrx_word' id='word_1_435' title='bbox 3372 922 3517 992; x_wconf 87' lang='lat' dir='ltr'><strong>quod</strong></span> <span class='ocrx_word' id='word_1_436' title='bbox 3553 921 3826 988; x_wconf 81' lang='lat' dir='ltr'><strong>dixeram,</strong></span> 
     </span>
    </p>
   </div>
   <div class='ocr_carea' id='block_1_61' title="bbox 2249 1013 3828 1082">
    <p class='ocr_par' dir='ltr' id='par_1_61' title="bbox 2249 1013 3828 1082">
     <span class='ocr_line' id='line_1_61' title="bbox 2249 1013 3828 1082; baseline -0.005 -8"><span class='ocrx_word' id='word_1_437' title='bbox 2249 1019 2398 1074; x_wconf 73' lang='lat' dir='ltr'><strong>illiilli</strong></span> <span class='ocrx_word' id='word_1_438' title='bbox 2427 1018 2665 1082; x_wconf 88' lang='lat' dir='ltr'><strong>scilicet,</strong></span> <span class='ocrx_word' id='word_1_439' title='bbox 2707 1017 2848 1071; x_wconf 74' lang='lat' dir='ltr'><strong>lianc</strong></span> <span class='ocrx_word' id='word_1_440' title='bbox 2873 1031 2977 1070; x_wconf 92' lang='lat' dir='ltr'><strong>non</strong></span> <span class='ocrx_word' id='word_1_441' title='bbox 3008 1014 3261 1070; x_wconf 87' lang='lat' dir='ltr'><strong>debuisse</strong></span> <span class='ocrx_word' id='word_1_442' title='bbox 3297 1015 3496 1068; x_wconf 87' lang='lat' dir='ltr'><strong>habere</strong></span> <span class='ocrx_word' id='word_1_443' title='bbox 3525 1013 3828 1069; x_wconf 85' lang='lat' dir='ltr'><strong>scientiam.</strong></span> 
     </span>
    </p>
   </div>
   <div class='ocr_carea' id='block_1_62' title="bbox 2251 1104 3835 1176">
    <p class='ocr_par' dir='ltr' id='par_1_62' title="bbox 2251 1104 3835 1176">
     <span class='ocr_line' id='line_1_62' title="bbox 2251 1104 3835 1176; baseline -0.002 -11"><span class='ocrx_word' id='word_1_444' title='bbox 2251 1112 2306 1166; x_wconf 90' lang='lat' dir='ltr'><strong>Si</strong></span> <span class='ocrx_word' id='word_1_445' title='bbox 2337 1112 2481 1165; x_wconf 86' lang='lat' dir='ltr'><strong>enim</strong></span> <span class='ocrx_word' id='word_1_446' title='bbox 2523 1110 2819 1172; x_wconf 86' lang='lat' dir='ltr'><strong>seivisset,</strong></span> <span class='ocrx_word' id='word_1_447' title='bbox 2885 1123 2991 1162; x_wconf 92' lang='lat' dir='ltr'><strong>non</strong></span> <span class='ocrx_word' id='word_1_448' title='bbox 3047 1117 3230 1176; x_wconf 87' lang='lat' dir='ltr'><strong>posset</strong></span> <span class='ocrx_word' id='word_1_449' title='bbox 3281 1104 3468 1160; x_wconf 89' lang='lat' dir='ltr'><strong>volens</strong></span> <span class='ocrx_word' id='word_1_450' title='bbox 3521 1113 3576 1160; x_wconf 91' lang='lat' dir='ltr'><strong>et</strong></span> <span class='ocrx_word' id='word_1_451' title='bbox 3632 1105 3835 1162; x_wconf 79' lang='lat' dir='ltr'><strong>habens</strong></span> 
     </span>
    </p>
   </div>
   <div class='ocr_carea' id='block_1_63' title="bbox 2251 1195 3832 1270">
    <p class='ocr_par' dir='ltr' id='par_1_63' title="bbox 2251 1195 3832 1270">
     <span class='ocr_line' id='line_1_63' title="bbox 2251 1195 3832 1270; baseline -0.003 -15"><span class='ocrx_word' id='word_1_452' title='bbox 2251 1200 2640 1257; x_wconf 85' lang='lat' dir='ltr'><strong>beatitudinem</strong></span> <span class='ocrx_word' id='word_1_453' title='bbox 2675 1208 2868 1270; x_wconf 77' lang='lat' dir='ltr'><strong>Sponte</strong></span> <span class='ocrx_word' id='word_1_454' title='bbox 2897 1197 3034 1252; x_wconf 89' lang='lat' dir='ltr'><strong>velle</strong></span> <span class='ocrx_word' id='word_1_455' title='bbox 3064 1195 3205 1250; x_wconf 90' lang='lat' dir='ltr'><strong>unde</strong></span> <span class='ocrx_word' id='word_1_456' title='bbox 3245 1195 3409 1250; x_wconf 85' lang='lat' dir='ltr'><strong>miser</strong></span> <span class='ocrx_word' id='word_1_457' title='bbox 3433 1203 3581 1250; x_wconf 88' lang='lat' dir='ltr'><strong>esset</strong></span> <span class='ocrx_word' id='word_1_458' title='bbox 3613 1213 3628 1248; x_wconf 89' lang='lat'>:</span> <span class='ocrx_word' id='word_1_459' title='bbox 3671 1209 3832 1264; x_wconf 83' lang='lat' dir='ltr'><strong>quare</strong></span> 
     </span>
    </p>
   </div>
   <div class='ocr_carea' id='block_1_64' title="bbox 2251 1287 3832 1360">
    <p class='ocr_par' dir='ltr' id='par_1_64' title="bbox 2251 1287 3832 1360">
     <span class='ocr_line' id='line_1_64' title="bbox 2251 1287 3832 1360; baseline -0.003 -13"><span class='ocrx_word' id='word_1_460' title='bbox 2251 1308 2357 1347; x_wconf 88' lang='lat' dir='ltr'><strong>non</strong></span> <span class='ocrx_word' id='word_1_461' title='bbox 2389 1291 2760 1360; x_wconf 85' lang='lat' dir='ltr'><strong>essctjustus,</strong></span> <span class='ocrx_word' id='word_1_462' title='bbox 2795 1305 2899 1344; x_wconf 91' lang='lat' dir='ltr'><strong>non</strong></span> <span class='ocrx_word' id='word_1_463' title='bbox 2938 1288 3165 1344; x_wconf 86' lang='lat' dir='ltr'><strong>volendo</strong></span> <span class='ocrx_word' id='word_1_464' title='bbox 3217 1287 3361 1356; x_wconf 90' lang='lat' dir='ltr'><strong>quod</strong></span> <span class='ocrx_word' id='word_1_465' title='bbox 3415 1302 3521 1342; x_wconf 91' lang='lat' dir='ltr'><strong>non</strong></span> <span class='ocrx_word' id='word_1_466' title='bbox 3572 1288 3832 1353; x_wconf 86' lang='lat' dir='ltr'><strong>deberet,</strong></span> 
     </span>
    </p>
   </div>
   <div class='ocr_carea' id='block_1_65' title="bbox 2252 1378 3831 1452">
    <p class='ocr_par' dir='ltr' id='par_1_65' title="bbox 2252 1378 3831 1452">
     <span class='ocr_line' id='line_1_65' title="bbox 2252 1378 3831 1452; baseline -0.003 -15"><span class='ocrx_word' id='word_1_467' title='bbox 2252 1383 2506 1452; x_wconf 90' lang='lat' dir='ltr'><strong>quoniam</strong></span> <span class='ocrx_word' id='word_1_468' title='bbox 2544 1396 2648 1435; x_wconf 92' lang='lat' dir='ltr'><strong>non</strong></span> <span class='ocrx_word' id='word_1_469' title='bbox 2673 1391 2854 1451; x_wconf 47' lang='lat' dir='ltr'><strong>posset</strong></span> <span class='ocrx_word' id='word_1_470' title='bbox 2883 1379 3042 1434; x_wconf 85' lang='lat' dir='ltr'><strong>veile.</strong></span> <span class='ocrx_word' id='word_1_471' title='bbox 3102 1378 3207 1434; x_wconf 89' lang='lat' dir='ltr'><strong>Sed</strong></span> <span class='ocrx_word' id='word_1_472' title='bbox 3238 1387 3293 1434; x_wconf 92' lang='lat' dir='ltr'><strong>et</strong></span> <span class='ocrx_word' id='word_1_473' title='bbox 3321 1378 3423 1433; x_wconf 90' lang='lat' dir='ltr'><strong>hac</strong></span> <span class='ocrx_word' id='word_1_474' title='bbox 3461 1378 3676 1433; x_wconf 90' lang='lat' dir='ltr'><strong>ratione</strong></span> <span class='ocrx_word' id='word_1_475' title='bbox 3716 1393 3831 1434; x_wconf 86' lang='lat' dir='ltr'><strong>con-</strong></span> 
     </span>
    </p>
   </div>
   <div class='ocr_carea' id='block_1_66' title="bbox 2252 1468 3833 1540">
    <p class='ocr_par' dir='ltr' id='par_1_66' title="bbox 2252 1468 3833 1540">
     <span class='ocr_line' id='line_1_66' title="bbox 2252 1468 3833 1540; baseline -0.004 -10"><span class='ocrx_word' id='word_1_476' title='bbox 2252 1475 2432 1530; x_wconf 89' lang='lat' dir='ltr'><strong>sidera</strong></span> <span class='ocrx_word' id='word_1_477' title='bbox 2463 1483 2643 1527; x_wconf 91' lang='lat' dir='ltr'><strong>utrum</strong></span> <span class='ocrx_word' id='word_1_478' title='bbox 2688 1472 2865 1534; x_wconf 88' lang='lat' dir='ltr'><strong>scire,</strong></span> <span class='ocrx_word' id='word_1_479' title='bbox 2915 1472 3057 1540; x_wconf 89' lang='lat' dir='ltr'><strong>quod</strong></span> <span class='ocrx_word' id='word_1_480' title='bbox 3087 1469 3287 1540; x_wconf 73' lang='lat' dir='ltr'><strong>qumvis</strong></span> <span class='ocrx_word' id='word_1_481' title='bbox 3314 1511 3329 1534; x_wconf 94' lang='lat'><strong>,</strong></span> <span class='ocrx_word' id='word_1_482' title='bbox 3389 1468 3672 1524; x_wconf 89' lang='lat' dir='ltr'><strong>debuerit:</strong></span> <span class='ocrx_word' id='word_1_483' title='bbox 3716 1485 3833 1524; x_wconf 91' lang='lat' dir='ltr'><strong>nam</strong></span> 
     </span>
    </p>
   </div>
   <div class='ocr_carea' id='block_1_67' title="bbox 2254 1560 3835 1632">
    <p class='ocr_par' dir='ltr' id='par_1_67' title="bbox 2254 1560 3835 1632">
     <span class='ocr_line' id='line_1_67' title="bbox 2254 1560 3835 1632; baseline -0.003 -13"><span class='ocrx_word' id='word_1_484' title='bbox 2254 1566 2298 1620; x_wconf 93' lang='lat' dir='ltr'><strong>si</strong></span> <span class='ocrx_word' id='word_1_485' title='bbox 2347 1566 2596 1630; x_wconf 87' lang='lat' dir='ltr'><strong>sciissct,</strong></span> <span class='ocrx_word' id='word_1_486' title='bbox 2653 1574 2748 1618; x_wconf 91' lang='lat' dir='ltr'><strong>aut</strong></span> <span class='ocrx_word' id='word_1_487' title='bbox 2789 1571 3100 1632; x_wconf 83' lang='lat' dir='ltr'><strong>peccasset,</strong></span> <span class='ocrx_word' id='word_1_488' title='bbox 3159 1570 3252 1616; x_wconf 84' lang='lat' dir='ltr'><strong>aut</strong></span> <span class='ocrx_word' id='word_1_489' title='bbox 3282 1560 3436 1615; x_wconf 87' lang='lat' dir='ltr'><strong>non?</strong></span> <span class='ocrx_word' id='word_1_490' title='bbox 3479 1560 3622 1615; x_wconf 80' lang='lat' dir='ltr'><strong>Disc.</strong></span> <span class='ocrx_word' id='word_1_491' title='bbox 3664 1561 3835 1616; x_wconf 87' lang='lat' dir='ltr'><strong>Unum</strong></span> 
     </span>
    </p>
   </div>
   <div class='ocr_carea' id='block_1_68' title="bbox 2256 1652 3837 1724">
    <p class='ocr_par' dir='ltr' id='par_1_68' title="bbox 2256 1652 3837 1724">
     <span class='ocr_line' id='line_1_68' title="bbox 2256 1652 3837 1724; baseline -0.003 -13"><span class='ocrx_word' id='word_1_492' title='bbox 2256 1657 2450 1711; x_wconf 90' lang='lat' dir='ltr'><strong>horum</strong></span> <span class='ocrx_word' id='word_1_493' title='bbox 2476 1667 2640 1712; x_wconf 86' lang='lat' dir='ltr'><strong>esset.</strong></span> <span class='ocrx_word' id='word_1_494' title='bbox 2675 1655 2814 1709; x_wconf 90' lang='lat' dir='ltr'><strong>MAG.</strong></span> <span class='ocrx_word' id='word_1_495' title='bbox 2874 1654 2930 1709; x_wconf 86' lang='lat' dir='ltr'><strong>Si</strong></span> <span class='ocrx_word' id='word_1_496' title='bbox 2979 1653 3207 1723; x_wconf 67' lang='lat' dir='ltr'><strong>praevisa</strong></span> <span class='ocrx_word' id='word_1_497' title='bbox 3250 1663 3396 1707; x_wconf 87' lang='lat' dir='ltr'><strong>tanta</strong></span> <span class='ocrx_word' id='word_1_498' title='bbox 3447 1668 3606 1724; x_wconf 71' lang='lat' dir='ltr'><strong>pmna</strong></span> <span class='ocrx_word' id='word_1_499' title='bbox 3634 1693 3650 1718; x_wconf 94' lang='lat'><strong>,</strong></span> <span class='ocrx_word' id='word_1_500' title='bbox 3693 1652 3837 1707; x_wconf 83' lang='lat' dir='ltr'><strong>nulla</strong></span> 
     </span>
    </p>
   </div>
   <div class='ocr_carea' id='block_1_69' title="bbox 2256 1748 3839 1820">
    <p class='ocr_par' dir='ltr' id='par_1_69' title="bbox 2256 1748 3839 1820">
     <span class='ocr_line' id='line_1_69' title="bbox 2256 1748 3839 1820; baseline -0.004 -16"><span class='ocrx_word' id='word_1_501' title='bbox 2256 1749 2556 1820; x_wconf 84' lang='lat' dir='ltr'><strong>indigentia</strong></span> <span class='ocrx_word' id='word_1_502' title='bbox 2585 1757 2642 1803; x_wconf 90' lang='lat' dir='ltr'><strong>et</strong></span> <span class='ocrx_word' id='word_1_503' title='bbox 2667 1748 2811 1802; x_wconf 88' lang='lat' dir='ltr'><strong>nulla</strong></span> <span class='ocrx_word' id='word_1_504' title='bbox 2841 1762 2900 1802; x_wconf 90' lang='lat' dir='ltr'><strong>re</strong></span> <span class='ocrx_word' id='word_1_505' title='bbox 2921 1755 3148 1817; x_wconf 86' lang='lat' dir='ltr'><strong>cogente</strong></span> <span class='ocrx_word' id='word_1_506' title='bbox 3175 1754 3456 1816; x_wconf 88' lang='lat' dir='ltr'><strong>peccasset</strong></span> <span class='ocrx_word' id='word_1_507' title='bbox 3483 1761 3498 1810; x_wconf 91' lang='lat'><strong>;</strong></span> <span class='ocrx_word' id='word_1_508' title='bbox 3544 1753 3696 1799; x_wconf 86' lang='lat' dir='ltr'><strong>tanto</strong></span> <span class='ocrx_word' id='word_1_509' title='bbox 3733 1760 3839 1797; x_wconf 85' lang='lat' dir='ltr'><strong>ma-</strong></span> 
     </span>
    </p>
   </div>
   <div class='ocr_carea' id='block_1_70' title="bbox 2255 1835 3842 1916">
    <p class='ocr_par' dir='ltr' id='par_1_70' title="bbox 2255 1835 3842 1916">
     <span class='ocr_line' id='line_1_70' title="bbox 2255 1835 3842 1916; baseline -0.004 -18"><span class='ocrx_word' id='word_1_510' title='bbox 2255 1846 2338 1916; x_wconf 85' lang='lat' dir='ltr'><strong>gis</strong></span> <span class='ocrx_word' id='word_1_511' title='bbox 2361 1843 2664 1914; x_wconf 88' lang='lat' dir='ltr'><strong>puniendus</strong></span> <span class='ocrx_word' id='word_1_512' title='bbox 2694 1850 2861 1897; x_wconf 89' lang='lat' dir='ltr'><strong>esset.</strong></span> <span class='ocrx_word' id='word_1_513' title='bbox 2897 1841 3045 1895; x_wconf 83' lang='lat' dir='ltr'><strong>Dtsc.</strong></span> <span class='ocrx_word' id='word_1_514' title='bbox 3089 1839 3166 1894; x_wconf 90' lang='lat' dir='ltr'><strong>Ita</strong></span> <span class='ocrx_word' id='word_1_515' title='bbox 3205 1848 3310 1894; x_wconf 91' lang='lat' dir='ltr'><strong>est.</strong></span> <span class='ocrx_word' id='word_1_516' title='bbox 3352 1835 3492 1892; x_wconf 86' lang='lat' dir='ltr'><strong>MAG.</strong></span> <span class='ocrx_word' id='word_1_517' title='bbox 3554 1836 3673 1892; x_wconf 78' lang='lat' dir='ltr'><strong>Non</strong></span> <span class='ocrx_word' id='word_1_518' title='bbox 3717 1851 3842 1908; x_wconf 83' lang='lat' dir='ltr'><strong>ergo</strong></span> 
     </span>
    </p>
   </div>
   <div class='ocr_carea' id='block_1_71' title="bbox 2255 1922 3844 2003">
    <p class='ocr_par' dir='ltr' id='par_1_71' title="bbox 2255 1922 3844 2003">
     <span class='ocr_line' id='line_1_71' title="bbox 2255 1922 3844 2003; baseline -0.005 -14"><span class='ocrx_word' id='word_1_519' title='bbox 2255 1935 2369 1989; x_wconf 77' lang='lat' dir='ltr'><strong>haec</strong></span> <span class='ocrx_word' id='word_1_520' title='bbox 2392 1932 2732 2003; x_wconf 75' lang='lat' dir='ltr'><strong>prmscieutia</strong></span> <span class='ocrx_word' id='word_1_521' title='bbox 2757 1930 2832 1984; x_wconf 90' lang='lat' dir='ltr'><strong>illi</strong></span> <span class='ocrx_word' id='word_1_522' title='bbox 2857 1929 3200 2000; x_wconf 75' lang='lat' dir='ltr'><strong>expediebat.</strong></span> <span class='ocrx_word' id='word_1_523' title='bbox 3223 1928 3367 1982; x_wconf 82' lang='lat' dir='ltr'><strong>Dtsc.</strong></span> <span class='ocrx_word' id='word_1_524' title='bbox 3397 1922 3534 1980; x_wconf 84' lang='lat' dir='ltr'><strong>Vere</strong></span> <span class='ocrx_word' id='word_1_525' title='bbox 3555 1936 3844 1997; x_wconf 85' lang='lat' dir='ltr'><strong>peccaturo</strong></span> 
     </span>
    </p>
   </div>
   <div class='ocr_carea' id='block_1_72' title="bbox 2257 2017 3841 2094">
    <p class='ocr_par' dir='ltr' id='par_1_72' title="bbox 2257 2017 3841 2094">
     <span class='ocr_line' id='line_1_72' title="bbox 2257 2017 3841 2094; baseline -0.006 -14"><span class='ocrx_word' id='word_1_526' title='bbox 2257 2042 2365 2080; x_wconf 90' lang='lat' dir='ltr'><strong>non</strong></span> <span class='ocrx_word' id='word_1_527' title='bbox 2400 2024 2720 2094; x_wconf 80' lang='lat' dir='ltr'><strong>expediebat</strong></span> <span class='ocrx_word' id='word_1_528' title='bbox 2743 2022 2994 2092; x_wconf 82' lang='lat' dir='ltr'><strong>praescire</strong></span> <span class='ocrx_word' id='word_1_529' title='bbox 3019 2036 3255 2090; x_wconf 71' lang='lat' dir='ltr'><strong>poenam.</strong></span> <span class='ocrx_word' id='word_1_530' title='bbox 3289 2020 3430 2075; x_wconf 82' lang='lat' dir='ltr'><strong>MAG.</strong></span> <span class='ocrx_word' id='word_1_531' title='bbox 3459 2018 3625 2091; x_wconf 59' lang='lat' dir='ltr'><strong>,Quod</strong></span> <span class='ocrx_word' id='word_1_532' title='bbox 3662 2017 3709 2071; x_wconf 89' lang='lat' dir='ltr'><strong>si</strong></span> <span class='ocrx_word' id='word_1_533' title='bbox 3742 2032 3841 2072; x_wconf 89' lang='lat' dir='ltr'><strong>non</strong></span> 
     </span>
    </p>
   </div>
   <div class='ocr_carea' id='block_1_73' title="bbox 2254 2099 3842 2187">
    <p class='ocr_par' dir='ltr' id='par_1_73' title="bbox 2254 2099 3842 2187">
     <span class='ocr_line' id='line_1_73' title="bbox 2254 2099 3842 2187; baseline -0.006 -15"><span class='ocrx_word' id='word_1_534' title='bbox 2254 2099 2572 2187; x_wconf 86' lang='lat' dir='ltr'><strong>peccasset,</strong></span> <span class='ocrx_word' id='word_1_535' title='bbox 2607 2113 2837 2169; x_wconf 89' lang='lat' dir='ltr'><strong>autsola</strong></span> <span class='ocrx_word' id='word_1_536' title='bbox 2871 2114 3009 2167; x_wconf 89' lang='lat' dir='ltr'><strong>bona</strong></span> <span class='ocrx_word' id='word_1_537' title='bbox 3053 2111 3330 2166; x_wconf 86' lang='lat' dir='ltr'><strong>voluntate</strong></span> <span class='ocrx_word' id='word_1_538' title='bbox 3381 2127 3489 2165; x_wconf 92' lang='lat' dir='ltr'><strong>non</strong></span> <span class='ocrx_word' id='word_1_539' title='bbox 3536 2120 3842 2180; x_wconf 84' lang='lat' dir='ltr'><strong>peccasset,</strong></span> 
     </span>
    </p>
   </div>
   <div class='ocr_carea' id='block_1_74' title="bbox 2257 2197 3844 2276">
    <p class='ocr_par' dir='ltr' id='par_1_74' title="bbox 2257 2197 3844 2276">
     <span class='ocr_line' id='line_1_74' title="bbox 2257 2197 3844 2276; baseline -0.008 -13"><span class='ocrx_word' id='word_1_540' title='bbox 2257 2216 2350 2263; x_wconf 92' lang='lat' dir='ltr'><strong>aut</strong></span> <span class='ocrx_word' id='word_1_541' title='bbox 2377 2209 2570 2262; x_wconf 85' lang='lat' dir='ltr'><strong>timore</strong></span> <span class='ocrx_word' id='word_1_542' title='bbox 2599 2221 2790 2276; x_wconf 70' lang='lat' dir='ltr'><strong>preme.</strong></span> <span class='ocrx_word' id='word_1_543' title='bbox 2824 2204 2968 2259; x_wconf 83' lang='lat' dir='ltr'><strong>DISC.</strong></span> <span class='ocrx_word' id='word_1_544' title='bbox 2997 2202 3142 2256; x_wconf 85' lang='lat' dir='ltr'><strong>Nihil</strong></span> <span class='ocrx_word' id='word_1_545' title='bbox 3164 2201 3308 2258; x_wconf 90' lang='lat' dir='ltr'><strong>aliud</strong></span> <span class='ocrx_word' id='word_1_546' title='bbox 3330 2202 3435 2257; x_wconf 86' lang='lat' dir='ltr'><strong>diei</strong></span> <span class='ocrx_word' id='word_1_547' title='bbox 3465 2209 3668 2272; x_wconf 90' lang='lat' dir='ltr'><strong>potest.</strong></span> <span class='ocrx_word' id='word_1_548' title='bbox 3702 2197 3844 2254; x_wconf 85' lang='lat' dir='ltr'><strong>MAG.</strong></span> 
     </span>
    </p>
   </div>
   <div class='ocr_carea' id='block_1_75' title="bbox 2259 2293 3848 2369">
    <p class='ocr_par' dir='ltr' id='par_1_75' title="bbox 2259 2293 3848 2369">
     <span class='ocr_line' id='line_1_75' title="bbox 2259 2293 3848 2369; baseline -0.006 -15"><span class='ocrx_word' id='word_1_549' title='bbox 2259 2298 2366 2356; x_wconf 84' lang='lat' dir='ltr'><strong>Sed</strong></span> <span class='ocrx_word' id='word_1_550' title='bbox 2409 2299 2665 2369; x_wconf 90' lang='lat' dir='ltr'><strong>quoniam</strong></span> <span class='ocrx_word' id='word_1_551' title='bbox 2716 2312 2823 2353; x_wconf 89' lang='lat' dir='ltr'><strong>non</strong></span> <span class='ocrx_word' id='word_1_552' title='bbox 2881 2297 3118 2351; x_wconf 88' lang='lat' dir='ltr'><strong>cavisset</strong></span> <span class='ocrx_word' id='word_1_553' title='bbox 3169 2304 3453 2366; x_wconf 90' lang='lat' dir='ltr'><strong>peceatum</strong></span> <span class='ocrx_word' id='word_1_554' title='bbox 3496 2293 3611 2348; x_wconf 89' lang='lat' dir='ltr'><strong>solo</strong></span> <span class='ocrx_word' id='word_1_555' title='bbox 3666 2304 3848 2346; x_wconf 87' lang='lat' dir='ltr'><strong>amore</strong></span> 
     </span>
    </p>
   </div>
   <div class='ocr_carea' id='block_1_76' title="bbox 2252 2386 3851 2462">
    <p class='ocr_par' dir='ltr' id='par_1_76' title="bbox 2252 2386 3851 2462">
     <span class='ocr_line' id='line_1_76' title="bbox 2252 2386 3851 2462; baseline -0.006 -16"><span class='ocrx_word' id='word_1_556' title='bbox 2252 2391 2507 2462; x_wconf 74' lang='lat' dir='ltr'><strong>justitizn,</strong></span> <span class='ocrx_word' id='word_1_557' title='bbox 2537 2392 2653 2462; x_wconf 91' lang='lat' dir='ltr'><strong>ipso</strong></span> <span class='ocrx_word' id='word_1_558' title='bbox 2681 2405 2845 2461; x_wconf 90' lang='lat' dir='ltr'><strong>opere</strong></span> <span class='ocrx_word' id='word_1_559' title='bbox 2877 2389 3222 2445; x_wconf 90' lang='lat' dir='ltr'><strong>monstravit.</strong></span> <span class='ocrx_word' id='word_1_560' title='bbox 3257 2387 3401 2442; x_wconf 80' lang='lat' dir='ltr'><strong>Disc.</strong></span> <span class='ocrx_word' id='word_1_561' title='bbox 3457 2387 3574 2442; x_wconf 85' lang='lat' dir='ltr'><strong>Non</strong></span> <span class='ocrx_word' id='word_1_562' title='bbox 3631 2396 3718 2442; x_wconf 91' lang='lat' dir='ltr'><strong>est</strong></span> <span class='ocrx_word' id='word_1_563' title='bbox 3763 2386 3851 2439; x_wconf 84' lang='lat' dir='ltr'><strong>du-</strong></span> 
     </span>
    </p>
   </div>
   <div class='ocr_carea' id='block_1_77' title="bbox 2259 2482 3848 2546">
    <p class='ocr_par' dir='ltr' id='par_1_77' title="bbox 2259 2482 3848 2546">
     <span class='ocr_line' id='line_1_77' title="bbox 2259 2482 3848 2546; baseline -0.008 -4"><span class='ocrx_word' id='word_1_564' title='bbox 2259 2487 2428 2542; x_wconf 89' lang='lat' dir='ltr'><strong>bium.</strong></span> <span class='ocrx_word' id='word_1_565' title='bbox 2479 2485 2620 2541; x_wconf 82' lang='lat' dir='ltr'><strong>MAG.</strong></span> <span class='ocrx_word' id='word_1_566' title='bbox 2672 2485 2730 2540; x_wconf 93' lang='lat' dir='ltr'><strong>Si</strong></span> <span class='ocrx_word' id='word_1_567' title='bbox 2781 2498 2912 2539; x_wconf 86' lang='lat' dir='ltr'><strong>vero</strong></span> <span class='ocrx_word' id='word_1_568' title='bbox 2969 2483 3162 2538; x_wconf 89' lang='lat' dir='ltr'><strong>timore</strong></span> <span class='ocrx_word' id='word_1_569' title='bbox 3208 2482 3480 2546; x_wconf 88' lang='lat' dir='ltr'><strong>cavisset,</strong></span> <span class='ocrx_word' id='word_1_570' title='bbox 3541 2494 3647 2534; x_wconf 91' lang='lat' dir='ltr'><strong>non</strong></span> <span class='ocrx_word' id='word_1_571' title='bbox 3704 2485 3848 2534; x_wconf 88' lang='lat' dir='ltr'><strong>esset</strong></span> 
     </span>
    </p>
   </div>
   <div class='ocr_carea' id='block_1_78' title="bbox 2257 2578 2458 2650">
    <p class='ocr_par' dir='ltr' id='par_1_78' title="bbox 2257 2578 2458 2650">
     <span class='ocr_line' id='line_1_78' title="bbox 2257 2578 2458 2650; baseline 0.01 -19"><span class='ocrx_word' id='word_1_572' title='bbox 2257 2578 2458 2650; x_wconf 81' lang='lat' dir='ltr'><strong>justus.</strong></span> 
     </span>
    </p>
   </div>
   <div class='ocr_carea' id='block_1_79' title="bbox 2649 2684 3456 2760">
    <p class='ocr_par' dir='ltr' id='par_1_79' title="bbox 2649 2684 3456 2760">
     <span class='ocr_line' id='line_1_79' title="bbox 2649 2684 3456 2760; baseline -0.009 -14"><span class='ocrx_word' id='word_1_573' title='bbox 2649 2689 2882 2747; x_wconf 77' lang='lat' dir='ltr'><strong>CAPUT</strong></span> <span class='ocrx_word' id='word_1_574' title='bbox 2921 2688 3091 2744; x_wconf 73' lang='lat' dir='ltr'><strong>xxrv</strong></span> <span class='ocrx_word' id='word_1_575' title='bbox 3118 2686 3213 2760; x_wconf 84' lang='grc' dir='ltr'><strong>[αι.</strong></span> <span class='ocrx_word' id='word_1_576' title='bbox 3241 2684 3456 2758; x_wconf 77' lang='lat' dir='ltr'><strong>xxut].</strong></span> 
     </span>
    </p>
   </div>
   <div class='ocr_carea' id='block_1_80' title="bbox 2335 2797 3782 2874">
    <p class='ocr_par' dir='ltr' id='par_1_80' title="bbox 2335 2797 3782 2874">
     <span class='ocr_line' id='line_1_80' title="bbox 2335 2797 3782 2874; baseline -0.006 -13"><span class='ocrx_word' id='word_1_577' title='bbox 2335 2805 2488 2872; x_wconf 81' lang='lat' dir='ltr'><strong>Quod</strong></span> <span class='ocrx_word' id='word_1_578' title='bbox 2520 2805 2679 2860; x_wconf 87' lang='lat' dir='ltr'><strong>etiam</strong></span> <span class='ocrx_word' id='word_1_579' title='bbox 2705 2806 2869 2859; x_wconf 85' lang='lat' dir='ltr'><strong>bonus</strong></span> <span class='ocrx_word' id='word_1_580' title='bbox 2899 2802 3116 2874; x_wconf 75' lang='lat' dir='ltr'><strong>angelus</strong></span> <span class='ocrx_word' id='word_1_581' title='bbox 3151 2803 3250 2856; x_wconf 82' lang='lat' dir='ltr'><strong>hoc</strong></span> <span class='ocrx_word' id='word_1_582' title='bbox 3287 2800 3420 2854; x_wconf 85' lang='lat' dir='ltr'><strong>scire</strong></span> <span class='ocrx_word' id='word_1_583' title='bbox 3446 2815 3547 2852; x_wconf 84' lang='lat' dir='ltr'><strong>non</strong></span> <span class='ocrx_word' id='word_1_584' title='bbox 3577 2797 3782 2852; x_wconf 82' lang='lat' dir='ltr'><strong>debuit.</strong></span> 
     </span>
    </p>
   </div>
   <div class='ocr_carea' id='block_1_81' title="bbox 2334 2911 3858 2979">
    <p class='ocr_par' dir='ltr' id='par_1_81' title="bbox 2334 2911 3858 2979">
     <span class='ocr_line' id='line_1_81' title="bbox 2334 2911 3858 2979; baseline -0.009 0"><span class='ocrx_word' id='word_1_585' title='bbox 2334 2923 2722 2979; x_wconf 73' lang='lat' dir='ltr'><strong>Disc.&#39;Palam</strong></span> <span class='ocrx_word' id='word_1_586' title='bbox 2769 2931 2851 2976; x_wconf 89' lang='lat' dir='ltr'><strong>est</strong></span> <span class='ocrx_word' id='word_1_587' title='bbox 2883 2919 2978 2951; x_wconf 71' lang='grc'><strong>’³³⁸</strong></span> <span class='ocrx_word' id='word_1_588' title='bbox 3033 2917 3180 2972; x_wconf 92' lang='lat' dir='ltr'><strong>nullo</strong></span> <span class='ocrx_word' id='word_1_589' title='bbox 3220 2911 3380 2971; x_wconf 80' lang='lat' dir='ltr'><strong>modo</strong></span> <span class='ocrx_word' id='word_1_590' title='bbox 3437 2930 3559 2969; x_wconf 88' lang='lat' dir='ltr'><strong>cum</strong></span> <span class='ocrx_word' id='word_1_591' title='bbox 3605 2913 3858 2969; x_wconf 77' lang='lat' dir='ltr'><strong>debuisse</strong></span> 
     </span>
    </p>
   </div>
   <div class='ocr_carea' id='block_1_82' title="bbox 2263 3013 3862 3082">
    <p class='ocr_par' dir='ltr' id='par_1_82' title="bbox 2263 3013 3862 3082">
     <span class='ocr_line' id='line_1_82' title="bbox 2263 3013 3862 3082; baseline -0.009 -9"><span class='ocrx_word' id='word_1_592' title='bbox 2263 3018 2402 3073; x_wconf 84' lang='lat' dir='ltr'><strong>scire</strong></span> <span class='ocrx_word' id='word_1_593' title='bbox 2431 3017 2688 3070; x_wconf 76' lang='lat' dir='ltr'><strong>indit-tam</strong></span> <span class='ocrx_word' id='word_1_594' title='bbox 2714 3014 2813 3067; x_wconf 91' lang='lat' dir='ltr'><strong>sibi</strong></span> <span class='ocrx_word' id='word_1_595' title='bbox 2846 3013 2938 3043; x_wconf 78' lang='grc'><strong>²¹³⁹</strong></span> <span class='ocrx_word' id='word_1_596' title='bbox 2971 3026 3183 3082; x_wconf 76' lang='lat' dir='ltr'><strong>pmnam</strong></span> <span class='ocrx_word' id='word_1_597' title='bbox 3209 3024 3363 3062; x_wconf 87' lang='lat' dir='ltr'><strong>suum</strong></span> <span class='ocrx_word' id='word_1_598' title='bbox 3394 3017 3708 3062; x_wconf 89' lang='lat' dir='ltr'><strong>secuturam</strong></span> <span class='ocrx_word' id='word_1_599' title='bbox 3738 3019 3862 3076; x_wconf 85' lang='lat' dir='ltr'><strong>pce-</strong></span> 
     </span>
    </p>
   </div>
   <div class='ocr_carea' id='block_1_83' title="bbox 2263 3099 3856 3177">
    <p class='ocr_par' dir='ltr' id='par_1_83' title="bbox 2263 3099 3856 3177">
     <span class='ocr_line' id='line_1_83' title="bbox 2263 3099 3856 3177; baseline -0.01 -13"><span class='ocrx_word' id='word_1_600' title='bbox 2263 3120 2464 3164; x_wconf 82' lang='lat' dir='ltr'><strong>catum.</strong></span> <span class='ocrx_word' id='word_1_601' title='bbox 2499 3108 2604 3165; x_wconf 84' lang='lat' dir='ltr'><strong>Sed</strong></span> <span class='ocrx_word' id='word_1_602' title='bbox 2634 3107 2886 3177; x_wconf 87' lang='lat' dir='ltr'><strong>quoniam</strong></span> <span class='ocrx_word' id='word_1_603' title='bbox 2919 3117 2973 3158; x_wconf 87' lang='lat' dir='ltr'><strong>et</strong></span> <span class='ocrx_word' id='word_1_604' title='bbox 2999 3119 3122 3158; x_wconf 82' lang='lat' dir='ltr'><strong>etnn</strong></span> <span class='ocrx_word' id='word_1_605' title='bbox 3150 3103 3244 3133; x_wconf 69' lang='grc'>²¹⁸⁰</span> <span class='ocrx_word' id='word_1_606' title='bbox 3276 3101 3525 3172; x_wconf 86' lang='lat' dir='ltr'><strong>angelum</strong></span> <span class='ocrx_word' id='word_1_607' title='bbox 3552 3099 3644 3169; x_wconf 87' lang='lat' dir='ltr'><strong>qui</strong></span> <span class='ocrx_word' id='word_1_608' title='bbox 3679 3099 3856 3162; x_wconf 89' lang='lat' dir='ltr'><strong>stetit,</strong></span> 
     </span>
    </p>
   </div>
   <div class='ocr_carea' id='block_1_84' title="bbox 2263 3192 3864 3272">
    <p class='ocr_par' dir='ltr' id='par_1_84' title="bbox 2263 3192 3864 3272">
     <span class='ocr_line' id='line_1_84' title="bbox 2263 3192 3864 3272; baseline -0.011 -13"><span class='ocrx_word' id='word_1_609' title='bbox 2263 3216 2318 3260; x_wconf 89' lang='lat' dir='ltr'><strong>et</strong></span> <span class='ocrx_word' id='word_1_610' title='bbox 2341 3221 2462 3258; x_wconf 90' lang='lat' dir='ltr'><strong>eum</strong></span> <span class='ocrx_word' id='word_1_611' title='bbox 2486 3203 2575 3272; x_wconf 93' lang='lat' dir='ltr'><strong>qui</strong></span> <span class='ocrx_word' id='word_1_612' title='bbox 2610 3217 2716 3255; x_wconf 90' lang='lat' dir='ltr'><strong>non</strong></span> <span class='ocrx_word' id='word_1_613' title='bbox 2749 3199 2890 3253; x_wconf 87' lang='lat' dir='ltr'><strong>stetit</strong></span> <span class='ocrx_word' id='word_1_614' title='bbox 2930 3201 2981 3252; x_wconf 90' lang='lat' dir='ltr'><strong>in</strong></span> <span class='ocrx_word' id='word_1_615' title='bbox 3021 3198 3248 3251; x_wconf 82' lang='lat' dir='ltr'><strong>veritate</strong></span> <span class='ocrx_word' id='word_1_616' title='bbox 3273 3237 3286 3260; x_wconf 95' lang='lat'><strong>,</strong></span> <span class='ocrx_word' id='word_1_617' title='bbox 3326 3194 3442 3264; x_wconf 87' lang='lat' dir='ltr'><strong>pari</strong></span> <span class='ocrx_word' id='word_1_618' title='bbox 3470 3192 3697 3247; x_wconf 87' lang='lat' dir='ltr'><strong>scientia</strong></span> <span class='ocrx_word' id='word_1_619' title='bbox 3725 3207 3864 3261; x_wconf 71' lang='lat' dir='ltr'><strong>pra--</strong></span> 
     </span>
    </p>
   </div>
   <div class='ocr_carea' id='block_1_85' title="bbox 2266 3284 3864 3364">
    <p class='ocr_par' dir='ltr' id='par_1_85' title="bbox 2266 3284 3864 3364">
     <span class='ocr_line' id='line_1_85' title="bbox 2266 3284 3864 3364; baseline -0.013 -13"><span class='ocrx_word' id='word_1_620' title='bbox 2266 3297 2408 3352; x_wconf 90' lang='lat' dir='ltr'><strong>ditos</strong></span> <span class='ocrx_word' id='word_1_621' title='bbox 2440 3295 2492 3348; x_wconf 91' lang='lat' dir='ltr'><strong>in</strong></span> <span class='ocrx_word' id='word_1_622' title='bbox 2517 3294 2689 3364; x_wconf 89' lang='lat' dir='ltr'><strong>prima</strong></span> <span class='ocrx_word' id='word_1_623' title='bbox 2717 3290 3024 3346; x_wconf 85' lang='lat' dir='ltr'><strong>conditione</strong></span> <span class='ocrx_word' id='word_1_624' title='bbox 3058 3288 3330 3342; x_wconf 88' lang='lat' dir='ltr'><strong>credimus</strong></span> <span class='ocrx_word' id='word_1_625' title='bbox 3355 3327 3370 3351; x_wconf 90' lang='lat'><strong>,</strong></span> <span class='ocrx_word' id='word_1_626' title='bbox 3411 3299 3515 3338; x_wconf 91' lang='lat' dir='ltr'><strong>non</strong></span> <span class='ocrx_word' id='word_1_627' title='bbox 3557 3284 3720 3336; x_wconf 85' lang='lat' dir='ltr'><strong>video</strong></span> <span class='ocrx_word' id='word_1_628' title='bbox 3765 3295 3864 3335; x_wconf 89' lang='lat' dir='ltr'><strong>cur</strong></span> 
     </span>
    </p>
   </div>
   <div class='ocr_carea' id='block_1_86' title="bbox 2266 3375 3866 3459">
    <p class='ocr_par' dir='ltr' id='par_1_86' title="bbox 2266 3375 3866 3459">
     <span class='ocr_line' id='line_1_86' title="bbox 2266 3375 3866 3459; baseline -0.011 -16"><span class='ocrx_word' id='word_1_629' title='bbox 2266 3389 2340 3444; x_wconf 90' lang='lat' dir='ltr'><strong>illi</strong></span> <span class='ocrx_word' id='word_1_630' title='bbox 2376 3397 2567 3459; x_wconf 83' lang='lat' dir='ltr'><strong>negata</strong></span> <span class='ocrx_word' id='word_1_631' title='bbox 2594 3387 2665 3441; x_wconf 90' lang='lat' dir='ltr'><strong>sit</strong></span> <span class='ocrx_word' id='word_1_632' title='bbox 2690 3384 2915 3439; x_wconf 83' lang='lat' dir='ltr'><strong>scientia</strong></span> <span class='ocrx_word' id='word_1_633' title='bbox 2949 3382 3080 3447; x_wconf 73' lang='lat' dir='ltr'><strong>ista,</strong></span> <span class='ocrx_word' id='word_1_634' title='bbox 3123 3379 3208 3435; x_wconf 88' lang='lat' dir='ltr'><strong>cui</strong></span> <span class='ocrx_word' id='word_1_635' title='bbox 3253 3389 3360 3432; x_wconf 91' lang='lat' dir='ltr'><strong>tam</strong></span> <span class='ocrx_word' id='word_1_636' title='bbox 3390 3387 3546 3431; x_wconf 75' lang='lat' dir='ltr'><strong>tenax</strong></span> <span class='ocrx_word' id='word_1_637' title='bbox 3580 3375 3688 3430; x_wconf 90' lang='lat' dir='ltr'><strong>erit</strong></span> <span class='ocrx_word' id='word_1_638' title='bbox 3720 3375 3866 3428; x_wconf 87' lang='lat' dir='ltr'><strong>bona</strong></span> 
     </span>
    </p>
   </div>
   <div class='ocr_carea' id='block_1_87' title="bbox 2267 3465 3865 3540">
    <p class='ocr_par' dir='ltr' id='par_1_87' title="bbox 2267 3465 3865 3540">
     <span class='ocr_line' id='line_1_87' title="bbox 2267 3465 3865 3540; baseline -0.011 -6"><span class='ocrx_word' id='word_1_639' title='bbox 2267 3481 2514 3536; x_wconf 84' lang='lat' dir='ltr'><strong>voluntas</strong></span> <span class='ocrx_word' id='word_1_640' title='bbox 2543 3489 2602 3532; x_wconf 90' lang='lat' dir='ltr'><strong>ut</strong></span> <span class='ocrx_word' id='word_1_641' title='bbox 2627 3476 2897 3533; x_wconf 70' lang='lat' dir='ltr'><strong>sufﬁceret</strong></span> <span class='ocrx_word' id='word_1_642' title='bbox 2942 3475 3007 3528; x_wconf 91' lang='lat' dir='ltr'><strong>ad</strong></span> <span class='ocrx_word' id='word_1_643' title='bbox 3040 3471 3339 3528; x_wconf 78' lang='lat' dir='ltr'><strong>cavendum</strong></span> <span class='ocrx_word' id='word_1_644' title='bbox 3377 3480 3685 3540; x_wconf 83' lang='lat' dir='ltr'><strong>peccatum.</strong></span> <span class='ocrx_word' id='word_1_645' title='bbox 3719 3465 3865 3520; x_wconf 84' lang='lat' dir='ltr'><strong>MAG.</strong></span> 
     </span>
    </p>
   </div>
   <div class='ocr_carea' id='block_1_88' title="bbox 2265 3568 3867 3642">
    <p class='ocr_par' dir='ltr' id='par_1_88' title="bbox 2265 3568 3867 3642">
     <span class='ocr_line' id='line_1_88' title="bbox 2265 3568 3867 3642; baseline -0.011 -12"><span class='ocrx_word' id='word_1_646' title='bbox 2265 3575 2381 3630; x_wconf 83' lang='lat' dir='ltr'><strong>Non</strong></span> <span class='ocrx_word' id='word_1_647' title='bbox 2415 3582 2593 3628; x_wconf 91' lang='lat' dir='ltr'><strong>tamen</strong></span> <span class='ocrx_word' id='word_1_648' title='bbox 2627 3581 2844 3642; x_wconf 88' lang='lat' dir='ltr'><strong>posset,</strong></span> <span class='ocrx_word' id='word_1_649' title='bbox 2879 3584 2981 3624; x_wconf 87' lang='lat' dir='ltr'><strong>nec</strong></span> <span class='ocrx_word' id='word_1_650' title='bbox 3003 3568 3227 3622; x_wconf 81' lang='lat' dir='ltr'><strong>deberet</strong></span> <span class='ocrx_word' id='word_1_651' title='bbox 3247 3574 3595 3620; x_wconf 88' lang='lat' dir='ltr'><strong>contemnere</strong></span> <span class='ocrx_word' id='word_1_652' title='bbox 3615 3576 3867 3632; x_wconf 61' lang='lat' dir='ltr'><strong>paruam,</strong></span> 
     </span>
    </p>
   </div>
   <div class='ocr_carea' id='block_1_89' title="bbox 2266 3655 3870 3737">
    <p class='ocr_par' dir='ltr' id='par_1_89' title="bbox 2266 3655 3870 3737">
     <span class='ocr_line' id='line_1_89' title="bbox 2266 3655 3870 3737; baseline -0.008 -19"><span class='ocrx_word' id='word_1_653' title='bbox 2266 3682 2426 3737; x_wconf 85' lang='lat' dir='ltr'><strong>quam</strong></span> <span class='ocrx_word' id='word_1_654' title='bbox 2449 3665 2795 3736; x_wconf 71' lang='lat' dir='ltr'><strong>prmsciisset.</strong></span> <span class='ocrx_word' id='word_1_655' title='bbox 2827 3665 2971 3716; x_wconf 79' lang='lat' dir='ltr'><strong>Disc.</strong></span> <span class='ocrx_word' id='word_1_656' title='bbox 3003 3661 3093 3715; x_wconf 88' lang='lat' dir='ltr'><strong>Sic</strong></span> <span class='ocrx_word' id='word_1_657' title='bbox 3122 3660 3354 3714; x_wconf 85' lang='lat' dir='ltr'><strong>videtur.</strong></span> <span class='ocrx_word' id='word_1_658' title='bbox 3383 3655 3522 3712; x_wconf 85' lang='lat' dir='ltr'><strong>MAG.</strong></span> <span class='ocrx_word' id='word_1_659' title='bbox 3551 3656 3709 3709; x_wconf 85' lang='lat' dir='ltr'><strong>Sicut</strong></span> <span class='ocrx_word' id='word_1_660' title='bbox 3735 3669 3870 3723; x_wconf 82' lang='lat' dir='ltr'><strong>ergo</strong></span> 
     </span>
    </p>
   </div>
   <div class='ocr_carea' id='block_1_90' title="bbox 2266 3744 3875 3823">
    <p class='ocr_par' dir='ltr' id='par_1_90' title="bbox 2266 3744 3875 3823">
     <span class='ocr_line' id='line_1_90' title="bbox 2266 3744 3875 3823; baseline -0.009 -11"><span class='ocrx_word' id='word_1_661' title='bbox 2266 3756 2415 3812; x_wconf 88' lang='lat' dir='ltr'><strong>solus</strong></span> <span class='ocrx_word' id='word_1_662' title='bbox 2442 3754 2833 3823; x_wconf 75' lang='lat' dir='ltr'><strong>amorjnstitize</strong></span> <span class='ocrx_word' id='word_1_663' title='bbox 2854 3770 2867 3817; x_wconf 91' lang='lat'><strong>;</strong></span> <span class='ocrx_word' id='word_1_664' title='bbox 2890 3753 2962 3805; x_wconf 89' lang='lat' dir='ltr'><strong>ita</strong></span> <span class='ocrx_word' id='word_1_665' title='bbox 2978 3751 3150 3806; x_wconf 92' lang='lat' dir='ltr'><strong>solum</strong></span> <span class='ocrx_word' id='word_1_666' title='bbox 3173 3749 3356 3803; x_wconf 88' lang='lat' dir='ltr'><strong>odium</strong></span> <span class='ocrx_word' id='word_1_667' title='bbox 3383 3761 3560 3817; x_wconf 69' lang='lat' dir='ltr'><strong>pinna:</strong></span> <span class='ocrx_word' id='word_1_668' title='bbox 3583 3744 3875 3800; x_wconf 71' lang='lat' dir='ltr'><strong>sufﬁceret</strong></span> 
     </span>
    </p>
   </div>
   <div class='ocr_carea' id='block_1_91' title="bbox 2266 3835 3874 3914">
    <p class='ocr_par' dir='ltr' id='par_1_91' title="bbox 2266 3835 3874 3914">
     <span class='ocr_line' id='line_1_91' title="bbox 2266 3835 3874 3914; baseline -0.007 -15"><span class='ocrx_word' id='word_1_669' title='bbox 2266 3845 2332 3899; x_wconf 89' lang='lat' dir='ltr'><strong>ad</strong></span> <span class='ocrx_word' id='word_1_670' title='bbox 2357 3861 2460 3898; x_wconf 90' lang='lat' dir='ltr'><strong>non</strong></span> <span class='ocrx_word' id='word_1_671' title='bbox 2496 3843 2846 3914; x_wconf 84' lang='lat' dir='ltr'><strong>peccandum.</strong></span> <span class='ocrx_word' id='word_1_672' title='bbox 2882 3844 3027 3897; x_wconf 86' lang='lat' dir='ltr'><strong>Dtsc.</strong></span> <span class='ocrx_word' id='word_1_673' title='bbox 3059 3839 3200 3894; x_wconf 83' lang='lat' dir='ltr'><strong>Nihil</strong></span> <span class='ocrx_word' id='word_1_674' title='bbox 3247 3838 3477 3909; x_wconf 90' lang='lat' dir='ltr'><strong>planius.</strong></span> <span class='ocrx_word' id='word_1_675' title='bbox 3518 3836 3661 3891; x_wconf 86' lang='lat' dir='ltr'><strong>MAG.</strong></span> <span class='ocrx_word' id='word_1_676' title='bbox 3723 3835 3874 3888; x_wconf 82' lang='lat' dir='ltr'><strong>Duas</strong></span> 
     </span>
    </p>
   </div>
   <div class='ocr_carea' id='block_1_92' title="bbox 2267 3927 3877 4006">
    <p class='ocr_par' dir='ltr' id='par_1_92' title="bbox 2267 3927 3877 4006">
     <span class='ocr_line' id='line_1_92' title="bbox 2267 3927 3877 4006; baseline -0.006 -17"><span class='ocrx_word' id='word_1_677' title='bbox 2267 3935 2430 4006; x_wconf 89' lang='lat' dir='ltr'><strong>igitur</strong></span> <span class='ocrx_word' id='word_1_678' title='bbox 2462 3933 2737 3988; x_wconf 81' lang='lat' dir='ltr'><strong>habuisset</strong></span> <span class='ocrx_word' id='word_1_679' title='bbox 2761 3947 2952 3987; x_wconf 89' lang='lat' dir='ltr'><strong>causas</strong></span> <span class='ocrx_word' id='word_1_680' title='bbox 2985 3945 3088 3985; x_wconf 92' lang='lat' dir='ltr'><strong>non</strong></span> <span class='ocrx_word' id='word_1_681' title='bbox 3136 3927 3392 4000; x_wconf 90' lang='lat' dir='ltr'><strong>peccandi</strong></span> <span class='ocrx_word' id='word_1_682' title='bbox 3427 3945 3438 3980; x_wconf 90' lang='lat'>:</span> <span class='ocrx_word' id='word_1_683' title='bbox 3480 3941 3644 3980; x_wconf 91' lang='lat' dir='ltr'><strong>unam</strong></span> <span class='ocrx_word' id='word_1_684' title='bbox 3697 3927 3877 3981; x_wconf 83' lang='lat' dir='ltr'><strong>hone-</strong></span> 
     </span>
    </p>
   </div>
   <div class='ocr_carea' id='block_1_93' title="bbox 2267 4018 3873 4088">
    <p class='ocr_par' dir='ltr' id='par_1_93' title="bbox 2267 4018 3873 4088">
     <span class='ocr_line' id='line_1_93' title="bbox 2267 4018 3873 4088; baseline -0.007 -9"><span class='ocrx_word' id='word_1_685' title='bbox 2267 4034 2404 4080; x_wconf 90' lang='lat' dir='ltr'><strong>stam</strong></span> <span class='ocrx_word' id='word_1_686' title='bbox 2428 4035 2482 4078; x_wconf 89' lang='lat' dir='ltr'><strong>et</strong></span> <span class='ocrx_word' id='word_1_687' title='bbox 2499 4025 2704 4088; x_wconf 85' lang='lat' dir='ltr'><strong>utilem;</strong></span> <span class='ocrx_word' id='word_1_688' title='bbox 2731 4024 2955 4078; x_wconf 83' lang='lat' dir='ltr'><strong>alteram</strong></span> <span class='ocrx_word' id='word_1_689' title='bbox 2973 4037 3076 4075; x_wconf 93' lang='lat' dir='ltr'><strong>non</strong></span> <span class='ocrx_word' id='word_1_690' title='bbox 3092 4022 3373 4075; x_wconf 87' lang='lat' dir='ltr'><strong>honestam</strong></span> <span class='ocrx_word' id='word_1_691' title='bbox 3405 4018 3494 4049; x_wconf 77' lang='lat'><strong>&quot;“</strong></span> <span class='ocrx_word' id='word_1_692' title='bbox 3519 4018 3873 4079; x_wconf 86' lang='lat' dir='ltr'><strong>etinutilem,</strong></span> 
     </span>
    </p>
   </div>
   <div class='ocr_carea' id='block_1_94' title="bbox 2267 4109 3876 4184">
    <p class='ocr_par' dir='ltr' id='par_1_94' title="bbox 2267 4109 3876 4184">
     <span class='ocr_line' id='line_1_94' title="bbox 2267 4109 3876 4184; baseline -0.006 -12"><span class='ocrx_word' id='word_1_693' title='bbox 2267 4117 2320 4172; x_wconf 95' lang='lat' dir='ltr'><strong>id</strong></span> <span class='ocrx_word' id='word_1_694' title='bbox 2349 4127 2433 4172; x_wconf 89' lang='lat' dir='ltr'><strong>est</strong></span> <span class='ocrx_word' id='word_1_695' title='bbox 2461 4133 2699 4172; x_wconf 86' lang='lat' dir='ltr'><strong>amorem</strong></span> <span class='ocrx_word' id='word_1_696' title='bbox 2737 4115 2964 4184; x_wconf 76' lang='lat' dir='ltr'><strong>iustitiae</strong></span> <span class='ocrx_word' id='word_1_697' title='bbox 2999 4125 3051 4169; x_wconf 90' lang='lat' dir='ltr'><strong>et</strong></span> <span class='ocrx_word' id='word_1_698' title='bbox 3078 4114 3262 4168; x_wconf 89' lang='lat' dir='ltr'><strong>odium</strong></span> <span class='ocrx_word' id='word_1_699' title='bbox 3313 4125 3508 4182; x_wconf 71' lang='lat' dir='ltr'><strong>pmuce.</strong></span> <span class='ocrx_word' id='word_1_700' title='bbox 3564 4109 3707 4164; x_wconf 82' lang='lat' dir='ltr'><strong>Nam</strong></span> <span class='ocrx_word' id='word_1_701' title='bbox 3765 4123 3876 4163; x_wconf 90' lang='lat' dir='ltr'><strong>non</strong></span> 
     </span>
    </p>
   </div>
   <div class='ocr_carea' id='block_1_95' title="bbox 2266 4207 3883 4276">
    <p class='ocr_par' dir='ltr' id='par_1_95' title="bbox 2266 4207 3883 4276">
     <span class='ocr_line' id='line_1_95' title="bbox 2266 4207 3883 4276; baseline -0.007 -12"><span class='ocrx_word' id='word_1_702' title='bbox 2266 4217 2347 4264; x_wconf 90' lang='lat' dir='ltr'><strong>est</strong></span> <span class='ocrx_word' id='word_1_703' title='bbox 2379 4209 2663 4264; x_wconf 91' lang='lat' dir='ltr'><strong>honestum</strong></span> <span class='ocrx_word' id='word_1_704' title='bbox 2691 4209 2784 4239; x_wconf 74' lang='lat'><strong>&quot;&quot;</strong></span> <span class='ocrx_word' id='word_1_705' title='bbox 2822 4208 2937 4263; x_wconf 84' lang='lat' dir='ltr'><strong>solo</strong></span> <span class='ocrx_word' id='word_1_706' title='bbox 2965 4207 3089 4261; x_wconf 88' lang='lat' dir='ltr'><strong>odio</strong></span> <span class='ocrx_word' id='word_1_707' title='bbox 3119 4221 3292 4276; x_wconf 68' lang='lat' dir='ltr'><strong>preme</strong></span> <span class='ocrx_word' id='word_1_708' title='bbox 3342 4220 3446 4258; x_wconf 86' lang='lat' dir='ltr'><strong>non</strong></span> <span class='ocrx_word' id='word_1_709' title='bbox 3489 4218 3732 4274; x_wconf 88' lang='lat' dir='ltr'><strong>peccare</strong></span> <span class='ocrx_word' id='word_1_710' title='bbox 3762 4220 3780 4269; x_wconf 92' lang='lat'><strong>;</strong></span> <span class='ocrx_word' id='word_1_711' title='bbox 3824 4210 3883 4255; x_wconf 84' lang='lat' dir='ltr'><strong>et</strong></span> 
     </span>
    </p>
   </div>
   <div class='ocr_carea' id='block_1_96' title="bbox 2269 4292 3883 4370">
    <p class='ocr_par' dir='ltr' id='par_1_96' title="bbox 2269 4292 3883 4370">
     <span class='ocr_line' id='line_1_96' title="bbox 2269 4292 3883 4370; baseline -0.003 -17"><span class='ocrx_word' id='word_1_712' title='bbox 2269 4299 2334 4354; x_wconf 90' lang='lat' dir='ltr'><strong>ad</strong></span> <span class='ocrx_word' id='word_1_713' title='bbox 2369 4315 2472 4355; x_wconf 90' lang='lat' dir='ltr'><strong>non</strong></span> <span class='ocrx_word' id='word_1_714' title='bbox 2514 4298 3085 4370; x_wconf 56' lang='lat' dir='ltr'><strong>peecarnlumjmttile</strong></span> <span class='ocrx_word' id='word_1_715' title='bbox 3129 4306 3212 4351; x_wconf 90' lang='lat' dir='ltr'><strong>est</strong></span> <span class='ocrx_word' id='word_1_716' title='bbox 3267 4296 3449 4350; x_wconf 88' lang='lat' dir='ltr'><strong>odium</strong></span> <span class='ocrx_word' id='word_1_717' title='bbox 3501 4309 3716 4365; x_wconf 49' lang='lat' dir='ltr'><strong>pirum,</strong></span> <span class='ocrx_word' id='word_1_718' title='bbox 3784 4292 3883 4348; x_wconf 88' lang='lat' dir='ltr'><strong>ubi</strong></span> 
     </span>
    </p>
   </div>
   <div class='ocr_carea' id='block_1_97' title="bbox 2268 4387 3884 4464">
    <p class='ocr_par' dir='ltr' id='par_1_97' title="bbox 2268 4387 3884 4464">
     <span class='ocr_line' id='line_1_97' title="bbox 2268 4387 3884 4464; baseline -0.008 -11"><span class='ocrx_word' id='word_1_719' title='bbox 2268 4395 2415 4453; x_wconf 90' lang='lat' dir='ltr'><strong>solus</strong></span> <span class='ocrx_word' id='word_1_720' title='bbox 2443 4393 2836 4464; x_wconf 71' lang='lat' dir='ltr'><strong>amorjustitia:</strong></span> <span class='ocrx_word' id='word_1_721' title='bbox 2867 4390 3082 4446; x_wconf 82' lang='lat' dir='ltr'><strong>sullicit.</strong></span> <span class='ocrx_word' id='word_1_722' title='bbox 3129 4391 3271 4444; x_wconf 87' lang='lat' dir='ltr'><strong>Dtsc.</strong></span> <span class='ocrx_word' id='word_1_723' title='bbox 3307 4387 3422 4443; x_wconf 84' lang='lat' dir='ltr'><strong>Non</strong></span> <span class='ocrx_word' id='word_1_724' title='bbox 3449 4397 3532 4441; x_wconf 86' lang='lat' dir='ltr'><strong>est</strong></span> <span class='ocrx_word' id='word_1_725' title='bbox 3562 4387 3716 4456; x_wconf 84' lang='lat' dir='ltr'><strong>quod</strong></span> <span class='ocrx_word' id='word_1_726' title='bbox 3751 4402 3884 4457; x_wconf 86' lang='lat' dir='ltr'><strong>pos-</strong></span> 
     </span>
    </p>
   </div>
   <div class='ocr_carea' id='block_1_98' title="bbox 2268 4479 3888 4556">
    <p class='ocr_par' dir='ltr' id='par_1_98' title="bbox 2268 4479 3888 4556">
     <span class='ocr_line' id='line_1_98' title="bbox 2268 4479 3888 4556; baseline -0.007 -12"><span class='ocrx_word' id='word_1_727' title='bbox 2268 4489 2369 4545; x_wconf 91' lang='lat' dir='ltr'><strong>sim</strong></span> <span class='ocrx_word' id='word_1_728' title='bbox 2397 4487 2652 4556; x_wconf 89' lang='lat' dir='ltr'><strong>objicere.</strong></span> <span class='ocrx_word' id='word_1_729' title='bbox 2688 4485 2825 4540; x_wconf 82' lang='lat' dir='ltr'><strong>MAG.</strong></span> <span class='ocrx_word' id='word_1_730' title='bbox 2861 4483 3000 4550; x_wconf 89' lang='lat' dir='ltr'><strong>Quid</strong></span> <span class='ocrx_word' id='word_1_731' title='bbox 3027 4483 3188 4554; x_wconf 83' lang='lat' dir='ltr'><strong>ergo?</strong></span> <span class='ocrx_word' id='word_1_732' title='bbox 3219 4481 3406 4535; x_wconf 70' lang='lat' dir='ltr'><strong>Nonne</strong></span> <span class='ocrx_word' id='word_1_733' title='bbox 3439 4479 3606 4532; x_wconf 89' lang='lat' dir='ltr'><strong>nmlto</strong></span> <span class='ocrx_word' id='word_1_734' title='bbox 3640 4479 3888 4534; x_wconf 89' lang='lat' dir='ltr'><strong>nitidius</strong></span> 
     </span>
    </p>
   </div>
   <div class='ocr_carea' id='block_1_99' title="bbox 2199 4571 3886 4658">
    <p class='ocr_par' dir='ltr' id='par_1_99' title="bbox 2199 4571 3886 4658">
     <span class='ocr_line' id='line_1_99' title="bbox 2199 4571 3886 4658; baseline -0.007 -23"><span class='ocrx_word' id='word_1_735' title='bbox 2199 4580 2244 4635; x_wconf 79' lang='lat' dir='ltr'><strong>D</strong></span> <span class='ocrx_word' id='word_1_736' title='bbox 2271 4585 2447 4658; x_wconf 86' lang='lat' dir='ltr'><strong>placet</strong></span> <span class='ocrx_word' id='word_1_737' title='bbox 2473 4584 2590 4653; x_wconf 90' lang='lat' dir='ltr'><strong>ejus</strong></span> <span class='ocrx_word' id='word_1_738' title='bbox 2611 4579 3042 4652; x_wconf 87' lang='lat' dir='ltr'><strong>perseverantia,</strong></span> <span class='ocrx_word' id='word_1_739' title='bbox 3072 4592 3195 4633; x_wconf 91' lang='lat' dir='ltr'><strong>cum</strong></span> <span class='ocrx_word' id='word_1_740' title='bbox 3222 4576 3310 4630; x_wconf 86' lang='lat' dir='ltr'><strong>illa</strong></span> <span class='ocrx_word' id='word_1_741' title='bbox 3340 4573 3452 4629; x_wconf 90' lang='lat' dir='ltr'><strong>sola</strong></span> <span class='ocrx_word' id='word_1_742' title='bbox 3474 4571 3886 4643; x_wconf 84' lang='lat' dir='ltr'><strong>perseverandi</strong></span> 
     </span>
    </p>
   </div>
   <div class='ocr_carea' id='block_1_100' title="bbox 2270 4660 3889 4738">
    <p class='ocr_par' dir='ltr' id='par_1_100' title="bbox 2270 4660 3889 4738">
     <span class='ocr_line' id='line_1_100' title="bbox 2270 4660 3889 4738; baseline -0.01 -8"><span class='ocrx_word' id='word_1_743' title='bbox 2270 4690 2432 4730; x_wconf 88' lang='lat' dir='ltr'><strong>causa</strong></span> <span class='ocrx_word' id='word_1_744' title='bbox 2454 4673 2668 4727; x_wconf 88' lang='lat' dir='ltr'><strong>videtur</strong></span> <span class='ocrx_word' id='word_1_745' title='bbox 2699 4671 2750 4724; x_wconf 90' lang='lat' dir='ltr'><strong>in</strong></span> <span class='ocrx_word' id='word_1_746' title='bbox 2777 4669 2897 4734; x_wconf 91' lang='lat' dir='ltr'><strong>illo,</strong></span> <span class='ocrx_word' id='word_1_747' title='bbox 2926 4683 3045 4738; x_wconf 67' lang='lat' dir='ltr'><strong>qua}</strong></span> <span class='ocrx_word' id='word_1_748' title='bbox 3070 4668 3219 4721; x_wconf 89' lang='lat' dir='ltr'><strong>utilis</strong></span> <span class='ocrx_word' id='word_1_749' title='bbox 3263 4673 3348 4719; x_wconf 91' lang='lat' dir='ltr'><strong>est</strong></span> <span class='ocrx_word' id='word_1_750' title='bbox 3392 4673 3448 4718; x_wconf 92' lang='lat' dir='ltr'><strong>et</strong></span> <span class='ocrx_word' id='word_1_751' title='bbox 3476 4664 3713 4716; x_wconf 87' lang='lat' dir='ltr'><strong>honesta</strong></span> <span class='ocrx_word' id='word_1_752' title='bbox 3750 4660 3889 4730; x_wconf 84' lang='lat' dir='ltr'><strong>quia</strong></span> 
     </span>
    </p>
   </div>
   <div class='ocr_carea' id='block_1_101' title="bbox 2269 4755 3892 4838">
    <p class='ocr_par' dir='ltr' id='par_1_101' title="bbox 2269 4755 3892 4838">
     <span class='ocr_line' id='line_1_101' title="bbox 2269 4755 3892 4838; baseline -0.01 -14"><span class='ocrx_word' id='word_1_753' title='bbox 2269 4780 2600 4838; x_wconf 75' lang='lat' dir='ltr'><strong>spontanee,</strong></span> <span class='ocrx_word' id='word_1_754' title='bbox 2630 4768 2792 4837; x_wconf 85' lang='lat' dir='ltr'><strong>quam</strong></span> <span class='ocrx_word' id='word_1_755' title='bbox 2825 4763 2870 4817; x_wconf 91' lang='lat' dir='ltr'><strong>si</strong></span> <span class='ocrx_word' id='word_1_756' title='bbox 2905 4761 3063 4816; x_wconf 90' lang='lat' dir='ltr'><strong>simul</strong></span> <span class='ocrx_word' id='word_1_757' title='bbox 3087 4775 3206 4815; x_wconf 89' lang='lat' dir='ltr'><strong>sese</strong></span> <span class='ocrx_word' id='word_1_758' title='bbox 3233 4758 3320 4811; x_wconf 90' lang='lat' dir='ltr'><strong>illa</strong></span> <span class='ocrx_word' id='word_1_759' title='bbox 3348 4755 3667 4811; x_wconf 88' lang='lat' dir='ltr'><strong>ostenderet</strong></span> <span class='ocrx_word' id='word_1_760' title='bbox 3696 4795 3715 4818; x_wconf 83' lang='lat'><strong>,</strong></span> <span class='ocrx_word' id='word_1_761' title='bbox 3761 4768 3892 4823; x_wconf 76' lang='lat' dir='ltr'><strong>qua:</strong></span> 
     </span>
    </p>
   </div>
   <div class='ocr_carea' id='block_1_102' title="bbox 2269 4844 3892 4923">
    <p class='ocr_par' dir='ltr' id='par_1_102' title="bbox 2269 4844 3892 4923">
     <span class='ocr_line' id='line_1_102' title="bbox 2269 4844 3892 4923; baseline -0.012 -6"><span class='ocrx_word' id='word_1_762' title='bbox 2269 4863 2474 4917; x_wconf 88' lang='lat' dir='ltr'><strong>inutilis</strong></span> <span class='ocrx_word' id='word_1_763' title='bbox 2521 4870 2573 4914; x_wconf 89' lang='lat' dir='ltr'><strong>et</strong></span> <span class='ocrx_word' id='word_1_764' title='bbox 2623 4858 2942 4919; x_wconf 87' lang='lat' dir='ltr'><strong>inhonesta,</strong></span> <span class='ocrx_word' id='word_1_765' title='bbox 2993 4854 3118 4923; x_wconf 89' lang='lat' dir='ltr'><strong>quia</strong></span> <span class='ocrx_word' id='word_1_766' title='bbox 3147 4849 3454 4905; x_wconf 88' lang='lat' dir='ltr'><strong>necessaria</strong></span> <span class='ocrx_word' id='word_1_767' title='bbox 3498 4844 3892 4918; x_wconf 72' lang='lat' dir='ltr'><strong>intelligitur?</strong></span> 
     </span>
    </p>
   </div>
   <div class='ocr_carea' id='block_1_103' title="bbox 2269 4935 3898 5018">
    <p class='ocr_par' dir='ltr' id='par_1_103' title="bbox 2269 4935 3898 5018">
     <span class='ocr_line' id='line_1_103' title="bbox 2269 4935 3898 5018; baseline -0.01 -11"><span class='ocrx_word' id='word_1_768' title='bbox 2269 4955 2364 4987; x_wconf 61' lang='grc'><strong>’³³³</strong></span> <span class='ocrx_word' id='word_1_769' title='bbox 2388 4955 2529 5008; x_wconf 79' lang='lat' dir='ltr'><strong>Disc.</strong></span> <span class='ocrx_word' id='word_1_770' title='bbox 2561 4949 2652 5006; x_wconf 91' lang='lat' dir='ltr'><strong>Sic</strong></span> <span class='ocrx_word' id='word_1_771' title='bbox 2680 4956 2828 5018; x_wconf 89' lang='lat' dir='ltr'><strong>patet</strong></span> <span class='ocrx_word' id='word_1_772' title='bbox 2858 4945 3002 5015; x_wconf 90' lang='lat' dir='ltr'><strong>quod</strong></span> <span class='ocrx_word' id='word_1_773' title='bbox 3029 4944 3198 5007; x_wconf 91' lang='lat' dir='ltr'><strong>dicis,</strong></span> <span class='ocrx_word' id='word_1_774' title='bbox 3231 4949 3290 4995; x_wconf 89' lang='lat' dir='ltr'><strong>ut</strong></span> <span class='ocrx_word' id='word_1_775' title='bbox 3329 4939 3471 5010; x_wconf 89' lang='lat' dir='ltr'><strong>quod</strong></span> <span class='ocrx_word' id='word_1_776' title='bbox 3523 4935 3697 5006; x_wconf 89' lang='lat' dir='ltr'><strong>paulo</strong></span> <span class='ocrx_word' id='word_1_777' title='bbox 3757 4947 3898 4990; x_wconf 86' lang='lat' dir='ltr'><strong>ante</strong></span> 
     </span>
    </p>
   </div>
   <div class='ocr_carea' id='block_1_104' title="bbox 2273 5029 3896 5104">
    <p class='ocr_par' dir='ltr' id='par_1_104' title="bbox 2273 5029 3896 5104">
     <span class='ocr_line' id='line_1_104' title="bbox 2273 5029 3896 5104; baseline -0.012 -1"><span class='ocrx_word' id='word_1_778' title='bbox 2273 5047 2515 5103; x_wconf 85' lang='lat' dir='ltr'><strong>volebam</strong></span> <span class='ocrx_word' id='word_1_779' title='bbox 2537 5057 2660 5099; x_wconf 91' lang='lat' dir='ltr'><strong>eum</strong></span> <span class='ocrx_word' id='word_1_780' title='bbox 2687 5039 2930 5102; x_wconf 84' lang='lat' dir='ltr'><strong>scivisse,</strong></span> <span class='ocrx_word' id='word_1_781' title='bbox 2950 5051 3094 5091; x_wconf 80' lang='lat' dir='ltr'><strong>utine</strong></span> <span class='ocrx_word' id='word_1_782' title='bbox 3110 5034 3374 5104; x_wconf 84' lang='lat' dir='ltr'><strong>gaudeam</strong></span> <span class='ocrx_word' id='word_1_783' title='bbox 3397 5047 3521 5086; x_wconf 89' lang='lat' dir='ltr'><strong>eum</strong></span> <span class='ocrx_word' id='word_1_784' title='bbox 3542 5029 3896 5093; x_wconf 82' lang='lat' dir='ltr'><strong>nescivissc;</strong></span> 
     </span>
    </p>
   </div>
   <div class='ocr_carea' id='block_1_105' title="bbox 2273 5121 3902 5214">
    <p class='ocr_par' dir='ltr' id='par_1_105' title="bbox 2273 5121 3902 5214">
     <span class='ocr_line' id='line_1_105' title="bbox 2273 5121 3902 5214; baseline -0.014 -16"><span class='ocrx_word' id='word_1_785' title='bbox 2273 5143 2398 5214; x_wconf 83' lang='lat' dir='ltr'><strong>quia</strong></span> <span class='ocrx_word' id='word_1_786' title='bbox 2425 5152 2568 5196; x_wconf 84' lang='lat' dir='ltr'><strong>nunc</strong></span> <span class='ocrx_word' id='word_1_787' title='bbox 2585 5133 2832 5191; x_wconf 89' lang='lat' dir='ltr'><strong>eamdem</strong></span> <span class='ocrx_word' id='word_1_788' title='bbox 2856 5145 2979 5186; x_wconf 90' lang='lat' dir='ltr'><strong>eum</strong></span> <span class='ocrx_word' id='word_1_789' title='bbox 3001 5142 3200 5200; x_wconf 86' lang='lat' dir='ltr'><strong>negare</strong></span> <span class='ocrx_word' id='word_1_790' title='bbox 3223 5141 3328 5181; x_wconf 90' lang='lat' dir='ltr'><strong>non</strong></span> <span class='ocrx_word' id='word_1_791' title='bbox 3353 5136 3643 5196; x_wconf 82' lang='lat' dir='ltr'><strong>possumus</strong></span> <span class='ocrx_word' id='word_1_792' title='bbox 3667 5121 3902 5178; x_wconf 81' lang='lat' dir='ltr'><strong>habere</strong></span> 
     </span>
    </p>
   </div>
   <div class='ocr_carea' id='block_1_106' title="bbox 1855 5256 2569 5326">
    <p class='ocr_par' dir='ltr' id='par_1_106' title="bbox 1855 5256 2569 5326">
     <span class='ocr_line' id='line_1_106' title="bbox 1855 5256 2569 5326; baseline -0.015 -4"><span class='ocrx_word' id='word_1_793' title='bbox 1855 5269 2092 5326; x_wconf 80' lang='lat' dir='ltr'><strong>VARUE</strong></span> <span class='ocrx_word' id='word_1_794' title='bbox 2169 5256 2569 5324; x_wconf 73' lang='lat' dir='ltr'><strong>LECTIONES.</strong></span> 
     </span>
    </p>
   </div>
   <div class='ocr_carea' id='block_1_107' title="bbox 651 5366 1964 5444">
    <p class='ocr_par' dir='ltr' id='par_1_107' title="bbox 651 5366 1964 5444">
     <span class='ocr_line' id='line_1_107' title="bbox 651 5366 1964 5444; baseline -0.008 -14"><span class='ocrx_word' id='word_1_795' title='bbox 651 5375 742 5406; x_wconf 84' lang='grc'><strong>’¹³¹</strong></span> <span class='ocrx_word' id='word_1_796' title='bbox 780 5375 1024 5444; x_wconf 89' lang='lat' dir='ltr'><strong>Denique</strong></span> <span class='ocrx_word' id='word_1_797' title='bbox 1076 5374 1200 5443; x_wconf 90' lang='lat' dir='ltr'><strong>quia</strong></span> <span class='ocrx_word' id='word_1_798' title='bbox 1245 5371 1651 5444; x_wconf 10' lang='lat' dir='ltr'><strong>inss.f_l_)einique</strong></span> <span class='ocrx_word' id='word_1_799' title='bbox 1692 5366 1964 5444; x_wconf 77' lang='lat' dir='ltr'><strong>quoniam</strong></span> 
     </span>
    </p>
   </div>
   <div class='ocr_carea' id='block_1_108' title="bbox 577 5454 1250 5518">
    <p class='ocr_par' dir='ltr' id='par_1_108' title="bbox 577 5454 1250 5518">
     <span class='ocr_line' id='line_1_108' title="bbox 577 5454 1250 5518; baseline 0 -20"><span class='ocrx_word' id='word_1_800' title='bbox 577 5455 782 5518; x_wconf 64' lang='lat' dir='ltr'><strong>gnante</strong></span> <span class='ocrx_word' id='word_1_801' title='bbox 810 5461 937 5518; x_wconf 78' lang='lat' dir='ltr'><strong>mss.</strong></span> <span class='ocrx_word' id='word_1_802' title='bbox 988 5454 1250 5514; x_wconf 83' lang='lat' dir='ltr'><strong>gravante</strong></span> 
     </span>
    </p>
   </div>
   <div class='ocr_carea' id='block_1_109' title="bbox 580 5509 1972 5582">
    <p class='ocr_par' dir='ltr' id='par_1_109' title="bbox 580 5509 1972 5582">
     <span class='ocr_line' id='line_1_109' title="bbox 580 5509 1972 5582; baseline -0.007 -12"><span class='ocrx_word' id='word_1_803' title='bbox 580 5509 712 5570; x_wconf 61' lang='lat' dir='ltr'><strong>iam</strong></span> <span class='ocrx_word' id='word_1_804' title='bbox 742 5526 890 5570; x_wconf 91' lang='lat' dir='ltr'><strong>esset</strong></span> <span class='ocrx_word' id='word_1_805' title='bbox 921 5509 1288 5570; x_wconf 67' lang='lat' dir='ltr'><strong>innumerum</strong></span> <span class='ocrx_word' id='word_1_806' title='bbox 1319 5513 1373 5568; x_wconf 90' lang='lat' dir='ltr'><strong>in</strong></span> <span class='ocrx_word' id='word_1_807' title='bbox 1406 5527 1515 5582; x_wconf 79' lang='lat' dir='ltr'><strong>quo</strong></span> <span class='ocrx_word' id='word_1_808' title='bbox 1542 5511 1619 5566; x_wconf 92' lang='lat' dir='ltr'><strong>illi</strong></span> <span class='ocrx_word' id='word_1_809' title='bbox 1651 5509 1781 5582; x_wconf 79' lang='lat' dir='ltr'><strong>facti</strong></span> <span class='ocrx_word' id='word_1_810' title='bbox 1813 5515 1972 5562; x_wconf 86' lang='lat' dir='ltr'><strong>erant</strong></span> 
     </span>
    </p>
   </div>
   <div class='ocr_carea' id='block_1_110' title="bbox 579 5575 2214 5653">
    <p class='ocr_par' dir='ltr' id='par_1_110' title="bbox 579 5575 2214 5653">
     <span class='ocr_line' id='line_1_110' title="bbox 579 5575 2214 5653; baseline -0.008 -13"><span class='ocrx_word' id='word_1_811' title='bbox 579 5597 691 5640; x_wconf 86' lang='lat' dir='ltr'><strong>etc.</strong></span> <span class='ocrx_word' id='word_1_812' title='bbox 725 5601 850 5639; x_wconf 82' lang='lat' dir='ltr'><strong>mss.</strong></span> <span class='ocrx_word' id='word_1_813' title='bbox 883 5585 1056 5640; x_wconf 83' lang='lat' dir='ltr'><strong>inest?</strong></span> <span class='ocrx_word' id='word_1_814' title='bbox 1087 5585 1148 5639; x_wconf 92' lang='lat' dir='ltr'><strong>D.</strong></span> <span class='ocrx_word' id='word_1_815' title='bbox 1183 5585 1314 5638; x_wconf 90' lang='lat' dir='ltr'><strong>mihi</strong></span> <span class='ocrx_word' id='word_1_816' title='bbox 1365 5575 1586 5653; x_wconf 78' lang='lat' dir='ltr'><strong>quidem</strong></span> <span class='ocrx_word' id='word_1_817' title='bbox 1637 5575 2085 5653; x_wconf 76' lang='lat' dir='ltr'><strong>videtur_ntagis_</strong></span> <span class='ocrx_word' id='word_1_818' title='bbox 2113 5589 2214 5653; x_wconf 78' lang='lat' dir='ltr'><strong>con</strong></span> 
     </span>
    </p>
   </div>
   <div class='ocr_carea' id='block_1_111' title="bbox 579 5646 1917 5720">
    <p class='ocr_par' dir='ltr' id='par_1_111' title="bbox 579 5646 1917 5720">
     <span class='ocr_line' id='line_1_111' title="bbox 579 5646 1917 5720; baseline -0.01 -8"><span class='ocrx_word' id='word_1_819' title='bbox 579 5655 768 5712; x_wconf 78' lang='lat' dir='ltr'><strong>Palam</strong></span> <span class='ocrx_word' id='word_1_820' title='bbox 795 5663 900 5720; x_wconf 81' lang='lat' dir='ltr'><strong>est,</strong></span> <span class='ocrx_word' id='word_1_821' title='bbox 924 5666 1032 5712; x_wconf 88' lang='lat' dir='ltr'><strong>etc.</strong></span> <span class='ocrx_word' id='word_1_822' title='bbox 1069 5654 1120 5708; x_wconf 93' lang='lat' dir='ltr'><strong>in</strong></span> <span class='ocrx_word' id='word_1_823' title='bbox 1150 5672 1273 5709; x_wconf 76' lang='lat' dir='ltr'><strong>mss.</strong></span> <span class='ocrx_word' id='word_1_824' title='bbox 1306 5646 1398 5707; x_wconf 70' lang='lat' dir='ltr'><strong>hic</strong></span> <span class='ocrx_word' id='word_1_825' title='bbox 1418 5652 1602 5720; x_wconf 81' lang='lat' dir='ltr'><strong>incipit</strong></span> <span class='ocrx_word' id='word_1_826' title='bbox 1653 5659 1810 5718; x_wconf 81' lang='lat' dir='ltr'><strong>caput</strong></span> <span class='ocrx_word' id='word_1_827' title='bbox 1848 5646 1917 5700; x_wconf 62' lang='grc'><strong>24</strong></span> 
     </span>
    </p>
   </div>
   <div class='ocr_carea' id='block_1_112' title="bbox 522 5721 1972 5795">
    <p class='ocr_par' dir='ltr' id='par_1_112' title="bbox 522 5721 1972 5795">
     <span class='ocr_line' id='line_1_112' title="bbox 522 5721 1972 5795; baseline -0.007 -14"><span class='ocrx_word' id='word_1_828' title='bbox 522 5737 528 5743; x_wconf 87' lang='grc'><strong>’</strong></span> <span class='ocrx_word' id='word_1_829' title='bbox 581 5743 708 5780; x_wconf 79' lang='lat' dir='ltr'><strong>mss.</strong></span> <span class='ocrx_word' id='word_1_830' title='bbox 743 5727 1000 5795; x_wconf 87' lang='lat' dir='ltr'><strong>quoniam</strong></span> <span class='ocrx_word' id='word_1_831' title='bbox 1028 5735 1084 5780; x_wconf 90' lang='lat' dir='ltr'><strong>et</strong></span> <span class='ocrx_word' id='word_1_832' title='bbox 1122 5741 1246 5795; x_wconf 88' lang='lat' dir='ltr'><strong>eum</strong></span> <span class='ocrx_word' id='word_1_833' title='bbox 1321 5723 1414 5755; x_wconf 69' lang='lat' dir='ltr'><strong>&#39;m</strong></span> <span class='ocrx_word' id='word_1_834' title='bbox 1458 5721 1802 5795; x_wconf 83' lang='lat' dir='ltr'><strong>Inhonestam</strong></span> <span class='ocrx_word' id='word_1_835' title='bbox 1845 5733 1972 5795; x_wconf 75' lang='lat' dir='ltr'><strong>nisa.</strong></span> 
     </span>
    </p>
   </div>
   <div class='ocr_carea' id='block_1_113' title="bbox 2077 5341 3520 5416">
    <p class='ocr_par' dir='ltr' id='par_1_113' title="bbox 2077 5341 3520 5416">
     <span class='ocr_line' id='line_1_113' title="bbox 2077 5341 3520 5416; baseline -0.019 3"><span class='ocrx_word' id='word_1_836' title='bbox 2077 5363 2172 5399; x_wconf 70' lang='grc' dir='ltr'><strong>ω’</strong></span> <span class='ocrx_word' id='word_1_837' title='bbox 2220 5357 2376 5416; x_wconf 81' lang='lat' dir='ltr'><strong>Unde</strong></span> <span class='ocrx_word' id='word_1_838' title='bbox 2420 5355 2615 5410; x_wconf 85' lang='lat' dir='ltr'><strong>beatus</strong></span> <span class='ocrx_word' id='word_1_839' title='bbox 2675 5354 2820 5402; x_wconf 76' lang='lat' dir='ltr'><strong>esset</strong></span> <span class='ocrx_word' id='word_1_840' title='bbox 2861 5361 2990 5399; x_wconf 85' lang='lat' dir='ltr'><strong>mss.</strong></span> <span class='ocrx_word' id='word_1_841' title='bbox 3033 5350 3092 5396; x_wconf 89' lang='lat' dir='ltr'><strong>ut</strong></span> <span class='ocrx_word' id='word_1_842' title='bbox 3126 5341 3320 5416; x_wconf 82' lang='lat' dir='ltr'><strong>beatus</strong></span> <span class='ocrx_word' id='word_1_843' title='bbox 3374 5345 3520 5416; x_wconf 73' lang='lat' dir='ltr'><strong>esset</strong></span> 
     </span>
    </p>
   </div>
   <div class='ocr_carea' id='block_1_114' title="bbox 1353 5425 2510 5497">
    <p class='ocr_par' dir='ltr' id='par_1_114' title="bbox 1353 5425 2510 5497">
     <span class='ocr_line' id='line_1_114' title="bbox 1353 5425 2510 5497; baseline -0.014 -2"><span class='ocrx_word' id='word_1_844' title='bbox 1353 5425 1578 5497; x_wconf 21' lang='lat' dir='ltr'><strong>1m&quot;‘Dei&#39;</strong></span> <span class='ocrx_word' id='word_1_845' title='bbox 1597 5425 1762 5495; x_wconf 66' lang='lat' dir='ltr'><strong>mult&#39;a</strong></span> <span class='ocrx_word' id='word_1_846' title='bbox 1795 5453 1922 5490; x_wconf 84' lang='lat' dir='ltr'><strong>mss.</strong></span> <span class='ocrx_word' id='word_1_847' title='bbox 1958 5433 2051 5490; x_wconf 91' lang='lat' dir='ltr'><strong>Dei</strong></span> <span class='ocrx_word' id='word_1_848' title='bbox 2083 5434 2312 5497; x_wconf 85' lang='lat' dir='ltr'><strong>ahyssus</strong></span> <span class='ocrx_word' id='word_1_849' title='bbox 2341 5425 2510 5482; x_wconf 88' lang='lat' dir='ltr'><strong>multa</strong></span> 
     </span>
    </p>
   </div>
   <div class='ocr_carea' id='block_1_115' title="bbox 2022 5475 3910 5557">
    <p class='ocr_par' dir='ltr' id='par_1_115' title="bbox 2022 5475 3910 5557">
     <span class='ocr_line' id='line_1_115' title="bbox 2022 5475 3910 5557; baseline -0.015 0"><span class='ocrx_word' id='word_1_850' title='bbox 2022 5475 2642 5557; x_wconf 37' lang='grc' dir='ltr'><strong>Ἦίῖῖίίίεῖςξὶῖιίίὶιῖἦιντηεε.</strong></span> <span class='ocrx_word' id='word_1_851' title='bbox 2661 5489 3043 5557; x_wconf 87' lang='lat' dir='ltr'><strong>restituturum</strong></span> <span class='ocrx_word' id='word_1_852' title='bbox 3116 5483 3208 5557; x_wconf 51' lang='grc' dir='ltr'><strong>’ἶν’</strong></span> <span class='ocrx_word' id='word_1_853' title='bbox 3239 5475 3530 5557; x_wconf 52' lang='grc' dir='ltr'><strong>Ιῃςείζεεῤ</strong></span> <span class='ocrx_word' id='word_1_854' title='bbox 3555 5475 3910 5557; x_wconf 57' lang='grc' dir='ltr'><strong>νεαρ-διηεεῇ</strong></span> 
     </span>
    </p>
   </div>
   <div class='ocr_carea' id='block_1_116' title="bbox 2225 5541 3913 5632">
    <p class='ocr_par' dir='ltr' id='par_1_116' title="bbox 2225 5541 3913 5632">
     <span class='ocr_line' id='line_1_116' title="bbox 2225 5541 3913 5632; baseline -0.017 -10"><span class='ocrx_word' id='word_1_855' title='bbox 2225 5541 2494 5625; x_wconf 55' lang='lat' dir='ltr'><strong>iéiiiéiiu&#39;i</strong></span> <span class='ocrx_word' id='word_1_856' title='bbox 2509 5541 2745 5632; x_wconf 49' lang='lat' dir='ltr'><strong>fausti.“</strong></span> <span class='ocrx_word' id='word_1_857' title='bbox 2763 5541 3245 5632; x_wconf 28' lang='lat' dir='ltr'><strong>inconvenientiaa</strong></span> <span class='ocrx_word' id='word_1_858' title='bbox 3269 5549 3363 5632; x_wconf 45' lang='lat' dir='ltr'><strong>ML</strong></span> <span class='ocrx_word' id='word_1_859' title='bbox 3374 5548 3715 5632; x_wconf 36' lang='lat' dir='ltr'><strong>‘ile‘deamus</strong></span> <span class='ocrx_word' id='word_1_860' title='bbox 3805 5541 3913 5632; x_wconf 49' lang='lat'><strong>&quot;3</strong></span> 
     </span>
    </p>
   </div>
   <div class='ocr_carea' id='block_1_117' title="bbox 1991 5617 3916 5699">
    <p class='ocr_par' dir='ltr' id='par_1_117' title="bbox 1991 5617 3916 5699">
     <span class='ocr_line' id='line_1_117' title="bbox 1991 5617 3916 5699; baseline -0.017 0"><span class='ocrx_word' id='word_1_861' title='bbox 1991 5617 2086 5678; x_wconf 57' lang='grc' dir='ltr'><strong>ῗίῖθ</strong></span> <span class='ocrx_word' id='word_1_862' title='bbox 2116 5617 2521 5699; x_wconf 57' lang='lat' dir='ltr'><strong>iﬁiiiéiéiiﬁ&#39;suu&#39;</strong></span> <span class='ocrx_word' id='word_1_863' title='bbox 2544 5617 2640 5686; x_wconf 70' lang='lat' dir='ltr'><strong>uis.</strong></span> <span class='ocrx_word' id='word_1_864' title='bbox 2670 5628 2859 5684; x_wconf 82' lang='lat' dir='ltr'><strong>Cister.</strong></span> <span class='ocrx_word' id='word_1_865' title='bbox 2890 5627 3114 5699; x_wconf 80' lang='lat' dir='ltr'><strong>inditam</strong></span> <span class='ocrx_word' id='word_1_866' title='bbox 3146 5623 3247 5699; x_wconf 79' lang='lat' dir='ltr'><strong>sibi</strong></span> <span class='ocrx_word' id='word_1_867' title='bbox 3298 5621 3417 5699; x_wconf 72' lang='lat'><strong>_’“°</strong></span> <span class='ocrx_word' id='word_1_868' title='bbox 3442 5617 3733 5686; x_wconf 76' lang='lat' dir='ltr'><strong>Quoniam</strong></span> <span class='ocrx_word' id='word_1_869' title='bbox 3768 5627 3916 5669; x_wconf 80' lang='lat' dir='ltr'><strong>eum</strong></span> 
     </span>
    </p>
   </div>
   <div class='ocr_carea' id='block_1_118' title="bbox 2008 5691 3917 5771">
    <p class='ocr_par' dir='ltr' id='par_1_118' title="bbox 2008 5691 3917 5771">
     <span class='ocr_line' id='line_1_118' title="bbox 2008 5691 3917 5771; baseline -0.017 0"><span class='ocrx_word' id='word_1_870' title='bbox 2008 5691 2472 5771; x_wconf 44' lang='grc' dir='ltr'><strong>ϐειᾶίωὶῖρῖίιιὸη</strong></span> <span class='ocrx_word' id='word_1_871' title='bbox 2503 5706 2787 5759; x_wconf 83' lang='lat' dir='ltr'><strong>honestam</strong></span> <span class='ocrx_word' id='word_1_872' title='bbox 2866 5697 2961 5730; x_wconf 59' lang='grc' dir='ltr'><strong>ἰδ’</strong></span> <span class='ocrx_word' id='word_1_873' title='bbox 2989 5697 3107 5754; x_wconf 73' lang='lat' dir='ltr'><strong>Non</strong></span> <span class='ocrx_word' id='word_1_874' title='bbox 3138 5693 3271 5752; x_wconf 80' lang='lat' dir='ltr'><strong>satis</strong></span> <span class='ocrx_word' id='word_1_875' title='bbox 3298 5691 3585 5748; x_wconf 88' lang='lat' dir='ltr'><strong>honestum</strong></span> <span class='ocrx_word' id='word_1_876' title='bbox 3621 5700 3735 5742; x_wconf 60' lang='lat' dir='ltr'><strong>es:</strong></span> <span class='ocrx_word' id='word_1_877' title='bbox 3767 5701 3917 5740; x_wconf 72' lang='lat' dir='ltr'><strong>mss.</strong></span> 
     </span>
    </p>
   </div>
   <div class='ocr_carea' id='block_1_119' title="bbox 3629 5331 3906 5384">
    <p class='ocr_par' dir='ltr' id='par_1_119' title="bbox 3629 5331 3906 5384">
     <span class='ocr_line' id='line_1_119' title="bbox 3629 5331 3906 5384; baseline 0 -21"><span class='ocrx_word' id='word_1_878' title='bbox 3629 5332 3748 5364; x_wconf 66' lang='grc'><strong>11³³</strong></span> <span class='ocrx_word' id='word_1_879' title='bbox 3791 5331 3906 5384; x_wconf 68' lang='lat' dir='ltr'><strong>ne.</strong></span> 
     </span>
    </p>
   </div>
   <div class='ocr_carea' id='block_1_120' title="bbox 2629 5404 3908 5478">
    <p class='ocr_par' dir='ltr' id='par_1_120' title="bbox 2629 5404 3908 5478">
     <span class='ocr_line' id='line_1_120' title="bbox 2629 5404 3908 5478; baseline -0.016 -5"><span class='ocrx_word' id='word_1_880' title='bbox 2629 5416 2725 5450; x_wconf 78' lang='lat'><strong>&quot;&quot;</strong></span> <span class='ocrx_word' id='word_1_881' title='bbox 2754 5417 2911 5472; x_wconf 78' lang='lat' dir='ltr'><strong>Esset</strong></span> <span class='ocrx_word' id='word_1_882' title='bbox 2940 5427 3219 5471; x_wconf 88' lang='lat' dir='ltr'><strong>numerus,</strong></span> <span class='ocrx_word' id='word_1_883' title='bbox 3267 5411 3320 5464; x_wconf 89' lang='lat' dir='ltr'><strong>in</strong></span> <span class='ocrx_word' id='word_1_884' title='bbox 3351 5423 3460 5478; x_wconf 90' lang='lat' dir='ltr'><strong>quo</strong></span> <span class='ocrx_word' id='word_1_885' title='bbox 3511 5404 3685 5478; x_wconf 69' lang='lat' dir='ltr'><strong>futuri</strong></span> <span class='ocrx_word' id='word_1_886' title='bbox 3726 5409 3908 5457; x_wconf 81' lang='lat' dir='ltr'><strong>erant</strong></span> 
     </span>
    </p>
   </div>
   <div class='ocr_carea' id='block_1_121' title="bbox 582 5782 2354 5866">
    <p class='ocr_par' dir='ltr' id='par_1_121' title="bbox 582 5782 2354 5866">
     <span class='ocr_line' id='line_1_121' title="bbox 582 5782 2354 5866; baseline -0.008 -13"><span class='ocrx_word' id='word_1_887' title='bbox 582 5782 911 5853; x_wconf 36' lang='lat' dir='ltr'><strong>antith&#39;sat‘is</strong></span> <span class='ocrx_word' id='word_1_888' title='bbox 987 5795 1079 5827; x_wconf 69' lang='lat' dir='ltr'>‘m</span> <span class='ocrx_word' id='word_1_889' title='bbox 1108 5795 1171 5850; x_wconf 85' lang='grc' dir='ltr'><strong>Ι).</strong></span> <span class='ocrx_word' id='word_1_890' title='bbox 1209 5794 1285 5850; x_wconf 89' lang='lat' dir='ltr'><strong>sic</strong></span> <span class='ocrx_word' id='word_1_891' title='bbox 1318 5800 1467 5866; x_wconf 88' lang='lat' dir='ltr'><strong>patet</strong></span> <span class='ocrx_word' id='word_1_892' title='bbox 1499 5792 1550 5846; x_wconf 92' lang='lat' dir='ltr'><strong>iu</strong></span> <span class='ocrx_word' id='word_1_893' title='bbox 1578 5807 1704 5843; x_wconf 86' lang='lat' dir='ltr'><strong>mss.</strong></span> <span class='ocrx_word' id='word_1_894' title='bbox 1736 5788 2076 5842; x_wconf 83' lang='lat' dir='ltr'><strong>continuatur</strong></span> <span class='ocrx_word' id='word_1_895' title='bbox 2103 5791 2258 5857; x_wconf 78' lang='lat' dir='ltr'><strong>caput</strong></span> <span class='ocrx_word' id='word_1_896' title='bbox 2284 5782 2354 5838; x_wconf 77' lang='lat'><strong>‘23</strong></span> 
     </span>
    </p>
   </div>
  </div>
