4050 6294
220 352 312 411 δῦτ

1384 347 1652 406 DlALOG.
1690 348 1776 403 DE
1805 347 1980 405 CASU
2017 348 2305 406 DIABOIJ.

3373 353 3481 417 558

224 463 519 528 scientiam,
552 461 724 533 {quam
791 464 905 534 ipso
959 463 1136 535 angeli
1202 465 1478 534 peccantis
1533 463 1781 533 exemplo
1808 468 1858 528 Α
1889 466 2109 520 daturus
2141 474 2261 519 erat
2300 466 2440 520 Dens
2467 464 2714 521 eamdem
2756 466 3036 524 scientiam
3069 468 3264 523 merito
3285 485 3471 539 perse-

225 561 453 630 ignorare
475 564 801 626 nonpmest.
826 555 962 610 MAG.
989 555 1142 622 Quod
1162 569 1302 610 nunc
1327 563 1553 623 uterque
1576 554 1787 609 scilicet

223 651 372 706 bonus
392 649 617 719 angelus
646 657 700 701 et
723 647 932 709 malus,
975 655 1156 700 certus
1185 655 1270 700 est
1305 646 1429 714 quia
1479 645 1639 700 talem
1673 646 1789 700 cul-

224 756 327 812 pam
355 739 482 793 talis
507 739 752 808 sequitur
779 753 936 805 pinna
959 753 972 802 ;
1005 737 1145 792 sicut
1171 737 1396 792 scientia
1423 745 1506 792 est
1526 737 1789 792 ambobus

223 832 450 893 diversa,
500 831 569 883 ita
609 838 690 883 est
720 829 958 882 scientiae
979 843 1144 883 causa
1176 843 1281 882 non
1310 829 1532 896 eadem,
1583 837 1636 882 et
1668 828 1791 883 linis

224 920 503 975 dissimilis.
529 919 661 973 Nam
684 919 826 988 quod
861 918 950 973 ille
989 919 1091 973 scit
1120 920 1236 988 ipso
1267 919 1348 973 sui
1373 919 1788 989 experimento,

222 1011 307 1065 hac
342 1011 444 1063 iste
491 1010 678 1064 didicit
708 1009 822 1064 solo
853 1009 1079 1064 alterius
1131 1010 1376 1080 exemplo
1410 1025 1424 1064 :
1461 1011 1554 1065 sed
1587 1010 1674 1064 ille
1700 1009 1792 1064 illo

223 1101 360 1156 modo
382 1101 514 1165 "“,
554 1100 677 1169 quia
706 1117 811 1156 non
841 1103 1245 1169 perseveravit;
1297 1102 1399 1155 istc
1452 1100 1558 1154 alio
1590 1101 1747 1155 modo
1773 1139 1790 1165 ,

221 1194 324 1262 quia
361 1193 787 1267 perseveravit"
853 1192 1236 1262 Quapropter,
1307 1195 1448 1248 sicut
1517 1195 1588 1248 illi
1655 1208 1791 1264 quo-

223 1285 346 1338 niam
377 1284 809 1354 vitnperabiliter
847 1300 950 1339 non
989 1287 1376 1354 perseveravit,
1421 1287 1646 1342 scientia
1693 1303 1791 1341 sua

221 1374 373 1428 estad
403 1374 787 1429 contumeliam
821 1375 952 1440 mu’;
987 1375 1055 1428 ita
1083 1376 1168 1430 isti
1192 1377 1446 1444 quoniam
1471 1376 1565 1408 ““
1608 1393 1793 1441 perse-

223 1467 445 1530 veravit,
500 1465 724 1520 scientia
775 1481 869 1519 sua
924 1475 1008 1520 est
1056 1467 1148 1497 ’⁸⁵⁷
1196 1467 1262 1520 ad
1298 1467 1542 1535 gloriam.
1577 1465 1632 1520 Si
1663 1481 1792 1538 ergo

224 1554 296 1607 isti
326 1553 418 1585 ⁸¹⁸⁸
447 1553 649 1607 dicitur
677 1553 778 1608 hoc
801 1553 933 1616 solo,
980 1555 1106 1624 quia
1131 1555 1271 1608 hanc
1301 1554 1462 1608 habet
1487 1539 1789 1620 scientiam,

222 1643 312 1696 iam
343 1657 572 1712 peccare
595 1657 697 1695 non
726 1658 912 1710 posse;
965 1645 1097 1698 satis
1124 1653 1266 1714 patet
1307 1644 1462 1713 quia,
1515 1644 1656 1698 sicut
1681 1643 1794 1714 glo-

221 1736 345 1790 riosa
376 1743 475 1790 est
507 1734 726 1790 scientia
750 1751 869 1803 qua:
892 1750 958 1790 ex
989 1717 1244 1791 laudabili
1272 1736 1676 1806 perseverantia
1711 1744 1792 1790 est

1877 555 2178 618 verantiaz,
2209 553 2312 608 alio
2344 555 2501 610 modo
2524 556 2640 609 sine
2662 556 2891 626 alicujus
2929 558 3174 613 cadentis
3199 561 3472 630 exemplo.

1891 645 2080 700 Nullus
2108 644 2251 700 enim
2281 647 2423 701 dicet
2455 647 2549 678 ’³⁵³
2579 647 2746 702 Deum
2780 665 2884 704 non
2918 650 3025 705 alio
3053 651 3214 706 modo
3238 654 3481 720 potuisse

1893 737 2099 804 angelis
2141 737 2255 791 suis
2286 738 2426 792 hanc
2481 739 2611 793 dare
2665 740 2968 797 scentiam.
3026 742 3160 795 Cum
3204 755 3336 810 ergo
3389 744 3481 799 ille

1894 829 2179 899 peccavit,
2207 829 2455 900 exemplo
2475 828 2591 897 ejus
2615 830 2778 884 istum
2823 831 3004 885 docuit
3039 834 3184 900 quod
3220 835 3483 890 docturus

1894 931 2044 986 erat;
2097 937 2201 976 non
2225 922 2574 991 impotentia,
2625 922 2749 992 quia
2797 921 2903 977 alio
2927 923 3084 978 modo
3124 940 3230 979 mn
3262 927 3480 994 potuit;

1895 1013 1989 1067 sed
2022 1014 2226 1083 majore
2263 1014 2497 1083 potentia
2527 1053 2544 1076 ,
2585 1020 2688 1081 qua
2747 1016 2812 1068 de
2858 1013 2998 1069 male
3053 1015 3252 1070 bonum
3297 1015 3482 1072 facere

1895 1105 2102 1174 potuit,
2152 1113 2208 1158 ut
2241 1121 2340 1159 nec
2369 1105 2566 1158 malum
2600 1105 2964 1159 inordinatum
3012 1106 3062 1158 in
3106 1121 3270 1172 regno
3306 1109 3486 1161 omni-

1897 1194 2130 1260 potentis
2179 1195 2459 1264 sapientia:
2515 1202 2878 1263 permaneret.
2920 1195 3061 1250 Disc.
3128 1195 3311 1251 Placet
3349 1199 3482 1252 mihi

1897 1282 2052 1337 valde
2086 1285 2228 1352 quod
2261 1285 2415 1340 dicis.
2447 1285 2588 1340 MAG.
2634 1285 2790 1341 Patet
2841 1285 3024 1355 itaque
3051 1286 3098 1342 si
3122 1287 3296 1344 bonus
3323 1303 3428 1359 ang
3451 1306 3487 1330 '-

1897 1373 1982 1428 lus
2008 1376 2109 1430 hoc
2135 1376 2250 1429 solo
2283 1375 2395 1444 jam
2425 1391 2650 1445 peccare
2678 1392 2782 1431 non
2814 1387 3027 1447 posset,
3070 1380 3194 1446 quia
3225 1381 3326 1433 scit
3360 1393 3486 1449 pic-

1883 1471 2077 1518 .catnm
2102 1465 2225 1519 mali
2248 1465 2421 1536 angeli
2445 1481 2662 1535 pcenam
2690 1474 2930 1522 secutam
2961 1480 3086 1523 esse
3111 1483 3126 1532 ;
3171 1482 3280 1537 quo
3307 1477 3428 1522 tazin
3449 1483 3486 1522 ιι

1896 1555 2008 1610 hac
2041 1555 2353 1624 impotentia
2378 1573 2482 1612 non
2515 1559 2584 1612 illi
2611 1569 2753 1614 esset
2800 1558 3341 1613 addmminutionem
3372 1559 3488 1612 lar-

1873 1643 1979 1698 .dis
2003 1644 2130 1711 nl"‘;
2171 1645 2266 1700 sed
2297 1646 2364 1700 ad
2391 1647 2668 1714 praunium
2699 1655 2929 1701 servatae
2952 1645 3196 1714 justittaa.
3238 1647 3346 1702 Sed
3375 1649 3489 1702 seis

1897 1734 2023 1802 quia
2053 1749 2219 1803 supra
2252 1735 2446 1788 claruit
2471 1750 2592 1790 eum
2644 1735 2846 1790 idcirco
2885 1749 3109 1804 peccare
3142 1746 3245 1790 non
3281 1751 3438 1805 posse
3466 1779 3486 1805 ,

221 1837 555 1898 comparata;
595 1827 672 1880 sic
699 1829 763 1879 ad
795 1826 1018 1896 gloriam
1050 1837 1132 1883 est
1161 1827 1475 1896 impotentia
1508 1827 1789 1896 peccandi,
1819 1816 1872 1887 ’Β
1897 1823 2154 1892 quoniam
2197 1825 2392 1880 merito
2437 1826 2855 1894 perseverantia:
2911 1825 3047 1879 adeo
3083 1837 3370 1896 provectus
3391 1825 3486 1858 ⁸³⁸⁵

221 1934 325 1989 qua:
361 1934 431 1972 ex
479 1919 709 1988 gloriosa
759 1919 984 1974 scientia
1017 1927 1103 1974 est
1129 1929 1278 1972 nata.
1327 1919 1788 1986 Quemadmodum

221 2009 533 2080 ergo.malus
558 2009 779 2080 angelus
796 2009 1180 2080 vituperandus
1203 2017 1308 2074 est,
1336 2010 1460 2079 quia
1490 2024 1594 2063 non
1615 2018 1794 2079 potest

221 2100 556 2170 adjustitiam
588 2100 794 2168 redire;
819 2101 892 2155 ita
915 2099 1016 2155 iste
1045 2100 1341 2154 laudandus
1371 2109 1482 2172 est,
1522 2099 1647 2170 quia
1686 2114 1793 2154 non

219 2201 376 2262 potest
400 2191 578 2246 abire.
609 2190 760 2266 Sicut
786 2192 928 2246 enim
956 2189 1176 2259 illejam
1206 2191 1382 2246 redire
1417 2205 1524 2245 non
1575 2200 1789 2260 p0test,
1869 2252 1874 2258 ί

220 2285 330 2352 quia
353 2283 474 2338 sola
506 2282 642 2337 mala
665 2283 940 2338 voluntate
966 2283 1130 2348 abiit;
1163 2283 1243 2337 sic
1269 2282 1371 2336 iste
1385 2279 1497 2349 jam
1523 2282 1672 2336 abire
1687 2297 1792 2336 non

221 2381 419 2442 potest,
456 2373 582 2443 q-iia
611 2373 721 2429 sola
768 2374 907 2428 bona
938 2373 1215 2428 voluntate
1263 2373 1576 2444 permansit.
1609 2371 1793 2426 Palam

222 2462 369 2532 igitur
397 2473 488 2519 est
521 2463 645 2532 quia
683 2463 822 2518 sicut
852 2463 924 2518 illi
954 2480 1055 2518 non
1078 2479 1238 2533 posse
1260 2477 1582 2534 recuperare
1605 2505 1620 2530 ,
1650 2462 1796 2532 quod

153 2589 166 2607 .
219 2554 479 2622 deseruit,
509 2563 592 2609 est
611 2567 768 2624 poena
793 2555 1038 2625 peccati,
1072 2555 1146 2610 ita
1177 2555 1303 2610 huic
1327 2570 1431 2610 non
1461 2567 1616 2624 posse
1644 2553 1797 2609 dese-

221 2661 329 2700 rere
348 2647 494 2718 quod
525 2634 723 2713 tenuit,
748 2655 830 2701 est
850 2647 1128 2715 praemium
1153 2645 1399 2716 justitite.

788 2757 1014 2813 CAPUT
1053 2758 1220 2814 XXV.

219 2875 360 2938 Quod
381 2873 477 2927 ille
497 2875 705 2926 etiamsi
729 2877 825 2926 hoc
847 2872 957 2926 solo
993 2873 1190 2925 dicitur
1215 2872 1333 2940 jam
1365 2889 1466 2925 non
1508 2888 1654 2937 posse
1678 2888 1795 2942 pec-

281 2961 400 2997 care
422 2983 440 3008 ,
472 2944 599 3013 quia
633 2961 769 2996 nunc
798 2945 944 2996 habet
970 2948 1104 3013 hanc
1134 2945 1404 2996 scientiam
1428 2944 1520 2974 ³³³⁸
1559 2960 1624 2998 ea:
1667 2960 1794 2998 casu

274 3015 502 3073 diaboli,
557 3025 730 3066 tamen
748 3014 829 3065 illi
860 3014 922 3066 sit
950 3014 1018 3066 ad
1043 3012 1286 3082 gloriam.
1315 3085 1320 3088 _

277 3122 447 3178 Valde
469 3123 694 3194 pulchra
722 3134 865 3179 esset
890 3125 1048 3194 hujus
1071 3124 1313 3180 scientiae
1335 3133 1496 3194 atque
1525 3125 1796 3195 impoten-

1900 1922 2014 1973 est,
2049 1923 2107 1966 ιιι
2128 1914 2240 1984 jam
2281 1931 2389 1969 non
2433 1915 2613 1969 videat
2639 1915 2767 1984 quid
2796 1914 2917 1984 plus
2946 1914 3082 1970 velle
3112 1926 3295 1984 queat.
3341 1916 3485 1971 Disc.

1899 2000 2040 2056 Nihil
2063 2003 2481 2074 excidilﬁorum
2501 2018 2623 2073 quae
2649 2019 2835 2072 supra,
2867 2003 3080 2058 ratione
3105 2003 3488 2074 investigante,

1898 2095 2263 2165 comperimus
2286 2135 2301 2163 ,
2323 2111 2363 2152 .a
2390 2096 2653 2150 memoria
2682 2109 2821 2149 mea.

2385 2227 2494 2298 73
2516 2224 2758 2297 ECAPUT
2797 2223 2986 2280 χχιιι.

1900 2336 2041 2404 Quid
2080 2339 2351 2394 horremus
2379 2338 2473 2370 ““
2517 2339 2703 2392 audito
2746 2338 2952 2392 nomine
2986 2338 3113 2392 ma’i
3137 2356 3150 2392 :
3174 2348 3222 2393 et
3261 2339 3387 2408 quid
3410 2338 3492 2408 fa-

1971 2413 2038 2462 c't
2058 2410 2148 2440 ²¹¹¹⁷
2178 2427 2354 2476 opera.
2377 2426 2494 2481 qua:
2515 2409 2710 2481 dicitur
2731 2409 2827 2441 "'3
2855 2410 3120 2478 injustitia
3155 2408 3347 2478 facere,
3371 2424 3491 2462 cum

1871 2525 1873 2527 .
1965 2481 2077 2548 ipsa
2105 2489 2152 2533 et
2195 2480 2394 2532 malum
2426 2480 2558 2536 nihil
2585 2480 2674 2532 sit.

1973 2592 2079 2647 Sed
2117 2608 2239 2646 cum
2269 2591 2518 2647 oumibus
2547 2591 2936 2662 quaestionibus
2967 2592 3100 2646 meis
3124 2591 3488 2660 satisfeceris,

1871 2684 1874 2687 ’
1900 2684 2027 2738 illud
2061 2685 2237 2737 adhuc
2262 2691 2517 2753 exspecto
2539 2681 2737 2751 aperiri
2772 2683 2898 2751 quid
2926 2682 2996 2738 sit
3022 2685 3162 2753 quod
3179 2686 3271 2720 ²¹⁸⁹
3303 2687 3490 2740 horre-

1899 2791 2019 2829 mus
2068 2763 2250 2828 a‘udito
2282 2773 2500 2828 nomine
2533 2772 2689 2838 mali;
2719 2781 2773 2826 ει
2808 2772 2937 2841 quid
2965 2771 3130 2828 faciat
3155 2791 3340 2846 opera,
3372 2789 3495 2846 qua

1899 2865 1952 2919 in
1975 2863 2216 2935 justitia,
2249 2878 2368 2932 qua:
2408 2863 2607 2916 malum
2656 2871 2761 2927 εει,
2801 2862 3021 2916 videtur
3073 2863 3273 2930 facere,
3321 2872 3399 2930 ut,
3432 2863 3488 2919 in

1899 2969 2135 3026 raptore,
2176 2956 2230 3010 in
2283 2955 2566 3010 libidinoso
2605 2969 2726 3008 cum
2777 2954 2977 3007 malum
3024 2953 3158 3008 nihil
3203 2955 3295 3008 sit.
3345 2953 3486 3009 ΜΑα.

1898 3049 2144 3105 Breviter
2173 3048 2267 3102 tibi
2311 3047 2608 3118 respondeo
2633 3046 2748 3098 ²¹⁶⁹.
2782 3045 3000 3110 Malum,
3032 3047 3174 3115 quod
3205 3056 3287 3100 est
3329 3045 3494 3115 justi-

1901 3141 1994 3206 tia,
2029 3146 2242 3209 semper
2265 3138 2397 3192 nihil
2427 3146 2545 3202 est;
2573 3137 2770 3191 malum
2801 3151 2950 3200 vero,
2991 3137 3133 3205 quod
3161 3145 3244 3190 est
3289 3137 3495 3191 incom-

211 3214 294 3268 tite
318 3223 418 3268 tua
446 3215 547 3268 ista
576 3215 990 3284 (cntemplatio,
1021 3215 1066 3269 si
1093 3216 1542 3284 quemadmodum
1571 3219 1794 3284 asseris,

1902 3231 2148 3294 moditas,
2181 3229 2471 3298 aliquando
2498 3228 2618 3282 sine
2647 3226 2810 3282 dubio
2838 3236 2920 3280 est
2952 3225 3108 3290 nihil,
3146 3235 3201 3278 ut
3240 3225 3489 3290 caacitas;

211 3304 322 3359 ideo
354 3308 502 3358 bono
534 3305 723 3375 angelo
753 3306 941 3359 eadem
974 3305 1199 3359 scientia
1228 3315 1283 3360 et
1308 3307 1644 3375 impotentia,
1672 3310 1797 3378 quia

207 3396 611 3467 perseveravit."
646 3395 1021 3464 contigissent.
1074 3394 1190 3449 Non
1240 3396 1383 3449 enim
1434 3410 1528 3450 eas
1573 3397 1799 3465 adeptus

207 3501 323 3542 esse
351 3487 599 3548 videtur,
651 3485 775 3553 quia
825 3484 938 3553 ipse
971 3486 1336 3554 perseveravit
1366 3484 1499 3550 m°;
1533 3486 1626 3541 sed
1670 3491 1798 3557 quia

207 3579 460 3634 desertor
490 3592 592 3630 non
623 3577 1010 3646 perseveravit.
1043 3577 1181 3631 MAG.
1215 3577 1270 3632 Si
1302 3578 1376 3631 ita
1409 3588 1490 3633 est
1533 3587 1589 3632 ut
1632 3580 1796 3645 dicis,

205 3671 446 3737 gaudere
478 3677 654 3738 potest
679 3669 852 3725 bonus
884 3669 1108 3739 angelus
1136 3670 1202 3724 de
1246 3686 1374 3724 casu
1411 3679 1670 3740 apostatte
1703 3687 1802 3724 an-

204 3760 335 3830 geli,
364 3769 556 3830 utpote
583 3762 667 3815 cui
697 3761 1018 3830 expediebat
1047 3771 1104 3816 ut
1128 3760 1215 3816 ille
1245 3762 1465 3816 caderet
1493 3778 1506 3826 ;
1542 3762 1796 3830 quoniam

204 3867 232 3904 a
256 3854 441 3922 Teptus
467 3860 551 3906 est
597 3853 736 3907 hanc
770 3853 1089 3918 scientiam,
1131 3869 1236 3922 qua
1271 3869 1368 3908 nec
1398 3869 1663 3923 peccare,
1699 3869 1797 3908 nec

200 3943 370 3996 miser
386 3957 512 3998 esse
534 3943 765 4013 amplius
787 3943 984 4013 possit;
1013 3960 1118 4000 non
1136 3946 1260 4015 quia
1287 3946 1397 4013 ipse
1421 3946 1556 4000 bene
1579 3946 1798 4013 meruit,

201 4035 296 4088 sed
331 4035 467 4105 quia
495 4034 635 4090 alius
659 4035 797 4089 tnale
824 4036 1022 4090 meruit
1050 4053 1062 4089 :
1115 4051 1234 4105 qua:
1271 4037 1450 4090 omnia
1480 4046 1605 4090 sunt
1632 4037 1799 4092 nimia

198 4126 548 4181 absurditate
570 4126 750 4195 plena.
786 4126 932 4181 Dtsc.
965 4126 1182 4194 Quanto
1221 4126 1509 4181 absurdius
1539 4126 1754 4181 videtur
1779 4167 1796 4194 ,

200 4218 344 4274 sicut
386 4231 446 4274 tu
481 4230 794 4285 mon.~tras,
839 4221 1002 4274 stanti
1060 4219 1253 4290 angelo
1308 4215 1575 4289 profuisse
1615 4235 1798 4274 casum

194 4313 507 4380 peccantis;
539 4321 688 4366 tanto
713 4313 884 4382 magis
914 4314 1284 4367 necessarium
1315 4311 1410 4344 ²¹⁵¹
1437 4321 1520 4367 εει
1543 4322 1598 4366 ιιι
1621 4322 1803 4368 osten-

197 4404 297 4459 das
320 4405 494 4460 istum
519 4419 624 4459 non
660 4403 780 4458 ideo
807 4406 1058 4473 adeptum
1083 4421 1204 4459 esse
1227 4405 1538 4470 scientiam,
1589 4404 1654 4460 de
1693 4419 1799 4474 qua

192 4499 386 4566 agitur
416 4537 434 4562 ,
481 4497 609 4566 quia
649 4495 737 4550 ille
764 4497 1028 4565 peccavit.
1077 4497 1217 4552 MAG.
1262 4496 1374 4550 Non
1416 4498 1580 4552 debes
1617 4497 1799 4552 dicere

1902 3323 2194 3393 aliquando
2217 3330 2301 3375 est
2329 3319 2555 3389 aliquid,
2589 3327 2648 3373 ut
2686 3317 2907 3372 tristitia
2952 3325 3005 3370 et
3034 3316 3206 3372 dolor.
3243 3315 3307 3368 Et
3349 3317 3492 3368 hanc

1901 3411 2419 3476 inrommoditatem,
2450 3424 2570 3478 qua:
2603 3418 2686 3464 est
2713 3408 2937 3476 aliquid,
2967 3421 3182 3476 semper
3222 3406 3348 3460 odio
3390 3405 3489 3458 ha-

1898 3503 2111 3556 bemus.
2145 3499 2278 3554 Cnm
2304 3500 2484 3568 itaque
2527 3498 2775 3552 audimus
2818 3510 3014 3551 nomen
3047 3495 3209 3561 mali;
3243 3511 3347 3549 non
3373 3509 3491 3548 ma-

1898 3592 2008 3646 lum
2061 3591 2206 3661 quod
2270 3589 2401 3645 nihil
2444 3598 2568 3656 est,
2604 3589 2899 3653 timemus;
2957 3586 3051 3642 sed
3099 3587 3298 3640 malum
3349 3583 3492 3655 quol

1901 3681 2103 3751 aliquid
2133 3689 2237 3746 est,
2261 3681 2402 3750 quod
2416 3680 2729 3735 absentiam
2773 3678 2896 3732 boui
2936 3678 3215 3749 {sequium
3245 3675 3379 3732 Nam
3412 3675 3494 3730 in-

1895 3772 2161 3844 justitiam
2202 3782 2255 3827 et
2285 3773 2609 3836 caecitatem,
2639 3786 2762 3840 quae
2814 3770 3016 3825 malum
3055 3779 3111 3826 et
3155 3767 3289 3823 nihil
3336 3776 3490 3828 sunt,

1899 3873 2204 3933 sequuntur
2226 3862 2408 3932 .‘mnlta
2438 3862 2796 3927 incommoda,
2817 3877 2936 3928 qum
2967 3861 3164 3914 malum
3195 3871 3248 3914 et
3294 3859 3494 3928 aliquid

1900 3961 2023 4008 sunt
2049 3969 2062 4004 :
2085 3959 2139 4005 et
2163 3951 2276 4004 haec
2299 3960 2422 4004 sunt
2451 3965 2570 4019 quae
2591 3951 2872 4005 horremus
2895 3949 3080 4004 audito
3101 3948 3320 4004 nomine
3343 3946 3490 4000 mali.

1900 4047 2033 4101 Cum
2067 4052 2246 4096 autem
2273 4041 2504 4096 dicimus
2542 4043 2667 4110 quia
2722 4040 2990 4109 injustitia
3051 4038 3186 4093 facit
3226 4039 3492 4108 rapinam,

1901 4145 1993 4191 aut
2019 4133 2235 4190 caecitas
2266 4131 2397 4187 facit
2421 4133 2693 4187 hominem
2721 4133 2916 4186 cadere
2951 4133 3000 4184 in
3026 4130 3261 4189 foveam,
3295 4142 3494 4194 nequa-

1902 4240 2064 4296 quam
2105 4222 2508 4293 intelligendum
2548 4232 2632 4277 est
2679 4222 2822 4293 quod
2865 4221 3126 4292 injustitia
3159 4228 3252 4272 aut
3282 4217 3495 4272 cmcilas

1880 4317 2104 4379 ,faciant
2125 4314 2322 4384 aliquid
2357 4329 2373 4380 ;
2405 4314 2499 4367 sed
2530 4315 2672 4384 quod
2697 4315 2739 4368 si
2764 4313 2976 4382 justitia
3000 4312 3089 4344 ³⁸⁸⁸
3136 4319 3283 4366 esset
3311 4310 3362 4364 in
3402 4323 3494 4362 vo-

1901 4406 2129 4471 lunlatc,
2186 4413 2240 4459 et
2293 4404 2442 4459 visus
2486 4405 2538 4458 in
2583 4403 2781 4470 oculo,
2820 4419 2918 4458 nec
2942 4405 3127 4471 rapina
3157 4402 3346 4464 fieret,
3391 4415 3494 4454 nec

1903 4515 2063 4556 casus
2089 4503 2141 4557 in
2173 4502 2400 4556 foveam.
2454 4495 2583 4552 Tale
2604 4506 2706 4560 est,
2761 4511 2884 4550 cum
2935 4493 3201 4547 dicimus:
3231 4490 3493 4544 Absentia

193 4588 320 4643 ideo
346 4577 558 4642 bonum
583 4587 832 4657 angelum
861 4589 928 4642 ad
976 4589 1256 4642 scientiam
1301 4589 1593 4658 profecisse
1631 4590 1799 4655 hanc,
1831 4566 1884 4626 Ῑ)
1907 4591 2254 4659 gubernaculi
2287 4591 2514 4661 impellit
2542 4604 2734 4644 navem
2773 4588 2824 4640 in
2870 4583 3146 4655 scopulos,
3175 4593 3265 4637 aut
3304 4586 3496 4636 absen-

190 4680 324 4749 quia
359 4679 546 4734 malus
576 4679 860 4749 peccavit;
890 4681 984 4736 sed
1013 4682 1212 4735 bonum
1241 4681 1489 4750 angelum
1529 4681 1647 4736 ideo
1670 4696 1798 4750 pro-

192 4765 406 4824 fecisse
447 4771 514 4823 ad
564 4771 703 4824 hanc
735 4770 1018 4824 scientiam
1056 4770 1300 4840 exemplo
1344 4770 1621 4837 cadentis,
1674 4770 1800 4840 quia

188 4857 282 4916 ille
314 4861 581 4932 peccavit
607 4860 724 4915 ²¹⁸⁸.
755 4861 811 4916 Si
836 4861 979 4916 enim
1011 4871 1200 4917 neuter
1239 4871 1542 4933 peccasset,
1585 4863 1798 4932 utrique

1911 4681 1980 4734 lia
2011 4680 2146 4735 freni
2176 4681 2306 4736 facit
2330 4697 2527 4751 equum
2567 4681 2874 4734 discurrere
2900 4678 3084 4747 :quod
3110 4691 3216 4731 non
3239 4682 3322 4730 est
3351 4670 3496 4726 aliud

1906 4787 2067 4841 quam
2107 4773 2150 4827 si
2182 4773 2606 4846 gubernaculum
2645 4787 2676 4825 a
2699 4773 2859 4826 {esset
2909 4771 3031 4823 navi
3061 4768 3154 4799 ’⁸⁸⁸
3189 4775 3243 4821 ει
3281 4765 3494 4818 frenum

1905 4878 2066 4934 equo,
2096 4881 2194 4920 nec
2234 4866 2379 4919 venti
2421 4879 2612 4920 navem
2664 4863 3023 4935 impellerent,
3039 4873 3138 4915 nec
3174 4871 3343 4927 eqnus
3381 4854 3497 4908 dis-

1609 4969 1842 5026 VARUE
1886 4971 2289 5029 LECTIONES.

260 5067 376 5098 ’ίδδ
407 5064 506 5120 111ε
537 5064 590 5119 id
619 5079 685 5119 eo
728 5065 888 5119 modo
909 5071 1036 5119 mss.
1065 5064 1151 5119 ille
1180 5063 1271 5120 illo
1299 5063 1460 5119 modo

1562 5063 1657 5136 ἰδ-⁸
1682 5063 1767 5118 Ad
1811 5081 2025 5136 pinnam
2055 5084 2178 5121 mss.
2206 5067 2270 5120 ad
2294 5067 2674 5124 contumeliam

2785 5065 2880 5101 ¹¹⁸⁶
2912 5063 3004 5118 Sic
3027 5060 3112 5117 isti
3143 5059 3232 5130 qui
3265 5055 3497 5130 mss._ita

185 5136 283 5214 isti
317 5137 596 5214 quoniam
670 5135 764 5214 "1’"
790 5135 1040 5214 Scientia
1078 5143 1162 5214 est
1189 5152 1287 5189 ms.
1322 5133 1514 5214 Cister.
1566 5127 1921 5214 scientia-sua
1950 5147 2035 5214 est
2107 5136 2289 5214 “"'_Si
2323 5139 2720 5214 ergo‘ille‘mss.
2750 5135 2896 5214 _Vit_'t.
2927 5133 3112 5187 Cister.
3155 5127 3198 5184 εἰ
3232 5141 3363 5214 ergo
3393 5127 3498 5214 iste

185 5207 286 5240 ἰδ’
323 5206 480 5274 Quia
532 5221 678 5259 nunc
716 5205 880 5259 habet
910 5205 1192 5260 scientiam
1239 5222 1365 5260 mss.
1403 5205 1528 5274 quia
1583 5221 1726 5259 nunc
1765 5207 1930 5261 habet
1978 5209 2120 5262 hanc
2150 5205 2430 5262 scientiam

2538 5209 2631 5239 ²¹¹⁰
2663 5207 2797 5274 Quia
2837 5207 2953 5276 ipse
2996 5199 3359 5276 perseveravit
3394 5213 3493 5250 ms.

181 5271 402 5332 cum}.
454 5276 602 5348 omit.
638 5277 752 5346 ipse
816 5276 916 5348 7"“
947 5276 1100 5330 Sicut
1145 5285 1198 5328 tu
1239 5271 1541 5348 monstras,
1576 5290 1760 5348 casum
1797 5281 2072 5346 peccantis
2120 5279 2291 5348 angeli
2318 5277 2587 5348 profuisse
2614 5271 2776 5332 stanti
2811 5292 2824 5330 :
2857 5271 3015 5348 {ante
3044 5271 3214 5340 magis
3249 5281 3498 5348 accessa:

181 5349 344 5418 rium
399 5363 503 5418 ms.
544 5345 749 5418 (.‘ister.
783 5347 924 5400 sicut
968 5355 1327 5418 tuimonstras
1361 5347 1526 5400 stanti
1571 5347 1760 5418 angelo
1800 5345 2066 5418 profuisse
2113 5345 2835 5418 cas—utnfpeccantis,itanto
2875 5345 3299 5418 magisnecesm

177 5417 477 5488 Cadentis
521 5417 648 5484 quia
699 5417 788 5488 ille
829 5417 1102 5488 peccavit“
1117 5415 1454 5488 utstCister.
1488 5415 1732 5488 cadentis
1763 5415 1888 5488 quia
1926 5419 2014 5473 ille
2041 5435 2145 5473 non
2177 5415 2422 5487 peccavit

2522 5418 2616 5450 ἰδ’
2641 5406 2840 5471 ’ΝιιΙΙιιε
2863 5406 3005 5470 enim
3037 5413 3170 5468 dicit
3198 5427 3322 5465 mss.
3359 5406 3496 5462 Vict.

175 5487 403 5542 εὕδων.
447 5482 626 5542 nullus
656 5482 800 5542 enim
829 5482 975 5542 dicet
1065 5485 1160 5517 “"
1194 5486 1543 5542 Minutionem
1575 5487 1748 5543 laudis
1780 5482 1910 5542 mss.
1938 5482 2369 5543 immunitioncm
2402 5487 2581 5543 laudis
2671 5487 2766 5519 ⁸⁸⁸⁸
2808 5486 2851 5540 A
2899 5482 3467 5554 Deogperl'ectusmss.

177 5561 340 5613 adeo
394 5567 694 5626 provectus

169 5631 444 5684 videtur
486 5644 610 5680 mss.
665 5643 788 5696 qum
840 5627 1040 5682 dicitur

169 5697 525 5770 respondeo

167 5781 312 5826 seut
353 5784 500 5823 mss.
529 5769 640 5823 htrc
663 5770 810 5824 omit.

797 5557 890 5588 ³⁸⁸⁸
933 5556 1088 5624 Quod
1141 5556 1427 5621 horremus
1475 5574 1601 5611 mss.
1657 5557 1797 5624 Quid
1827 5559 2113 5613 horremus
2186 5560 2278 5590 ’⁸⁵⁷
2327 5558 2465 5624 Quid
2501 5559 2664 5613 faciat
2693 5573 2820 5611 mss.
2851 5556 2978 5627 quid
3008 5552 3143 5609 facit

840 5627 1040 5660 Αἷιιῖιιηρ
1145 5628 1239 5660 III.
1266 5627 1418 5660 nutu.
1451 5629 1518 5660 nil
1564 5629 1704 5660 ιιι-ΛΑ
1740 5643 1846 5660 mn.
1910 5631 2036 5660 ,ιιιῖιι
2069 5631 2133 5660 υἷι
2169 5645 2220 5660 η.
2244 5630 2310 5660 ΛΑ
2408 5628 2502 5660 8160
2534 5628 2654 5660 ῬΗιῖ
2701 5626 3036 5660 puer-nnciam
3062 5641 3140 5660 me

665 5643 788 5696 qum
840 5627 1040 5682 dicitur
1145 5628 1239 5660 ἠ’
1266 5627 1419 5695 Quod
1451 5629 1521 5683 sit
1563 5629 1704 5698 quod
1740 5643 1867 5682 mss.
1910 5631 2037 5700 quid
2069 5631 2138 5684 sit
2168 5630 2312 5698 quod

624 5699 715 5729 ¹¹⁶⁸
746 5699 852 5785 Sed
884 5698 926 5754 si
951 5697 1164 5768 justitia
1211 5715 1338 5785 mss:
1369 5699 1462 5754 sed
1498 5699 1640 5769 quod
1666 5701 1708 5752 si
1737 5700 1942 5770 justitia
2055 5700 2146 5732 ³¹⁶¹
2175 5702 2312 5756 Ahes

3246 5550 3341 5583 ms
3370 5545 3501 5616 Quae

2408 5628 2502 5660 ²¹⁶⁰
2534 5628 2657 5683 Tibi
2701 5620 3036 5697 respondebo
3062 5641 3188 5697 mss.
3233 5620 3497 5697 Vict._libi

2055 5700 2146 5732 ³¹⁶¹
2175 5690 2338 5756 Abest
2371 5699 2492 5753 navi
2519 5716 2643 5755 mss.
2680 5690 2891 5756 adesset
2919 5697 3060 5753 navi.
3097 5695 3227 5762 Quae
3253 5693 3297 5748 si
3339 5690 3497 5745 ades-
