  <div class='ocr_page' id='page_1' title='image "/cluster/home/n/w/nwhite01/storage/ocr_20150623/158/hvd.32044024236689/220.png"; bbox 0 0 4050 6294; ppageno 0'>
   <div class='ocr_carea' id='block_1_1' title="bbox 222 336 2312 397">
    <p class='ocr_par' dir='ltr' id='par_1_1' title="bbox 222 336 2312 397">
     <span class='ocr_line' id='line_1_1' title="bbox 222 336 2312 397; baseline 0.002 -6"><span class='ocrx_word' id='word_1_1' title='bbox 222 336 310 391; x_wconf 72' lang='grc' dir='ltr'><strong>ΞΜ</strong></span> <span class='ocrx_word' id='word_1_2' title='bbox 1356 338 1495 394; x_wconf 65' lang='grc' dir='ltr'><strong>αῖῆ</strong></span> <span class='ocrx_word' id='word_1_3' title='bbox 1543 339 1719 394; x_wconf 82' lang='lat' dir='ltr'><strong>DEUS</strong></span> <span class='ocrx_word' id='word_1_4' title='bbox 1756 339 1965 396; x_wconf 79' lang='lat' dir='ltr'><strong>HOMO.</strong></span> <span class='ocrx_word' id='word_1_5' title='bbox 1997 372 2063 383; x_wconf 89' lang='lat'><strong>—</strong></span> <span class='ocrx_word' id='word_1_6' title='bbox 2103 341 2232 397; x_wconf 85' lang='lat' dir='ltr'><strong>LIB.</strong></span> <span class='ocrx_word' id='word_1_7' title='bbox 2274 343 2312 396; x_wconf 89' lang='grc' dir='ltr'><strong>Ι.</strong></span> 
     </span>
    </p>
   </div>
   <div class='ocr_carea' id='block_1_2' title="bbox 3356 352 3462 409">
    <p class='ocr_par' dir='ltr' id='par_1_2' title="bbox 3356 352 3462 409">
     <span class='ocr_line' id='line_1_2' title="bbox 3356 352 3462 409; baseline 0.019 -2"><span class='ocrx_word' id='word_1_8' title='bbox 3356 352 3462 409; x_wconf 62' lang='grc' dir='ltr'><strong>5δῖ</strong></span> 
     </span>
    </p>
   </div>
   <div class='ocr_carea' id='block_1_3' title="bbox 222 449 3459 531">
    <p class='ocr_par' dir='ltr' id='par_1_3' title="bbox 222 449 3459 531">
     <span class='ocr_line' id='line_1_3' title="bbox 222 449 3459 531; baseline 0.005 -28"><span class='ocrx_word' id='word_1_9' title='bbox 222 453 323 505; x_wconf 78' lang='lat' dir='ltr'><strong>vius</strong></span> <span class='ocrx_word' id='word_1_10' title='bbox 350 463 506 518; x_wconf 88' lang='lat' dir='ltr'><strong>quam</strong></span> <span class='ocrx_word' id='word_1_11' title='bbox 558 449 750 504; x_wconf 82' lang='lat' dir='ltr'><strong>vellem</strong></span> <span class='ocrx_word' id='word_1_12' title='bbox 781 465 897 502; x_wconf 84' lang='lat' dir='ltr'><strong>sum</strong></span> <span class='ocrx_word' id='word_1_13' title='bbox 929 460 1173 510; x_wconf 85' lang='lat' dir='ltr'><strong>coactus,</strong></span> <span class='ocrx_word' id='word_1_14' title='bbox 1213 459 1270 502; x_wconf 91' lang='lat' dir='ltr'><strong>ut</strong></span> <span class='ocrx_word' id='word_1_15' title='bbox 1313 450 1479 518; x_wconf 89' lang='lat' dir='ltr'><strong>potui,</strong></span> <span class='ocrx_word' id='word_1_16' title='bbox 1523 466 1776 505; x_wconf 85' lang='lat' dir='ltr'><strong>consum-</strong></span> <span class='ocrx_word' id='word_1_17' title='bbox 1806 454 1849 510; x_wconf 74' lang='grc' dir='ltr'><strong>Α</strong></span> <span class='ocrx_word' id='word_1_18' title='bbox 1890 451 2005 505; x_wconf 85' lang='lat' dir='ltr'><strong>sine</strong></span> <span class='ocrx_word' id='word_1_19' title='bbox 2048 453 2157 508; x_wconf 89' lang='lat' dir='ltr'><strong>illo.</strong></span> <span class='ocrx_word' id='word_1_20' title='bbox 2208 455 2262 508; x_wconf 91' lang='lat' dir='ltr'><strong>In</strong></span> <span class='ocrx_word' id='word_1_21' title='bbox 2310 452 2551 508; x_wconf 84' lang='lat' dir='ltr'><strong>secundo</strong></span> <span class='ocrx_word' id='word_1_22' title='bbox 2596 464 2776 509; x_wconf 89' lang='lat' dir='ltr'><strong>autem</strong></span> <span class='ocrx_word' id='word_1_23' title='bbox 2803 456 2941 511; x_wconf 89' lang='lat' dir='ltr'><strong>libro</strong></span> <span class='ocrx_word' id='word_1_24' title='bbox 2992 458 3259 522; x_wconf 71' lang='lat' dir='ltr'><strong>similiter,</strong></span> <span class='ocrx_word' id='word_1_25' title='bbox 3303 465 3459 531; x_wconf 84' lang='lat' dir='ltr'><strong>quasi</strong></span> 
     </span>
    </p>
   </div>
   <div class='ocr_carea' id='block_1_4' title="bbox 224 537 1777 607">
    <p class='ocr_par' dir='ltr' id='par_1_4' title="bbox 224 537 1777 607">
     <span class='ocr_line' id='line_1_4' title="bbox 224 537 1777 607; baseline -0.001 -14"><span class='ocrx_word' id='word_1_26' title='bbox 224 554 366 593; x_wconf 88' lang='lat' dir='ltr'><strong>mare.</strong></span> <span class='ocrx_word' id='word_1_27' title='bbox 396 537 528 590; x_wconf 77' lang='lat' dir='ltr'><strong>Nam</strong></span> <span class='ocrx_word' id='word_1_28' title='bbox 569 538 743 606; x_wconf 89' lang='lat' dir='ltr'><strong>plura,</strong></span> <span class='ocrx_word' id='word_1_29' title='bbox 777 554 897 607; x_wconf 74' lang='lat' dir='ltr'><strong>qua:</strong></span> <span class='ocrx_word' id='word_1_30' title='bbox 936 537 1101 603; x_wconf 89' lang='lat' dir='ltr'><strong>tacui,</strong></span> <span class='ocrx_word' id='word_1_31' title='bbox 1148 538 1495 591; x_wconf 89' lang='lat' dir='ltr'><strong>inseruissem</strong></span> <span class='ocrx_word' id='word_1_32' title='bbox 1524 548 1580 591; x_wconf 89' lang='lat' dir='ltr'><strong>et</strong></span> <span class='ocrx_word' id='word_1_33' title='bbox 1625 539 1777 592; x_wconf 85' lang='lat' dir='ltr'><strong>addi-</strong></span> 
     </span>
    </p>
   </div>
   <div class='ocr_carea' id='block_1_5' title="bbox 222 624 1777 698">
    <p class='ocr_par' dir='ltr' id='par_1_5' title="bbox 222 624 1777 698">
     <span class='ocr_line' id='line_1_5' title="bbox 222 624 1777 698; baseline -0.001 -16"><span class='ocrx_word' id='word_1_34' title='bbox 222 628 418 691; x_wconf 78' lang='lat' dir='ltr'><strong>dissent,</strong></span> <span class='ocrx_word' id='word_1_35' title='bbox 467 627 512 681; x_wconf 89' lang='lat' dir='ltr'><strong>si</strong></span> <span class='ocrx_word' id='word_1_36' title='bbox 567 628 621 681; x_wconf 90' lang='lat' dir='ltr'><strong>in</strong></span> <span class='ocrx_word' id='word_1_37' title='bbox 649 628 829 696; x_wconf 88' lang='lat' dir='ltr'><strong>quiete</strong></span> <span class='ocrx_word' id='word_1_38' title='bbox 872 638 927 682; x_wconf 89' lang='lat' dir='ltr'><strong>et</strong></span> <span class='ocrx_word' id='word_1_39' title='bbox 972 642 1212 698; x_wconf 88' lang='lat' dir='ltr'><strong>congruo</strong></span> <span class='ocrx_word' id='word_1_40' title='bbox 1251 626 1424 696; x_wconf 90' lang='lat' dir='ltr'><strong>spatio</strong></span> <span class='ocrx_word' id='word_1_41' title='bbox 1466 626 1592 681; x_wconf 89' lang='lat' dir='ltr'><strong>illud</strong></span> <span class='ocrx_word' id='word_1_42' title='bbox 1648 624 1777 682; x_wconf 87' lang='lat' dir='ltr'><strong>mihi</strong></span> 
     </span>
    </p>
   </div>
   <div class='ocr_carea' id='block_1_6' title="bbox 222 716 1775 789">
    <p class='ocr_par' dir='ltr' id='par_1_6' title="bbox 222 716 1775 789">
     <span class='ocr_line' id='line_1_6' title="bbox 222 716 1775 789; baseline 0.001 -18"><span class='ocrx_word' id='word_1_43' title='bbox 222 718 357 771; x_wconf 87' lang='lat' dir='ltr'><strong>edere</strong></span> <span class='ocrx_word' id='word_1_44' title='bbox 379 717 642 773; x_wconf 90' lang='lat' dir='ltr'><strong>licuisset.</strong></span> <span class='ocrx_word' id='word_1_45' title='bbox 668 718 726 771; x_wconf 88' lang='lat' dir='ltr'><strong>In</strong></span> <span class='ocrx_word' id='word_1_46' title='bbox 772 734 964 789; x_wconf 80' lang='lat' dir='ltr'><strong>magna</strong></span> <span class='ocrx_word' id='word_1_47' title='bbox 1007 720 1154 773; x_wconf 91' lang='lat' dir='ltr'><strong>enim</strong></span> <span class='ocrx_word' id='word_1_48' title='bbox 1197 719 1379 773; x_wconf 79' lang='lat' dir='ltr'><strong>cordis</strong></span> <span class='ocrx_word' id='word_1_49' title='bbox 1406 716 1775 783; x_wconf 86' lang='lat' dir='ltr'><strong>tribulatione,</strong></span> 
     </span>
    </p>
   </div>
   <div class='ocr_carea' id='block_1_7' title="bbox 221 808 1776 877">
    <p class='ocr_par' dir='ltr' id='par_1_7' title="bbox 221 808 1776 877">
     <span class='ocr_line' id='line_1_7' title="bbox 221 808 1776 877; baseline 0.003 -18"><span class='ocrx_word' id='word_1_50' title='bbox 221 822 357 877; x_wconf 88' lang='lat' dir='ltr'><strong>quam</strong></span> <span class='ocrx_word' id='word_1_51' title='bbox 388 810 531 862; x_wconf 88' lang='lat' dir='ltr'><strong>unde</strong></span> <span class='ocrx_word' id='word_1_52' title='bbox 576 819 632 863; x_wconf 88' lang='lat' dir='ltr'><strong>et</strong></span> <span class='ocrx_word' id='word_1_53' title='bbox 674 824 773 863; x_wconf 92' lang='lat' dir='ltr'><strong>cur</strong></span> <span class='ocrx_word' id='word_1_54' title='bbox 800 823 993 877; x_wconf 90' lang='lat' dir='ltr'><strong>passus</strong></span> <span class='ocrx_word' id='word_1_55' title='bbox 1023 808 1126 863; x_wconf 90' lang='lat' dir='ltr'><strong>sim</strong></span> <span class='ocrx_word' id='word_1_56' title='bbox 1172 809 1321 863; x_wconf 88' lang='lat' dir='ltr'><strong>novit</strong></span> <span class='ocrx_word' id='word_1_57' title='bbox 1366 808 1534 873; x_wconf 87' lang='lat' dir='ltr'><strong>Deus,</strong></span> <span class='ocrx_word' id='word_1_58' title='bbox 1568 809 1696 863; x_wconf 90' lang='lat' dir='ltr'><strong>illud</strong></span> <span class='ocrx_word' id='word_1_59' title='bbox 1724 810 1776 863; x_wconf 90' lang='lat' dir='ltr'><strong>in</strong></span> 
     </span>
    </p>
   </div>
   <div class='ocr_carea' id='block_1_8' title="bbox 222 898 1775 971">
    <p class='ocr_par' dir='ltr' id='par_1_8' title="bbox 222 898 1775 971">
     <span class='ocr_line' id='line_1_8' title="bbox 222 898 1775 971; baseline 0.001 -18"><span class='ocrx_word' id='word_1_60' title='bbox 222 899 385 969; x_wconf 80' lang='lat' dir='ltr'><strong>Anglia</strong></span> <span class='ocrx_word' id='word_1_61' title='bbox 415 900 507 931; x_wconf 83' lang='grc'>²¹⁸¹</span> <span class='ocrx_word' id='word_1_62' title='bbox 540 909 759 971; x_wconf 78' lang='lat' dir='ltr'><strong>rogatus</strong></span> <span class='ocrx_word' id='word_1_63' title='bbox 798 900 1019 969; x_wconf 73' lang='lat' dir='ltr'><strong>inempi,</strong></span> <span class='ocrx_word' id='word_1_64' title='bbox 1053 908 1107 955; x_wconf 92' lang='lat' dir='ltr'><strong>et</strong></span> <span class='ocrx_word' id='word_1_65' title='bbox 1134 900 1184 953; x_wconf 92' lang='lat' dir='ltr'><strong>in</strong></span> <span class='ocrx_word' id='word_1_66' title='bbox 1216 898 1467 970; x_wconf 89' lang='lat' dir='ltr'><strong>Capuana</strong></span> <span class='ocrx_word' id='word_1_67' title='bbox 1498 901 1775 970; x_wconf 82' lang='lat' dir='ltr'><strong>provincia</strong></span> 
     </span>
    </p>
   </div>
   <div class='ocr_carea' id='block_1_9' title="bbox 220 992 1776 1063">
    <p class='ocr_par' dir='ltr' id='par_1_9' title="bbox 220 992 1776 1063">
     <span class='ocr_line' id='line_1_9' title="bbox 220 992 1776 1063; baseline 0.003 -18"><span class='ocrx_word' id='word_1_68' title='bbox 220 992 519 1063; x_wconf 82' lang='lat' dir='ltr'><strong>peregrinus</strong></span> <span class='ocrx_word' id='word_1_69' title='bbox 569 993 799 1063; x_wconf 79' lang='lat' dir='ltr'><strong>perfeci.</strong></span> <span class='ocrx_word' id='word_1_70' title='bbox 830 994 986 1060; x_wconf 83' lang='lat' dir='ltr'><strong>Quod</strong></span> <span class='ocrx_word' id='word_1_71' title='bbox 1029 994 1324 1048; x_wconf 89' lang='lat' dir='ltr'><strong>secundum</strong></span> <span class='ocrx_word' id='word_1_72' title='bbox 1374 996 1678 1057; x_wconf 88' lang='lat' dir='ltr'><strong>materiam,</strong></span> <span class='ocrx_word' id='word_1_73' title='bbox 1710 997 1776 1050; x_wconf 92' lang='lat' dir='ltr'><strong>de</strong></span> 
     </span>
    </p>
   </div>
   <div class='ocr_carea' id='block_1_10' title="bbox 219 1081 1776 1151">
    <p class='ocr_par' dir='ltr' id='par_1_10' title="bbox 219 1081 1776 1151">
     <span class='ocr_line' id='line_1_10' title="bbox 219 1081 1776 1151; baseline 0.005 -18"><span class='ocrx_word' id='word_1_74' title='bbox 219 1097 305 1150; x_wconf 90' lang='lat' dir='ltr'><strong>qua</strong></span> <span class='ocrx_word' id='word_1_75' title='bbox 329 1083 531 1137; x_wconf 85' lang='lat' dir='ltr'><strong>editum</strong></span> <span class='ocrx_word' id='word_1_76' title='bbox 564 1093 668 1149; x_wconf 90' lang='lat' dir='ltr'><strong>est,</strong></span> <span class='ocrx_word' id='word_1_77' title='bbox 688 1081 799 1137; x_wconf 83' lang='lat' dir='ltr'><strong>Cur</strong></span> <span class='ocrx_word' id='word_1_78' title='bbox 818 1084 955 1137; x_wconf 78' lang='lat' dir='ltr'><strong>Deus</strong></span> <span class='ocrx_word' id='word_1_79' title='bbox 990 1085 1142 1137; x_wconf 82' lang='lat' dir='ltr'><strong>homo</strong></span> <span class='ocrx_word' id='word_1_80' title='bbox 1172 1084 1463 1151; x_wconf 83' lang='lat' dir='ltr'><strong>nominavi,</strong></span> <span class='ocrx_word' id='word_1_81' title='bbox 1487 1085 1613 1140; x_wconf 85' lang='lat' dir='ltr'><strong>etin</strong></span> <span class='ocrx_word' id='word_1_82' title='bbox 1643 1088 1776 1141; x_wconf 88' lang='lat' dir='ltr'><strong>duos</strong></span> 
     </span>
    </p>
   </div>
   <div class='ocr_carea' id='block_1_11' title="bbox 221 1171 1773 1244">
    <p class='ocr_par' dir='ltr' id='par_1_11' title="bbox 221 1171 1773 1244">
     <span class='ocr_line' id='line_1_11' title="bbox 221 1171 1773 1244; baseline 0.004 -21"><span class='ocrx_word' id='word_1_83' title='bbox 221 1171 404 1227; x_wconf 83' lang='lat' dir='ltr'><strong>libellos</strong></span> <span class='ocrx_word' id='word_1_84' title='bbox 444 1174 688 1227; x_wconf 77' lang='lat' dir='ltr'><strong>distinxi.</strong></span> <span class='ocrx_word' id='word_1_85' title='bbox 735 1173 974 1241; x_wconf 86' lang='lat' dir='ltr'><strong>Quorum</strong></span> <span class='ocrx_word' id='word_1_86' title='bbox 1025 1175 1173 1243; x_wconf 91' lang='lat' dir='ltr'><strong>prior</strong></span> <span class='ocrx_word' id='word_1_87' title='bbox 1212 1176 1428 1244; x_wconf 86' lang='lat' dir='ltr'><strong>quidem</strong></span> <span class='ocrx_word' id='word_1_88' title='bbox 1480 1176 1773 1230; x_wconf 84' lang='lat' dir='ltr'><strong>inﬁdelium</strong></span> 
     </span>
    </p>
   </div>
   <div class='ocr_carea' id='block_1_12' title="bbox 221 1262 1775 1338">
    <p class='ocr_par' dir='ltr' id='par_1_12' title="bbox 221 1262 1775 1338">
     <span class='ocr_line' id='line_1_12' title="bbox 221 1262 1775 1338; baseline 0.007 -27"><span class='ocrx_word' id='word_1_89' title='bbox 221 1262 562 1330; x_wconf 86' lang='lat' dir='ltr'><strong>respuentium</strong></span> <span class='ocrx_word' id='word_1_90' title='bbox 586 1263 952 1319; x_wconf 77' lang='lat' dir='ltr'><strong>Christianam</strong></span> <span class='ocrx_word' id='word_1_91' title='bbox 982 1263 1165 1331; x_wconf 90' lang='lat' dir='ltr'><strong>ﬁdem,</strong></span> <span class='ocrx_word' id='word_1_92' title='bbox 1201 1266 1326 1335; x_wconf 84' lang='lat' dir='ltr'><strong>quia</strong></span> <span class='ocrx_word' id='word_1_93' title='bbox 1361 1268 1554 1321; x_wconf 91' lang='lat' dir='ltr'><strong>rationi</strong></span> <span class='ocrx_word' id='word_1_94' title='bbox 1585 1277 1775 1338; x_wconf 86' lang='lat' dir='ltr'><strong>putant</strong></span> 
     </span>
    </p>
   </div>
   <div class='ocr_carea' id='block_1_13' title="bbox 220 1349 1772 1423">
    <p class='ocr_par' dir='ltr' id='par_1_13' title="bbox 220 1349 1772 1423">
     <span class='ocr_line' id='line_1_13' title="bbox 220 1349 1772 1423; baseline 0.008 -23"><span class='ocrx_word' id='word_1_95' title='bbox 220 1349 342 1403; x_wconf 81' lang='lat' dir='ltr'><strong>illam</strong></span> <span class='ocrx_word' id='word_1_96' title='bbox 386 1366 713 1422; x_wconf 86' lang='lat' dir='ltr'><strong>repugnare,</strong></span> <span class='ocrx_word' id='word_1_97' title='bbox 766 1355 1008 1410; x_wconf 89' lang='lat' dir='ltr'><strong>continet</strong></span> <span class='ocrx_word' id='word_1_98' title='bbox 1060 1356 1390 1423; x_wconf 85' lang='lat' dir='ltr'><strong>ohjeetiones</strong></span> <span class='ocrx_word' id='word_1_99' title='bbox 1435 1366 1491 1412; x_wconf 89' lang='lat' dir='ltr'><strong>et</strong></span> <span class='ocrx_word' id='word_1_100' title='bbox 1536 1358 1772 1413; x_wconf 90' lang='lat' dir='ltr'><strong>ﬁdelium</strong></span> 
     </span>
    </p>
   </div>
   <div class='ocr_carea' id='block_1_14' title="bbox 220 1443 1778 1518">
    <p class='ocr_par' dir='ltr' id='par_1_14' title="bbox 220 1443 1778 1518">
     <span class='ocr_line' id='line_1_14' title="bbox 220 1443 1778 1518; baseline 0.009 -28"><span class='ocrx_word' id='word_1_101' title='bbox 220 1443 571 1510; x_wconf 82' lang='lat' dir='ltr'><strong>responsiones</strong></span> <span class='ocrx_word' id='word_1_102' title='bbox 595 1462 607 1497; x_wconf 90' lang='lat'>:</span> <span class='ocrx_word' id='word_1_103' title='bbox 633 1460 695 1498; x_wconf 90' lang='lat' dir='ltr'><strong>ac</strong></span> <span class='ocrx_word' id='word_1_104' title='bbox 723 1445 935 1499; x_wconf 86' lang='lat' dir='ltr'><strong>tandem</strong></span> <span class='ocrx_word' id='word_1_105' title='bbox 962 1457 1170 1502; x_wconf 89' lang='lat' dir='ltr'><strong>remoto</strong></span> <span class='ocrx_word' id='word_1_106' title='bbox 1196 1449 1412 1503; x_wconf 86' lang='lat' dir='ltr'><strong>Christo</strong></span> <span class='ocrx_word' id='word_1_107' title='bbox 1436 1448 1610 1518; x_wconf 87' lang='lat' dir='ltr'><strong>(quasi</strong></span> <span class='ocrx_word' id='word_1_108' title='bbox 1642 1466 1778 1504; x_wconf 82' lang='lat' dir='ltr'><strong>nun-</strong></span> 
     </span>
    </p>
   </div>
   <div class='ocr_carea' id='block_1_15' title="bbox 218 1533 1777 1607">
    <p class='ocr_par' dir='ltr' id='par_1_15' title="bbox 218 1533 1777 1607">
     <span class='ocr_line' id='line_1_15' title="bbox 218 1533 1777 1607; baseline 0.009 -26"><span class='ocrx_word' id='word_1_109' title='bbox 218 1547 355 1597; x_wconf 90' lang='lat' dir='ltr'><strong>quam</strong></span> <span class='ocrx_word' id='word_1_110' title='bbox 385 1533 590 1602; x_wconf 90' lang='lat' dir='ltr'><strong>aliquid</strong></span> <span class='ocrx_word' id='word_1_111' title='bbox 637 1534 799 1590; x_wconf 89' lang='lat' dir='ltr'><strong>fuerit</strong></span> <span class='ocrx_word' id='word_1_112' title='bbox 830 1536 895 1591; x_wconf 88' lang='lat' dir='ltr'><strong>de</strong></span> <span class='ocrx_word' id='word_1_113' title='bbox 937 1537 1046 1607; x_wconf 91' lang='lat' dir='ltr'><strong>illo)</strong></span> <span class='ocrx_word' id='word_1_114' title='bbox 1097 1538 1288 1607; x_wconf 88' lang='lat' dir='ltr'><strong>probat</strong></span> <span class='ocrx_word' id='word_1_115' title='bbox 1340 1540 1639 1594; x_wconf 83' lang='lat' dir='ltr'><strong>rationibus</strong></span> <span class='ocrx_word' id='word_1_116' title='bbox 1682 1556 1777 1595; x_wconf 91' lang='lat' dir='ltr'><strong>ne-</strong></span> 
     </span>
    </p>
   </div>
   <div class='ocr_carea' id='block_1_16' title="bbox 215 1619 1769 1695">
    <p class='ocr_par' dir='ltr' id='par_1_16' title="bbox 215 1619 1769 1695">
     <span class='ocr_line' id='line_1_16' title="bbox 215 1619 1769 1695; baseline 0.008 -23"><span class='ocrx_word' id='word_1_117' title='bbox 215 1624 445 1679; x_wconf 86' lang='lat' dir='ltr'><strong>cessariis</strong></span> <span class='ocrx_word' id='word_1_118' title='bbox 487 1639 610 1679; x_wconf 90' lang='lat' dir='ltr'><strong>esse</strong></span> <span class='ocrx_word' id='word_1_119' title='bbox 650 1619 984 1695; x_wconf 64' lang='lat' dir='ltr'><strong>impossibile</strong></span> <span class='ocrx_word' id='word_1_120' title='bbox 1034 1624 1200 1683; x_wconf 89' lang='lat' dir='ltr'><strong>ullum</strong></span> <span class='ocrx_word' id='word_1_121' title='bbox 1252 1630 1527 1684; x_wconf 84' lang='lat' dir='ltr'><strong>hominem</strong></span> <span class='ocrx_word' id='word_1_122' title='bbox 1573 1629 1769 1685; x_wconf 87' lang='lat' dir='ltr'><strong>salvari</strong></span> 
     </span>
    </p>
   </div>
   <div class='ocr_carea' id='block_1_17' title="bbox 1887 543 3459 622">
    <p class='ocr_par' dir='ltr' id='par_1_17' title="bbox 1887 543 3459 622">
     <span class='ocr_line' id='line_1_17' title="bbox 1887 543 3459 622; baseline 0.009 -27"><span class='ocrx_word' id='word_1_123' title='bbox 1887 543 2018 595; x_wconf 82' lang='lat' dir='ltr'><strong>nihil</strong></span> <span class='ocrx_word' id='word_1_124' title='bbox 2034 544 2238 599; x_wconf 88' lang='lat' dir='ltr'><strong>sciatur</strong></span> <span class='ocrx_word' id='word_1_125' title='bbox 2256 546 2324 601; x_wconf 92' lang='lat' dir='ltr'><strong>de</strong></span> <span class='ocrx_word' id='word_1_126' title='bbox 2344 548 2580 611; x_wconf 90' lang='lat' dir='ltr'><strong>Christo,</strong></span> <span class='ocrx_word' id='word_1_127' title='bbox 2599 557 2930 602; x_wconf 84' lang='lat' dir='ltr'><strong>monstratur</strong></span> <span class='ocrx_word' id='word_1_128' title='bbox 2950 564 3058 605; x_wconf 87' lang='lat' dir='ltr'><strong>non</strong></span> <span class='ocrx_word' id='word_1_129' title='bbox 3083 551 3258 605; x_wconf 88' lang='lat' dir='ltr'><strong>minus</strong></span> <span class='ocrx_word' id='word_1_130' title='bbox 3274 565 3459 622; x_wconf 89' lang='lat' dir='ltr'><strong>aperta</strong></span> 
     </span>
    </p>
   </div>
   <div class='ocr_carea' id='block_1_18' title="bbox 1886 632 3458 697">
    <p class='ocr_par' dir='ltr' id='par_1_18' title="bbox 1886 632 3458 697">
     <span class='ocr_line' id='line_1_18' title="bbox 1886 632 3458 697; baseline 0.008 -13"><span class='ocrx_word' id='word_1_131' title='bbox 1886 632 2092 687; x_wconf 86' lang='lat' dir='ltr'><strong>ratione</strong></span> <span class='ocrx_word' id='word_1_132' title='bbox 2118 636 2408 691; x_wconf 89' lang='lat' dir='ltr'><strong>etveritate</strong></span> <span class='ocrx_word' id='word_1_133' title='bbox 2432 647 2679 690; x_wconf 88' lang='lat' dir='ltr'><strong>naturam</strong></span> <span class='ocrx_word' id='word_1_134' title='bbox 2699 638 2987 693; x_wconf 87' lang='lat' dir='ltr'><strong>humanam</strong></span> <span class='ocrx_word' id='word_1_135' title='bbox 3016 640 3083 693; x_wconf 91' lang='lat' dir='ltr'><strong>ad</strong></span> <span class='ocrx_word' id='word_1_136' title='bbox 3110 641 3214 696; x_wconf 87' lang='lat' dir='ltr'><strong>hoc</strong></span> <span class='ocrx_word' id='word_1_137' title='bbox 3238 640 3458 697; x_wconf 77' lang='lat' dir='ltr'><strong>institu~</strong></span> 
     </span>
    </p>
   </div>
   <div class='ocr_carea' id='block_1_19' title="bbox 1887 727 3461 796">
    <p class='ocr_par' dir='ltr' id='par_1_19' title="bbox 1887 727 3461 796">
     <span class='ocr_line' id='line_1_19' title="bbox 1887 727 3461 796; baseline 0.01 -20"><span class='ocrx_word' id='word_1_138' title='bbox 1887 732 1992 776; x_wconf 84' lang='lat' dir='ltr'><strong>tam</strong></span> <span class='ocrx_word' id='word_1_139' title='bbox 2039 738 2178 791; x_wconf 88' lang='lat' dir='ltr'><strong>esse,</strong></span> <span class='ocrx_word' id='word_1_140' title='bbox 2212 736 2270 779; x_wconf 93' lang='lat' dir='ltr'><strong>ut</strong></span> <span class='ocrx_word' id='word_1_141' title='bbox 2324 727 2613 796; x_wconf 87' lang='lat' dir='ltr'><strong>aliquando</strong></span> <span class='ocrx_word' id='word_1_142' title='bbox 2664 732 3071 786; x_wconf 86' lang='lat' dir='ltr'><strong>immortalitate</strong></span> <span class='ocrx_word' id='word_1_143' title='bbox 3128 732 3283 787; x_wconf 87' lang='lat' dir='ltr'><strong>beata</strong></span> <span class='ocrx_word' id='word_1_144' title='bbox 3319 745 3461 791; x_wconf 86' lang='lat' dir='ltr'><strong>totus</strong></span> 
     </span>
    </p>
   </div>
   <div class='ocr_carea' id='block_1_20' title="bbox 1885 812 3456 888">
    <p class='ocr_par' dir='ltr' id='par_1_20' title="bbox 1885 812 3456 888">
     <span class='ocr_line' id='line_1_20' title="bbox 1885 812 3456 888; baseline 0.008 -21"><span class='ocrx_word' id='word_1_145' title='bbox 1885 812 2064 879; x_wconf 87' lang='lat' dir='ltr'><strong>homo,</strong></span> <span class='ocrx_word' id='word_1_146' title='bbox 2092 815 2143 868; x_wconf 92' lang='lat' dir='ltr'><strong>id</strong></span> <span class='ocrx_word' id='word_1_147' title='bbox 2170 824 2256 870; x_wconf 92' lang='lat' dir='ltr'><strong>est</strong></span> <span class='ocrx_word' id='word_1_148' title='bbox 2286 817 2339 871; x_wconf 92' lang='lat' dir='ltr'><strong>in</strong></span> <span class='ocrx_word' id='word_1_149' title='bbox 2372 833 2599 888; x_wconf 88' lang='lat' dir='ltr'><strong>corpore</strong></span> <span class='ocrx_word' id='word_1_150' title='bbox 2626 831 2681 875; x_wconf 89' lang='lat' dir='ltr'><strong>et</strong></span> <span class='ocrx_word' id='word_1_151' title='bbox 2727 822 2781 875; x_wconf 91' lang='lat' dir='ltr'><strong>in</strong></span> <span class='ocrx_word' id='word_1_152' title='bbox 2808 822 2987 877; x_wconf 88' lang='lat' dir='ltr'><strong>anima</strong></span> <span class='ocrx_word' id='word_1_153' title='bbox 3014 824 3107 856; x_wconf 71' lang='grc' dir='ltr'><strong>ἰε’</strong></span> <span class='ocrx_word' id='word_1_154' title='bbox 3135 824 3409 881; x_wconf 85' lang='lat' dir='ltr'><strong>frueretur</strong></span> <span class='ocrx_word' id='word_1_155' title='bbox 3444 845 3456 879; x_wconf 89' lang='lat'><strong>:</strong></span> 
     </span>
    </p>
   </div>
   <div class='ocr_carea' id='block_1_21' title="bbox 1886 913 3460 989">
    <p class='ocr_par' dir='ltr' id='par_1_21' title="bbox 1886 913 3460 989">
     <span class='ocr_line' id='line_1_21' title="bbox 1886 913 3460 989; baseline 0.008 -31"><span class='ocrx_word' id='word_1_156' title='bbox 1886 919 1947 959; x_wconf 91' lang='lat' dir='ltr'><strong>ac</strong></span> <span class='ocrx_word' id='word_1_157' title='bbox 1973 921 2194 962; x_wconf 90' lang='lat' dir='ltr'><strong>necesse</strong></span> <span class='ocrx_word' id='word_1_158' title='bbox 2219 924 2337 963; x_wconf 86' lang='lat' dir='ltr'><strong>esse</strong></span> <span class='ocrx_word' id='word_1_159' title='bbox 2372 920 2428 965; x_wconf 93' lang='lat' dir='ltr'><strong>ut</strong></span> <span class='ocrx_word' id='word_1_160' title='bbox 2461 913 2561 967; x_wconf 86' lang='lat' dir='ltr'><strong>hoc</strong></span> <span class='ocrx_word' id='word_1_161' title='bbox 2600 913 2692 967; x_wconf 84' lang='lat' dir='ltr'><strong>ﬁat</strong></span> <span class='ocrx_word' id='word_1_162' title='bbox 2717 914 2780 967; x_wconf 89' lang='lat' dir='ltr'><strong>de</strong></span> <span class='ocrx_word' id='word_1_163' title='bbox 2812 915 3048 983; x_wconf 84' lang='lat' dir='ltr'><strong>homine,</strong></span> <span class='ocrx_word' id='word_1_164' title='bbox 3071 927 3291 987; x_wconf 87' lang='lat' dir='ltr'><strong>propter</strong></span> <span class='ocrx_word' id='word_1_165' title='bbox 3312 920 3460 989; x_wconf 81' lang='lat' dir='ltr'><strong>quod</strong></span> 
     </span>
    </p>
   </div>
   <div class='ocr_carea' id='block_1_22' title="bbox 1880 991 3457 1077">
    <p class='ocr_par' dir='ltr' id='par_1_22' title="bbox 1880 991 3457 1077">
     <span class='ocr_line' id='line_1_22' title="bbox 1880 991 3457 1077; baseline 0.009 -30"><span class='ocrx_word' id='word_1_166' title='bbox 1880 991 2055 1050; x_wconf 84' lang='lat' dir='ltr'><strong>factus</strong></span> <span class='ocrx_word' id='word_1_167' title='bbox 2089 1006 2201 1062; x_wconf 89' lang='lat' dir='ltr'><strong>est;</strong></span> <span class='ocrx_word' id='word_1_168' title='bbox 2236 1000 2328 1054; x_wconf 88' lang='lat' dir='ltr'><strong>sed</strong></span> <span class='ocrx_word' id='word_1_169' title='bbox 2373 1002 2586 1056; x_wconf 86' lang='lat' dir='ltr'><strong>nonnisi</strong></span> <span class='ocrx_word' id='word_1_170' title='bbox 2623 1018 2720 1073; x_wconf 90' lang='lat' dir='ltr'><strong>per</strong></span> <span class='ocrx_word' id='word_1_171' title='bbox 2752 1005 3024 1059; x_wconf 90' lang='lat' dir='ltr'><strong>hominem</strong></span> <span class='ocrx_word' id='word_1_172' title='bbox 3073 1007 3260 1073; x_wconf 90' lang='lat' dir='ltr'><strong>Deum,</strong></span> <span class='ocrx_word' id='word_1_173' title='bbox 3293 1017 3457 1077; x_wconf 87' lang='lat' dir='ltr'><strong>atque</strong></span> 
     </span>
    </p>
   </div>
   <div class='ocr_carea' id='block_1_23' title="bbox 1879 1088 3456 1161">
    <p class='ocr_par' dir='ltr' id='par_1_23' title="bbox 1879 1088 3456 1161">
     <span class='ocr_line' id='line_1_23' title="bbox 1879 1088 3456 1161; baseline 0.008 -24"><span class='ocrx_word' id='word_1_174' title='bbox 1879 1099 1945 1138; x_wconf 80' lang='lat' dir='ltr'><strong>ex</strong></span> <span class='ocrx_word' id='word_1_175' title='bbox 2000 1088 2319 1143; x_wconf 84' lang='lat' dir='ltr'><strong>necessitate</strong></span> <span class='ocrx_word' id='word_1_176' title='bbox 2365 1092 2579 1157; x_wconf 87' lang='lat' dir='ltr'><strong>omnia,</strong></span> <span class='ocrx_word' id='word_1_177' title='bbox 2613 1107 2733 1161; x_wconf 67' lang='lat' dir='ltr'><strong>quae</strong></span> <span class='ocrx_word' id='word_1_178' title='bbox 2784 1092 2849 1147; x_wconf 92' lang='lat' dir='ltr'><strong>de</strong></span> <span class='ocrx_word' id='word_1_179' title='bbox 2905 1093 3119 1149; x_wconf 88' lang='lat' dir='ltr'><strong>Christo</strong></span> <span class='ocrx_word' id='word_1_180' title='bbox 3162 1097 3456 1160; x_wconf 83' lang='lat' dir='ltr'><strong>credimus,</strong></span> 
     </span>
    </p>
   </div>
   <div class='ocr_carea' id='block_1_24' title="bbox 1881 1173 3459 1255">
    <p class='ocr_par' dir='ltr' id='par_1_24' title="bbox 1881 1173 3459 1255">
     <span class='ocr_line' id='line_1_24' title="bbox 1881 1173 3459 1255; baseline 0.007 -28"><span class='ocrx_word' id='word_1_181' title='bbox 1881 1173 1997 1228; x_wconf 88' lang='lat' dir='ltr'><strong>ﬁeri</strong></span> <span class='ocrx_word' id='word_1_182' title='bbox 2025 1187 2290 1244; x_wconf 87' lang='lat' dir='ltr'><strong>oportere.</strong></span> <span class='ocrx_word' id='word_1_183' title='bbox 2314 1178 2481 1235; x_wconf 86' lang='lat' dir='ltr'><strong>-Hane</strong></span> <span class='ocrx_word' id='word_1_184' title='bbox 2528 1182 2995 1251; x_wconf 72' lang='lat' dir='ltr'><strong>praefationeulam</strong></span> <span class='ocrx_word' id='word_1_185' title='bbox 3044 1200 3167 1239; x_wconf 88' lang='lat' dir='ltr'><strong>cum</strong></span> <span class='ocrx_word' id='word_1_186' title='bbox 3203 1186 3459 1255; x_wconf 77' lang='lat' dir='ltr'><strong>capitulis</strong></span> 
     </span>
    </p>
   </div>
   <div class='ocr_carea' id='block_1_25' title="bbox 1884 1269 3460 1345">
    <p class='ocr_par' dir='ltr' id='par_1_25' title="bbox 1884 1269 3460 1345">
     <span class='ocr_line' id='line_1_25' title="bbox 1884 1269 3460 1345; baseline 0.008 -25"><span class='ocrx_word' id='word_1_187' title='bbox 1884 1269 2046 1323; x_wconf 90' lang='lat' dir='ltr'><strong>totius</strong></span> <span class='ocrx_word' id='word_1_188' title='bbox 2076 1270 2273 1339; x_wconf 89' lang='lat' dir='ltr'><strong>operis,</strong></span> <span class='ocrx_word' id='word_1_189' title='bbox 2314 1287 2525 1339; x_wconf 88' lang='lat' dir='ltr'><strong>omnes,</strong></span> <span class='ocrx_word' id='word_1_190' title='bbox 2566 1275 2657 1345; x_wconf 88' lang='lat' dir='ltr'><strong>qui</strong></span> <span class='ocrx_word' id='word_1_191' title='bbox 2704 1275 2897 1330; x_wconf 84' lang='lat' dir='ltr'><strong>librum</strong></span> <span class='ocrx_word' id='word_1_192' title='bbox 2928 1278 3071 1332; x_wconf 88' lang='lat' dir='ltr'><strong>hunc</strong></span> <span class='ocrx_word' id='word_1_193' title='bbox 3101 1279 3460 1332; x_wconf 83' lang='lat' dir='ltr'><strong>transcribere</strong></span> 
     </span>
    </p>
   </div>
   <div class='ocr_carea' id='block_1_26' title="bbox 1880 1360 3455 1441">
    <p class='ocr_par' dir='ltr' id='par_1_26' title="bbox 1880 1360 3455 1441">
     <span class='ocr_line' id='line_1_26' title="bbox 1880 1360 3455 1441; baseline 0.01 -28"><span class='ocrx_word' id='word_1_194' title='bbox 1880 1360 2080 1429; x_wconf 84' lang='lat' dir='ltr'><strong>volent,</strong></span> <span class='ocrx_word' id='word_1_195' title='bbox 2113 1373 2238 1418; x_wconf 86' lang='lat' dir='ltr'><strong>ante</strong></span> <span class='ocrx_word' id='word_1_196' title='bbox 2265 1364 2381 1433; x_wconf 89' lang='lat' dir='ltr'><strong>ejus</strong></span> <span class='ocrx_word' id='word_1_197' title='bbox 2409 1368 2754 1438; x_wconf 81' lang='lat' dir='ltr'><strong>principium,</strong></span> <span class='ocrx_word' id='word_1_198' title='bbox 2777 1380 2836 1422; x_wconf 91' lang='lat' dir='ltr'><strong>ut</strong></span> <span class='ocrx_word' id='word_1_199' title='bbox 2872 1369 3172 1441; x_wconf 70' lang='lat' dir='ltr'><strong>praeﬁgant,</strong></span> <span class='ocrx_word' id='word_1_200' title='bbox 3199 1370 3410 1440; x_wconf 88' lang='lat' dir='ltr'><strong>postulo</strong></span> <span class='ocrx_word' id='word_1_201' title='bbox 3439 1388 3455 1427; x_wconf 89' lang='lat'><strong>:</strong></span> 
     </span>
    </p>
   </div>
   <div class='ocr_carea' id='block_1_27' title="bbox 1878 1455 3473 1530">
    <p class='ocr_par' dir='ltr' id='par_1_27' title="bbox 1878 1455 3473 1530">
     <span class='ocr_line' id='line_1_27' title="bbox 1878 1455 3473 1530; baseline 0.006 -25"><span class='ocrx_word' id='word_1_202' title='bbox 1878 1463 2145 1520; x_wconf 87' lang='lat' dir='ltr'><strong>quatenus</strong></span> <span class='ocrx_word' id='word_1_203' title='bbox 2196 1455 2247 1508; x_wconf 91' lang='lat' dir='ltr'><strong>in</strong></span> <span class='ocrx_word' id='word_1_204' title='bbox 2304 1457 2671 1527; x_wconf 83' lang='lat' dir='ltr'><strong>cujuscunque</strong></span> <span class='ocrx_word' id='word_1_205' title='bbox 2720 1476 2911 1515; x_wconf 90' lang='lat' dir='ltr'><strong>manus</strong></span> <span class='ocrx_word' id='word_1_206' title='bbox 2954 1460 3183 1527; x_wconf 80' lang='lat' dir='ltr'><strong>venerit,</strong></span> <span class='ocrx_word' id='word_1_207' title='bbox 3220 1461 3375 1530; x_wconf 85' lang='lat' dir='ltr'><strong>quasi</strong></span> <span class='ocrx_word' id='word_1_208' title='bbox 3406 1462 3473 1523; x_wconf 75' lang='lat' dir='ltr'><strong>in,</strong></span> 
     </span>
    </p>
   </div>
   <div class='ocr_carea' id='block_1_28' title="bbox 1877 1537 3458 1621">
    <p class='ocr_par' dir='ltr' id='par_1_28' title="bbox 1877 1537 3458 1621">
     <span class='ocr_line' id='line_1_28' title="bbox 1877 1537 3458 1621; baseline 0.006 -27"><span class='ocrx_word' id='word_1_209' title='bbox 1877 1537 1993 1608; x_wconf 89' lang='lat' dir='ltr'><strong>ejus</strong></span> <span class='ocrx_word' id='word_1_210' title='bbox 2041 1540 2216 1597; x_wconf 88' lang='lat' dir='ltr'><strong>fronte</strong></span> <span class='ocrx_word' id='word_1_211' title='bbox 2246 1545 2466 1615; x_wconf 89' lang='lat' dir='ltr'><strong>aspiciat</strong></span> <span class='ocrx_word' id='word_1_212' title='bbox 2494 1546 2538 1601; x_wconf 87' lang='lat' dir='ltr'><strong>si</strong></span> <span class='ocrx_word' id='word_1_213' title='bbox 2575 1548 2701 1616; x_wconf 91' lang='lat' dir='ltr'><strong>quid</strong></span> <span class='ocrx_word' id='word_1_214' title='bbox 2732 1548 2788 1602; x_wconf 91' lang='lat' dir='ltr'><strong>in</strong></span> <span class='ocrx_word' id='word_1_215' title='bbox 2818 1557 2930 1604; x_wconf 91' lang='lat' dir='ltr'><strong>toto</strong></span> <span class='ocrx_word' id='word_1_216' title='bbox 2956 1565 3184 1620; x_wconf 86' lang='lat' dir='ltr'><strong>corpore</strong></span> <span class='ocrx_word' id='word_1_217' title='bbox 3210 1552 3281 1606; x_wconf 89' lang='lat' dir='ltr'><strong>sit</strong></span> <span class='ocrx_word' id='word_1_218' title='bbox 3314 1548 3458 1621; x_wconf 85' lang='lat' dir='ltr'><strong>quod</strong></span> 
     </span>
    </p>
   </div>
   <div class='ocr_carea' id='block_1_29' title="bbox 1877 1631 2295 1687">
    <p class='ocr_par' dir='ltr' id='par_1_29' title="bbox 1877 1631 2295 1687">
     <span class='ocr_line' id='line_1_29' title="bbox 1877 1631 2295 1687; baseline 0.01 -4"><span class='ocrx_word' id='word_1_219' title='bbox 1877 1644 1985 1684; x_wconf 88' lang='lat' dir='ltr'><strong>non</strong></span> <span class='ocrx_word' id='word_1_220' title='bbox 2016 1631 2295 1687; x_wconf 83' lang='lat' dir='ltr'><strong>dcsnicial.</strong></span> 
     </span>
    </p>
   </div>
   <div class='ocr_carea' id='block_1_30' title="bbox 300 1804 3437 1847">
    <p class='ocr_par' dir='ltr' id='par_1_30' title="bbox 300 1804 3437 1847">
     <span class='ocr_line' id='line_1_30' title="bbox 300 1804 3437 1847; baseline 0.005 -23"><span class='ocrx_word' id='word_1_221' title='bbox 300 1804 3437 1847; x_wconf 56' lang='lat' dir='ltr'><strong>mw</strong></span> 
     </span>
    </p>
   </div>
   <div class='ocr_carea' id='block_1_31' title="bbox 1316 1966 2233 2058">
    <p class='ocr_par' dir='ltr' id='par_1_31' title="bbox 1316 1966 2233 2058">
     <span class='ocr_line' id='line_1_31' title="bbox 1316 1966 2233 2058; baseline 0.007 -8"><span class='ocrx_word' id='word_1_222' title='bbox 1316 1966 1669 2055; x_wconf 81' lang='lat' dir='ltr'><strong>LIBER</strong></span> <span class='ocrx_word' id='word_1_223' title='bbox 1746 1967 2233 2058; x_wconf 83' lang='lat' dir='ltr'><strong>PRIMUS.</strong></span> 
     </span>
    </p>
   </div>
   <div class='ocr_carea' id='block_1_32' title="bbox 705 2196 1264 2286">
    <p class='ocr_par' dir='ltr' id='par_1_32' title="bbox 705 2196 1264 2286">
     <span class='ocr_line' id='line_1_32' title="bbox 705 2196 1264 2286; baseline 0.004 -35"><span class='ocrx_word' id='word_1_224' title='bbox 705 2196 934 2254; x_wconf 82' lang='lat' dir='ltr'><strong>CAPUT</strong></span> <span class='ocrx_word' id='word_1_225' title='bbox 970 2198 1264 2286; x_wconf 63' lang='grc' dir='ltr'><strong>ΡῐιιΜμΜ.</strong></span> 
     </span>
    </p>
   </div>
   <div class='ocr_carea' id='block_1_33' title="bbox 462 2306 1493 2380">
    <p class='ocr_par' dir='ltr' id='par_1_33' title="bbox 462 2306 1493 2380">
     <span class='ocr_line' id='line_1_33' title="bbox 462 2306 1493 2380; baseline 0.004 -19"><span class='ocrx_word' id='word_1_226' title='bbox 462 2306 705 2373; x_wconf 65' lang='lat' dir='ltr'><strong>Questio</strong></span> <span class='ocrx_word' id='word_1_227' title='bbox 732 2310 797 2362; x_wconf 83' lang='lat' dir='ltr'><strong>de</strong></span> <span class='ocrx_word' id='word_1_228' title='bbox 820 2326 923 2379; x_wconf 83' lang='lat' dir='ltr'><strong>qua</strong></span> <span class='ocrx_word' id='word_1_229' title='bbox 947 2319 1111 2364; x_wconf 86' lang='lat' dir='ltr'><strong>totum</strong></span> <span class='ocrx_word' id='word_1_230' title='bbox 1138 2326 1268 2380; x_wconf 79' lang='lat' dir='ltr'><strong>opus</strong></span> <span class='ocrx_word' id='word_1_231' title='bbox 1287 2312 1493 2380; x_wconf 75' lang='lat' dir='ltr'><strong>pendet.</strong></span> 
     </span>
    </p>
   </div>
   <div class='ocr_carea' id='block_1_34' title="bbox 266 2398 1775 2472">
    <p class='ocr_par' dir='ltr' id='par_1_34' title="bbox 266 2398 1775 2472">
     <span class='ocr_line' id='line_1_34' title="bbox 266 2398 1775 2472; baseline 0.005 -22"><span class='ocrx_word' id='word_1_232' title='bbox 266 2398 408 2469; x_wconf 64' lang='lat' dir='ltr'><strong>Smpe</strong></span> <span class='ocrx_word' id='word_1_233' title='bbox 433 2407 491 2452; x_wconf 91' lang='lat' dir='ltr'><strong>et</strong></span> <span class='ocrx_word' id='word_1_234' title='bbox 511 2399 907 2454; x_wconf 86' lang='lat' dir='ltr'><strong>studiosissime</strong></span> <span class='ocrx_word' id='word_1_235' title='bbox 936 2399 1035 2431; x_wconf 78' lang='grc'><strong>’⁸⁸³</strong></span> <span class='ocrx_word' id='word_1_236' title='bbox 1063 2416 1093 2453; x_wconf 90' lang='lat' dir='ltr'><strong>a</strong></span> <span class='ocrx_word' id='word_1_237' title='bbox 1118 2401 1304 2456; x_wconf 91' lang='lat' dir='ltr'><strong>multis</strong></span> <span class='ocrx_word' id='word_1_238' title='bbox 1332 2411 1551 2472; x_wconf 84' lang='lat' dir='ltr'><strong>rogatus</strong></span> <span class='ocrx_word' id='word_1_239' title='bbox 1575 2416 1692 2457; x_wconf 90' lang='lat' dir='ltr'><strong>sum</strong></span> <span class='ocrx_word' id='word_1_240' title='bbox 1718 2411 1775 2458; x_wconf 87' lang='lat' dir='ltr'><strong>et</strong></span> 
     </span>
    </p>
   </div>
   <div class='ocr_carea' id='block_1_35' title="bbox 210 2490 1774 2564">
    <p class='ocr_par' dir='ltr' id='par_1_35' title="bbox 210 2490 1774 2564">
     <span class='ocr_line' id='line_1_35' title="bbox 210 2490 1774 2564; baseline 0.006 -22"><span class='ocrx_word' id='word_1_241' title='bbox 210 2491 389 2556; x_wconf 78' lang='lat' dir='ltr'><strong>verbis,</strong></span> <span class='ocrx_word' id='word_1_242' title='bbox 420 2502 479 2546; x_wconf 87' lang='lat' dir='ltr'><strong>et</strong></span> <span class='ocrx_word' id='word_1_243' title='bbox 503 2490 697 2546; x_wconf 81' lang='lat' dir='ltr'><strong>litteris</strong></span> <span class='ocrx_word' id='word_1_244' title='bbox 715 2532 729 2556; x_wconf 91' lang='lat'><strong>,</strong></span> <span class='ocrx_word' id='word_1_245' title='bbox 757 2501 1025 2561; x_wconf 86' lang='lat' dir='ltr'><strong>quatenus</strong></span> <span class='ocrx_word' id='word_1_246' title='bbox 1050 2492 1334 2562; x_wconf 83' lang='lat' dir='ltr'><strong>cujusdam</strong></span> <span class='ocrx_word' id='word_1_247' title='bbox 1363 2496 1680 2564; x_wconf 67' lang='lat' dir='ltr'><strong>quaestionis</strong></span> <span class='ocrx_word' id='word_1_248' title='bbox 1708 2496 1774 2551; x_wconf 88' lang='lat' dir='ltr'><strong>de</strong></span> 
     </span>
    </p>
   </div>
   <div class='ocr_carea' id='block_1_36' title="bbox 208 2580 1771 2655">
    <p class='ocr_par' dir='ltr' id='par_1_36' title="bbox 208 2580 1771 2655">
     <span class='ocr_line' id='line_1_36' title="bbox 208 2580 1771 2655; baseline 0.005 -21"><span class='ocrx_word' id='word_1_249' title='bbox 208 2580 300 2637; x_wconf 76' lang='lat' dir='ltr'><strong>ﬁde</strong></span> <span class='ocrx_word' id='word_1_250' title='bbox 322 2591 507 2637; x_wconf 83' lang='lat' dir='ltr'><strong>nostra</strong></span> <span class='ocrx_word' id='word_1_251' title='bbox 530 2582 788 2650; x_wconf 88' lang='lat' dir='ltr'><strong>rationes,</strong></span> <span class='ocrx_word' id='word_1_252' title='bbox 821 2597 957 2655; x_wconf 83' lang='lat' dir='ltr'><strong>quas</strong></span> <span class='ocrx_word' id='word_1_253' title='bbox 984 2583 1133 2639; x_wconf 90' lang='lat' dir='ltr'><strong>soleo</strong></span> <span class='ocrx_word' id='word_1_254' title='bbox 1158 2586 1484 2655; x_wconf 60' lang='lat' dir='ltr'><strong>respondere</strong></span> <span class='ocrx_word' id='word_1_255' title='bbox 1524 2602 1771 2655; x_wconf 70' lang='lat' dir='ltr'><strong>qnmren-</strong></span> 
     </span>
    </p>
   </div>
   <div class='ocr_carea' id='block_1_37' title="bbox 212 2670 1770 2735">
    <p class='ocr_par' dir='ltr' id='par_1_37' title="bbox 212 2670 1770 2735">
     <span class='ocr_line' id='line_1_37' title="bbox 212 2670 1770 2735; baseline 0.006 -13"><span class='ocrx_word' id='word_1_256' title='bbox 212 2670 350 2735; x_wconf 87' lang='lat' dir='ltr'><strong>tibus,</strong></span> <span class='ocrx_word' id='word_1_257' title='bbox 395 2672 677 2727; x_wconf 69' lang='lat' dir='ltr'><strong>memoriae</strong></span> <span class='ocrx_word' id='word_1_258' title='bbox 722 2673 1012 2729; x_wconf 79' lang='lat' dir='ltr'><strong>scribendo</strong></span> <span class='ocrx_word' id='word_1_259' title='bbox 1054 2674 1490 2730; x_wconf 88' lang='lat' dir='ltr'><strong>commendarem</strong></span> <span class='ocrx_word' id='word_1_260' title='bbox 1522 2675 1615 2707; x_wconf 62' lang='grc' dir='ltr'><strong>ἠδ</strong></span> <span class='ocrx_word' id='word_1_261' title='bbox 1644 2693 1659 2730; x_wconf 88' lang='lat'><strong>:</strong></span> <span class='ocrx_word' id='word_1_262' title='bbox 1687 2676 1770 2731; x_wconf 86' lang='lat' dir='ltr'><strong>di-</strong></span> 
     </span>
    </p>
   </div>
   <div class='ocr_carea' id='block_1_38' title="bbox 209 2764 1770 2835">
    <p class='ocr_par' dir='ltr' id='par_1_38' title="bbox 209 2764 1770 2835">
     <span class='ocr_line' id='line_1_38' title="bbox 209 2764 1770 2835; baseline 0.005 -21"><span class='ocrx_word' id='word_1_263' title='bbox 209 2772 319 2816; x_wconf 81' lang='lat' dir='ltr'><strong>cunt</strong></span> <span class='ocrx_word' id='word_1_264' title='bbox 343 2764 492 2819; x_wconf 90' lang='lat' dir='ltr'><strong>enim</strong></span> <span class='ocrx_word' id='word_1_265' title='bbox 519 2765 621 2819; x_wconf 87' lang='lat' dir='ltr'><strong>sibi</strong></span> <span class='ocrx_word' id='word_1_266' title='bbox 666 2764 879 2835; x_wconf 88' lang='lat' dir='ltr'><strong>placere</strong></span> <span class='ocrx_word' id='word_1_267' title='bbox 927 2780 1040 2830; x_wconf 87' lang='lat' dir='ltr'><strong>eas,</strong></span> <span class='ocrx_word' id='word_1_268' title='bbox 1069 2775 1124 2821; x_wconf 93' lang='lat' dir='ltr'><strong>et</strong></span> <span class='ocrx_word' id='word_1_269' title='bbox 1169 2766 1508 2821; x_wconf 88' lang='lat' dir='ltr'><strong>arbitrantur</strong></span> <span class='ocrx_word' id='word_1_270' title='bbox 1556 2766 1770 2823; x_wconf 87' lang='lat' dir='ltr'><strong>satisfa-</strong></span> 
     </span>
    </p>
   </div>
   <div class='ocr_carea' id='block_1_39' title="bbox 205 2853 1770 2927">
    <p class='ocr_par' dir='ltr' id='par_1_39' title="bbox 205 2853 1770 2927">
     <span class='ocr_line' id='line_1_39' title="bbox 205 2853 1770 2927; baseline 0.004 -20"><span class='ocrx_word' id='word_1_271' title='bbox 205 2867 330 2907; x_wconf 82' lang='lat' dir='ltr'><strong>cere.</strong></span> <span class='ocrx_word' id='word_1_272' title='bbox 357 2853 514 2921; x_wconf 80' lang='lat' dir='ltr'><strong>Quod</strong></span> <span class='ocrx_word' id='word_1_273' title='bbox 555 2856 883 2925; x_wconf 61' lang='lat' dir='ltr'><strong>petunt’m,</strong></span> <span class='ocrx_word' id='word_1_274' title='bbox 923 2872 1033 2912; x_wconf 89' lang='lat' dir='ltr'><strong>non</strong></span> <span class='ocrx_word' id='word_1_275' title='bbox 1085 2866 1142 2911; x_wconf 90' lang='lat' dir='ltr'><strong>ut</strong></span> <span class='ocrx_word' id='word_1_276' title='bbox 1172 2872 1269 2927; x_wconf 88' lang='lat' dir='ltr'><strong>per</strong></span> <span class='ocrx_word' id='word_1_277' title='bbox 1308 2858 1574 2913; x_wconf 87' lang='lat' dir='ltr'><strong>rationem</strong></span> <span class='ocrx_word' id='word_1_278' title='bbox 1612 2859 1679 2914; x_wconf 88' lang='lat' dir='ltr'><strong>ad</strong></span> <span class='ocrx_word' id='word_1_279' title='bbox 1709 2858 1770 2913; x_wconf 87' lang='lat' dir='ltr'><strong>ﬁ-</strong></span> 
     </span>
    </p>
   </div>
   <div class='ocr_carea' id='block_1_40' title="bbox 205 2943 1772 3019">
    <p class='ocr_par' dir='ltr' id='par_1_40' title="bbox 205 2943 1772 3019">
     <span class='ocr_line' id='line_1_40' title="bbox 205 2943 1772 3019; baseline 0.005 -21"><span class='ocrx_word' id='word_1_280' title='bbox 205 2943 310 2999; x_wconf 90' lang='lat' dir='ltr'><strong>dem</strong></span> <span class='ocrx_word' id='word_1_281' title='bbox 346 2946 645 3011; x_wconf 84' lang='lat' dir='ltr'><strong>accedant,</strong></span> <span class='ocrx_word' id='word_1_282' title='bbox 684 2946 778 3001; x_wconf 86' lang='lat' dir='ltr'><strong>sed</strong></span> <span class='ocrx_word' id='word_1_283' title='bbox 816 2957 877 3001; x_wconf 89' lang='lat' dir='ltr'><strong>ut</strong></span> <span class='ocrx_word' id='word_1_284' title='bbox 925 2964 1137 3014; x_wconf 90' lang='lat' dir='ltr'><strong>eorum,</strong></span> <span class='ocrx_word' id='word_1_285' title='bbox 1165 2964 1284 3019; x_wconf 73' lang='lat' dir='ltr'><strong>qua:</strong></span> <span class='ocrx_word' id='word_1_286' title='bbox 1333 2950 1582 3017; x_wconf 88' lang='lat' dir='ltr'><strong>credunt,</strong></span> <span class='ocrx_word' id='word_1_287' title='bbox 1616 2952 1772 3008; x_wconf 89' lang='lat' dir='ltr'><strong>intel-</strong></span> 
     </span>
    </p>
   </div>
   <div class='ocr_carea' id='block_1_41' title="bbox 203 3033 1772 3109">
    <p class='ocr_par' dir='ltr' id='par_1_41' title="bbox 203 3033 1772 3109">
     <span class='ocr_line' id='line_1_41' title="bbox 203 3033 1772 3109; baseline 0.008 -22"><span class='ocrx_word' id='word_1_288' title='bbox 203 3033 327 3090; x_wconf 84' lang='lat' dir='ltr'><strong>lectu</strong></span> <span class='ocrx_word' id='word_1_289' title='bbox 354 3047 410 3092; x_wconf 90' lang='lat' dir='ltr'><strong>et</strong></span> <span class='ocrx_word' id='word_1_290' title='bbox 457 3040 912 3107; x_wconf 77' lang='lat' dir='ltr'><strong>contemplatione</strong></span> <span class='ocrx_word' id='word_1_291' title='bbox 951 3040 1286 3096; x_wconf 87' lang='lat' dir='ltr'><strong>delectentur</strong></span> <span class='ocrx_word' id='word_1_292' title='bbox 1313 3042 1407 3074; x_wconf 82' lang='grc'><strong>²¹⁸⁶</strong></span> <span class='ocrx_word' id='word_1_293' title='bbox 1439 3083 1454 3109; x_wconf 88' lang='grc'><em>,</em></span> <span class='ocrx_word' id='word_1_294' title='bbox 1484 3053 1540 3098; x_wconf 88' lang='lat' dir='ltr'><strong>et</strong></span> <span class='ocrx_word' id='word_1_295' title='bbox 1579 3051 1638 3097; x_wconf 92' lang='lat' dir='ltr'><strong>ut</strong></span> <span class='ocrx_word' id='word_1_296' title='bbox 1663 3044 1772 3099; x_wconf 91' lang='lat' dir='ltr'><strong>sint</strong></span> 
     </span>
    </p>
   </div>
   <div class='ocr_carea' id='block_1_42' title="bbox 136 3132 1769 3203">
    <p class='ocr_par' dir='ltr' id='par_1_42' title="bbox 136 3132 1769 3203">
     <span class='ocr_line' id='line_1_42' title="bbox 136 3132 1769 3203; baseline 0.006 -22"><span class='ocrx_word' id='word_1_297' title='bbox 136 3151 147 3164; x_wconf 73' lang='grc' dir='ltr'>ι</span> <span class='ocrx_word' id='word_1_298' title='bbox 200 3140 444 3196; x_wconf 84' lang='lat' dir='ltr'><strong>quantum</strong></span> <span class='ocrx_word' id='word_1_299' title='bbox 478 3132 842 3199; x_wconf 70' lang='lat' dir='ltr'><strong>possuntm&#39;,</strong></span> <span class='ocrx_word' id='word_1_300' title='bbox 875 3133 1047 3202; x_wconf 83' lang='lat' dir='ltr'><strong>parati</strong></span> <span class='ocrx_word' id='word_1_301' title='bbox 1092 3146 1308 3203; x_wconf 72' lang='lat' dir='ltr'><strong>seraper</strong></span> <span class='ocrx_word' id='word_1_302' title='bbox 1334 3135 1401 3189; x_wconf 90' lang='lat' dir='ltr'><strong>ad</strong></span> <span class='ocrx_word' id='word_1_303' title='bbox 1442 3134 1769 3192; x_wconf 88' lang='lat' dir='ltr'><strong>satisfactio-</strong></span> 
     </span>
    </p>
   </div>
   <div class='ocr_carea' id='block_1_43' title="bbox 201 3222 1770 3296">
    <p class='ocr_par' dir='ltr' id='par_1_43' title="bbox 201 3222 1770 3296">
     <span class='ocr_line' id='line_1_43' title="bbox 201 3222 1770 3296; baseline 0.005 -23"><span class='ocrx_word' id='word_1_304' title='bbox 201 3235 309 3275; x_wconf 83' lang='lat' dir='ltr'><strong>nem</strong></span> <span class='ocrx_word' id='word_1_305' title='bbox 335 3222 484 3276; x_wconf 88' lang='lat' dir='ltr'><strong>omni</strong></span> <span class='ocrx_word' id='word_1_306' title='bbox 516 3224 758 3292; x_wconf 86' lang='lat' dir='ltr'><strong>poscenti</strong></span> <span class='ocrx_word' id='word_1_307' title='bbox 786 3238 846 3280; x_wconf 89' lang='lat' dir='ltr'><strong>se</strong></span> <span class='ocrx_word' id='word_1_308' title='bbox 872 3224 1135 3280; x_wconf 90' lang='lat' dir='ltr'><strong>rationem</strong></span> <span class='ocrx_word' id='word_1_309' title='bbox 1165 3227 1231 3281; x_wconf 90' lang='lat' dir='ltr'><strong>de</strong></span> <span class='ocrx_word' id='word_1_310' title='bbox 1258 3242 1342 3292; x_wconf 88' lang='lat' dir='ltr'><strong>ea,</strong></span> <span class='ocrx_word' id='word_1_311' title='bbox 1370 3241 1493 3296; x_wconf 76' lang='lat' dir='ltr'><strong>qure</strong></span> <span class='ocrx_word' id='word_1_312' title='bbox 1529 3228 1582 3281; x_wconf 90' lang='lat' dir='ltr'><strong>in</strong></span> <span class='ocrx_word' id='word_1_313' title='bbox 1615 3228 1770 3283; x_wconf 88' lang='lat' dir='ltr'><strong>nobis</strong></span> 
     </span>
    </p>
   </div>
   <div class='ocr_carea' id='block_1_44' title="bbox 198 3313 1771 3383">
    <p class='ocr_par' dir='ltr' id='par_1_44' title="bbox 198 3313 1771 3383">
     <span class='ocr_line' id='line_1_44' title="bbox 198 3313 1771 3383; baseline 0.007 -19"><span class='ocrx_word' id='word_1_314' title='bbox 198 3313 606 3382; x_wconf 83' lang='lat' dir='ltr'><strong>est,spe.Qnam</strong></span> <span class='ocrx_word' id='word_1_315' title='bbox 635 3316 985 3383; x_wconf 64' lang='lat' dir='ltr'><strong>quaestionem</strong></span> <span class='ocrx_word' id='word_1_316' title='bbox 1009 3316 1183 3372; x_wconf 86' lang='lat' dir='ltr'><strong>solent</strong></span> <span class='ocrx_word' id='word_1_317' title='bbox 1210 3326 1265 3373; x_wconf 89' lang='lat' dir='ltr'><strong>et</strong></span> <span class='ocrx_word' id='word_1_318' title='bbox 1294 3318 1643 3374; x_wconf 63' lang='lat' dir='ltr'><strong>inﬁdeles’m</strong></span> <span class='ocrx_word' id='word_1_319' title='bbox 1675 3335 1771 3375; x_wconf 92' lang='lat' dir='ltr'><strong>no-</strong></span> 
     </span>
    </p>
   </div>
   <div class='ocr_carea' id='block_1_45' title="bbox 200 3403 1770 3479">
    <p class='ocr_par' dir='ltr' id='par_1_45' title="bbox 200 3403 1770 3479">
     <span class='ocr_line' id='line_1_45' title="bbox 200 3403 1770 3479; baseline 0.006 -22"><span class='ocrx_word' id='word_1_320' title='bbox 200 3403 288 3470; x_wconf 88' lang='lat' dir='ltr'><strong>bis,</strong></span> <span class='ocrx_word' id='word_1_321' title='bbox 328 3406 733 3476; x_wconf 84' lang='lat' dir='ltr'><strong>simplicitatem</strong></span> <span class='ocrx_word' id='word_1_322' title='bbox 776 3408 1145 3464; x_wconf 85' lang='lat' dir='ltr'><strong>Christianam</strong></span> <span class='ocrx_word' id='word_1_323' title='bbox 1176 3412 1329 3479; x_wconf 87' lang='lat' dir='ltr'><strong>quasi</strong></span> <span class='ocrx_word' id='word_1_324' title='bbox 1376 3412 1581 3466; x_wconf 79' lang='lat' dir='ltr'><strong>fatuam</strong></span> <span class='ocrx_word' id='word_1_325' title='bbox 1629 3412 1770 3467; x_wconf 88' lang='lat' dir='ltr'><strong>deri-</strong></span> 
     </span>
    </p>
   </div>
   <div class='ocr_carea' id='block_1_46' title="bbox 197 3493 1765 3564">
    <p class='ocr_par' dir='ltr' id='par_1_46' title="bbox 197 3493 1765 3564">
     <span class='ocr_line' id='line_1_46' title="bbox 197 3493 1765 3564; baseline 0.006 -17"><span class='ocrx_word' id='word_1_326' title='bbox 197 3493 391 3558; x_wconf 86' lang='lat' dir='ltr'><strong>dentes.</strong></span> <span class='ocrx_word' id='word_1_327' title='bbox 419 3496 661 3564; x_wconf 88' lang='lat' dir='ltr'><strong>ohjicere</strong></span> <span class='ocrx_word' id='word_1_328' title='bbox 686 3537 699 3559; x_wconf 92' lang='lat'><strong>,</strong></span> <span class='ocrx_word' id='word_1_329' title='bbox 734 3506 788 3550; x_wconf 84' lang='lat' dir='ltr'><strong>et</strong></span> <span class='ocrx_word' id='word_1_330' title='bbox 817 3497 1003 3552; x_wconf 89' lang='lat' dir='ltr'><strong>ﬁdeles</strong></span> <span class='ocrx_word' id='word_1_331' title='bbox 1029 3498 1180 3553; x_wconf 87' lang='lat' dir='ltr'><strong>multi</strong></span> <span class='ocrx_word' id='word_1_332' title='bbox 1210 3500 1263 3554; x_wconf 93' lang='lat' dir='ltr'><strong>in</strong></span> <span class='ocrx_word' id='word_1_333' title='bbox 1304 3500 1470 3555; x_wconf 87' lang='lat' dir='ltr'><strong>corde</strong></span> <span class='ocrx_word' id='word_1_334' title='bbox 1509 3515 1726 3556; x_wconf 84' lang='lat' dir='ltr'><strong>versare</strong></span> <span class='ocrx_word' id='word_1_335' title='bbox 1751 3520 1765 3555; x_wconf 89' lang='lat'><strong>:</strong></span> 
     </span>
    </p>
   </div>
   <div class='ocr_carea' id='block_1_47' title="bbox 1810 2204 3450 2292">
    <p class='ocr_par' dir='ltr' id='par_1_47' title="bbox 1810 2204 3450 2292">
     <span class='ocr_line' id='line_1_47' title="bbox 1810 2204 3450 2292; baseline 0.011 -31"><span class='ocrx_word' id='word_1_336' title='bbox 1810 2207 1852 2261; x_wconf 85' lang='grc' dir='ltr'><strong><em>Β</em></strong></span> <span class='ocrx_word' id='word_1_337' title='bbox 1879 2204 2186 2275; x_wconf 79' lang='lat' dir='ltr'><strong>dignabitur</strong></span> <span class='ocrx_word' id='word_1_338' title='bbox 2219 2210 2452 2278; x_wconf 83' lang='lat' dir='ltr'><strong>aperire,</strong></span> <span class='ocrx_word' id='word_1_339' title='bbox 2508 2214 2814 2281; x_wconf 87' lang='lat' dir='ltr'><strong>petentibus</strong></span> <span class='ocrx_word' id='word_1_340' title='bbox 2864 2217 3167 2274; x_wconf 82' lang='lat' dir='ltr'><strong>ostendere.</strong></span> <span class='ocrx_word' id='word_1_341' title='bbox 3208 2220 3271 2275; x_wconf 80' lang='lat' dir='ltr'><strong>Et</strong></span> <span class='ocrx_word' id='word_1_342' title='bbox 3317 2235 3450 2292; x_wconf 90' lang='lat' dir='ltr'><strong>quo-</strong></span> 
     </span>
    </p>
   </div>
   <div class='ocr_carea' id='block_1_48' title="bbox 1880 2295 3453 2382">
    <p class='ocr_par' dir='ltr' id='par_1_48' title="bbox 1880 2295 3453 2382">
     <span class='ocr_line' id='line_1_48' title="bbox 1880 2295 3453 2382; baseline 0.013 -34"><span class='ocrx_word' id='word_1_343' title='bbox 1880 2295 2023 2349; x_wconf 89' lang='lat' dir='ltr'><strong>niam</strong></span> <span class='ocrx_word' id='word_1_344' title='bbox 2051 2311 2114 2351; x_wconf 91' lang='lat' dir='ltr'><strong>ea</strong></span> <span class='ocrx_word' id='word_1_345' title='bbox 2147 2298 2259 2364; x_wconf 61' lang='grc' dir='ltr'><strong>ωδ,</strong></span> <span class='ocrx_word' id='word_1_346' title='bbox 2291 2315 2410 2369; x_wconf 84' lang='lat' dir='ltr'><strong>quae</strong></span> <span class='ocrx_word' id='word_1_347' title='bbox 2439 2316 2534 2370; x_wconf 90' lang='lat' dir='ltr'><strong>per</strong></span> <span class='ocrx_word' id='word_1_348' title='bbox 2555 2304 3032 2376; x_wconf 85' lang='lat' dir='ltr'><strong>interrogationem</strong></span> <span class='ocrx_word' id='word_1_349' title='bbox 3058 2319 3116 2365; x_wconf 89' lang='lat' dir='ltr'><strong>et</strong></span> <span class='ocrx_word' id='word_1_350' title='bbox 3151 2314 3453 2382; x_wconf 85' lang='lat' dir='ltr'><strong>responsio-</strong></span> 
     </span>
    </p>
   </div>
   <div class='ocr_carea' id='block_1_49' title="bbox 1879 2386 3452 2458">
    <p class='ocr_par' dir='ltr' id='par_1_49' title="bbox 1879 2386 3452 2458">
     <span class='ocr_line' id='line_1_49' title="bbox 1879 2386 3452 2458; baseline 0.013 -21"><span class='ocrx_word' id='word_1_351' title='bbox 1879 2400 2001 2438; x_wconf 87' lang='lat' dir='ltr'><strong>nem</strong></span> <span class='ocrx_word' id='word_1_352' title='bbox 2052 2386 2465 2458; x_wconf 88' lang='lat' dir='ltr'><strong>investigantur,</strong></span> <span class='ocrx_word' id='word_1_353' title='bbox 2503 2392 2686 2448; x_wconf 89' lang='lat' dir='ltr'><strong>multis</strong></span> <span class='ocrx_word' id='word_1_354' title='bbox 2730 2405 2785 2449; x_wconf 92' lang='lat' dir='ltr'><strong>et</strong></span> <span class='ocrx_word' id='word_1_355' title='bbox 2836 2398 3073 2454; x_wconf 78' lang='lat' dir='ltr'><strong>maxime</strong></span> <span class='ocrx_word' id='word_1_356' title='bbox 3119 2401 3452 2458; x_wconf 87' lang='lat' dir='ltr'><strong>tardioribus</strong></span> 
     </span>
    </p>
   </div>
   <div class='ocr_carea' id='block_1_50' title="bbox 1878 2473 3451 2557">
    <p class='ocr_par' dir='ltr' id='par_1_50' title="bbox 1878 2473 3451 2557">
     <span class='ocr_line' id='line_1_50' title="bbox 1878 2473 3451 2557; baseline 0.014 -31"><span class='ocrx_word' id='word_1_357' title='bbox 1878 2473 2105 2543; x_wconf 78' lang='lat' dir='ltr'><strong>ingeniis</strong></span> <span class='ocrx_word' id='word_1_358' title='bbox 2136 2479 2307 2547; x_wconf 87' lang='lat' dir='ltr'><strong>magis</strong></span> <span class='ocrx_word' id='word_1_359' title='bbox 2346 2489 2554 2550; x_wconf 86' lang='lat' dir='ltr'><strong>patent,</strong></span> <span class='ocrx_word' id='word_1_360' title='bbox 2590 2493 2645 2537; x_wconf 90' lang='lat' dir='ltr'><strong>et</strong></span> <span class='ocrx_word' id='word_1_361' title='bbox 2675 2484 2796 2539; x_wconf 89' lang='lat' dir='ltr'><strong>ideo</strong></span> <span class='ocrx_word' id='word_1_362' title='bbox 2844 2486 2963 2555; x_wconf 93' lang='lat' dir='ltr'><strong>plus</strong></span> <span class='ocrx_word' id='word_1_363' title='bbox 3012 2489 3451 2557; x_wconf 78' lang='lat' dir='ltr'><strong>placeutzunum</strong></span> 
     </span>
    </p>
   </div>
   <div class='ocr_carea' id='block_1_51' title="bbox 1881 2567 3454 2648">
    <p class='ocr_par' dir='ltr' id='par_1_51' title="bbox 1881 2567 3454 2648">
     <span class='ocr_line' id='line_1_51' title="bbox 1881 2567 3454 2648; baseline 0.012 -29"><span class='ocrx_word' id='word_1_364' title='bbox 1881 2567 1975 2597; x_wconf 65' lang='grc' dir='ltr'><strong>ἠδ</strong></span> <span class='ocrx_word' id='word_1_365' title='bbox 2006 2584 2074 2621; x_wconf 75' lang='lat' dir='ltr'><strong>ex</strong></span> <span class='ocrx_word' id='word_1_366' title='bbox 2130 2569 2233 2624; x_wconf 89' lang='lat' dir='ltr'><strong>illis</strong></span> <span class='ocrx_word' id='word_1_367' title='bbox 2286 2573 2377 2642; x_wconf 92' lang='lat' dir='ltr'><strong>qui</strong></span> <span class='ocrx_word' id='word_1_368' title='bbox 2429 2574 2533 2630; x_wconf 87' lang='lat' dir='ltr'><strong>hoc</strong></span> <span class='ocrx_word' id='word_1_369' title='bbox 2582 2577 2842 2645; x_wconf 79' lang='lat' dir='ltr'><strong>ﬂagitant,</strong></span> <span class='ocrx_word' id='word_1_370' title='bbox 2890 2580 2980 2648; x_wconf 90' lang='lat' dir='ltr'><strong>qui</strong></span> <span class='ocrx_word' id='word_1_371' title='bbox 3016 2582 3155 2637; x_wconf 92' lang='lat' dir='ltr'><strong>inter</strong></span> <span class='ocrx_word' id='word_1_372' title='bbox 3182 2585 3319 2640; x_wconf 81' lang='lat' dir='ltr'><strong>alios</strong></span> <span class='ocrx_word' id='word_1_373' title='bbox 3371 2586 3454 2638; x_wconf 79' lang='lat' dir='ltr'><strong>in-</strong></span> 
     </span>
    </p>
   </div>
   <div class='ocr_carea' id='block_1_52' title="bbox 1874 2659 3450 2741">
    <p class='ocr_par' dir='ltr' id='par_1_52' title="bbox 1874 2659 3450 2741">
     <span class='ocr_line' id='line_1_52' title="bbox 1874 2659 3450 2741; baseline 0.01 -28"><span class='ocrx_word' id='word_1_374' title='bbox 1874 2659 2108 2715; x_wconf 83' lang='lat' dir='ltr'><strong>stantius</strong></span> <span class='ocrx_word' id='word_1_375' title='bbox 2148 2661 2216 2715; x_wconf 88' lang='lat' dir='ltr'><strong>ad</strong></span> <span class='ocrx_word' id='word_1_376' title='bbox 2261 2662 2363 2717; x_wconf 89' lang='lat' dir='ltr'><strong>hoc</strong></span> <span class='ocrx_word' id='word_1_377' title='bbox 2389 2680 2475 2720; x_wconf 91' lang='lat' dir='ltr'><strong>me</strong></span> <span class='ocrx_word' id='word_1_378' title='bbox 2504 2666 2759 2721; x_wconf 87' lang='lat' dir='ltr'><strong>sollicitat</strong></span> <span class='ocrx_word' id='word_1_379' title='bbox 2786 2668 2899 2733; x_wconf 70' lang='lat' dir='ltr'><strong>m‘,</strong></span> <span class='ocrx_word' id='word_1_380' title='bbox 2928 2672 3187 2741; x_wconf 90' lang='lat' dir='ltr'><strong>accipiam</strong></span> <span class='ocrx_word' id='word_1_381' title='bbox 3236 2689 3450 2729; x_wconf 89' lang='lat' dir='ltr'><strong>mecum</strong></span> 
     </span>
    </p>
   </div>
   <div class='ocr_carea' id='block_1_53' title="bbox 1874 2751 3451 2834">
    <p class='ocr_par' dir='ltr' id='par_1_53' title="bbox 1874 2751 3451 2834">
     <span class='ocr_line' id='line_1_53' title="bbox 1874 2751 3451 2834; baseline 0.007 -26"><span class='ocrx_word' id='word_1_382' title='bbox 1874 2751 2241 2821; x_wconf 89' lang='lat' dir='ltr'><strong>disputantem</strong></span> <span class='ocrx_word' id='word_1_383' title='bbox 2266 2760 2281 2808; x_wconf 71' lang='grc' dir='ltr'><strong>ξ</strong></span> <span class='ocrx_word' id='word_1_384' title='bbox 2310 2764 2369 2810; x_wconf 83' lang='grc' dir='ltr'><strong>ιιι</strong></span> <span class='ocrx_word' id='word_1_385' title='bbox 2407 2755 2546 2812; x_wconf 85' lang='lat' dir='ltr'><strong>Bosa</strong></span> <span class='ocrx_word' id='word_1_386' title='bbox 2568 2767 2795 2828; x_wconf 64' lang='lat' dir='ltr'><strong>quaerat,</strong></span> <span class='ocrx_word' id='word_1_387' title='bbox 2827 2770 2883 2816; x_wconf 93' lang='lat' dir='ltr'><strong>et</strong></span> <span class='ocrx_word' id='word_1_388' title='bbox 2913 2762 3190 2819; x_wconf 77' lang='lat' dir='ltr'><strong>Anselmus</strong></span> <span class='ocrx_word' id='word_1_389' title='bbox 3223 2780 3451 2834; x_wconf 87' lang='lat' dir='ltr'><strong>respon-</strong></span> 
     </span>
    </p>
   </div>
   <div class='ocr_carea' id='block_1_54' title="bbox 1870 2842 2325 2902">
    <p class='ocr_par' dir='ltr' id='par_1_54' title="bbox 1870 2842 2325 2902">
     <span class='ocr_line' id='line_1_54' title="bbox 1870 2842 2325 2902; baseline 0.002 -6"><span class='ocrx_word' id='word_1_390' title='bbox 1870 2842 1997 2897; x_wconf 82' lang='lat' dir='ltr'><strong>deat</strong></span> <span class='ocrx_word' id='word_1_391' title='bbox 2016 2842 2119 2899; x_wconf 89' lang='lat' dir='ltr'><strong>hoc</strong></span> <span class='ocrx_word' id='word_1_392' title='bbox 2148 2844 2325 2902; x_wconf 91' lang='lat' dir='ltr'><strong>modo.</strong></span> 
     </span>
    </p>
   </div>
   <div class='ocr_carea' id='block_1_55' title="bbox 2487 2918 2824 2977">
    <p class='ocr_par' dir='ltr' id='par_1_55' title="bbox 2487 2918 2824 2977">
     <span class='ocr_line' id='line_1_55' title="bbox 2487 2918 2824 2977; baseline 0.006 -3"><span class='ocrx_word' id='word_1_393' title='bbox 2487 2918 2714 2977; x_wconf 82' lang='lat' dir='ltr'><strong>CAPUT</strong></span> <span class='ocrx_word' id='word_1_394' title='bbox 2762 2922 2824 2976; x_wconf 88' lang='lat' dir='ltr'><strong>ll.</strong></span> 
     </span>
    </p>
   </div>
   <div class='ocr_carea' id='block_1_56' title="bbox 1944 3028 3378 3107">
    <p class='ocr_par' dir='ltr' id='par_1_56' title="bbox 1944 3028 3378 3107">
     <span class='ocr_line' id='line_1_56' title="bbox 1944 3028 3378 3107; baseline 0.008 -26"><span class='ocrx_word' id='word_1_395' title='bbox 1944 3028 2218 3094; x_wconf 82' lang='lat' dir='ltr'><strong>Quomodo</strong></span> <span class='ocrx_word' id='word_1_396' title='bbox 2254 3034 2557 3103; x_wconf 83' lang='lat' dir='ltr'><strong>accipienda</strong></span> <span class='ocrx_word' id='word_1_397' title='bbox 2586 3044 2705 3088; x_wconf 75' lang='lat' dir='ltr'><strong>sunt</strong></span> <span class='ocrx_word' id='word_1_398' title='bbox 2728 3052 2790 3089; x_wconf 89' lang='lat' dir='ltr'><strong>ea</strong></span> <span class='ocrx_word' id='word_1_399' title='bbox 2842 3053 2960 3107; x_wconf 76' lang='lat' dir='ltr'><strong>qua:</strong></span> <span class='ocrx_word' id='word_1_400' title='bbox 2985 3038 3205 3091; x_wconf 80' lang='lat' dir='ltr'><strong>dicenda</strong></span> <span class='ocrx_word' id='word_1_401' title='bbox 3236 3049 3378 3093; x_wconf 76' lang='lat' dir='ltr'><strong>sunt.</strong></span> 
     </span>
    </p>
   </div>
   <div class='ocr_carea' id='block_1_57' title="bbox 1943 3121 3449 3200">
    <p class='ocr_par' dir='ltr' id='par_1_57' title="bbox 1943 3121 3449 3200">
     <span class='ocr_line' id='line_1_57' title="bbox 1943 3121 3449 3200; baseline 0.009 -26"><span class='ocrx_word' id='word_1_402' title='bbox 1943 3121 2068 3177; x_wconf 79' lang='lat' dir='ltr'><strong>Bos.</strong></span> <span class='ocrx_word' id='word_1_403' title='bbox 2114 3124 2263 3180; x_wconf 90' lang='lat' dir='ltr'><strong>Sicut</strong></span> <span class='ocrx_word' id='word_1_404' title='bbox 2304 3136 2485 3181; x_wconf 87' lang='lat' dir='ltr'><strong>rectus</strong></span> <span class='ocrx_word' id='word_1_405' title='bbox 2522 3127 2655 3181; x_wconf 89' lang='lat' dir='ltr'><strong>ordo</strong></span> <span class='ocrx_word' id='word_1_406' title='bbox 2691 3129 2859 3200; x_wconf 74' lang='lat' dir='ltr'><strong>exigit</strong></span> <span class='ocrx_word' id='word_1_407' title='bbox 2898 3138 2955 3183; x_wconf 92' lang='lat' dir='ltr'><strong>ut</strong></span> <span class='ocrx_word' id='word_1_408' title='bbox 2986 3130 3257 3199; x_wconf 81' lang='lat' dir='ltr'><strong>profunda</strong></span> <span class='ocrx_word' id='word_1_409' title='bbox 3289 3132 3449 3188; x_wconf 80' lang='lat' dir='ltr'><strong>Chri-</strong></span> 
     </span>
    </p>
   </div>
   <div class='ocr_carea' id='block_1_58' title="bbox 1872 3211 3447 3286">
    <p class='ocr_par' dir='ltr' id='par_1_58' title="bbox 1872 3211 3447 3286">
     <span class='ocr_line' id='line_1_58' title="bbox 1872 3211 3447 3286; baseline 0.006 -22"><span class='ocrx_word' id='word_1_410' title='bbox 1872 3211 2060 3266; x_wconf 76' lang='lat' dir='ltr'><strong>stiante</strong></span> <span class='ocrx_word' id='word_1_411' title='bbox 2098 3212 2219 3268; x_wconf 88' lang='lat' dir='ltr'><strong>ﬁdei</strong></span> <span class='ocrx_word' id='word_1_412' title='bbox 2270 3216 2576 3277; x_wconf 86' lang='lat' dir='ltr'><strong>credamus,</strong></span> <span class='ocrx_word' id='word_1_413' title='bbox 2613 3217 2927 3286; x_wconf 83' lang='lat' dir='ltr'><strong>priusquam</strong></span> <span class='ocrx_word' id='word_1_414' title='bbox 2958 3233 3019 3271; x_wconf 90' lang='lat' dir='ltr'><strong>ea</strong></span> <span class='ocrx_word' id='word_1_415' title='bbox 3059 3233 3447 3286; x_wconf 74' lang='lat' dir='ltr'><strong>praesumamus</strong></span> 
     </span>
    </p>
   </div>
   <div class='ocr_carea' id='block_1_59' title="bbox 1872 3304 3445 3377">
    <p class='ocr_par' dir='ltr' id='par_1_59' title="bbox 1872 3304 3445 3377">
     <span class='ocr_line' id='line_1_59' title="bbox 1872 3304 3445 3377; baseline 0.008 -23"><span class='ocrx_word' id='word_1_416' title='bbox 1872 3304 2083 3358; x_wconf 86' lang='lat' dir='ltr'><strong>ratione</strong></span> <span class='ocrx_word' id='word_1_417' title='bbox 2129 3305 2429 3370; x_wconf 87' lang='lat' dir='ltr'><strong>discutere,</strong></span> <span class='ocrx_word' id='word_1_418' title='bbox 2475 3307 2546 3360; x_wconf 91' lang='lat' dir='ltr'><strong>ita</strong></span> <span class='ocrx_word' id='word_1_419' title='bbox 2587 3307 2905 3377; x_wconf 82' lang='lat' dir='ltr'><strong>negligentia</strong></span> <span class='ocrx_word' id='word_1_420' title='bbox 2944 3309 3072 3363; x_wconf 89' lang='lat' dir='ltr'><strong>mihi</strong></span> <span class='ocrx_word' id='word_1_421' title='bbox 3098 3312 3331 3377; x_wconf 88' lang='lat' dir='ltr'><strong>videtur,</strong></span> <span class='ocrx_word' id='word_1_422' title='bbox 3375 3313 3445 3376; x_wconf 66' lang='lat' dir='ltr'><strong>si,</strong></span> 
     </span>
    </p>
   </div>
   <div class='ocr_carea' id='block_1_60' title="bbox 1871 3395 3443 3465">
    <p class='ocr_par' dir='ltr' id='par_1_60' title="bbox 1871 3395 3443 3465">
     <span class='ocr_line' id='line_1_60' title="bbox 1871 3395 3443 3465; baseline 0.006 -18"><span class='ocrx_word' id='word_1_423' title='bbox 1871 3402 2154 3462; x_wconf 87' lang='lat' dir='ltr'><strong>postquam</strong></span> <span class='ocrx_word' id='word_1_424' title='bbox 2194 3395 2502 3451; x_wconf 90' lang='lat' dir='ltr'><strong>conﬁrmati</strong></span> <span class='ocrx_word' id='word_1_425' title='bbox 2532 3412 2717 3451; x_wconf 86' lang='lat' dir='ltr'><strong>sumus</strong></span> <span class='ocrx_word' id='word_1_426' title='bbox 2768 3399 2819 3451; x_wconf 91' lang='lat' dir='ltr'><strong>in</strong></span> <span class='ocrx_word' id='word_1_427' title='bbox 2867 3398 2991 3465; x_wconf 87' lang='lat' dir='ltr'><strong>ﬁde,</strong></span> <span class='ocrx_word' id='word_1_428' title='bbox 3022 3416 3127 3454; x_wconf 90' lang='lat' dir='ltr'><strong>non</strong></span> <span class='ocrx_word' id='word_1_429' title='bbox 3163 3404 3443 3458; x_wconf 83' lang='lat' dir='ltr'><strong>studemus</strong></span> 
     </span>
    </p>
   </div>
   <div class='ocr_carea' id='block_1_61' title="bbox 1860 3484 3439 3561">
    <p class='ocr_par' dir='ltr' id='par_1_61' title="bbox 1860 3484 3439 3561">
     <span class='ocr_line' id='line_1_61' title="bbox 1860 3484 3439 3561; baseline 0.006 -26"><span class='ocrx_word' id='word_1_430' title='bbox 1860 3484 2014 3559; x_wconf 82' lang='lat' dir='ltr'><strong>quod</strong></span> <span class='ocrx_word' id='word_1_431' title='bbox 2064 3484 2335 3539; x_wconf 86' lang='lat' dir='ltr'><strong>credimus</strong></span> <span class='ocrx_word' id='word_1_432' title='bbox 2392 3484 2711 3557; x_wconf 76' lang='lat' dir='ltr'><strong>intelligere.</strong></span> <span class='ocrx_word' id='word_1_433' title='bbox 2764 3486 3103 3558; x_wconf 83' lang='lat' dir='ltr'><strong>Quapmpter</strong></span> <span class='ocrx_word' id='word_1_434' title='bbox 3148 3490 3439 3561; x_wconf 89' lang='lat' dir='ltr'><strong>quoniam,</strong></span> 
     </span>
    </p>
   </div>
   <div class='ocr_carea' id='block_1_62' title="bbox 197 3565 3448 3654">
    <p class='ocr_par' dir='ltr' id='par_1_62' title="bbox 197 3565 3448 3654">
     <span class='ocr_line' id='line_1_62' title="bbox 197 3565 3448 3654; baseline 0.006 -35"><span class='ocrx_word' id='word_1_435' title='bbox 197 3600 290 3652; x_wconf 60' lang='lat' dir='ltr'><strong>qua</strong></span> <span class='ocrx_word' id='word_1_436' title='bbox 320 3588 531 3641; x_wconf 58' lang='lat' dir='ltr'><strong>sciiicm</strong></span> <span class='ocrx_word' id='word_1_437' title='bbox 581 3587 792 3641; x_wconf 67' lang='lat' dir='ltr'><strong>mione</strong></span> <span class='ocrx_word' id='word_1_438' title='bbox 834 3588 914 3642; x_wconf 61' lang='grc' dir='ltr'><strong>ναι</strong></span> <span class='ocrx_word' id='word_1_439' title='bbox 955 3590 1279 3645; x_wconf 63' lang='lat' dir='ltr'><strong>necessiiaie</strong></span> <span class='ocrx_word' id='word_1_440' title='bbox 1309 3592 1449 3648; x_wconf 68' lang='lat' dir='ltr'><strong>Deus</strong></span> <span class='ocrx_word' id='word_1_441' title='bbox 1475 3594 1638 3648; x_wconf 71' lang='lat' dir='ltr'><strong>homo</strong></span> <span class='ocrx_word' id='word_1_442' title='bbox 1689 3592 1763 3647; x_wconf 64' lang='lat' dir='ltr'><strong>iii,</strong></span> <span class='ocrx_word' id='word_1_443' title='bbox 1795 3565 1841 3627; x_wconf 89' lang='lat' dir='ltr'><strong>C</strong></span> <span class='ocrx_word' id='word_1_444' title='bbox 1871 3575 2041 3645; x_wconf 84' lang='lat' dir='ltr'><strong>gratia</strong></span> <span class='ocrx_word' id='word_1_445' title='bbox 2085 3575 2177 3630; x_wconf 90' lang='lat' dir='ltr'><strong>Dei</strong></span> <span class='ocrx_word' id='word_1_446' title='bbox 2214 3576 2596 3647; x_wconf 53' lang='lat' dir='ltr'><strong>praeveniente,</strong></span> <span class='ocrx_word' id='word_1_447' title='bbox 2638 3576 2797 3633; x_wconf 85' lang='lat' dir='ltr'><strong>tidem</strong></span> <span class='ocrx_word' id='word_1_448' title='bbox 2832 3590 3030 3635; x_wconf 63' lang='lat' dir='ltr'><strong>nostrae</strong></span> <span class='ocrx_word' id='word_1_449' title='bbox 3065 3583 3448 3654; x_wconf 77' lang='lat' dir='ltr'><strong>redemptionis</strong></span> 
     </span>
    </p>
   </div>
   <div class='ocr_carea' id='block_1_63' title="bbox 193 3678 1772 3745">
    <p class='ocr_par' dir='ltr' id='par_1_63' title="bbox 193 3678 1772 3745">
     <span class='ocr_line' id='line_1_63' title="bbox 193 3678 1772 3745; baseline 0.009 -18"><span class='ocrx_word' id='word_1_450' title='bbox 193 3682 301 3729; x_wconf 88' lang='lat' dir='ltr'><strong>ctus</strong></span> <span class='ocrx_word' id='word_1_451' title='bbox 331 3678 433 3742; x_wconf 90' lang='lat' dir='ltr'><strong>sit,</strong></span> <span class='ocrx_word' id='word_1_452' title='bbox 463 3687 520 3732; x_wconf 90' lang='lat' dir='ltr'><strong>et</strong></span> <span class='ocrx_word' id='word_1_453' title='bbox 548 3687 724 3732; x_wconf 89' lang='lat' dir='ltr'><strong>morte</strong></span> <span class='ocrx_word' id='word_1_454' title='bbox 754 3694 871 3745; x_wconf 89' lang='lat' dir='ltr'><strong>sua,</strong></span> <span class='ocrx_word' id='word_1_455' title='bbox 890 3679 1033 3735; x_wconf 90' lang='lat' dir='ltr'><strong>sicut</strong></span> <span class='ocrx_word' id='word_1_456' title='bbox 1054 3696 1153 3736; x_wconf 90' lang='lat' dir='ltr'><strong>nos</strong></span> <span class='ocrx_word' id='word_1_457' title='bbox 1176 3682 1551 3739; x_wconf 77' lang='lat' dir='ltr'><strong>credimus”&quot;</strong></span> <span class='ocrx_word' id='word_1_458' title='bbox 1564 3694 1618 3740; x_wconf 91' lang='lat' dir='ltr'><strong>et</strong></span> <span class='ocrx_word' id='word_1_459' title='bbox 1645 3701 1772 3741; x_wconf 85' lang='lat' dir='ltr'><strong>eon-</strong></span> 
     </span>
    </p>
   </div>
   <div class='ocr_carea' id='block_1_64' title="bbox 196 3765 1773 3849">
    <p class='ocr_par' dir='ltr' id='par_1_64' title="bbox 196 3765 1773 3849">
     <span class='ocr_line' id='line_1_64' title="bbox 196 3765 1773 3849; baseline 0.009 -32"><span class='ocrx_word' id='word_1_460' title='bbox 196 3765 420 3833; x_wconf 75' lang='lat' dir='ltr'><strong>ﬁtentur,</strong></span> <span class='ocrx_word' id='word_1_461' title='bbox 460 3771 663 3824; x_wconf 89' lang='lat' dir='ltr'><strong>mundo</strong></span> <span class='ocrx_word' id='word_1_462' title='bbox 694 3770 856 3824; x_wconf 89' lang='lat' dir='ltr'><strong>vitam</strong></span> <span class='ocrx_word' id='word_1_463' title='bbox 880 3772 1192 3827; x_wconf 87' lang='lat' dir='ltr'><strong>reddiderit.</strong></span> <span class='ocrx_word' id='word_1_464' title='bbox 1218 3773 1352 3828; x_wconf 90' lang='lat' dir='ltr'><strong>Cum</strong></span> <span class='ocrx_word' id='word_1_465' title='bbox 1384 3775 1489 3830; x_wconf 88' lang='lat' dir='ltr'><strong>hoc</strong></span> <span class='ocrx_word' id='word_1_466' title='bbox 1528 3786 1623 3830; x_wconf 91' lang='lat' dir='ltr'><strong>aut</strong></span> <span class='ocrx_word' id='word_1_467' title='bbox 1677 3792 1773 3849; x_wconf 77' lang='lat' dir='ltr'><strong>per</strong></span> 
     </span>
    </p>
   </div>
   <div class='ocr_carea' id='block_1_65' title="bbox 193 3855 1768 3933">
    <p class='ocr_par' dir='ltr' id='par_1_65' title="bbox 193 3855 1768 3933">
     <span class='ocr_line' id='line_1_65' title="bbox 193 3855 1768 3933; baseline 0.01 -27"><span class='ocrx_word' id='word_1_468' title='bbox 193 3855 341 3910; x_wconf 82' lang='lat' dir='ltr'><strong>aliam</strong></span> <span class='ocrx_word' id='word_1_469' title='bbox 363 3872 678 3928; x_wconf 86' lang='lat' dir='ltr'><strong>personam,</strong></span> <span class='ocrx_word' id='word_1_470' title='bbox 704 3862 824 3919; x_wconf 82' lang='lat' dir='ltr'><strong>sive</strong></span> <span class='ocrx_word' id='word_1_471' title='bbox 851 3862 1146 3931; x_wconf 87' lang='lat' dir='ltr'><strong>angelicam</strong></span> <span class='ocrx_word' id='word_1_472' title='bbox 1163 3901 1180 3930; x_wconf 91' lang='lat'><strong>,</strong></span> <span class='ocrx_word' id='word_1_473' title='bbox 1203 3863 1318 3918; x_wconf 89' lang='lat' dir='ltr'><strong>sive</strong></span> <span class='ocrx_word' id='word_1_474' title='bbox 1340 3864 1630 3920; x_wconf 86' lang='lat' dir='ltr'><strong>humanam</strong></span> <span class='ocrx_word' id='word_1_475' title='bbox 1655 3868 1768 3933; x_wconf 68' lang='lat'><strong>“9°,</strong></span> 
     </span>
    </p>
   </div>
   <div class='ocr_carea' id='block_1_66' title="bbox 191 3951 1771 4027">
    <p class='ocr_par' dir='ltr' id='par_1_66' title="bbox 191 3951 1771 4027">
     <span class='ocr_line' id='line_1_66' title="bbox 191 3951 1771 4027; baseline 0.01 -28"><span class='ocrx_word' id='word_1_476' title='bbox 191 3956 273 4000; x_wconf 86' lang='lat' dir='ltr'><strong>aut</strong></span> <span class='ocrx_word' id='word_1_477' title='bbox 300 3951 415 4005; x_wconf 83' lang='lat' dir='ltr'><strong>sola</strong></span> <span class='ocrx_word' id='word_1_478' title='bbox 454 3952 733 4009; x_wconf 88' lang='lat' dir='ltr'><strong>voluntate</strong></span> <span class='ocrx_word' id='word_1_479' title='bbox 754 3952 935 4010; x_wconf 87' lang='lat' dir='ltr'><strong>facere</strong></span> <span class='ocrx_word' id='word_1_480' title='bbox 964 3957 1223 4026; x_wconf 87' lang='lat' dir='ltr'><strong>potuerit,</strong></span> <span class='ocrx_word' id='word_1_481' title='bbox 1255 3957 1323 4012; x_wconf 91' lang='lat' dir='ltr'><strong>de</strong></span> <span class='ocrx_word' id='word_1_482' title='bbox 1344 3972 1447 4027; x_wconf 88' lang='lat' dir='ltr'><strong>qtta</strong></span> <span class='ocrx_word' id='word_1_483' title='bbox 1476 3960 1771 4027; x_wconf 78' lang='lat' dir='ltr'><strong>quaestione</strong></span> 
     </span>
    </p>
   </div>
   <div class='ocr_carea' id='block_1_67' title="bbox 187 4042 1763 4122">
    <p class='ocr_par' dir='ltr' id='par_1_67' title="bbox 187 4042 1763 4122">
     <span class='ocr_line' id='line_1_67' title="bbox 187 4042 1763 4122; baseline 0.011 -32"><span class='ocrx_word' id='word_1_484' title='bbox 187 4042 286 4093; x_wconf 80' lang='lat' dir='ltr'><strong>non</strong></span> <span class='ocrx_word' id='word_1_485' title='bbox 315 4042 493 4098; x_wconf 88' lang='lat' dir='ltr'><strong>solum</strong></span> <span class='ocrx_word' id='word_1_486' title='bbox 528 4045 774 4115; x_wconf 86' lang='lat' dir='ltr'><strong>litterati,</strong></span> <span class='ocrx_word' id='word_1_487' title='bbox 806 4049 900 4104; x_wconf 90' lang='lat' dir='ltr'><strong>sed</strong></span> <span class='ocrx_word' id='word_1_488' title='bbox 940 4049 1103 4103; x_wconf 89' lang='lat' dir='ltr'><strong>etiam</strong></span> <span class='ocrx_word' id='word_1_489' title='bbox 1132 4047 1394 4104; x_wconf 80' lang='lat' dir='ltr'><strong>illitterati</strong></span> <span class='ocrx_word' id='word_1_490' title='bbox 1433 4048 1584 4105; x_wconf 91' lang='lat' dir='ltr'><strong>multi</strong></span> <span class='ocrx_word' id='word_1_491' title='bbox 1616 4066 1763 4122; x_wconf 83' lang='lat' dir='ltr'><strong>quae-</strong></span> 
     </span>
    </p>
   </div>
   <div class='ocr_carea' id='block_1_68' title="bbox 188 4137 1763 4213">
    <p class='ocr_par' dir='ltr' id='par_1_68' title="bbox 188 4137 1763 4213">
     <span class='ocr_line' id='line_1_68' title="bbox 188 4137 1763 4213; baseline 0.008 -28"><span class='ocrx_word' id='word_1_492' title='bbox 188 4143 309 4189; x_wconf 78' lang='lat' dir='ltr'><strong>runt</strong></span> <span class='ocrx_word' id='word_1_493' title='bbox 358 4146 418 4190; x_wconf 88' lang='lat' dir='ltr'><strong>et</strong></span> <span class='ocrx_word' id='word_1_494' title='bbox 464 4137 734 4194; x_wconf 87' lang='lat' dir='ltr'><strong>rationem</strong></span> <span class='ocrx_word' id='word_1_495' title='bbox 781 4141 897 4211; x_wconf 88' lang='lat' dir='ltr'><strong>ejus</strong></span> <span class='ocrx_word' id='word_1_496' title='bbox 940 4141 1274 4207; x_wconf 89' lang='lat' dir='ltr'><strong>desiderant,</strong></span> <span class='ocrx_word' id='word_1_497' title='bbox 1316 4140 1581 4208; x_wconf 86' lang='lat' dir='ltr'><strong>Quoniam</strong></span> <span class='ocrx_word' id='word_1_498' title='bbox 1634 4158 1763 4213; x_wconf 88' lang='lat' dir='ltr'><strong>ergo</strong></span> 
     </span>
    </p>
   </div>
   <div class='ocr_carea' id='block_1_69' title="bbox 185 4225 1764 4304">
    <p class='ocr_par' dir='ltr' id='par_1_69' title="bbox 185 4225 1764 4304">
     <span class='ocr_line' id='line_1_69' title="bbox 185 4225 1764 4304; baseline 0.009 -28"><span class='ocrx_word' id='word_1_499' title='bbox 185 4225 334 4280; x_wconf 87' lang='lat' dir='ltr'><strong>multi</strong></span> <span class='ocrx_word' id='word_1_500' title='bbox 365 4228 434 4282; x_wconf 90' lang='lat' dir='ltr'><strong>de</strong></span> <span class='ocrx_word' id='word_1_501' title='bbox 463 4229 565 4284; x_wconf 88' lang='lat' dir='ltr'><strong>hac</strong></span> <span class='ocrx_word' id='word_1_502' title='bbox 596 4234 814 4287; x_wconf 88' lang='lat' dir='ltr'><strong>tractari</strong></span> <span class='ocrx_word' id='word_1_503' title='bbox 840 4232 1115 4304; x_wconf 87' lang='lat' dir='ltr'><strong>postulant</strong></span> <span class='ocrx_word' id='word_1_504' title='bbox 1143 4231 1236 4264; x_wconf 66' lang='lat'><strong>“9‘</strong></span> <span class='ocrx_word' id='word_1_505' title='bbox 1256 4272 1271 4299; x_wconf 89' lang='lat'><strong>,</strong></span> <span class='ocrx_word' id='word_1_506' title='bbox 1302 4241 1358 4289; x_wconf 89' lang='lat' dir='ltr'><strong>et</strong></span> <span class='ocrx_word' id='word_1_507' title='bbox 1388 4232 1514 4287; x_wconf 91' lang='lat' dir='ltr'><strong>licet</strong></span> <span class='ocrx_word' id='word_1_508' title='bbox 1534 4233 1586 4289; x_wconf 88' lang='lat' dir='ltr'><strong>in</strong></span> <span class='ocrx_word' id='word_1_509' title='bbox 1615 4249 1764 4304; x_wconf 77' lang='lat' dir='ltr'><strong>qua:-</strong></span> 
     </span>
    </p>
   </div>
   <div class='ocr_carea' id='block_1_70' title="bbox 185 4320 1761 4393">
    <p class='ocr_par' dir='ltr' id='par_1_70' title="bbox 185 4320 1761 4393">
     <span class='ocr_line' id='line_1_70' title="bbox 185 4320 1761 4393; baseline 0.008 -24"><span class='ocrx_word' id='word_1_510' title='bbox 185 4320 348 4373; x_wconf 88' lang='lat' dir='ltr'><strong>rendo</strong></span> <span class='ocrx_word' id='word_1_511' title='bbox 376 4322 473 4353; x_wconf 81' lang='grc'><strong>²¹⁹²</strong></span> <span class='ocrx_word' id='word_1_512' title='bbox 499 4323 652 4378; x_wconf 86' lang='lat' dir='ltr'><strong>valde</strong></span> <span class='ocrx_word' id='word_1_513' title='bbox 693 4325 938 4380; x_wconf 81' lang='lat' dir='ltr'><strong>videatur</strong></span> <span class='ocrx_word' id='word_1_514' title='bbox 984 4324 1217 4381; x_wconf 85' lang='lat' dir='ltr'><strong>difﬁcilis</strong></span> <span class='ocrx_word' id='word_1_515' title='bbox 1243 4366 1257 4393; x_wconf 92' lang='lat'><strong>,</strong></span> <span class='ocrx_word' id='word_1_516' title='bbox 1291 4326 1344 4380; x_wconf 90' lang='lat' dir='ltr'><strong>in</strong></span> <span class='ocrx_word' id='word_1_517' title='bbox 1382 4325 1638 4381; x_wconf 86' lang='lat' dir='ltr'><strong>solvendo</strong></span> <span class='ocrx_word' id='word_1_518' title='bbox 1678 4335 1761 4381; x_wconf 87' lang='lat' dir='ltr'><strong>ta-</strong></span> 
     </span>
    </p>
   </div>
   <div class='ocr_carea' id='block_1_71' title="bbox 184 4414 1758 4488">
    <p class='ocr_par' dir='ltr' id='par_1_71' title="bbox 184 4414 1758 4488">
     <span class='ocr_line' id='line_1_71' title="bbox 184 4414 1758 4488; baseline 0.007 -28"><span class='ocrx_word' id='word_1_519' title='bbox 184 4424 301 4464; x_wconf 76' lang='lat' dir='ltr'><strong>men</strong></span> <span class='ocrx_word' id='word_1_520' title='bbox 328 4414 589 4469; x_wconf 90' lang='lat' dir='ltr'><strong>omnibus</strong></span> <span class='ocrx_word' id='word_1_521' title='bbox 618 4425 700 4470; x_wconf 88' lang='lat' dir='ltr'><strong>est</strong></span> <span class='ocrx_word' id='word_1_522' title='bbox 735 4416 1109 4487; x_wconf 85' lang='lat' dir='ltr'><strong>intelligibilis,</strong></span> <span class='ocrx_word' id='word_1_523' title='bbox 1138 4428 1194 4473; x_wconf 93' lang='lat' dir='ltr'><strong>et</strong></span> <span class='ocrx_word' id='word_1_524' title='bbox 1232 4426 1452 4488; x_wconf 88' lang='lat' dir='ltr'><strong>propter</strong></span> <span class='ocrx_word' id='word_1_525' title='bbox 1474 4416 1758 4472; x_wconf 87' lang='lat' dir='ltr'><strong>utilitatem</strong></span> 
     </span>
    </p>
   </div>
   <div class='ocr_carea' id='block_1_72' title="bbox 182 4504 1759 4576">
    <p class='ocr_par' dir='ltr' id='par_1_72' title="bbox 182 4504 1759 4576">
     <span class='ocr_line' id='line_1_72' title="bbox 182 4504 1759 4576; baseline 0.006 -22"><span class='ocrx_word' id='word_1_526' title='bbox 182 4504 520 4576; x_wconf 86' lang='lat' dir='ltr'><strong>rationisque</strong></span> <span class='ocrx_word' id='word_1_527' title='bbox 557 4508 1016 4575; x_wconf 85' lang='lat' dir='ltr'><strong>pulchritudinem</strong></span> <span class='ocrx_word' id='word_1_528' title='bbox 1050 4510 1142 4542; x_wconf 80' lang='lat'>“”</span> <span class='ocrx_word' id='word_1_529' title='bbox 1196 4511 1465 4565; x_wconf 87' lang='lat' dir='ltr'><strong>amabilis.</strong></span> <span class='ocrx_word' id='word_1_530' title='bbox 1498 4509 1759 4576; x_wconf 85' lang='lat' dir='ltr'><strong>Quamvis</strong></span> 
     </span>
    </p>
   </div>
   <div class='ocr_carea' id='block_1_73' title="bbox 180 4598 1762 4672">
    <p class='ocr_par' dir='ltr' id='par_1_73' title="bbox 180 4598 1762 4672">
     <span class='ocr_line' id='line_1_73' title="bbox 180 4598 1762 4672; baseline 0.007 -26"><span class='ocrx_word' id='word_1_531' title='bbox 180 4608 210 4645; x_wconf 80' lang='lat' dir='ltr'><strong>a</strong></span> <span class='ocrx_word' id='word_1_532' title='bbox 238 4599 446 4653; x_wconf 89' lang='lat' dir='ltr'><strong>sanctis</strong></span> <span class='ocrx_word' id='word_1_533' title='bbox 490 4598 741 4656; x_wconf 89' lang='lat' dir='ltr'><strong>Patribus</strong></span> <span class='ocrx_word' id='word_1_534' title='bbox 770 4601 912 4665; x_wconf 90' lang='lat' dir='ltr'><strong>inde,</strong></span> <span class='ocrx_word' id='word_1_535' title='bbox 949 4603 1093 4672; x_wconf 91' lang='lat' dir='ltr'><strong>quod</strong></span> <span class='ocrx_word' id='word_1_536' title='bbox 1135 4603 1386 4658; x_wconf 78' lang='lat' dir='ltr'><strong>sufficere</strong></span> <span class='ocrx_word' id='word_1_537' title='bbox 1433 4602 1647 4666; x_wconf 85' lang='lat' dir='ltr'><strong>debeat,</strong></span> <span class='ocrx_word' id='word_1_538' title='bbox 1681 4604 1762 4657; x_wconf 93' lang='lat' dir='ltr'><strong>di-</strong></span> 
     </span>
    </p>
   </div>
   <div class='ocr_carea' id='block_1_74' title="bbox 1870 3665 3451 3743">
    <p class='ocr_par' dir='ltr' id='par_1_74' title="bbox 1870 3665 3451 3743">
     <span class='ocr_line' id='line_1_74' title="bbox 1870 3665 3451 3743; baseline 0.006 -23"><span class='ocrx_word' id='word_1_539' title='bbox 1870 3665 1949 3721; x_wconf 92' lang='lat' dir='ltr'><strong>sic</strong></span> <span class='ocrx_word' id='word_1_540' title='bbox 1978 3675 2106 3736; x_wconf 89' lang='lat' dir='ltr'><strong>puto</strong></span> <span class='ocrx_word' id='word_1_541' title='bbox 2135 3682 2220 3721; x_wconf 88' lang='lat' dir='ltr'><strong>me</strong></span> <span class='ocrx_word' id='word_1_542' title='bbox 2263 3676 2476 3731; x_wconf 90' lang='lat' dir='ltr'><strong>tenere,</strong></span> <span class='ocrx_word' id='word_1_543' title='bbox 2523 3677 2580 3722; x_wconf 91' lang='lat' dir='ltr'><strong>ut</strong></span> <span class='ocrx_word' id='word_1_544' title='bbox 2608 3668 2771 3723; x_wconf 90' lang='lat' dir='ltr'><strong>etiam</strong></span> <span class='ocrx_word' id='word_1_545' title='bbox 2809 3668 2852 3724; x_wconf 91' lang='lat' dir='ltr'><strong>si</strong></span> <span class='ocrx_word' id='word_1_546' title='bbox 2890 3670 3034 3725; x_wconf 88' lang='lat' dir='ltr'><strong>nulla</strong></span> <span class='ocrx_word' id='word_1_547' title='bbox 3066 3673 3274 3729; x_wconf 89' lang='lat' dir='ltr'><strong>ratione</strong></span> <span class='ocrx_word' id='word_1_548' title='bbox 3307 3676 3451 3743; x_wconf 88' lang='lat' dir='ltr'><strong>quod</strong></span> 
     </span>
    </p>
   </div>
   <div class='ocr_carea' id='block_1_75' title="bbox 1871 3758 3448 3834">
    <p class='ocr_par' dir='ltr' id='par_1_75' title="bbox 1871 3758 3448 3834">
     <span class='ocr_line' id='line_1_75' title="bbox 1871 3758 3448 3834; baseline 0.004 -22"><span class='ocrx_word' id='word_1_549' title='bbox 1871 3759 2035 3812; x_wconf 89' lang='lat' dir='ltr'><strong>credo</strong></span> <span class='ocrx_word' id='word_1_550' title='bbox 2072 3758 2276 3829; x_wconf 84' lang='lat' dir='ltr'><strong>possim</strong></span> <span class='ocrx_word' id='word_1_551' title='bbox 2303 3760 2791 3831; x_wconf 77' lang='lat' dir='ltr'><strong>comprehendere,</strong></span> <span class='ocrx_word' id='word_1_552' title='bbox 2825 3761 2960 3816; x_wconf 88' lang='lat' dir='ltr'><strong>nihil</strong></span> <span class='ocrx_word' id='word_1_553' title='bbox 2998 3773 3174 3819; x_wconf 82' lang='lat' dir='ltr'><strong>tamen</strong></span> <span class='ocrx_word' id='word_1_554' title='bbox 3201 3765 3272 3819; x_wconf 88' lang='lat' dir='ltr'><strong>sit</strong></span> <span class='ocrx_word' id='word_1_555' title='bbox 3307 3766 3448 3834; x_wconf 91' lang='lat' dir='ltr'><strong>quod</strong></span> 
     </span>
    </p>
   </div>
   <div class='ocr_carea' id='block_1_76' title="bbox 1871 3848 3446 3924">
    <p class='ocr_par' dir='ltr' id='par_1_76' title="bbox 1871 3848 3446 3924">
     <span class='ocr_line' id='line_1_76' title="bbox 1871 3848 3446 3924; baseline 0.004 -21"><span class='ocrx_word' id='word_1_556' title='bbox 1871 3864 1957 3904; x_wconf 84' lang='lat' dir='ltr'><strong>me</strong></span> <span class='ocrx_word' id='word_1_557' title='bbox 1979 3849 2046 3903; x_wconf 86' lang='lat' dir='ltr'><strong>ab</strong></span> <span class='ocrx_word' id='word_1_558' title='bbox 2079 3848 2193 3918; x_wconf 77' lang='lat' dir='ltr'><strong>ejus</strong></span> <span class='ocrx_word' id='word_1_559' title='bbox 2224 3850 2481 3904; x_wconf 86' lang='lat' dir='ltr'><strong>ﬁrmitate</strong></span> <span class='ocrx_word' id='word_1_560' title='bbox 2504 3851 2679 3905; x_wconf 80' lang='lat' dir='ltr'><strong>valeat</strong></span> <span class='ocrx_word' id='word_1_561' title='bbox 2714 3852 2982 3906; x_wconf 87' lang='lat' dir='ltr'><strong>evellere:</strong></span> <span class='ocrx_word' id='word_1_562' title='bbox 3011 3870 3040 3905; x_wconf 89' lang='lat' dir='ltr'><strong>a</strong></span> <span class='ocrx_word' id='word_1_563' title='bbox 3076 3862 3127 3907; x_wconf 91' lang='lat' dir='ltr'><strong>te</strong></span> <span class='ocrx_word' id='word_1_564' title='bbox 3162 3865 3286 3924; x_wconf 88' lang='lat' dir='ltr'><strong>pcto</strong></span> <span class='ocrx_word' id='word_1_565' title='bbox 3315 3854 3446 3909; x_wconf 91' lang='lat' dir='ltr'><strong>mihi</strong></span> 
     </span>
    </p>
   </div>
   <div class='ocr_carea' id='block_1_77' title="bbox 1870 3942 3443 4016">
    <p class='ocr_par' dir='ltr' id='par_1_77' title="bbox 1870 3942 3443 4016">
     <span class='ocr_line' id='line_1_77' title="bbox 1870 3942 3443 4016; baseline 0.002 -20"><span class='ocrx_word' id='word_1_566' title='bbox 1870 3943 2066 4012; x_wconf 89' lang='lat' dir='ltr'><strong>aperiri</strong></span> <span class='ocrx_word' id='word_1_567' title='bbox 2090 3943 2253 4013; x_wconf 88' lang='lat' dir='ltr'><strong>quod,</strong></span> <span class='ocrx_word' id='word_1_568' title='bbox 2286 3942 2489 4005; x_wconf 90' lang='lat' dir='ltr'><strong>utseis,</strong></span> <span class='ocrx_word' id='word_1_569' title='bbox 2515 3943 2697 4012; x_wconf 89' lang='lat' dir='ltr'><strong>plures</strong></span> <span class='ocrx_word' id='word_1_570' title='bbox 2724 3959 2932 3998; x_wconf 91' lang='lat' dir='ltr'><strong>mecum</strong></span> <span class='ocrx_word' id='word_1_571' title='bbox 2956 3953 3179 4013; x_wconf 87' lang='lat' dir='ltr'><strong>petunt:</strong></span> <span class='ocrx_word' id='word_1_572' title='bbox 3214 3959 3318 4016; x_wconf 85' lang='lat' dir='ltr'><strong>qua</strong></span> <span class='ocrx_word' id='word_1_573' title='bbox 3351 3958 3443 4000; x_wconf 87' lang='lat' dir='ltr'><strong>ne-</strong></span> 
     </span>
    </p>
   </div>
   <div class='ocr_carea' id='block_1_78' title="bbox 1873 4032 3448 4105">
    <p class='ocr_par' dir='ltr' id='par_1_78' title="bbox 1873 4032 3448 4105">
     <span class='ocr_line' id='line_1_78' title="bbox 1873 4032 3448 4105; baseline -0.001 -15"><span class='ocrx_word' id='word_1_574' title='bbox 1873 4036 2125 4091; x_wconf 87' lang='lat' dir='ltr'><strong>cessitate</strong></span> <span class='ocrx_word' id='word_1_575' title='bbox 2165 4032 2370 4089; x_wconf 88' lang='lat' dir='ltr'><strong>scilicet</strong></span> <span class='ocrx_word' id='word_1_576' title='bbox 2396 4042 2453 4088; x_wconf 89' lang='lat' dir='ltr'><strong>et</strong></span> <span class='ocrx_word' id='word_1_577' title='bbox 2498 4034 2707 4089; x_wconf 87' lang='lat' dir='ltr'><strong>ratione</strong></span> <span class='ocrx_word' id='word_1_578' title='bbox 2742 4034 2904 4100; x_wconf 87' lang='lat' dir='ltr'><strong>Deus,</strong></span> <span class='ocrx_word' id='word_1_579' title='bbox 2948 4050 3069 4090; x_wconf 91' lang='lat' dir='ltr'><strong>cum</strong></span> <span class='ocrx_word' id='word_1_580' title='bbox 3099 4036 3170 4090; x_wconf 88' lang='lat' dir='ltr'><strong>sit</strong></span> <span class='ocrx_word' id='word_1_581' title='bbox 3203 4035 3448 4105; x_wconf 60' lang='lat' dir='ltr'><strong>omnipoo</strong></span> 
     </span>
    </p>
   </div>
   <div class='ocr_carea' id='block_1_79' title="bbox 1875 4123 3447 4190">
    <p class='ocr_par' dir='ltr' id='par_1_79' title="bbox 1875 4123 3447 4190">
     <span class='ocr_line' id='line_1_79' title="bbox 1875 4123 3447 4190; baseline 0 -10"><span class='ocrx_word' id='word_1_582' title='bbox 1875 4136 2014 4190; x_wconf 90' lang='lat' dir='ltr'><strong>tens,</strong></span> <span class='ocrx_word' id='word_1_583' title='bbox 2064 4124 2420 4180; x_wconf 86' lang='lat' dir='ltr'><strong>humilitatem</strong></span> <span class='ocrx_word' id='word_1_584' title='bbox 2455 4132 2513 4178; x_wconf 92' lang='lat' dir='ltr'><strong>et</strong></span> <span class='ocrx_word' id='word_1_585' title='bbox 2556 4123 2923 4180; x_wconf 89' lang='lat' dir='ltr'><strong>inﬁrmitatem</strong></span> <span class='ocrx_word' id='word_1_586' title='bbox 2957 4125 3208 4180; x_wconf 81' lang='lat' dir='ltr'><strong>humana:</strong></span> <span class='ocrx_word' id='word_1_587' title='bbox 3239 4135 3447 4180; x_wconf 72' lang='lat' dir='ltr'><strong>natura:</strong></span> 
     </span>
    </p>
   </div>
   <div class='ocr_carea' id='block_1_80' title="bbox 1870 4216 3446 4290">
    <p class='ocr_par' dir='ltr' id='par_1_80' title="bbox 1870 4216 3446 4290">
     <span class='ocr_line' id='line_1_80' title="bbox 1870 4216 3446 4290; baseline -0.003 -15"><span class='ocrx_word' id='word_1_588' title='bbox 1870 4235 1968 4290; x_wconf 84' lang='lat' dir='ltr'><strong>pro</strong></span> <span class='ocrx_word' id='word_1_589' title='bbox 2034 4218 2148 4288; x_wconf 86' lang='lat' dir='ltr'><strong>ejus</strong></span> <span class='ocrx_word' id='word_1_590' title='bbox 2205 4217 2603 4273; x_wconf 74' lang='lat' dir='ltr'><strong>restauratioae</strong></span> <span class='ocrx_word' id='word_1_591' title='bbox 2663 4217 3036 4286; x_wconf 86' lang='lat' dir='ltr'><strong>assumpserit.</strong></span> <span class='ocrx_word' id='word_1_592' title='bbox 3107 4218 3235 4272; x_wconf 74' lang='lat' dir='ltr'><strong>Ans.</strong></span> <span class='ocrx_word' id='word_1_593' title='bbox 3291 4216 3446 4285; x_wconf 89' lang='lat' dir='ltr'><strong>Quod</strong></span> 
     </span>
    </p>
   </div>
   <div class='ocr_carea' id='block_1_81' title="bbox 1870 4310 3445 4385">
    <p class='ocr_par' dir='ltr' id='par_1_81' title="bbox 1870 4310 3445 4385">
     <span class='ocr_line' id='line_1_81' title="bbox 1870 4310 3445 4385; baseline -0.003 -16"><span class='ocrx_word' id='word_1_594' title='bbox 1870 4316 2071 4385; x_wconf 75' lang='lat' dir='ltr'><strong>quaeris</strong></span> <span class='ocrx_word' id='word_1_595' title='bbox 2115 4329 2145 4368; x_wconf 88' lang='lat' dir='ltr'><strong>a</strong></span> <span class='ocrx_word' id='word_1_596' title='bbox 2184 4329 2287 4377; x_wconf 88' lang='lat' dir='ltr'><strong>me,</strong></span> <span class='ocrx_word' id='word_1_597' title='bbox 2330 4327 2493 4383; x_wconf 91' lang='lat' dir='ltr'><strong>supra</strong></span> <span class='ocrx_word' id='word_1_598' title='bbox 2532 4324 2618 4364; x_wconf 88' lang='lat' dir='ltr'><strong>me</strong></span> <span class='ocrx_word' id='word_1_599' title='bbox 2650 4318 2760 4373; x_wconf 89' lang='lat' dir='ltr'><strong>est,</strong></span> <span class='ocrx_word' id='word_1_600' title='bbox 2794 4320 2849 4362; x_wconf 89' lang='lat' dir='ltr'><strong>et</strong></span> <span class='ocrx_word' id='word_1_601' title='bbox 2892 4310 3091 4363; x_wconf 87' lang='lat' dir='ltr'><strong>idcirco</strong></span> <span class='ocrx_word' id='word_1_602' title='bbox 3128 4310 3319 4363; x_wconf 86' lang='lat' dir='ltr'><strong>altiora</strong></span> <span class='ocrx_word' id='word_1_603' title='bbox 3360 4328 3445 4365; x_wconf 87' lang='lat' dir='ltr'><strong>me</strong></span> 
     </span>
    </p>
   </div>
   <div class='ocr_carea' id='block_1_82' title="bbox 1871 4398 3442 4469">
    <p class='ocr_par' dir='ltr' id='par_1_82' title="bbox 1871 4398 3442 4469">
     <span class='ocr_line' id='line_1_82' title="bbox 1871 4398 3442 4469; baseline -0.006 -7"><span class='ocrx_word' id='word_1_604' title='bbox 1871 4414 2105 4463; x_wconf 89' lang='lat' dir='ltr'><strong>tractare</strong></span> <span class='ocrx_word' id='word_1_605' title='bbox 2129 4407 2297 4460; x_wconf 90' lang='lat' dir='ltr'><strong>timeo</strong></span> <span class='ocrx_word' id='word_1_606' title='bbox 2319 4419 2385 4459; x_wconf 91' lang='lat' dir='ltr'><strong>ne</strong></span> <span class='ocrx_word' id='word_1_607' title='bbox 2415 4404 2572 4466; x_wconf 82' lang='lat' dir='ltr'><strong>forte,</strong></span> <span class='ocrx_word' id='word_1_608' title='bbox 2593 4414 2715 4453; x_wconf 89' lang='lat' dir='ltr'><strong>cum</strong></span> <span class='ocrx_word' id='word_1_609' title='bbox 2744 4398 3143 4469; x_wconf 81' lang='lat' dir='ltr'><strong>putaverit,aut</strong></span> <span class='ocrx_word' id='word_1_610' title='bbox 3169 4399 3332 4452; x_wconf 89' lang='lat' dir='ltr'><strong>etiam</strong></span> <span class='ocrx_word' id='word_1_611' title='bbox 3362 4399 3442 4452; x_wconf 76' lang='lat' dir='ltr'><strong>vi-</strong></span> 
     </span>
    </p>
   </div>
   <div class='ocr_carea' id='block_1_83' title="bbox 1869 4486 3448 4568">
    <p class='ocr_par' dir='ltr' id='par_1_83' title="bbox 1869 4486 3448 4568">
     <span class='ocr_line' id='line_1_83' title="bbox 1869 4486 3448 4568; baseline -0.008 -14"><span class='ocrx_word' id='word_1_612' title='bbox 1869 4500 2009 4555; x_wconf 86' lang='lat' dir='ltr'><strong>derit</strong></span> <span class='ocrx_word' id='word_1_613' title='bbox 2037 4498 2232 4568; x_wconf 89' lang='lat' dir='ltr'><strong>aliquis</strong></span> <span class='ocrx_word' id='word_1_614' title='bbox 2257 4514 2341 4551; x_wconf 93' lang='lat' dir='ltr'><strong>me</strong></span> <span class='ocrx_word' id='word_1_615' title='bbox 2372 4510 2478 4549; x_wconf 75' lang='lat' dir='ltr'><strong>non</strong></span> <span class='ocrx_word' id='word_1_616' title='bbox 2514 4489 2613 4546; x_wconf 91' lang='lat' dir='ltr'><strong>sibi</strong></span> <span class='ocrx_word' id='word_1_617' title='bbox 2652 4490 2990 4555; x_wconf 85' lang='lat' dir='ltr'><strong>satisfacere,</strong></span> <span class='ocrx_word' id='word_1_618' title='bbox 3022 4486 3143 4557; x_wconf 91' lang='lat' dir='ltr'><strong>plus</strong></span> <span class='ocrx_word' id='word_1_619' title='bbox 3173 4488 3448 4543; x_wconf 77' lang='lat' dir='ltr'><strong>existimet</strong></span> 
     </span>
    </p>
   </div>
   <div class='ocr_carea' id='block_1_84' title="bbox 1867 4570 3438 4655">
    <p class='ocr_par' dir='ltr' id='par_1_84' title="bbox 1867 4570 3438 4655">
     <span class='ocr_line' id='line_1_84' title="bbox 1867 4570 3438 4655; baseline -0.01 -8"><span class='ocrx_word' id='word_1_620' title='bbox 1867 4593 1946 4647; x_wconf 87' lang='lat' dir='ltr'><strong>rei</strong></span> <span class='ocrx_word' id='word_1_621' title='bbox 1978 4592 2262 4647; x_wconf 87' lang='lat' dir='ltr'><strong>veritatem</strong></span> <span class='ocrx_word' id='word_1_622' title='bbox 2294 4589 2426 4644; x_wconf 86' lang='lat' dir='ltr'><strong>mihi</strong></span> <span class='ocrx_word' id='word_1_623' title='bbox 2461 4589 2693 4645; x_wconf 88' lang='lat' dir='ltr'><strong>deﬁcere</strong></span> <span class='ocrx_word' id='word_1_624' title='bbox 2724 4601 2882 4655; x_wconf 88' lang='lat' dir='ltr'><strong>quam</strong></span> <span class='ocrx_word' id='word_1_625' title='bbox 2909 4570 3237 4637; x_wconf 88' lang='lat' dir='ltr'><strong>intellectum</strong></span> <span class='ocrx_word' id='word_1_626' title='bbox 3263 4597 3438 4635; x_wconf 89' lang='lat' dir='ltr'><strong>meum</strong></span> 
     </span>
    </p>
   </div>
   <div class='ocr_carea' id='block_1_85' title="bbox 176 4661 3442 4765">
    <p class='ocr_par' dir='ltr' id='par_1_85' title="bbox 176 4661 3442 4765">
     <span class='ocr_line' id='line_1_85' title="bbox 176 4661 3442 4765; baseline -0.002 -33"><span class='ocrx_word' id='word_1_627' title='bbox 176 4695 319 4743; x_wconf 74' lang='lat' dir='ltr'><strong>ctum</strong></span> <span class='ocrx_word' id='word_1_628' title='bbox 353 4689 675 4762; x_wconf 38' lang='lat' dir='ltr'><strong>siihiamen</strong></span> <span class='ocrx_word' id='word_1_629' title='bbox 700 4661 1018 4765; x_wconf 53' lang='lat'><strong>(19311375</strong></span> <span class='ocrx_word' id='word_1_630' title='bbox 1046 4695 1269 4761; x_wconf 63' lang='lat' dir='ltr'><strong>curabo,</strong></span> <span class='ocrx_word' id='word_1_631' title='bbox 1294 4695 1434 4764; x_wconf 78' lang='lat' dir='ltr'><strong>quod</strong></span> <span class='ocrx_word' id='word_1_632' title='bbox 1462 4695 1593 4751; x_wconf 73' lang='lat' dir='ltr'><strong>mihi</strong></span> <span class='ocrx_word' id='word_1_633' title='bbox 1620 4661 1761 4750; x_wconf 69' lang='lat' dir='ltr'><strong>beus</strong></span> <span class='ocrx_word' id='word_1_634' title='bbox 1796 4661 1842 4720; x_wconf 75' lang='grc' dir='ltr'><strong>υ</strong></span> <span class='ocrx_word' id='word_1_635' title='bbox 1870 4687 1937 4741; x_wconf 91' lang='lat' dir='ltr'><strong>ad</strong></span> <span class='ocrx_word' id='word_1_636' title='bbox 1980 4701 2100 4741; x_wconf 89' lang='lat' dir='ltr'><strong>eam</strong></span> <span class='ocrx_word' id='word_1_637' title='bbox 2157 4683 2472 4755; x_wconf 81' lang='lat' dir='ltr'><strong>capiendam</strong></span> <span class='ocrx_word' id='word_1_638' title='bbox 2523 4697 2631 4737; x_wconf 92' lang='lat' dir='ltr'><strong>non</strong></span> <span class='ocrx_word' id='word_1_639' title='bbox 2674 4676 2935 4735; x_wconf 77' lang='lat' dir='ltr'><strong>suﬁiccre.</strong></span> <span class='ocrx_word' id='word_1_640' title='bbox 2985 4673 3110 4731; x_wconf 81' lang='lat' dir='ltr'><strong>Bos.</strong></span> <span class='ocrx_word' id='word_1_641' title='bbox 3163 4671 3280 4733; x_wconf 79' lang='lat' dir='ltr'><strong>Non</strong></span> <span class='ocrx_word' id='word_1_642' title='bbox 3342 4670 3442 4725; x_wconf 81' lang='lat' dir='ltr'><strong>hoc</strong></span> 
     </span>
    </p>
   </div>
   <div class='ocr_carea' id='block_1_86' title="bbox 1469 4802 2140 4862">
    <p class='ocr_par' dir='ltr' id='par_1_86' title="bbox 1469 4802 2140 4862">
     <span class='ocr_line' id='line_1_86' title="bbox 1469 4802 2140 4862; baseline -0.006 -3"><span class='ocrx_word' id='word_1_643' title='bbox 1469 4803 1700 4860; x_wconf 74' lang='lat' dir='ltr'><strong>VARUE</strong></span> <span class='ocrx_word' id='word_1_644' title='bbox 1740 4802 2140 4862; x_wconf 78' lang='lat' dir='ltr'><strong>LECTIONES.</strong></span> 
     </span>
    </p>
   </div>
   <div class='ocr_carea' id='block_1_87' title="bbox 242 4902 3479 5036">
    <p class='ocr_par' dir='ltr' id='par_1_87' title="bbox 242 4902 3479 5036">
     <span class='ocr_line' id='line_1_87' title="bbox 242 4902 3479 5036; baseline 0.005 -96"><span class='ocrx_word' id='word_1_645' title='bbox 242 4910 332 4942; x_wconf 72' lang='lat' dir='ltr'><strong>Ila!</strong></span> <span class='ocrx_word' id='word_1_646' title='bbox 366 4912 516 4966; x_wconf 60' lang='lat' dir='ltr'><strong>Dens</strong></span> <span class='ocrx_word' id='word_1_647' title='bbox 543 4931 555 4965; x_wconf 83' lang='grc'>;</span> <span class='ocrx_word' id='word_1_648' title='bbox 584 4913 636 4966; x_wconf 76' lang='lat' dir='ltr'><strong>in</strong></span> <span class='ocrx_word' id='word_1_649' title='bbox 703 4913 890 4984; x_wconf 78' lang='lat' dir='ltr'><strong>Anglia</strong></span> <span class='ocrx_word' id='word_1_650' title='bbox 942 4931 1065 4969; x_wconf 77' lang='lat' dir='ltr'><strong>mss.</strong></span> <span class='ocrx_word' id='word_1_651' title='bbox 1116 4924 1163 4968; x_wconf 81' lang='lat' dir='ltr'><strong>et</strong></span> <span class='ocrx_word' id='word_1_652' title='bbox 1214 4914 1296 4968; x_wconf 76' lang='lat' dir='ltr'><strong>ed.</strong></span> <span class='ocrx_word' id='word_1_653' title='bbox 1328 4911 1483 4966; x_wconf 79' lang='lat' dir='ltr'><strong>Goth.</strong></span> <span class='ocrx_word' id='word_1_654' title='bbox 1540 4915 1679 4972; x_wconf 88' lang='lat' dir='ltr'><strong>Deus</strong></span> <span class='ocrx_word' id='word_1_655' title='bbox 1707 4932 1721 4971; x_wconf 89' lang='lat'><strong>:</strong></span> <span class='ocrx_word' id='word_1_656' title='bbox 1770 4916 1898 4971; x_wconf 89' lang='lat' dir='ltr'><strong>illud</strong></span> <span class='ocrx_word' id='word_1_657' title='bbox 1954 4919 2004 4970; x_wconf 92' lang='lat' dir='ltr'><strong>in</strong></span> <span class='ocrx_word' id='word_1_658' title='bbox 2037 4912 2223 5036; x_wconf 48' lang='lat' dir='ltr'><strong>Angit!</strong></span> <span class='ocrx_word' id='word_1_659' title='bbox 2299 4909 2392 4939; x_wconf 79' lang='grc'><strong>²¹⁸²</strong></span> <span class='ocrx_word' id='word_1_660' title='bbox 2424 4907 2489 4989; x_wconf 63' lang='lat' dir='ltr'><strong>Et</strong></span> <span class='ocrx_word' id='word_1_661' title='bbox 2519 4908 2569 4987; x_wconf 85' lang='lat' dir='ltr'><strong>i_n</strong></span> <span class='ocrx_word' id='word_1_662' title='bbox 2600 4907 2776 4989; x_wconf 74' lang='lat' dir='ltr'><strong>anima</strong></span> <span class='ocrx_word' id='word_1_663' title='bbox 2807 4922 2905 4959; x_wconf 76' lang='lat' dir='ltr'><strong>ms.</strong></span> <span class='ocrx_word' id='word_1_664' title='bbox 2962 4904 3148 4959; x_wconf 81' lang='lat' dir='ltr'><strong>Gister.</strong></span> <span class='ocrx_word' id='word_1_665' title='bbox 3181 4913 3236 4958; x_wconf 90' lang='lat' dir='ltr'><strong>et</strong></span> <span class='ocrx_word' id='word_1_666' title='bbox 3263 4902 3439 4957; x_wconf 84' lang='lat' dir='ltr'><strong>anima</strong></span> <span class='ocrx_word' id='word_1_667' title='bbox 3476 4924 3479 4927; x_wconf 57' lang='grc' dir='ltr'><strong><em>λ</em></strong></span> 
     </span>
     <span class='ocr_line' id='line_1_88' title="bbox 242 4973 3440 5036; baseline -0.005 1"><span class='ocrx_word' id='word_1_668' title='bbox 242 4979 265 5009; x_wconf 88' lang='grc'><em>³</em></span> <span class='ocrx_word' id='word_1_669' title='bbox 330 4982 592 5036; x_wconf 87' lang='lat' dir='ltr'><strong>Studiose</strong></span> <span class='ocrx_word' id='word_1_670' title='bbox 638 5002 764 5036; x_wconf 76' lang='lat' dir='ltr'><strong>mss.</strong></span> <span class='ocrx_word' id='word_1_671' title='bbox 822 4984 1011 5036; x_wconf 73' lang='lat' dir='ltr'><strong>Cister.</strong></span> <span class='ocrx_word' id='word_1_672' title='bbox 1065 4983 1210 5036; x_wconf 84' lang='lat' dir='ltr'><strong>Gem.</strong></span> <span class='ocrx_word' id='word_1_673' title='bbox 1257 4983 1380 5036; x_wconf 81' lang='lat' dir='ltr'><strong>Bec.</strong></span> <span class='ocrx_word' id='word_1_674' title='bbox 1415 4981 1559 5036; x_wconf 84' lang='lat' dir='ltr'><strong>Jolu.</strong></span> <span class='ocrx_word' id='word_1_675' title='bbox 1589 4984 1646 5036; x_wconf 90' lang='lat' dir='ltr'><strong>S.</strong></span> <span class='ocrx_word' id='word_1_676' title='bbox 1679 4987 1841 5036; x_wconf 78' lang='lat' dir='ltr'><strong>Mich-</strong></span> <span class='ocrx_word' id='word_1_677' title='bbox 1877 4998 1923 5036; x_wconf 81' lang='lat' dir='ltr'><strong>et</strong></span> <span class='ocrx_word' id='word_1_678' title='bbox 1963 4986 2085 5036; x_wconf 82' lang='lat' dir='ltr'><strong>edit.</strong></span> <span class='ocrx_word' id='word_1_679' title='bbox 2174 4982 2281 5035; x_wconf 76' lang='lat' dir='ltr'><strong>olli.</strong></span> <span class='ocrx_word' id='word_1_680' title='bbox 2314 4982 2708 5034; x_wconf 74' lang='lat' dir='ltr'><strong>SlUdIOSlSSlme</strong></span> <span class='ocrx_word' id='word_1_681' title='bbox 2782 4973 2875 5006; x_wconf 78' lang='grc'><strong>²¹⁸⁴</strong></span> <span class='ocrx_word' id='word_1_682' title='bbox 2899 4975 3281 5029; x_wconf 90' lang='lat' dir='ltr'><strong>Commendem</strong></span> <span class='ocrx_word' id='word_1_683' title='bbox 3316 4988 3440 5024; x_wconf 78' lang='lat' dir='ltr'><strong>mss.</strong></span> 
     </span>
    </p>
   </div>
   <div class='ocr_carea' id='block_1_88' title="bbox 180 4979 3196 5053">
    <p class='ocr_par' dir='ltr' id='par_1_88' title="bbox 180 4979 3196 5053">
     <span class='ocr_line' id='line_1_89' title="bbox 180 4979 3196 5053; baseline -0.004 -16"><span class='ocrx_word' id='word_1_684' title='bbox 180 4979 265 5053; x_wconf 42' lang='lat'><strong>’1‘?</strong></span> <span class='ocrx_word' id='word_1_685' title='bbox 330 4982 592 5053; x_wconf 63' lang='lat' dir='ltr'><strong>Studiose</strong></span> <span class='ocrx_word' id='word_1_686' title='bbox 638 5002 764 5038; x_wconf 76' lang='lat' dir='ltr'><strong>mss.</strong></span> <span class='ocrx_word' id='word_1_687' title='bbox 791 4979 1011 5038; x_wconf 54' lang='lat' dir='ltr'><strong>&#39;Cister.</strong></span> <span class='ocrx_word' id='word_1_688' title='bbox 1065 4983 1210 5039; x_wconf 87' lang='lat' dir='ltr'><strong>Gem.</strong></span> <span class='ocrx_word' id='word_1_689' title='bbox 1257 4983 1380 5039; x_wconf 81' lang='lat' dir='ltr'><strong>Bec.</strong></span> <span class='ocrx_word' id='word_1_690' title='bbox 1415 4981 1559 5053; x_wconf 80' lang='lat' dir='ltr'><strong>Joly,</strong></span> <span class='ocrx_word' id='word_1_691' title='bbox 1589 4984 1646 5038; x_wconf 90' lang='lat' dir='ltr'><strong>S.</strong></span> <span class='ocrx_word' id='word_1_692' title='bbox 1678 4987 1841 5042; x_wconf 78' lang='lat' dir='ltr'><strong>Mich.</strong></span> <span class='ocrx_word' id='word_1_693' title='bbox 1877 4998 1923 5041; x_wconf 87' lang='lat' dir='ltr'><strong>et</strong></span> <span class='ocrx_word' id='word_1_694' title='bbox 1963 4986 2085 5041; x_wconf 84' lang='lat' dir='ltr'><strong>edit.</strong></span> <span class='ocrx_word' id='word_1_695' title='bbox 2123 4979 2281 5036; x_wconf 76' lang='lat' dir='ltr'><strong>Gelli.</strong></span> <span class='ocrx_word' id='word_1_696' title='bbox 2314 4979 2708 5053; x_wconf 69' lang='lat' dir='ltr'><strong>studiosissin‘ie</strong></span> <span class='ocrx_word' id='word_1_697' title='bbox 2782 4979 2875 5006; x_wconf 68' lang='grc' dir='ltr'><strong>ἰδ’</strong></span> <span class='ocrx_word' id='word_1_698' title='bbox 2899 4979 3196 5053; x_wconf 71' lang='lat' dir='ltr'><strong>Commerui</strong></span> 
     </span>
    </p>
   </div>
   <div class='ocr_carea' id='block_1_89' title="bbox 1496 5001 3439 5116">
    <p class='ocr_par' dir='ltr' id='par_1_89' title="bbox 1496 5001 3439 5116">
     <span class='ocr_line' id='line_1_90' title="bbox 1496 5001 3439 5053; baseline -0.009 -14"><span class='ocrx_word' id='word_1_699' title='bbox 1496 5001 1500 5031; x_wconf 66' lang='grc' dir='ltr'><em>ἵ</em></span> <span class='ocrx_word' id='word_1_700' title='bbox 1543 5026 1559 5049; x_wconf 78' lang='lat'><strong>,</strong></span> <span class='ocrx_word' id='word_1_701' title='bbox 1589 5001 1646 5038; x_wconf 72' lang='grc' dir='ltr'><strong>ὸ.</strong></span> <span class='ocrx_word' id='word_1_702' title='bbox 1678 5001 1841 5042; x_wconf 76' lang='grc' dir='ltr'><em>Μιεη.</em></span> <span class='ocrx_word' id='word_1_703' title='bbox 1877 5001 1923 5041; x_wconf 87' lang='lat' dir='ltr'><strong>et</strong></span> <span class='ocrx_word' id='word_1_704' title='bbox 1963 5001 2085 5041; x_wconf 75' lang='grc' dir='ltr'><strong>ραιε.</strong></span> <span class='ocrx_word' id='word_1_705' title='bbox 2124 5001 2281 5036; x_wconf 70' lang='lat' dir='ltr'><strong>hom.</strong></span> <span class='ocrx_word' id='word_1_706' title='bbox 2314 5001 2708 5034; x_wconf 71' lang='grc' dir='ltr'><strong>διυυιυδιδδηιιυ</strong></span> <span class='ocrx_word' id='word_1_707' title='bbox 2782 5001 2872 5006; x_wconf 83' lang='lat'><strong>&#39;&quot;&#39;</strong></span> <span class='ocrx_word' id='word_1_708' title='bbox 2899 5001 3281 5053; x_wconf 57' lang='grc' dir='ltr'><strong>υυιιιιιιυιιιξυιιι</strong></span> <span class='ocrx_word' id='word_1_709' title='bbox 3317 5001 3439 5024; x_wconf 66' lang='lat' dir='ltr'><strong>tu&quot;.</strong></span> 
     </span>
     <span class='ocr_line' id='line_1_91' title="bbox 1496 5001 3439 5116; baseline -0.008 -9"><span class='ocrx_word' id='word_1_710' title='bbox 1496 5001 1841 5112; x_wconf 58' lang='lat' dir='ltr'><strong>Xrbilrantur</strong></span> <span class='ocrx_word' id='word_1_711' title='bbox 1870 5058 1968 5111; x_wconf 88' lang='lat' dir='ltr'><strong>sibi</strong></span> <span class='ocrx_word' id='word_1_712' title='bbox 2004 5053 2339 5111; x_wconf 72' lang='lat' dir='ltr'><strong>satisfacere.</strong></span> <span class='ocrx_word' id='word_1_713' title='bbox 2378 5048 2528 5116; x_wconf 87' lang='lat' dir='ltr'><strong>Quod</strong></span> <span class='ocrx_word' id='word_1_714' title='bbox 2562 5054 2820 5115; x_wconf 85' lang='lat' dir='ltr'><strong>appetunt</strong></span> <span class='ocrx_word' id='word_1_715' title='bbox 2850 5061 2974 5116; x_wconf 63' lang='lat' dir='ltr'><strong>mss.</strong></span> <span class='ocrx_word' id='word_1_716' title='bbox 3014 5055 3060 5116; x_wconf 72' lang='lat' dir='ltr'><strong>et</strong></span> <span class='ocrx_word' id='word_1_717' title='bbox 3107 5043 3240 5116; x_wconf 61' lang='lat' dir='ltr'><strong>edit.</strong></span> <span class='ocrx_word' id='word_1_718' title='bbox 3282 5041 3439 5116; x_wconf 57' lang='lat' dir='ltr'><strong>Gelli.</strong></span> 
     </span>
    </p>
   </div>
   <div class='ocr_carea' id='block_1_90' title="bbox 182 5046 1456 5123">
    <p class='ocr_par' dir='ltr' id='par_1_90' title="bbox 182 5046 1456 5123">
     <span class='ocr_line' id='line_1_92' title="bbox 182 5046 1456 5123; baseline -0.015 -1"><span class='ocrx_word' id='word_1_719' title='bbox 182 5046 315 5123; x_wconf 61' lang='grc' dir='ltr'><strong>γῖῖἔ·</strong></span> <span class='ocrx_word' id='word_1_720' title='bbox 355 5049 520 5118; x_wconf 71' lang='grc' dir='ltr'><strong>Ρσῖίο</strong></span> <span class='ocrx_word' id='word_1_721' title='bbox 550 5063 597 5106; x_wconf 80' lang='grc' dir='ltr'><strong>ει</strong></span> <span class='ocrx_word' id='word_1_722' title='bbox 642 5054 799 5123; x_wconf 76' lang='lat' dir='ltr'><strong>July.</strong></span> <span class='ocrx_word' id='word_1_723' title='bbox 846 5056 1287 5109; x_wconf 88' lang='lat' dir='ltr'><strong>commendarem</strong></span> <span class='ocrx_word' id='word_1_724' title='bbox 1362 5054 1456 5084; x_wconf 63' lang='lat'><strong>“3“</strong></span> 
     </span>
    </p>
   </div>
   <div class='ocr_carea' id='block_1_91' title="bbox 2174 4973 3440 5035">
    <p class='ocr_par' dir='ltr' id='par_1_91' title="bbox 2174 4973 3440 5035">
     <span class='ocr_line' id='line_1_93' title="bbox 2174 4973 3440 5035; baseline -0.01 0"><span class='ocrx_word' id='word_1_725' title='bbox 2174 4982 2281 5035; x_wconf 76' lang='lat' dir='ltr'><strong>olli.</strong></span> <span class='ocrx_word' id='word_1_726' title='bbox 2314 4977 2708 5034; x_wconf 86' lang='lat' dir='ltr'><strong>studiosissime</strong></span> <span class='ocrx_word' id='word_1_727' title='bbox 2782 4973 2875 5006; x_wconf 78' lang='grc'><strong>²¹⁸⁴</strong></span> <span class='ocrx_word' id='word_1_728' title='bbox 2899 4975 3281 5029; x_wconf 90' lang='lat' dir='ltr'><strong>Commendem</strong></span> <span class='ocrx_word' id='word_1_729' title='bbox 3316 4988 3440 5024; x_wconf 78' lang='lat' dir='ltr'><strong>mss.</strong></span> 
     </span>
    </p>
   </div>
   <div class='ocr_carea' id='block_1_92' title="bbox 179 5111 3439 5197">
    <p class='ocr_par' dir='ltr' id='par_1_92' title="bbox 179 5111 3439 5197">
     <span class='ocr_line' id='line_1_94' title="bbox 179 5111 3439 5197; baseline -0.002 -26"><span class='ocrx_word' id='word_1_730' title='bbox 179 5111 530 5197; x_wconf 65' lang='lat' dir='ltr'><strong>arbitrantur</strong></span> <span class='ocrx_word' id='word_1_731' title='bbox 554 5111 894 5197; x_wconf 59' lang='lat' dir='ltr'><strong>satisfacere.</strong></span> <span class='ocrx_word' id='word_1_732' title='bbox 920 5124 1074 5190; x_wconf 85' lang='lat' dir='ltr'><strong>Quod</strong></span> <span class='ocrx_word' id='word_1_733' title='bbox 1099 5133 1296 5197; x_wconf 80' lang='lat' dir='ltr'><strong>petunt</strong></span> <span class='ocrx_word' id='word_1_734' title='bbox 1360 5123 1454 5197; x_wconf 63' lang='lat' dir='ltr'><strong>f‘“</strong></span> <span class='ocrx_word' id='word_1_735' title='bbox 1482 5122 1758 5197; x_wconf 77' lang='lat' dir='ltr'><strong>Intellecta</strong></span> <span class='ocrx_word' id='word_1_736' title='bbox 1787 5111 1839 5179; x_wconf 86' lang='lat' dir='ltr'><strong>et</strong></span> <span class='ocrx_word' id='word_1_737' title='bbox 1868 5127 2202 5197; x_wconf 60' lang='lat' dir='ltr'><strong>delectentur</strong></span> <span class='ocrx_word' id='word_1_738' title='bbox 2227 5111 2679 5197; x_wconf 71' lang='lat' dir='ltr'><strong>contemplatione</strong></span> <span class='ocrx_word' id='word_1_739' title='bbox 2701 5132 2840 5197; x_wconf 43' lang='grc' dir='ltr'><strong>νῆες’..</strong></span> <span class='ocrx_word' id='word_1_740' title='bbox 2869 5112 3253 5197; x_wconf 36' lang='grc' dir='ltr'><strong>γὶεέηλοιείηξ.</strong></span> 
     </span>
    </p>
   </div>
   <div class='ocr_carea' id='block_1_93' title="bbox 170 5179 3437 5265">
    <p class='ocr_par' dir='ltr' id='par_1_93' title="bbox 170 5179 3437 5265">
     <span class='ocr_line' id='line_1_95' title="bbox 170 5179 3437 5265; baseline 0.007 -24"><span class='ocrx_word' id='word_1_741' title='bbox 170 5199 219 5242; x_wconf 78' lang='lat' dir='ltr'><strong>et</strong></span> <span class='ocrx_word' id='word_1_742' title='bbox 267 5192 408 5244; x_wconf 79' lang='lat' dir='ltr'><strong>edit.</strong></span> <span class='ocrx_word' id='word_1_743' title='bbox 448 5190 606 5245; x_wconf 78' lang='lat' dir='ltr'><strong>Goth.</strong></span> <span class='ocrx_word' id='word_1_744' title='bbox 636 5179 991 5265; x_wconf 16' lang='lat' dir='ltr'><strong>intellectuﬂet</strong></span> <span class='ocrx_word' id='word_1_745' title='bbox 1029 5179 1485 5265; x_wconf 69' lang='lat' dir='ltr'><strong>contempiatione</strong></span> <span class='ocrx_word' id='word_1_746' title='bbox 1524 5179 1888 5265; x_wconf 72' lang='lat' dir='ltr'><strong>delectentur</strong></span> <span class='ocrx_word' id='word_1_747' title='bbox 1918 5179 2028 5227; x_wconf 18' lang='grc' dir='ltr'><strong>ί¹¹⁸⁷</strong></span> <span class='ocrx_word' id='word_1_748' title='bbox 2061 5179 2909 5265; x_wconf 39' lang='lat' dir='ltr'><strong>Quantumpos&#39;sint1738;&quot;Vitil-</strong></span> <span class='ocrx_word' id='word_1_749' title='bbox 2943 5181 3066 5250; x_wconf 68' lang='grc' dir='ltr'><strong>Ῐοίν</strong></span> <span class='ocrx_word' id='word_1_750' title='bbox 3095 5191 3155 5265; x_wconf 68' lang='grc' dir='ltr'><strong>εξ.</strong></span> <span class='ocrx_word' id='word_1_751' title='bbox 3176 5181 3237 5235; x_wconf 72' lang='grc' dir='ltr'><strong>δ’</strong></span> <span class='ocrx_word' id='word_1_752' title='bbox 3273 5179 3437 5265; x_wconf 55' lang='lat' dir='ltr'><strong>M50&quot;-</strong></span> 
     </span>
    </p>
   </div>
   <div class='ocr_carea' id='block_1_94' title="bbox 170 5250 3439 5331">
    <p class='ocr_par' dir='ltr' id='par_1_94' title="bbox 170 5250 3439 5331">
     <span class='ocr_line' id='line_1_96' title="bbox 170 5250 3439 5331; baseline -0.002 -20"><span class='ocrx_word' id='word_1_753' title='bbox 170 5272 703 5331; x_wconf 85' lang='lat' dir='ltr'><strong>quantumpossunt</strong></span> <span class='ocrx_word' id='word_1_754' title='bbox 778 5264 869 5296; x_wconf 75' lang='grc'><strong>’⁸⁸⁸</strong></span> <span class='ocrx_word' id='word_1_755' title='bbox 899 5263 1088 5319; x_wconf 89' lang='lat' dir='ltr'><strong>Solent</strong></span> <span class='ocrx_word' id='word_1_756' title='bbox 1116 5250 1357 5316; x_wconf 74' lang='lat' dir='ltr'><strong>inﬁdeles</strong></span> <span class='ocrx_word' id='word_1_757' title='bbox 1380 5279 1505 5315; x_wconf 84' lang='lat' dir='ltr'><strong>mss.</strong></span> <span class='ocrx_word' id='word_1_758' title='bbox 1546 5273 1593 5317; x_wconf 85' lang='lat' dir='ltr'><strong>et</strong></span> <span class='ocrx_word' id='word_1_759' title='bbox 1646 5265 1771 5320; x_wconf 82' lang='lat' dir='ltr'><strong>edit.</strong></span> <span class='ocrx_word' id='word_1_760' title='bbox 1796 5264 1949 5319; x_wconf 84' lang='lat' dir='ltr'><strong>Goth.</strong></span> <span class='ocrx_word' id='word_1_761' title='bbox 1980 5250 2156 5319; x_wconf 65' lang='lat' dir='ltr'><strong>solent</strong></span> <span class='ocrx_word' id='word_1_762' title='bbox 2187 5274 2239 5317; x_wconf 88' lang='lat' dir='ltr'><strong>et</strong></span> <span class='ocrx_word' id='word_1_763' title='bbox 2264 5250 2507 5317; x_wconf 70' lang='lat' dir='ltr'><strong>inﬁdeles</strong></span> <span class='ocrx_word' id='word_1_764' title='bbox 2581 5254 2672 5331; x_wconf 47' lang='lat' dir='ltr'><strong>&quot;3f.</strong></span> <span class='ocrx_word' id='word_1_765' title='bbox 2706 5254 2859 5307; x_wconf 90' lang='lat' dir='ltr'><strong>Sicut</strong></span> <span class='ocrx_word' id='word_1_766' title='bbox 2887 5266 2988 5331; x_wconf 86' lang='lat' dir='ltr'><strong>_nos</strong></span> <span class='ocrx_word' id='word_1_767' title='bbox 3009 5250 3285 5331; x_wconf 77' lang='lat' dir='ltr'><strong>credimus</strong></span> <span class='ocrx_word' id='word_1_768' title='bbox 3312 5264 3439 5303; x_wconf 78' lang='lat' dir='ltr'><strong>nm.</strong></span> 
     </span>
    </p>
   </div>
   <div class='ocr_carea' id='block_1_95' title="bbox 169 5320 3438 5404">
    <p class='ocr_par' dir='ltr' id='par_1_95' title="bbox 169 5320 3438 5404">
     <span class='ocr_line' id='line_1_97' title="bbox 169 5320 3438 5404; baseline 0.001 -24"><span class='ocrx_word' id='word_1_769' title='bbox 169 5320 215 5379; x_wconf 74' lang='grc' dir='ltr'><em>ἐι</em></span> <span class='ocrx_word' id='word_1_770' title='bbox 272 5328 412 5383; x_wconf 81' lang='lat' dir='ltr'><strong>edit.</strong></span> <span class='ocrx_word' id='word_1_771' title='bbox 441 5320 596 5384; x_wconf 74' lang='lat' dir='ltr'><strong>u&#39;om.</strong></span> <span class='ocrx_word' id='word_1_772' title='bbox 626 5334 770 5386; x_wconf 84' lang='lat' dir='ltr'><strong>omit.</strong></span> <span class='ocrx_word' id='word_1_773' title='bbox 801 5349 899 5389; x_wconf 89' lang='lat' dir='ltr'><strong>nos</strong></span> <span class='ocrx_word' id='word_1_774' title='bbox 971 5334 1063 5367; x_wconf 72' lang='grc'><strong>³¹⁹⁰</strong></span> <span class='ocrx_word' id='word_1_775' title='bbox 1095 5334 1228 5389; x_wconf 87' lang='lat' dir='ltr'><strong>Cum</strong></span> <span class='ocrx_word' id='word_1_776' title='bbox 1262 5333 1375 5404; x_wconf 67' lang='lat' dir='ltr'><strong>haec</strong></span> <span class='ocrx_word' id='word_1_777' title='bbox 1417 5342 1508 5385; x_wconf 84' lang='lat' dir='ltr'><strong>aut</strong></span> <span class='ocrx_word' id='word_1_778' title='bbox 1539 5348 1636 5402; x_wconf 88' lang='lat' dir='ltr'><strong>per</strong></span> <span class='ocrx_word' id='word_1_779' title='bbox 1679 5336 1840 5389; x_wconf 86' lang='lat' dir='ltr'><strong>aliam</strong></span> <span class='ocrx_word' id='word_1_780' title='bbox 1876 5348 2159 5404; x_wconf 87' lang='lat' dir='ltr'><strong>personam</strong></span> <span class='ocrx_word' id='word_1_781' title='bbox 2198 5334 2318 5404; x_wconf 18' lang='lat' dir='ltr'><strong>sive;</strong></span> <span class='ocrx_word' id='word_1_782' title='bbox 2362 5344 2459 5399; x_wconf 83' lang='lat' dir='ltr'><strong>per</strong></span> <span class='ocrx_word' id='word_1_783' title='bbox 2499 5320 2829 5404; x_wconf 55' lang='lat' dir='ltr'><strong>angelieatnA</strong></span> <span class='ocrx_word' id='word_1_784' title='bbox 2855 5322 2969 5376; x_wconf 67' lang='lat' dir='ltr'><strong>sive</strong></span> <span class='ocrx_word' id='word_1_785' title='bbox 3012 5335 3108 5404; x_wconf 68' lang='lat' dir='ltr'><strong>per</strong></span> <span class='ocrx_word' id='word_1_786' title='bbox 3148 5320 3438 5404; x_wconf 51' lang='lat' dir='ltr'><strong>humﬂqam</strong></span> 
     </span>
    </p>
   </div>
   <div class='ocr_carea' id='block_1_96' title="bbox 168 5401 3363 5475">
    <p class='ocr_par' dir='ltr' id='par_1_96' title="bbox 168 5401 3363 5475">
     <span class='ocr_line' id='line_1_98' title="bbox 168 5401 3363 5475; baseline -0 -23"><span class='ocrx_word' id='word_1_787' title='bbox 168 5414 295 5453; x_wconf 78' lang='lat' dir='ltr'><strong>mu.</strong></span> <span class='ocrx_word' id='word_1_788' title='bbox 326 5410 383 5454; x_wconf 82' lang='lat' dir='ltr'><strong>et</strong></span> <span class='ocrx_word' id='word_1_789' title='bbox 440 5402 568 5454; x_wconf 85' lang='lat' dir='ltr'><strong>edit.</strong></span> <span class='ocrx_word' id='word_1_790' title='bbox 601 5401 753 5456; x_wconf 86' lang='lat' dir='ltr'><strong>Goth.</strong></span> <span class='ocrx_word' id='word_1_791' title='bbox 787 5403 920 5475; x_wconf 87' lang='lat' dir='ltr'><strong>Cum</strong></span> <span class='ocrx_word' id='word_1_792' title='bbox 952 5406 1053 5459; x_wconf 90' lang='lat' dir='ltr'><strong>hoc</strong></span> <span class='ocrx_word' id='word_1_793' title='bbox 1081 5412 1175 5458; x_wconf 90' lang='lat' dir='ltr'><strong>aut</strong></span> <span class='ocrx_word' id='word_1_794' title='bbox 1197 5418 1292 5475; x_wconf 88' lang='lat' dir='ltr'><strong>per</strong></span> <span class='ocrx_word' id='word_1_795' title='bbox 1323 5403 1393 5475; x_wconf 79' lang='lat' dir='ltr'><strong>al.</strong></span> <span class='ocrx_word' id='word_1_796' title='bbox 1426 5401 1640 5475; x_wconf 63' lang='lat' dir='ltr'><strong>person.</strong></span> <span class='ocrx_word' id='word_1_797' title='bbox 1667 5405 1780 5460; x_wconf 86' lang='lat' dir='ltr'><strong>sive</strong></span> <span class='ocrx_word' id='word_1_798' title='bbox 1822 5401 2139 5475; x_wconf 82' lang='lat' dir='ltr'><strong>angelicam,</strong></span> <span class='ocrx_word' id='word_1_799' title='bbox 2160 5402 2277 5475; x_wconf 54' lang='grc' dir='ltr'><strong>⁸δίιίίι</strong></span> <span class='ocrx_word' id='word_1_800' title='bbox 2308 5401 2597 5475; x_wconf 78' lang='lat' dir='ltr'><strong>humanam</strong></span> <span class='ocrx_word' id='word_1_801' title='bbox 2673 5401 3070 5475; x_wconf 50' lang='lat' dir='ltr'><strong>&quot;f&#39;_Qttotugt19</strong></span> <span class='ocrx_word' id='word_1_802' title='bbox 3084 5403 3227 5475; x_wconf 51' lang='lat'><strong>.9539</strong></span> <span class='ocrx_word' id='word_1_803' title='bbox 3248 5401 3315 5470; x_wconf 66' lang='lat' dir='ltr'><strong>de</strong></span> <span class='ocrx_word' id='word_1_804' title='bbox 3336 5401 3363 5469; x_wconf 67' lang='grc' dir='ltr'><strong>Ιξ</strong></span> 
     </span>
    </p>
   </div>
   <div class='ocr_carea' id='block_1_97' title="bbox 1420 5418 3436 5546">
    <p class='ocr_par' dir='ltr' id='par_1_97' title="bbox 1420 5418 3436 5546">
     <span class='ocr_line' id='line_1_99' title="bbox 1462 5418 3436 5475; baseline -0.005 -20"><span class='ocrx_word' id='word_1_805' title='bbox 1462 5418 1640 5457; x_wconf 74' lang='lat' dir='ltr'><strong>CI‘SOD.</strong></span> <span class='ocrx_word' id='word_1_806' title='bbox 1667 5421 1780 5460; x_wconf 74' lang='lat' dir='ltr'><strong>Slve</strong></span> <span class='ocrx_word' id='word_1_807' title='bbox 1822 5418 2139 5473; x_wconf 77' lang='lat' dir='ltr'><strong>angelicam,</strong></span> <span class='ocrx_word' id='word_1_808' title='bbox 2167 5418 2277 5454; x_wconf 70' lang='lat' dir='ltr'><strong>Slve</strong></span> <span class='ocrx_word' id='word_1_809' title='bbox 2309 5418 2597 5475; x_wconf 67' lang='lat' dir='ltr'><strong>humanam</strong></span> <span class='ocrx_word' id='word_1_810' title='bbox 2674 5418 2764 5425; x_wconf 74' lang='grc'><strong>-·“·</strong></span> <span class='ocrx_word' id='word_1_811' title='bbox 2789 5418 3070 5458; x_wconf 65' lang='grc' dir='ltr'>υιιυιιιυυυ</span> <span class='ocrx_word' id='word_1_812' title='bbox 3093 5418 3143 5471; x_wconf 55' lang='lat' dir='ltr'><strong>ci</strong></span> <span class='ocrx_word' id='word_1_813' title='bbox 3156 5418 3223 5457; x_wconf 72' lang='grc' dir='ltr'>δυ</span> <span class='ocrx_word' id='word_1_814' title='bbox 3248 5418 3315 5470; x_wconf 52' lang='lat' dir='ltr'><strong>uc</strong></span> <span class='ocrx_word' id='word_1_815' title='bbox 3336 5418 3436 5469; x_wconf 61' lang='grc' dir='ltr'>ιξάιυ</span> 
     </span>
     <span class='ocr_line' id='line_1_100' title="bbox 1420 5418 3436 5546; baseline -0.006 -19"><span class='ocrx_word' id='word_1_816' title='bbox 1420 5418 1473 5546; x_wconf 49' lang='lat' dir='ltr'><strong>ﬁ.</strong></span> <span class='ocrx_word' id='word_1_817' title='bbox 1503 5473 1765 5546; x_wconf 81' lang='lat' dir='ltr'><strong>Quoniam</strong></span> <span class='ocrx_word' id='word_1_818' title='bbox 1798 5491 1927 5546; x_wconf 79' lang='lat' dir='ltr'><strong>ergo</strong></span> <span class='ocrx_word' id='word_1_819' title='bbox 1965 5472 2113 5529; x_wconf 70' lang='lat' dir='ltr'><strong>multi</strong></span> <span class='ocrx_word' id='word_1_820' title='bbox 2142 5472 2334 5546; x_wconf 32' lang='lat' dir='ltr'><strong>de‘hae</strong></span> <span class='ocrx_word' id='word_1_821' title='bbox 2363 5475 2583 5546; x_wconf 72' lang='lat' dir='ltr'><strong>tractari</strong></span> <span class='ocrx_word' id='word_1_822' title='bbox 2612 5464 2889 5546; x_wconf 67' lang='lat' dir='ltr'><strong>postuiant</strong></span> <span class='ocrx_word' id='word_1_823' title='bbox 2940 5461 3055 5546; x_wconf 45' lang='grc' dir='ltr'><strong>,ξω</strong></span> <span class='ocrx_word' id='word_1_824' title='bbox 3084 5461 3234 5515; x_wconf 76' lang='lat' dir='ltr'><strong>Licet</strong></span> <span class='ocrx_word' id='word_1_825' title='bbox 3265 5474 3436 5546; x_wconf 50' lang='lat' dir='ltr'><strong>nun-</strong></span> 
     </span>
    </p>
   </div>
   <div class='ocr_carea' id='block_1_98' title="bbox 167 5471 1415 5541">
    <p class='ocr_par' dir='ltr' id='par_1_98' title="bbox 167 5471 1415 5541">
     <span class='ocr_line' id='line_1_101' title="bbox 167 5471 1415 5541; baseline 0.003 -21"><span class='ocrx_word' id='word_1_826' title='bbox 167 5471 324 5523; x_wconf 88' lang='lat' dir='ltr'><strong>nmlti</strong></span> <span class='ocrx_word' id='word_1_827' title='bbox 364 5480 604 5526; x_wconf 88' lang='lat' dir='ltr'><strong>tractare</strong></span> <span class='ocrx_word' id='word_1_828' title='bbox 634 5474 905 5541; x_wconf 88' lang='lat' dir='ltr'><strong>postulent</strong></span> <span class='ocrx_word' id='word_1_829' title='bbox 932 5491 1057 5528; x_wconf 76' lang='lat' dir='ltr'><strong>mss.</strong></span> <span class='ocrx_word' id='word_1_830' title='bbox 1082 5483 1129 5527; x_wconf 85' lang='lat' dir='ltr'><strong>et</strong></span> <span class='ocrx_word' id='word_1_831' title='bbox 1171 5474 1294 5526; x_wconf 87' lang='lat' dir='ltr'><strong>edit.</strong></span> <span class='ocrx_word' id='word_1_832' title='bbox 1319 5472 1415 5527; x_wconf 85' lang='lat' dir='ltr'><strong>Got</strong></span> 
     </span>
    </p>
   </div>
   <div class='ocr_carea' id='block_1_99' title="bbox 2673 5389 3438 5458">
    <p class='ocr_par' dir='ltr' id='par_1_99' title="bbox 2673 5389 3438 5458">
     <span class='ocr_line' id='line_1_102' title="bbox 2673 5389 3438 5458; baseline -0.003 -15"><span class='ocrx_word' id='word_1_833' title='bbox 2673 5392 2764 5425; x_wconf 72' lang='lat'><strong>“9‘</strong></span> <span class='ocrx_word' id='word_1_834' title='bbox 2789 5389 3070 5458; x_wconf 83' lang='lat' dir='ltr'><strong>Quomodo</strong></span> <span class='ocrx_word' id='word_1_835' title='bbox 3093 5403 3223 5457; x_wconf 81' lang='lat' dir='ltr'><strong>ergo</strong></span> <span class='ocrx_word' id='word_1_836' title='bbox 3248 5390 3315 5444; x_wconf 89' lang='lat' dir='ltr'><strong>de</strong></span> <span class='ocrx_word' id='word_1_837' title='bbox 3336 5389 3438 5442; x_wconf 92' lang='lat' dir='ltr'><strong>hac</strong></span> 
     </span>
    </p>
   </div>
   <div class='ocr_carea' id='block_1_100' title="bbox 166 5526 3435 5615">
    <p class='ocr_par' dir='ltr' id='par_1_100' title="bbox 166 5526 3435 5615">
     <span class='ocr_line' id='line_1_103' title="bbox 166 5526 3435 5615; baseline 0.005 -24"><span class='ocrx_word' id='word_1_838' title='bbox 166 5540 451 5615; x_wconf 69' lang='lat' dir='ltr'><strong>quirendo</strong></span> <span class='ocrx_word' id='word_1_839' title='bbox 474 5526 833 5615; x_wconf 10' lang='lat' dir='ltr'><strong>mss._Cister.r</strong></span> <span class='ocrx_word' id='word_1_840' title='bbox 855 5541 911 5598; x_wconf 89' lang='lat' dir='ltr'><strong>S.</strong></span> <span class='ocrx_word' id='word_1_841' title='bbox 942 5526 1105 5597; x_wconf 74' lang='lat' dir='ltr'><strong>Mich.</strong></span> <span class='ocrx_word' id='word_1_842' title='bbox 1128 5553 1175 5598; x_wconf 85' lang='lat' dir='ltr'><strong>et</strong></span> <span class='ocrx_word' id='word_1_843' title='bbox 1216 5526 1547 5615; x_wconf 11' lang='lat' dir='ltr'><strong>redibiGotlz</strong></span> <span class='ocrx_word' id='word_1_844' title='bbox 1570 5526 2073 5615; x_wconf 30' lang='lat' dir='ltr'><strong>sititvin—qugneudo</strong></span> <span class='ocrx_word' id='word_1_845' title='bbox 2145 5540 2238 5615; x_wconf 48' lang='lat' dir='ltr'><strong>’f”</strong></span> <span class='ocrx_word' id='word_1_846' title='bbox 2271 5526 2627 5615; x_wconf 59' lang='grc' dir='ltr'><strong>Βειιροηίειιυςέ</strong></span> <span class='ocrx_word' id='word_1_847' title='bbox 2648 5530 3102 5615; x_wconf 66' lang='grc' dir='ltr'><strong>ριιιεὴτίι]ε;¹,ίηεξιιι</strong></span> <span class='ocrx_word' id='word_1_848' title='bbox 3135 5546 3258 5615; x_wconf 65' lang='lat' dir='ltr'><strong>mf&quot;</strong></span> <span class='ocrx_word' id='word_1_849' title='bbox 3299 5526 3435 5615; x_wconf 42' lang='lat' dir='ltr'><strong>vi?&quot;</strong></span> 
     </span>
    </p>
   </div>
   <div class='ocr_carea' id='block_1_101' title="bbox 164 5598 3430 5686">
    <p class='ocr_par' dir='ltr' id='par_1_101' title="bbox 164 5598 3430 5686">
     <span class='ocr_line' id='line_1_104' title="bbox 164 5598 3430 5686; baseline 0.006 -27"><span class='ocrx_word' id='word_1_850' title='bbox 164 5598 206 5660; x_wconf 75' lang='grc' dir='ltr'><em>ἐι</em></span> <span class='ocrx_word' id='word_1_851' title='bbox 240 5609 408 5678; x_wconf 78' lang='lat' dir='ltr'><strong>Joty,</strong></span> <span class='ocrx_word' id='word_1_852' title='bbox 444 5620 498 5663; x_wconf 89' lang='lat' dir='ltr'><strong>et</strong></span> <span class='ocrx_word' id='word_1_853' title='bbox 529 5612 981 5686; x_wconf 74' lang='lat' dir='ltr'><strong>pulchritudinem</strong></span> <span class='ocrx_word' id='word_1_854' title='bbox 1013 5614 1258 5686; x_wconf 82' lang='lat' dir='ltr'><strong>veritatis</strong></span> <span class='ocrx_word' id='word_1_855' title='bbox 1301 5598 1827 5686; x_wconf 25' lang='grc' dir='ltr'><strong>Α³¹⁹³Ωι¹οιηοάδεῖι</strong></span> <span class='ocrx_word' id='word_1_856' title='bbox 1860 5598 2069 5686; x_wconf 41' lang='grc' dir='ltr'><strong>ἥδέ-ξε,</strong></span> <span class='ocrx_word' id='word_1_857' title='bbox 2111 5607 2415 5686; x_wconf 44' lang='lat' dir='ltr'><strong>edit-“Gem.</strong></span> <span class='ocrx_word' id='word_1_858' title='bbox 2448 5598 2704 5686; x_wconf 50' lang='grc' dir='ltr'><strong>(Ιξὲὁνίηῴ</strong></span> <span class='ocrx_word' id='word_1_859' title='bbox 2736 5612 2801 5657; x_wconf 64' lang='lat' dir='ltr'><strong>ea</strong></span> <span class='ocrx_word' id='word_1_860' title='bbox 2873 5602 2966 5686; x_wconf 52' lang='grc' dir='ltr'><strong>’Ψ</strong></span> <span class='ocrx_word' id='word_1_861' title='bbox 2997 5602 3118 5686; x_wconf 54' lang='lat'><strong>“.90</strong></span> <span class='ocrx_word' id='word_1_862' title='bbox 3157 5600 3280 5686; x_wconf 54' lang='lat' dir='ltr'><strong>Plui</strong></span> <span class='ocrx_word' id='word_1_863' title='bbox 3318 5598 3430 5686; x_wconf 60' lang='grc' dir='ltr'><strong>νίθῖ</strong></span> 
     </span>
    </p>
   </div>
   <div class='ocr_carea' id='block_1_102' title="bbox 162 5670 3433 5756">
    <p class='ocr_par' dir='ltr' id='par_1_102' title="bbox 162 5670 3433 5756">
     <span class='ocr_line' id='line_1_105' title="bbox 162 5670 3433 5756; baseline 0.004 -27"><span class='ocrx_word' id='word_1_864' title='bbox 162 5689 272 5756; x_wconf 86' lang='lat' dir='ltr'><strong>ce_t_,</strong></span> <span class='ocrx_word' id='word_1_865' title='bbox 305 5670 488 5733; x_wconf 62' lang='lat' dir='ltr'><strong>uim...</strong></span> <span class='ocrx_word' id='word_1_866' title='bbox 514 5670 635 5736; x_wconf 74' lang='lat' dir='ltr'><strong>mss.</strong></span> <span class='ocrx_word' id='word_1_867' title='bbox 662 5695 709 5738; x_wconf 82' lang='lat' dir='ltr'><strong>et</strong></span> <span class='ocrx_word' id='word_1_868' title='bbox 764 5686 890 5739; x_wconf 84' lang='lat' dir='ltr'><strong>edit.</strong></span> <span class='ocrx_word' id='word_1_869' title='bbox 930 5682 1083 5738; x_wconf 81' lang='lat' dir='ltr'><strong>Goth.</strong></span> <span class='ocrx_word' id='word_1_870' title='bbox 1117 5685 1237 5739; x_wconf 88' lang='lat' dir='ltr'><strong>ideo</strong></span> <span class='ocrx_word' id='word_1_871' title='bbox 1264 5684 1383 5756; x_wconf 84' lang='lat' dir='ltr'><strong>plus</strong></span> <span class='ocrx_word' id='word_1_872' title='bbox 1413 5670 1655 5753; x_wconf 65' lang='lat' dir='ltr'><strong>placent;</strong></span> <span class='ocrx_word' id='word_1_873' title='bbox 1701 5700 1863 5740; x_wconf 90' lang='lat' dir='ltr'><strong>unum</strong></span> <span class='ocrx_word' id='word_1_874' title='bbox 1903 5699 1968 5739; x_wconf 72' lang='lat' dir='ltr'><strong>es</strong></span> <span class='ocrx_word' id='word_1_875' title='bbox 2000 5683 2126 5738; x_wconf 73' lang='lat' dir='ltr'><strong>illis.</strong></span> <span class='ocrx_word' id='word_1_876' title='bbox 2177 5680 2270 5712; x_wconf 84' lang='grc'><strong>²¹⁹⁶</strong></span> <span class='ocrx_word' id='word_1_877' title='bbox 2300 5679 2380 5732; x_wconf 77' lang='lat' dir='ltr'><strong>Mc</strong></span> <span class='ocrx_word' id='word_1_878' title='bbox 2407 5670 2697 5731; x_wconf 66' lang='grc' dir='ltr'><strong>δοῖιίεὶιὲιηι</strong></span> <span class='ocrx_word' id='word_1_879' title='bbox 2725 5691 2849 5727; x_wconf 65' lang='grc'><strong>11³³³·</strong></span> <span class='ocrx_word' id='word_1_880' title='bbox 2890 5682 2937 5726; x_wconf 64' lang='grc' dir='ltr'><strong>εδ</strong></span> <span class='ocrx_word' id='word_1_881' title='bbox 2991 5674 3117 5724; x_wconf 66' lang='lat' dir='ltr'><strong>“m-</strong></span> <span class='ocrx_word' id='word_1_882' title='bbox 3161 5670 3314 5723; x_wconf 66' lang='grc' dir='ltr'><strong>θ⁰¹¹⁸ο</strong></span> <span class='ocrx_word' id='word_1_883' title='bbox 3345 5684 3433 5722; x_wconf 60' lang='lat' dir='ltr'><strong>me</strong></span> 
     </span>
    </p>
   </div>
   <div class='ocr_carea' id='block_1_103' title="bbox 160 5750 439 5804">
    <p class='ocr_par' dir='ltr' id='par_1_103' title="bbox 160 5750 439 5804">
     <span class='ocr_line' id='line_1_106' title="bbox 160 5750 439 5804; baseline 0.007 -4"><span class='ocrx_word' id='word_1_884' title='bbox 160 5750 439 5804; x_wconf 76' lang='lat' dir='ltr'><strong>sollicitat.</strong></span> 
     </span>
    </p>
   </div>
   <div class='ocr_carea' id='block_1_104' title="bbox 544 5849 1119 5913">
    <p class='ocr_par' dir='ltr' id='par_1_104' title="bbox 544 5849 1119 5913">
     <span class='ocr_line' id='line_1_107' title="bbox 544 5849 1119 5913; baseline 0.009 -5"><span class='ocrx_word' id='word_1_885' title='bbox 544 5849 813 5911; x_wconf 76' lang='grc' dir='ltr'><strong>Ρηκοι.</strong></span> <span class='ocrx_word' id='word_1_886' title='bbox 851 5850 1119 5913; x_wconf 68' lang='lat' dir='ltr'><strong>CLVIII.</strong></span> 
     </span>
    </p>
   </div>
   <div class='ocr_carea' id='block_1_105' title="bbox 2935 5838 3009 5896">
    <p class='ocr_par' dir='ltr' id='par_1_105' title="bbox 2935 5838 3009 5896">
     <span class='ocr_line' id='line_1_108' title="bbox 2935 5838 3009 5896; baseline -0.014 0"><span class='ocrx_word' id='word_1_887' title='bbox 2935 5838 3009 5896; x_wconf 77' lang='lat'><strong>12</strong></span> 
     </span>
    </p>
   </div>
  </div>
