4050 6294
537 231 644 287 565

1077 229 1137 284 S.
1177 223 1476 283 ANSELMI
1515 223 1866 282 CANTUAR.
1897 223 2219 282 ARCIIIEP.
2264 223 2414 282 OPP.
2457 225 2638 283 PARS
2673 226 2715 282 l.
2745 257 2816 268 —
2851 226 3270 284 DOGMATICA.

3704 228 3816 286 564

537 354 747 401 tantum
795 343 986 398 timere
1034 340 1198 398 debes
1240 349 1502 410 quantum
1547 348 1601 394 et
1653 339 1962 406 reminisci,
1997 340 2122 409 quia
2154 350 2197 402 Α
2225 343 2339 397 rit:
2371 343 2480 398 imo
2515 341 2792 398 sciendum
2823 351 2909 397 est
2949 342 3212 416 quidquid
3253 343 3417 397 homo
3458 341 3584 398 inde
3629 343 3820 401 dicere
3892 403 3896 406 ι

538 451 680 508 saepe
705 435 967 507 contingit
1009 434 1063 489 in
1099 432 1453 503 colloquendo
1499 433 1564 487 de
1597 432 1776 504 aliqua
1825 433 2127 504 quaestione

536 539 600 585 ut
646 529 788 584 Deus
825 527 1033 598 aperiat
1068 526 1214 595 quod
1253 524 1402 595 prius
1436 523 1672 591 latebat;
1711 533 1767 580 et
1795 539 2020 594 sperare
2060 525 2128 580 de

538 621 713 691 gratia
741 618 835 673 Dei
873 618 1031 687 quia,
1064 616 1110 671 si
1156 630 1220 670 ea
1241 630 1362 686 qua:
1393 615 1561 686 gratis
1600 615 1860 685 accepisti
1897 616 2129 672 libenter

537 709 857 781 impartiris,
905 708 1122 774 altiora,
1176 707 1243 762 ad
1291 722 1411 777 qua:
1454 707 1549 739 ’⁸³⁷
1599 707 1835 763 nondum
1877 707 2124 780 attigisti,

536 798 834 856 mereberis
863 799 1134 870 accipere.
1169 797 1305 852 Axs.
1335 797 1429 853 Est
1456 811 1513 853 et
1552 796 1693 853 aliud
1728 807 1948 870 propter
1984 801 2128 867 quod

534 893 694 947 video
723 899 818 945 aut
841 891 934 946 vix
963 901 1058 944 aut
1090 889 1402 945 nullatenus
1439 904 1602 960 posse
1629 890 1694 945 ad
1724 891 1943 961 plenum
1985 891 2128 948 inter

535 999 638 1039 nos
663 983 730 1039 de
753 983 857 1038 hac
875 998 935 1038 re
957 996 1102 1038 nunc
1126 979 1380 1047 tractari;
1412 982 1669 1051 quoniam
1699 981 1766 1036 ad
1791 981 1895 1036 hoc
1922 990 2005 1037 est
2028 997 2127 1038 nc-

538 1076 778 1134 cessaria
815 1076 1009 1132 notitia
1050 1074 1342 1147 potestatis
1371 1083 1425 1130 et
1454 1074 1815 1141 necessitatis,
1852 1082 1909 1128 et
1938 1073 2129 1130 volun-

535 1161 667 1222 tatis
695 1167 814 1233 ἠδ,
849 1177 905 1222 et
935 1168 1161 1222 aliarum
1192 1167 1548 1236 quarumdam
1579 1180 1781 1230 rerum,
1814 1180 1936 1236 qua:
1967 1165 2046 1221 sic
2069 1180 2129 1221 se

536 1259 744 1314 habent
772 1267 831 1313 ut
861 1273 1053 1315 earum
1083 1257 1231 1313 nulla
1267 1257 1437 1328 possit
1468 1257 1624 1327 plene
1651 1257 1767 1312 sine
1796 1257 1916 1313 aliis
1945 1256 2128 1312 consi-

539 1348 754 1414 derari;
783 1356 838 1403 et
869 1348 989 1404 ideo
1019 1356 1280 1404 tractatus
1303 1362 1490 1402 earum
1521 1363 1678 1402 suum
1708 1362 1846 1418 opus
1870 1346 2126 1418 postulat,

539 1453 648 1493 non
687 1438 1036 1500 multum,‘ut
1069 1447 1222 1509 puto,
1261 1437 1444 1504 facile,
1486 1453 1587 1494 nec
1625 1438 1848 1494 omnino
1889 1437 2079 1493 inutile
2111 1456 2124 1491 :

539 1545 667 1584 nam
695 1546 882 1586 earum
918 1530 1222 1602 ignorantia
1264 1531 1509 1599 qumdam
1555 1529 1686 1585 facit
1720 1527 1978 1595 difﬁcilia,
2010 1545 2131 1599 qua:

539 1636 641 1690 per
675 1635 862 1676 carum
894 1621 1144 1676 notitiam
1176 1621 1312 1675 fiunt
1346 1619 1530 1676 facilia
1565 1619 1680 1674 ω’.
1720 1619 1846 1675 Bos.
1881 1618 1974 1674 Sic
2002 1619 2128 1673 bre-

2229 433 2312 490 vel
2340 435 2482 490 scire
2514 434 2686 505 possit
2729 426 2844 498 ηδτ,
2875 433 3095 488 altiores
3128 443 3289 488 tanta;
3320 433 3397 490 rei
3429 435 3604 488 adhuc.
3643 434 3821 492 latere

2229 525 2488 581 rationes.
2517 524 2644 580 Bos.
2685 523 2878 580 Patere
2909 523 3073 595 igitur
3101 522 3198 556 ἠε
3235 532 3294 578 ιιι
3321 525 3504 581 verbis
3534 534 3659 581 utar
3690 526 3822 580 inti-

2228 615 2428 671 dclium
2463 634 2476 671 :
2513 631 2727 687 aequum
2764 617 2909 696 enim
2940 625 3026 672 est
3055 624 3139 683 ut,
3177 633 3300 672 cum
3344 626 3543 672 nostra:
3570 617 3699 672 fidei
3735 633 3823 672 ra-

2228 707 2434 762 tionem
2482 707 2761 763 studemus
2816 707 3116 776 inquirere,
3172 721 3438 777 ponamus
3485 707 3824 775 obiectiones

2231 798 2324 829 ¹¹⁰⁹
2365 812 2575 862 eorum,
2625 797 2718 869 qui
2757 797 3069 854 nullatenus
3100 798 3166 852 ad
3210 798 3370 852 tidem
3408 797 3660 853 eamdem
3701 797 3826 854 sine

2230 890 2440 946 ratione
2465 887 2649 943 volunt
2672 888 2950 944 accedere.
2993 887 3257 956 Quamvis
3285 887 3429 943 enim
3460 887 3534 942 illi
3567 887 3694 943 ideo
3730 904 3824 942 ra-

2232 979 2432 1034 tionem
2461 987 2726 1050 quaarant,
2759 979 2907 1049 quia'
2926 993 3032 1033 non
3060 977 3294 1033 credunt
3318 1017 3335 1043 ,
3379 992 3480 1033 nos
3507 992 3661 1042 vero,
3691 976 3825 1047 quia

2231 1070 2524 1138 credimus,
2569 1086 2735 1125 unum
2785 1069 3039 1140 idemque
3090 1078 3270 1124 tamen
3310 1077 3394 1125 est
3433 1069 3576 1138 quod
3614 1069 3826 1140 qumri-

2230 1178 2353 1218 mus
2379 1181 2392 1216 :
2415 1170 2472 1217 et
2497 1162 2543 1216 si
2565 1161 2694 1231 quid
2717 1161 3087 1232 responderis,
3117 1160 3205 1216 cui
3226 1159 3522 1214 auctoritas
3546 1173 3708 1214 sacra
3734 1159 3828 1214 ob.

2231 1253 2424 1323 sistere
2450 1253 2699 1309 videatur
2726 1253 2844 1319 ²¹¹⁰,
2875 1252 3033 1328 liceat
3061 1251 3194 1306 mihi
3216 1252 3308 1282 "“
3340 1250 3489 1306 illam
3517 1250 3830 1306 obtendere

2231 1344 2347 1411 ²²¹²,
2384 1353 2651 1416 quatenus
2681 1344 2952 1415 quomodo
2988 1358 3095 1400 non
3130 1341 3380 1412 obsistat,
3417 1343 3656 1414 aperias.
3685 1341 3827 1396 Axs.

2232 1435 2328 1492 Dic
2351 1435 2494 1507 quod
2523 1434 2617 1491 tibi
2641 1436 2872 1492 videtur.

2843 1523 3071 1582 CAPUT
3107 1525 3193 1582 Ill.

2307 1619 2634 1691 Objectiones
2670 1617 2986 1687 inﬁdelium,
3018 1627 3064 1672 et
3098 1617 3458 1687 responsiones
3487 1617 3756 1687 ﬁdelium.

541 1714 681 1768 viter
710 1716 778 1768 de
808 1713 894 1767 his
922 1716 1036 1768 suis
1060 1712 1194 1768 locis
1223 1712 1406 1768 dicere
1434 1711 1643 1783 poteris
1668 1729 1681 1766 :
1707 1719 1767 1768 ut
1788 1719 1843 1767 ct
1862 1711 2007 1779 quod
2030 1711 2126 1743 ¹²⁰⁰
2163 1698 2206 1753 Β
2304 1711 2426 1766 Bos.
2459 1711 2735 1780 Objiciunt
2764 1710 2922 1767 nobis
2949 1709 3264 1766 deridentes
3291 1710 3704 1780 simplicitatem
3733 1724 3832 1765 no-

540 1802 774 1858 strﬂiciat
802 1805 869 1858 ad
900 1819 1140 1873 praesens
1180 1819 1316 1874 opus
1359 1805 1675 1867 habeamus,
1727 1812 1783 1859 et
1828 1804 1972 1875 quod
2010 1804 2128 1873 plus

542 1895 828 1950 dicendum
858 1902 964 1961 est,
995 1895 1050 1949 in
1081 1893 1226 1950 aliud
1257 1903 1469 1965 tempus
1491 1892 1822 1950 differamus.
1853 1894 1984 1949 Axs.
2017 1894 2132 1950 Hoc

541 1999 756 2053 quoque
778 1984 1004 2039 multum
1029 1998 1114 2038 me
1145 1983 1376 2039 retrahit
1395 1983 1488 2015 ²¹⁰¹
1513 1998 1544 2036 a
1575 1983 1833 2054 petitione
1865 1992 1974 2047 tua,
1999 1983 2126 2052 quia

541 2075 773 2129 materia
805 2090 910 2128 non
943 2074 1116 2129 solum
1158 2075 1419 2145 pretiosa,
1462 2073 1557 2128 Sed
1603 2074 1746 2128 sicut
1785 2082 1868 2127 est
1907 2073 1972 2128 de
2010 2087 2132 2142 spe-

543 2167 692 2221 cioso
722 2166 893 2235 forma
931 2166 1026 2198 ²²⁰¹
1058 2183 1169 2236 prce
1200 2165 1324 2235 [iliis
1353 2165 1621 2219 hominum
1655 2161 1826 2235 (Psal.
1861 2179 2008 2230 xuv,
2039 2163 2127 2232 '5),

543 2259 623 2312 sic
645 2258 808 2313 ctiam
826 2269 907 2313 es:
929 2259 994 2313 de
1017 2256 1261 2327 speciosa
1287 2257 1496 2311 ratione
1517 2255 1612 2287 ²²⁰³
1636 2269 1798 2325 super
1825 2255 2131 2310 intellectus

544 2349 822 2403 hominum
857 2367 870 2403 :
901 2349 1041 2404 unde
1069 2349 1232 2403 timeo
1257 2362 1345 2413 ne,
1375 2346 1829 2417 quemadmodum
1860 2360 1962 2416 ego
1983 2344 2130 2400 soleo

545 2439 814 2511 indignari
861 2440 1043 2510 pravis
1089 2439 1412 2510 pictoribus,
1460 2453 1584 2494 cum
1622 2438 1797 2509 ipsum
1842 2437 2129 2491 Dominum

541 2542 792 2586 nostrum
837 2533 1054 2588 informi
1103 2534 1198 2564 ²²⁰³
1244 2533 1415 2603 figura
1458 2531 1602 2603 pingi
1649 2530 1837 2597 video,
1877 2530 1954 2584 ita
1997 2528 2128 2583 mihi

542 2625 842 2695 contingat,
885 2625 928 2679 si
976 2634 1084 2679 tam
1132 2625 1384 2680 decoram
1435 2625 1720 2679 materiam
1762 2622 2039 2692 incompto
2074 2629 2131 2676 et

542 2715 937 2784 contemptibili
964 2715 1257 2770 dictamine
1282 2729 1514 2770 exarare
1549 2727 1837 2785 praesumo.
1867 2711 1993 2768 Bos.
2022 2709 2131 2767 Nec

541 2804 648 2859 hoc
687 2813 738 2858 te
773 2804 934 2860 debet
970 2805 1289 2872 retrahere;
1328 2805 1455 2874 quia
1494 2804 1634 2859 sicut
1675 2812 1730 2857 tu
1768 2803 2040 2873 permittis
2071 2811 2129 2856 ut

542 2894 634 2964 qui
663 2903 842 2964 potest
874 2895 1070 2951 melius
1099 2897 1268 2961 dicat,
1297 2897 1379 2952 sic
1421 2895 1553 2950 nulli
1601 2895 1897 2966 praestituis
1927 2904 2005 2961 ut,
2041 2895 2126 2952 cui

543 2985 815 3040 dictamcn
855 2997 1003 3040 tuum
1046 3001 1152 3042 non
1195 2986 1388 3056 placet,
1420 2971 1694 3055 pulchrius
1726 3000 1834 3040 non
1873 2986 2123 3042 scribat:

2234 1812 2400 1858 stram
2424 1787 2697 1868 infideles;
2727 1801 2851 1870 quia
2878 1800 2989 1855 Deo
3016 1799 3247 1855 facimus
3269 1801 3524 1870 injuriam
3543 1813 3599 1857 et
3625 1813 3836 1857 contu-

2233 1894 2472 1958 meliam,
2504 1907 2627 1947 cum
2650 1906 2774 1947 eum
2805 1891 3103 1946 asserimus
3130 1891 3185 1946 in
3210 1901 3423 1947 uterum
3455 1893 3709 1948 mulieris
3738 1893 3838 1925 ²²⁸³

2233 1984 2600 2050 descendisse,
2628 1991 2814 2038 natum
2837 1997 2958 2038 esse
2983 1980 3049 2035 de
3079 1979 3301 2048 femina,
3329 1982 3472 2038 lacte
3503 1991 3558 2038 et
3593 1983 3839 2039 alimen-

2235 2077 2304 2131 tis
2349 2076 2600 2131 humanis
2637 2076 2902 2130 nutritum
2945 2076 3181 2131 crevisse
3209 2113 3225 2140 ,
3285 2081 3360 2140 et,
3405 2082 3464 2128 ut
3504 2074 3674 2128 multa
3727 2075 3838 2128 alia

2237 2177 2466 2234 taceam,
2501 2183 2620 2238 quae
2642 2167 2754 2224 Deo
2776 2182 2884 2233 non
2913 2166 3289 2221 ““widentnr
3314 2165 3632 2224 convenire.
3666 2165 3843 2222 lassi-

2237 2256 2498 2323 tudinem,
2536 2256 2754 2321 famem,
2803 2257 2973 2321 sitim,
3022 2255 3248 2310 verbera
3286 2262 3343 2310 et
3394 2254 3538 2310 inter
3577 2254 3842 2310 latrones

2234 2363 2452 2403 crucem
2485 2358 2825 2418 mortemque
2849 2349 3078 2405 subiisse
3108 2348 3227 2402 ³³⁸⁸.
3257 2351 3388 2401 Axs.
3419 2344 3529 2402 Nos
3549 2362 3661 2401 non
3694 2346 3844 2402 faci-

2235 2455 2356 2494 mus
2386 2441 2498 2496 Deo
2535 2440 2787 2511 iujuriam
2814 2441 2977 2496 ullam
3006 2451 3100 2497 aut
3129 2440 3552 2507 contumeliam;
3581 2440 3683 2495 sed
3721 2450 3843 2496 toto

2234 2531 2397 2586 corde
2423 2529 2628 2600 gratias
2656 2540 2898 2602 agentes,
2931 2531 3215 2588 laudamus
3243 2541 3300 2586 et
3341 2531 3712 2601 praedicamus
3755 2531 3845 2587 in-

2235 2623 2504 2679 effabilem
2541 2622 2880 2678 altitudinem
2922 2624 3310 2680 misericordia:
3346 2622 3440 2654 ’⁸³⁸
3475 2622 3654 2690 illius;
3701 2625 3840 2694 quia

2233 2723 2437 2784 quanto
2464 2727 2562 2768 nos
2593 2714 2686 2745 ³³³⁷
2711 2713 3038 2778 mirabilius,
3085 2725 3139 2770 et
3182 2723 3381 2784 praeter
3414 2715 3742 2785 opinionem
3776 2717 3848 2770 de

2237 2805 2401 2860 tantis
2428 2814 2484 2860 et
2509 2813 2618 2859 tam
2638 2804 2835 2861 debitis
2859 2805 3017 2861 malis
3037 2806 3090 2860 in
3111 2806 3309 2876 quibus
3329 2821 3547 2861 eramus
3574 2806 3646 2860 ad
3678 2813 3845 2860 tanta

2235 2905 2288 2951 et
2321 2906 2430 2950 tam
2463 2894 2699 2951 indebita
2735 2896 2875 2952 bona
2907 2913 3028 2968 quae
3065 2897 3477 2968 perdideramus
3511 2896 3630 2962 ³³⁸⁸,
3662 2897 3848 2953 resti-

2237 2987 2358 3053 tuit,
2391 2995 2541 3042 tanto
2586 2985 2848 3056 majorem
2878 2987 3224 3044 dilectionem
3262 3003 3388 3060 erga
3425 3002 3525 3042 nos
3556 2996 3616 3042 et
3649 2987 3849 3057 pieta-

541 3092 754 3142 verum,
788 3086 846 3132 ut
881 3093 1069 3134 omnes
1095 3078 1477 3134 excusationes
1508 3087 1627 3133 tuas
1655 3077 1959 3143 excludam,
1990 3078 2133 3148 quod
2161 3072 2202 3128 C
2237 3087 2344 3134 tem
2393 3079 2736 3135 monstravit.
2789 3079 2850 3135 Si
2888 3080 3034 3136 enim
3082 3081 3370 3152 diligenter
3409 3081 3851 3138 considerarent

540 3169 758 3239 postulo
799 3184 904 3224 non
935 3169 1104 3226 facies
1141 3171 1314 3226 doctis
1337 3211 1351 3236 ,
1396 3171 1490 3226 sed
1527 3169 1678 3234 mihi,
1722 3178 1776 3223 et
1820 3169 1922 3225 hoc
1957 3170 2129 3240 ipsum

541 3272 753 3316 mecum
782 3261 1112 3331 petentibus.
1149 3261 1277 3317 Axs.
1311 3261 1575 3329 Quoniam
1616 3261 1774 3317 video
1804 3259 2130 3332 importuni-

537 3361 711 3408 tatem
750 3361 896 3409 tuam
923 3363 976 3409 ct
1022 3354 1259 3422 illorum,
1290 3355 1383 3425 qui
1424 3355 1528 3410 hoc
1565 3363 1740 3410 tecum
1772 3368 1836 3410 ex
1867 3353 2134 3410 charitate

540 3452 596 3500 et
627 3443 882 3513 religioso
911 3447 1089 3501 studio
1125 3456 1334 3516 petunt,
1370 3448 1589 3502 tentabo
1619 3462 1718 3517 pro
1751 3462 1866 3501 mea
1897 3447 2130 3517 possibi-

542 3532 698 3589 litate
725 3533 862 3605 (Deo
903 3535 1194 3606 adjuvante
1235 3547 1288 3591 et
1340 3538 1537 3593 vestris
1582 3538 1946 3605 orationibus,
1995 3553 2131 3609 quas

541 3623 649 3677 hic
689 3624 1023 3694 postulantes
1067 3641 1212 3696 same
1260 3626 1392 3682 mihi
1437 3627 1643 3700 petenti
1691 3627 1757 3682 ad
1805 3628 1906 3682 hoc
1956 3627 2130 3698 ipsum

541 3714 917 3786 promisistis),
942 3716 1084 3785 quod
1105 3717 1347 3786 quaeritis
1361 3733 1469 3772 non
1491 3725 1602 3772 tam
1631 3717 1941 3785 ostendere,
1969 3733 2130 3789 quam

545 3815 724 3860 tecum
757 3821 1026 3877 quaerere;
1061 3808 1157 3864 sed
1181 3823 1246 3864 eo
1281 3816 1440 3878 pacto
1468 3824 1576 3879 quo
1605 3809 1807 3875 omnia,
1834 3824 1954 3879 qua:
1984 3809 2130 3876 dico,

543 3897 716 3968 accipi
743 3900 862 3955 volo
889 3917 902 3954 :
928 3900 1195 3967 videlicet,
1229 3911 1282 3956 ut
1321 3901 1365 3957 si
1393 3901 1520 3972 quid
1556 3902 1744 3958 dixero
1772 3902 1917 3972 quod
1948 3902 2126 3973 major

543 4004 652 4044 non
677 3989 960 4047 confirmet
981 3990 1296 4058 auctoritas,
1328 3993 1578 4063 quamvis
1603 3993 1730 4048 illud
1763 3993 1973 4048 ratione
2002 4007 2131 4062 pro-

540 4080 678 4134 bare
718 4082 934 4148 videar;
979 4098 1087 4138 non
1131 4083 1236 4138 alia
1283 4084 1613 4140 certitudine
1657 4085 1975 4156 accipiatur,
2028 4085 2131 4139 nisi

543 4169 673 4237 quia
698 4170 916 4227 interim
943 4172 1038 4205 ⁸³⁸⁸
1071 4173 1200 4228 mihi
1259 4173 1333 4228 ita
1369 4174 1599 4239 videtur,
1631 4175 1803 4232 donec
1829 4177 1961 4232 mihi
1989 4177 2132 4233 Deus

543 4264 739 4319 melius
762 4265 942 4336 aliquo
971 4266 1133 4322 modo
1161 4266 1362 4322 revelet
1392 4267 1507 4320 ²²⁰⁶.
1531 4267 1686 4335 Quod
1713 4269 1757 4323 si
1789 4269 2132 4339 aliquatenus

545 4357 830 4424 quaestioni
879 4367 983 4414 tuae
1021 4359 1337 4416 satisfacere
1371 4369 1594 4430 potero,
1635 4371 1841 4418 certum
1873 4377 1992 4418 esse
2030 4363 2126 4416 dc-

2235 3187 2398 3242 quam
2425 3171 2814 3227 convenienter
2837 3171 2943 3227 hoc
2973 3172 3133 3228 modo
3159 3183 3451 3242 procurata
3483 3173 3554 3228 sit
3583 3171 3849 3227 humana

2237 3264 2580 3330 restauratio,
2614 3278 2723 3319 non
2753 3264 3064 3320 deriderent
3094 3273 3336 3320 nostram
3376 3263 3849 3335 simplicitatem;

2235 3356 2330 3411 sed
2374 3355 2469 3410 Dei
2519 3355 2800 3411 nobiscum
2847 3355 3132 3412 laudarent
3168 3356 3470 3426 sapientem
3515 3357 3855 3427 benignita-

2239 3455 2366 3500 tem.
2395 3443 2692 3514 Oportebat
2714 3461 2951 3517 namque
2979 3455 3039 3501 ut
3065 3447 3204 3502 sicut
3241 3462 3340 3517 per
3367 3447 3609 3502 hominis
3635 3448 3853 3504 inobe-

2235 3535 2493 3590 dientiam
2534 3551 2680 3592 mors
2728 3536 2784 3590 in
2826 3536 3125 3592 humanum
3166 3553 3337 3607 genus
3377 3538 3732 3606 intraverat,
3769 3541 3852 3593 ita

2235 3642 2332 3697 per
2354 3627 2586 3682 hominis
2603 3627 2965 3684 obedientiam
2988 3629 3096 3683 vita
3126 3630 3540 3696 reStitueretur;
3563 3638 3623 3684 et
3643 3645 3857 3700 quem-

2235 3720 2526 3794 admodum
2569 3728 2874 3790 peccatum,
2911 3721 3055 3791 quod
3091 3721 3192 3776 fuit
3235 3736 3398 3776 causa
3433 3730 3639 3777 nostrae
3679 3721 3859 3778 dam-

2235 3811 2496 3874 nationis,
2523 3811 2736 3867 initium
2765 3811 2957 3867 habuit
2993 3827 3023 3866 a
3053 3811 3251 3867 femina
3273 3852 3290 3880 ,
3322 3813 3402 3868 sic
3434 3821 3641 3869 nostra:
3663 3813 3856 3884 justi--

2238 3902 2323 3957 tia:
2351 3911 2407 3958 et
2439 3901 2630 3958 salutis
2659 3911 2848 3958 auctor
2881 3902 2974 3934 'm
3008 3911 3327 3958 nasceretur
3356 3903 3423 3958 de
3454 3903 3664 3957 femina
3699 3921 3721 3970 ;
3795 3917 3859 3961 et

2236 4001 2294 4046 ut
2341 3991 2606 4058 diabolus,
2635 3992 2728 4062 qui
2763 4007 2862 4062 per
2889 4000 3106 4062 gustum
3150 3991 3279 4063 ligni
3323 4007 3484 4064 quem
3521 3996 3857 4062 persuasit,

2235 4085 2510 4140 hominem
2535 4075 2770 4150 vicerat,
2804 4085 2875 4138 ita
2903 4085 2997 4116 ²²²⁰
3019 4099 3117 4153 per
3137 4084 3446 4155 passionem
3473 4084 3629 4156 ligni,
3663 4101 3860 4157 quam

2235 4175 2444 4242 intulit,
2501 4175 2570 4230 ab
2618 4176 2837 4232 homine
2881 4176 3211 4233 vinceretur.
3258 4175 3396 4231 Sunt
3450 4188 3680 4245 quoque
3737 4177 3862 4232 alia

2237 4269 2405 4322 multa
2456 4282 2579 4338 quae
2633 4267 2875 4322 studiose
2933 4267 3274 4322 considerata
3331 4264 3668 4321 ineffabilem
3753 4269 3862 4300 ³⁸⁸⁸

2235 4360 2526 4431 quamdam
2553 4367 2754 4414 nostrae
2780 4358 3190 4428 redemptionis,
3220 4359 3324 4412 hoc
3354 4356 3514 4412 modo
3555 4369 3863 4427 procura-

539 4445 692 4502 bebit
717 4449 841 4519 quia
865 4458 920 4504 ct
946 4451 1240 4521 sapientior
1269 4467 1357 4508 me
1384 4451 1598 4524 plenius
1629 4453 1731 4508 hoc
1773 4453 1952 4508 facere
1980 4465 2130 4524 pote-
2159 4434 2207 4491 ί)
2236 4460 2322 4514 tae,
2354 4448 2810 4520 pulchritudinem
2833 4451 3151 4505 ostendunt.

1836 4543 2065 4600 VARIAE
2103 4537 2506 4597 LECTIONES.

616 4610 708 4685 ’27
767 4610 992 4680 Altiora,
1047 4628 1167 4681 quas
1217 4629 1341 4669 mss.
1400 4615 1632 4681 Altiora,
1671 4616 1740 4671 ad
1795 4631 1916 4685 quae
1989 4615 2082 4651 ²ι⁹⁸
2137 4613 2450 4685 Ρριεειιιιίδ,
2504 4609 2866 4685 necessitatis,
2913 4609 3382 4685 voluntatisumss.
3450 4608 3590 4685 Vict.
3613 4619 3673 4685 et
3712 4611 3870 4685 Jolg

538 4689 591 4752 et
622 4679 808 4735 Cister.
833 4679 1118 4750 potestatis
1144 4695 1200 4739 et
1226 4687 1565 4742 necessitatis
1587 4679 1641 4742 et
1672 4679 1964 4742 voluntatis
2039 4685 2133 4717 “9"
2160 4682 2288 4749 Qum
2316 4697 2414 4752 per
2445 4695 2634 4735 earum
2665 4681 2913 4752 notitiam
2942 4681 3077 4752 liunt
3116 4681 3297 4735 facilia
3335 4684 3389 4736 in
3422 4697 3521 4734 ms.
3555 4679 3702 4752 Joly

3733 4685 3871 4739 ha'c

543 4751 729 4828 desunt
805 4753 899 4828 '_’°°
934 4753 1000 4810 Ut
1019 4754 1161 4824 quod
1183 4771 1310 4828 mss.
1352 4751 1560 4828 Vicl.;et
1590 4757 1713 4828 10in
1737 4765 1870 4828 utet
1892 4757 2046 4828 quod,
2111 4753 2202 4786 ²¹⁰¹
2231 4751 2716 4828 Multum_retra__hit
2756 4751 3161 4828 mss‘.__r_nu_ltum
3191 4767 3277 4828 me
3302 4751 3532 4828 retrahit
3607 4751 3727 4784 ²²⁶²
3784 4756 3874 4810 De

540 4821 789 4892 speciosa
817 4822 990 4892 forma
1022 4819 1150 4880 mss.
1188 4823 1318 4881 Vict.
1360 4828 1415 4882 5.
1443 4819 1609 4884 εἴη).
1637 4819 1762 4882 nec.
1795 4819 1942 4882 Geni.
1988 4826 2178 4881 Cister.
2224 4825 2292 4879 de
2332 4821 2578 4892 speciosa
2611 4823 2788 4877 forma
2863 4819 2960 4852 ¹¹⁰³
3012 4823 3087 4877 De
3130 4821 3379 4891 speciosa
3426 4821 3645 4892 ratione
3708 4841 3872 4880 mss.

598 4893 687 4946 iet.
717 4903 766 4946 et
793 4891 981 4949 Cister.
1014 4897 1183 4949 omiu.
1212 4895 1279 4951 de
1353 4898 1448 4928 ²²⁰⁶
1481 4897 1767 4954 Dominum
1797 4906 2043 4953 nostrum
2066 4895 2286 4951 informi
2308 4891 2408 4946 ms.
2439 4891 2627 4946 Cister.
2659 4895 2810 4946 omit.
2841 4902 3084 4946 nostrum
3162 4892 3256 4922 ²²⁰⁵
3287 4891 3531 4955 interim,
3565 4892 3683 4946 nisi

3717 4897 3874 4963 quia

541 4977 667 5036 mss.
700 4963 972 5036 nisihquia
1007 4965 1224 5036 interim
1300 4967 1396 5001 ²²⁰⁶
1435 4966 1612 5023 Donec
1647 4967 1786 5023 Deus
1834 4967 2182 5036 aliquomodo
2227 4961 2668 5036 melitis_revclet
2707 4959 3024 5036 ψει-Κίος.
3065 4971 3112 5016 ει
3142 4959 3481 5036 Jolgdonee
3511 4961 3648 5036 mihi
3689 4959 3873 5036 [iens

540 5032 737 5106 melius
763 5030 1108 5106 aliquomodo
1136 5037 1340 5106 revelet
1412 5038 1505 5079 -“°"
1538 5039 1729 5094 Dicere
1758 5037 1840 5092 vel
1872 5030 2014 5093 scire
2038 5036 2206 5106 possit
2239 5050 2362 5106 mss.
2393 5032 2574 5087 dicere
2605 5032 2818 5106 possit__
2849 5030 3038 5106 “°°__I_n
3064 5049 3186 5085 mss.
3211 5030 3415 5106 _Cister.
3445 5041 3494 5085 et
3521 5030 3656 5085 Bec.
3693 5033 3778 5090 C.
3808 5037 3875 5094 3.

540 5101 724 5178 incipit
752 5099 928 5178 abhis
953 5107 1143 5178 uerbis.
1175 5105 1370 5164 Patere
1408 5107 1574 5178 igitur
1595 5132 1609 5150 ο
1647 5108 1740 5140 ²²⁰⁹
1771 5099 2579 5178 Ponamus'objectionesmu._
2601 5099 2748 5178 Gem.
2774 5101 2902 5156 Bec.
2947 5099 3082 5178 Vict.
3111 5113 3165 5178 et
3199 5101 3628 5178 Cister_.__po.nam
3683 5106 3878 5174 obje-

543 5171 752 5228 ctiones
825 5176 918 5208 ¹²¹⁰
944 5176 1264 5233 Authoritas
1285 5170 1721 5234 sacra'videatur
1746 5178 2022 5234 contraire
2048 5170 2176 5232 mss.
2208 5175 2506 5229 auctoritas
2531 5172 2800 5229 obsistere
2834 5187 2990 5226 sacra
3035 5173 3282 5228 videatur
3355 5171 3447 5203 ¹²¹¹
3487 5170 3650 5226 Licet
3704 5170 3879 5234 mihi

541 5255 669 5317 mss.
709 5240 856 5317 Gem.
889 5245 1010 5300 Bec.
1065 5246 1200 5302 Vict.
1243 5247 1368 5317 Joly
1396 5259 1443 5302 el
1483 5247 1541 5303 S.
1589 5247 1753 5302 Mich.
1801 5248 1959 5303 liceat
1989 5249 2122 5317 mihi
2165 5316 2168 5317 ν
2199 5245 2293 5277 ²²¹²
2334 5244 2482 5297 lllam
2514 5243 2802 5317 ostendere
2815 5259 2967 5317 __ms_s.
3004 5240 3153 5296 Gem.
3190 5241 3319 5298 Bec.
3349 5240 3496 5312 Joly,
3531 5242 3644 5317 duo
3705 5245 3880 5304 Vici.

543 5308 731 5387 Quae.
765 5312 908 5370 illam
934 5317 1229 5373 obtendere
1306 5308 1401 5350 ’ῖιδ
1427 5317 1650 5375 Uterum
1685 5319 1927 5374 mulieris
1952 5335 2050 5372 ms.
2080 5316 2208 5387 Jolg
2246 5313 2713 5387 uterumvirginis
2785 5312 2881 5387 “"f
2904 5314 3014 5387 Deo
3043 5323 3226 5387 nostro
3258 5327 3364 5367 non
3389 5308 3522 5387 pass.
3567 5313 3696 5387 Deo
3742 5334 3881 5373 non

543 5379 1268 5458 “"‘Mortemqueisubiisse
1306 5404 1431 5442 mss.
1488 5398 1828 5458 mortemque
1897 5379 2220 5442 sustinuisse
2267 5385 2385 5458 ξιξ
2423 5379 2777 5458 Altitu'dinem
2811 5383 3204 5458 misericordi-.2
3242 5399 3340 5437 ms.
3369 5382 3493 5452 .Ioly
3523 5386 3712 5458 omit.“
3735 5390 3876 5444 mi-

545 5449 1018 5529 sericordiaami’"
1055 5457 1120 5511 Ut
1141 5469 1351 5529 quanto
1383 5475 1481 5514 nos
1511 5476 1634 5514 mss.
1663 5449 1789 5529 quia
1816 5469 2022 5529 quanto
2048 5473 2164 5529 pos
2211 5456 2330 5529 _”‘8
2353 5454 2482 5529 Quae
2509 5454 2918 5529 perdideramus
2944 5471 3043 5529 ms.
3069 5451 3195 5522 Jolg
3237 5469 3332 5529 per
3369 5449 3488 5529 qua}
3531 5454 3841 5529 deciderit
3865 5490 3886 5499 ι

543 5535 668 5575 nius
740 5522 833 5553 ²²¹⁹
860 5522 951 5579 Sic
977 5542 1116 5580 vera:
1134 5522 1354 5594 iustitia:
1376 5539 1430 5583 et
1456 5530 1647 5584 salutis
1669 5522 1858 5585 auctor
1880 5545 2006 5582 mss.
2031 5527 2179 5583 Gem.
2204 5525 2330 5580 Bec.
2375 5522 2656 5593 ViclfJoly
2679 5536 2726 5577 et
2752 5523 2940 5594 Cister.
2973 5524 3053 5577 sic
3081 5523 3522 5594 llUS_l_l‘:lel§lili_(B
3547 5532 3601 5576 ct
3622 5527 3887 5594 salutis

543 5600 736 5670 fluctor
803 5595 900 5672 _“_f°
925 5596 1095 5672 Quem
1128 5591 1364 5672 suasit...
1395 5601 1473 5672 ita
1494 5615 1618 5672 mss.
1651 5616 1811 5670 quem
1843 5599 2179 5672 persuasit...
2205 5598 2349 5652 omit.
2377 5597 2447 5651 ita
2503 5591 2979 5672 ""“lnelfaibilem
3009 5611 3134 5649 mss.
3174 5591 3308 5647 Vict.
3336 5591 3400 5646 P.
3431 5592 3517 5647 l9.
3546 5606 3592 5648 et
3627 5592 3775 5653 RR.
3814 5600 3885 5656 3.

541 5659 965 5720 iuenarrabileni
996 5665 1113 5720 .
1147 5669 1230 5722 l5.
1264 5670 1645 5746 venerabilem.
1669 5659 1683 5670 ’
1843 5659 1860 5672 ’
2503 5664 2521 5676 ’
2554 5688 2556 5690 '
2702 5695 2706 5697 ’
