4050 6294
196 332 293 387 365

813 438 1045 499 CAPUT
1077 442 1161 499 IV.

195 579 337 645 Quod
380 578 464 633 lue
499 579 862 645 responsiones
904 578 1181 631 videantur
1207 578 1503 644 inﬁdelibus
1542 580 1653 634 sine
1684 595 1773 634 ne-

470 649 730 713 cessitate,
752 658 798 701 et
822 649 975 717 quasi
994 649 1232 717 quwdam
1250 649 1490 717 picturw.

255 774 380 830 Bos.
406 775 603 831 Omnia
632 777 746 831 luec
769 778 995 847 pulchra
1020 789 1076 832 et
1097 777 1250 847 quasi
1280 777 1526 848 quaedam
1549 774 1772 848 pictura:

193 868 531 936 suscipienda
564 878 692 923 sunt
722 888 733 923 :
767 870 860 925 sed
886 870 930 924 si
961 886 1063 923 non
1099 870 1169 925 sit
1192 870 1395 939 aliquid
1416 870 1647 925 solidum
1679 886 1769 925 su-

194 975 278 1029 pcr
298 960 444 1028 quod
474 961 719 1025 sedeant,
752 955 858 1015 non
898 962 1151 1015 videntur
1180 960 1486 1015 inﬁdelibus
1525 959 1772 1015 sulIicere

192 1068 278 1105 cur
297 1052 469 1105 Deum
496 1067 581 1116 ea,
609 1067 729 1122 qum
754 1052 1006 1116 dicimus,
1035 1051 1146 1122 pati
1175 1051 1409 1106 voluisse
1429 1051 1653 1105 credere
1679 1050 1770 1104 de—

193 1146 423 1199 beamus.
462 1144 595 1199 Nam
635 1145 727 1215 qui
759 1145 1029 1215 picturam
1062 1144 1174 1198 vult
1210 1143 1413 1209 facere,
1446 1143 1649 1213 aliquid
1678 1144 1769 1199 eli-

192 1238 259 1306 git
282 1237 517 1291 solidum
548 1253 710 1308 super
736 1237 880 1308 quod
912 1238 1094 1308 pingat
1126 1246 1185 1291 ιιι
1217 1245 1431 1290 maneat
1472 1236 1614 1307 quod
1648 1238 1770 1308 pin-

190 1330 274 1400 git.
305 1330 481 1385 Nemo
508 1330 652 1384 enim
685 1330 859 1400 pingit
889 1330 942 1384 in
973 1346 1110 1401 aqua
1142 1329 1222 1383 vel
1259 1330 1313 1384 in
1341 1344 1496 1395 aere;
1529 1330 1654 1399 quia
1691 1330 1766 1386 ibi

190 1422 323 1477 nulla
352 1431 581 1477 manent
605 1422 827 1492 picturae
862 1423 1114 1493 vestigia.
1147 1422 1489 1493 Quapropter
1518 1437 1641 1478 cum
1668 1421 1769 1479 has

191 1514 605 1579 convenientias,
638 1529 774 1584 quas
803 1513 964 1578 dicis,
994 1513 1298 1569 inﬁdelibus
1320 1515 1472 1583 quasi
1503 1514 1765 1584 quasdam

193 1602 421 1671 picturas
469 1602 545 1657 rei
587 1612 753 1673 gestae
794 1603 1171 1669 obtendimns,
1201 1606 1457 1673 quoniam
1497 1619 1603 1658 non
1650 1620 1765 1663 rem

191 1701 411 1762 gestam,
443 1693 543 1748 sed
568 1692 881 1764 ﬁgmentum
906 1694 1243 1750 arbitrantur
1264 1709 1383 1750 esse
1413 1693 1553 1764 quod
1588 1695 1775 1750 credi--

1331 326 1469 388 Clin
1513 328 1688 387 DEUS
1729 328 1941 390 HOMO.
1976 362 2043 373 ——
2073 330 2200 389 LIB.
2242 331 2281 387 Ι.

3351 338 3456 395 366

2490 443 2716 502 CAPUT
2756 443 2839 501 Vl.

1882 555 2126 620 Qualiter
2152 559 2529 628 reprehendant
2563 559 2800 628 inﬁdeles
2842 560 2982 629 quod
3026 561 3248 617 dicimus
3291 562 3454 621 Detms

1952 636 2117 680 morte
2167 644 2266 681 sua
2309 644 2401 682 nos
2433 630 2728 695 redemisse,
2753 640 2802 684 et
2831 631 2906 683 sic
2942 630 3267 686 dilectionem
3308 651 3456 689 suum

1949 710 2073 771 erga
2105 713 2197 771 nos
2226 699 2534 764 ostendisse,
2557 709 2605 752 et
2638 716 2733 769 pro
2766 700 2915 754 nobis
2949 717 3249 771 expugnare
3276 705 3453 758 diabo—

1944 765 2053 818 lum
2083 768 2298 822 venisse.

1942 876 2065 931 Bos.
2101 876 2212 932 lloc
2238 887 2323 932 est
2346 879 2488 948 quod
2512 876 2665 934 valde
2694 876 2987 947 mirantur,
3020 881 3146 951 quia
3176 882 3455 938 liberatio-

1874 982 1997 1022 nem
2028 966 2167 1023 banc
2205 968 2633 1039 redemptionem
2662 982 2938 1026 vocamus.
2974 971 3031 1026 In
3068 986 3174 1042 qua
3223 989 3458 1045 namque

1874 1058 1987 1122 "3’,
2023 1057 2174 1112 aiunt
2214 1058 2390 1123 nobis,
2421 1059 2690 1129 captione,
2733 1068 2828 1114 aut
2871 1062 2924 1115 in
2951 1076 3058 1131 quo
3088 1078 3329 1127 carcere,
3360 1075 3457 1119 aut

1874 1148 1925 1213 in
1962 1148 2118 1218 cujus
2157 1157 2426 1219 potestate
2464 1149 2816 1216 tenebamini,
2859 1152 2998 1206 unde
3038 1168 3133 1209 vos
3174 1154 3316 1209 Deus
3346 1171 3453 1210 non

1872 1240 2044 1310 potuit
2074 1238 2305 1293 liberare
2332 1238 2433 1293 nisi
2476 1254 2569 1292 vos
2610 1248 2685 1294 tot
2711 1240 2987 1295 laboribus
3016 1250 3069 1295 et
3097 1242 3165 1297 ad
3204 1243 3455 1299 uitiatum

1872 1345 1969 1384 suo
1994 1330 2256 1399 sanguine
2285 1329 2611 1385 redimeret?
2651 1329 2857 1396 Quibus
2886 1346 3010 1386 cum
3042 1332 3273 1389 dicimus
3305 1350 3320 1388 :
3352 1336 3459 1391 Ite-

1871 1418 2037 1483 demit
2068 1432 2165 1473 nos
2208 1432 2237 1471 a
2283 1418 2541 1487 peccatis,
2572 1426 2627 1473 et
2657 1419 2725 1473 ab
2763 1420 2841 1473 ira
2881 1435 3002 1487 sua,
3039 1430 3094 1476 et
3121 1423 3188 1477 de
3216 1422 3433 1479 inferno

1869 1518 1924 1564 et
1950 1509 2015 1564 de
2040 1518 2304 1580 potestate
2331 1509 2566 1577 diaboli,
2597 1525 2758 1580 quem
2803 1512 2928 1582 quia
2960 1527 3060 1568 nos
3097 1528 3204 1570 non
3237 1524 3459 1585 potera-

1870 1614 2011 1664 mus,
2056 1598 2170 1667 ipse
2208 1613 2305 1668 pro
2348 1599 2504 1655 nobis
2548 1600 2700 1655 venit
2743 1615 3077 1673 expugnare,
3126 1612 3182 1659 et
3230 1605 3460 1660 redemit

1870 1690 2026 1745 nobis
2063 1705 2288 1761 regnum
2329 1691 2593 1746 caelorum
2640 1709 2655 1748 :
2705 1701 2762 1747 et
2798 1694 2925 1762 quia
2962 1693 3079 1749 hac
3119 1693 3302 1750 omnia
3350 1694 3458 1752 hoc

192 1799 320 1848 ntus,
363 1784 524 1852 quasi
568 1799 734 1852 super
778 1785 975 1840 nubem
1023 1784 1244 1855 pingere
1283 1800 1383 1843 nos
1429 1786 1763 1843 existimant.
1799 1799 1842 1855 Β
1870 1780 2029 1835 πηοᾶο
2058 1778 2190 1835 feeit
2219 1780 2338 1845 "”.
2363 1780 2602 1836 OSlendil
2630 1790 2892 1852 quantum
2915 1799 3016 1839 nos
3045 1783 3313 1852 diligeret.
3345 1784 3454 1841 Rc-

193 1873 532 1928 )lunstranda
560 1883 645 1929 est
673 1890 801 1946 ergo
843 1876 994 1946 prius
1026 1876 1270 1932 veritatis
1302 1875 1638 1931 rationabilis
1677 1892 1766 1932 so-

192 1965 363 2021 liditas
400 1967 523 2032 “",
572 1968 620 2020 id
650 1976 737 2022 est
772 1969 1067 2023 necessitas
1095 1983 1216 2037 qua:
1249 1969 1443 2039 probet
1472 1968 1567 1998 ²”³
1595 1968 1771 2023 Deum

192 2057 358 2123 adea,
405 2073 530 2128 qum
571 2058 951 2129 prmdicamus,
988 2059 1242 2115 debuisse
1272 2068 1369 2115 aut
1403 2060 1643 2129 potuisse
1671 2060 1765 2095 "“

191 2148 484 2205 humiliari.
522 2150 744 2217 Deinde,
793 2160 851 2204 ut
889 2150 1064 2221 ipsum
1097 2152 1250 2221 quasi
1286 2166 1486 2223 corpus
1518 2154 1765 2210 veritatis

189 2239 296 2307 plus
320 2241 501 2295 niteat
525 2242 639 2306 ¹²¹⁵,
658 2242 773 2297 ἰεῑτε
797 2244 1189 2298 convenientia:
1217 2243 1371 2313 quasi
1399 2244 1620 2315 pictum
1646 2260 1769 2303 cor-.

189 2333 322 2403 poris
354 2332 473 2403 76
500 2342 623 2386 sunt
652 2332 1003 2402 exponendas.
1032 2332 1162 2388 Aas.
1192 2331 1380 2388 Nonne
1407 2335 1542 2389 satis
1572 2348 1765 2390 neces-

188 2427 316 2480 saria
352 2427 503 2481 ratio
531 2426 744 2482 videtur
772 2442 869 2482 cur
896 2425 1038 2482 Deus
1060 2441 1146 2491 ea,
1169 2441 1290 2496 qua:
1310 2426 1561 2491 dicimus,
1590 2425 1768 2483 facere

187 2514 457 2581 debuerit;
486 2517 610 2586 quia
634 2532 805 2587 genus
834 2518 1153 2581 humanum,
1193 2525 1303 2571 tam
1338 2518 1545 2572 scilicet
1568 2519 1769 2587 pretio-

186 2620 293 2659 sum
322 2607 421 2637 ’³³⁸
448 2623 606 2676 opus,
632 2608 749 2677 ejus
775 2608 998 2662 omnino
1028 2608 1293 2678 perierat;
1324 2623 1425 2663 nec
1461 2608 1688 2663 decebat
1712 2619 1770 2664 ut

185 2697 315 2767 quod
349 2698 500 2751 Dens
530 2698 595 2752 de
638 2698 859 2753 homine
887 2706 1267 2768 proposuerat,
1302 2698 1520 2767 penitus
1552 2698 1770 2753 annihi-

185 2786 381 2842 laretur
408 2806 422 2842 :
462 2804 563 2843 nec
594 2789 736 2843 idem
766 2788 879 2856 ejus
907 2789 1240 2858 propositum
1272 2789 1337 2844 ad
1368 2788 1620 2844 effectum
1646 2789 1767 2846 duci

183 2888 409 2947 poterat,
456 2880 559 2934 nisi
607 2894 779 2951 genus
812 2880 1107 2934 quuanum
1144 2881 1213 2935 ab
1243 2880 1357 2951 ipso
1386 2880 1644 2937 Creatore
1669 2895 1768 2937 suo

182 2970 541 3026 liberaretur?

819 3063 1047 3120 CAPUT
1092 3064 1151 3119 V.

182 3203 329 3269 Quod
365 3204 656 3273 redemptio
698 3202 946 3278 Ιιοηιέηἱε⁸
966 3220 1067 3278 non
1098 3207 1265 3273 potuit
1311 3207 1429 3275 ﬁert
1461 3224 1553 3278 per
1604 3206 1766 3262 aliam

605 3291 761 3339 quam:
794 3291 885 3345 per
913 3274 1007 3329 Dei
1040 3274 1337 3345 personant.

246 3406 379 3463 Bos.
407 3404 533 3462 Haec
560 3407 675 3477 ipsa
696 3405 947 3463 liberatto
975 3409 1018 3463 si
1044 3423 1139 3479 per
1167 3406 1331 3463 aliam
1359 3422 1520 3478 quam
1552 3422 1651 3477 per
1673 3406 1765 3463 Dei

178 3511 475 3565 personam
515 3495 653 3566 (sive
699 3512 797 3566 per
842 3494 1121 3568 angelum,
1165 3498 1281 3553 sive
1328 3512 1424 3568 per
1468 3496 1766 3569 hominem)

179 3604 297 3643 esse
328 3588 475 3642 facta
509 3586 753 3657 quolibet
792 3588 953 3644 modo
995 3589 1293 3653 diceretur,
1336 3604 1493 3644 mens
1533 3590 1768 3645 humana

179 3682 269 3712 ’⁸⁸⁷
323 3682 434 3737 hoc
480 3680 650 3735 multo
701 3679 1036 3736 tolerabilius
1076 3682 1367 3753 acciperet.
1410 3680 1593 3737 Potuit
1625 3683 1771 3738 enim

181 3773 322 3828 Deus
345 3774 628 3829 hominem
658 3774 889 3843 aliquem
919 3773 1099 3829 facere
1138 3776 1256 3829 sine
1285 3784 1530 3846 peccato,
1564 3789 1669 3829 non
1705 3775 1774 3830 de

180 3882 358 3921 massa
413 3867 741 3936 peecatricc,
783 3882 881 3921 nec
913 3866 979 3920 de
1026 3866 1208 3936 aliquo
1254 3867 1474 3920 homine
1504 3866 1630 3932 ¹”⁸,
1680 3866 1772 3921 sed

177 3956 320 4009 sicut
358 3955 492 4010 fecit
521 3954 692 4009 Adam
725 3956 819 3987 ²”⁹
847 3971 944 4025 per
966 3969 1129 4025 quem
1163 3955 1263 4009 hoc
1292 3955 1464 4024 ipsum
1494 3968 1628 4023 opus
1657 3953 1773 4007 ﬁeri

175 4050 428 4117 potuisse
468 4047 702 4102 videtur.
742 4049 873 4103 ANS.
912 4049 993 4102 An
1044 4063 1149 4101 non
1191 4044 1447 4117 intelligis
1477 4047 1601 4116 quia
1630 4061 1777 4116 qna:-

175 4154 404 4209 cunque
462 4137 569 4193 alia
622 4154 849 4208 persona
912 4138 1188 4195 hominem
1254 4155 1284 4192 a
1345 4148 1521 4192 morte
1571 4146 1773 4193 aeterna

177 4230 505 4292 redimeret,
543 4227 660 4297 cjus
696 4243 883 4283 servus
924 4230 1062 4283 idem
1112 4230 1275 4283 homo
1320 4239 1467 4284 recte
1504 4225 1777 4296 judicare-

175 4321 301 4374 tur?
333 4319 497 4387 Quod
538 4321 584 4374 si
614 4330 779 4386 esset,
826 4318 1132 4375 nullatenus
1162 4329 1500 4376 restauratus
1536 4331 1681 4375 esset
1722 4321 1776 4376 in

176 4415 329 4469 illam
362 4411 686 4484 dignitatem
716 4428 879 4481 quam
913 4412 1196 4467 habiturus
1227 4421 1369 4478 erat,
1411 4409 1456 4467 si
1501 4427 1608 4467 non
1650 4428 1775 4483 pec-

1866 1872 2134 1941 spondent
2176 1888 2190 1925 :
2237 1871 2294 1927 Si
2326 1871 2505 1927 dicitis
2550 1873 2678 1943 quia
2708 1874 2851 1930 Deus
2897 1874 3014 1931 haec
3055 1876 3236 1930 omnia
3268 1876 3458 1933 facere

1867 1979 1972 2019 non
2000 1965 2174 2035 potuit
2202 1963 2317 2020 solo
2356 1962 2534 2032 jussu,
2560 1979 2722 2031 quem
2749 1976 2944 2022 cuneta
2967 1965 3211 2034 iubendo
3236 1983 3456 2025 creasse

1868 2054 2067 2121 dicitis,
2098 2055 2407 2127 repugnatis
2451 2056 2887 2128 vobismetipsis,
2933 2060 3057 2128 quia
3092 2056 3452 2129 impotentem

1867 2146 2015 2202 illum
2058 2146 2253 2203 facitis.
2302 2150 2408 2203 Aut
2448 2149 2492 2205 si
2525 2149 2769 2205 fatemini
2816 2150 2942 2220 quia
2987 2150 3316 2220 potuit,~sed
3347 2167 3454 2207 non

1867 2237 2036 2292 voluit
2078 2239 2172 2270 ’⁸³⁸
2218 2239 2321 2294 nisi
2355 2240 2458 2295 hoc
2489 2240 2650 2296 modo
2689 2240 2805 2308 ωδ,
2844 2242 3118 2311 quomodo
3150 2244 3455 2313 sapientem

1868 2328 2017 2384 illum
2047 2330 2334 2386 ostendere
2370 2332 2596 2401 potestis
2625 2333 2719 2364 ’⁸³⁸
2743 2348 2905 2403 quem
2933 2333 3052 2389 sine
3094 2333 3201 2388 ulla
3244 2334 3456 2389 ratione

1868 2429 1976 2477 tam
2006 2423 2309 2479 indecentia
2340 2424 2477 2479 velle
2503 2424 2611 2495 pati
2638 2425 2917 2481 asseritis?
2936 2424 3133 2481 Omnia
3163 2424 3310 2480 enim
3340 2426 3457 2480 haec.

1867 2530 1988 2585 qua:
2032 2515 2327 2571 obtenditis
2374 2516 2427 2569 in
2479 2517 2597 2585 ejus
2638 2516 2919 2571 voluntate
2966 2518 3273 2573 consistunt
3310 2534 3325 2571 :
3375 2518 3456 2572 ira

1868 2619 2102 2674 namque
2128 2605 2219 2659 Dei
2249 2620 2356 2659 non
2388 2614 2473 2660 est
2504 2605 2648 2659 aliud
2690 2620 2853 2675 quam
2886 2605 3139 2662 voluntas
3176 2608 3453 2677 puniendi.

1869 2692 1925 2749 Si
1953 2709 2082 2763 ergo
2108 2708 2213 2748 non
2242 2694 2356 2748 vult
2386 2694 2579 2764 punire
2615 2704 2842 2765 peccata
2873 2695 3174 2759 hominum,
3205 2695 3344 2752 liber
3370 2706 3456 2752 est

1868 2787 2030 2842 homo
2055 2802 2086 2840 a
2117 2787 2375 2855 peccatis,
2401 2795 2457 2842 et
2488 2788 2557 2842 ab
2594 2787 2672 2842 ira
2709 2787 2824 2853 Dei,
2862 2795 2919 2843 et
2946 2789 3015 2843 ab
3060 2787 3298 2853 inferno,
3332 2797 3389 2844 et
3424 2805 3454 2841 a

1868 2887 2132 2949 potestate
2160 2878 2377 2942 diaboli,
2421 2894 2544 2950 qua:
2588 2879 2769 2934 omnia
2807 2888 3028 2950 propter
3058 2888 3282 2950 peccata
3313 2881 3455 2949 pati-

1870 2978 1980 3035 tur,
2009 2979 2064 3025 et
2096 2970 2287 3041 recipit
2311 2985 2375 3026 ea
2399 2971 2599 3041 quibus
2624 2979 2845 3041 propter
2866 2972 3058 3027 eadem
3090 2982 3314 3044 peccata
3343 2973 3454 3039 pri-

1868 3071 2044 3117 vatur.
2076 3061 2209 3117 Nam
2240 3062 2292 3117 in
2322 3062 2474 3132 cujus
2504 3071 2767 3132 potestate
2790 3072 2887 3119 est
2920 3063 3187 3130 infernus,
3218 3075 3313 3120 aut
3342 3065 3457 3120 dia.

1795 3163 1837 3220 ο
1871 3155 2047 3221 holus,
2070 3165 2159 3211 aut
2193 3154 2347 3224 cujus
2371 3165 2455 3211 est
2494 3171 2718 3227 regnum
2747 3156 3035 3221 caelorum,
3065 3158 3170 3213 nisi
3209 3158 3327 3229 ejus
3365 3159 3458 3228 qui

1869 3247 1999 3304 fecit
2027 3248 2248 3303 omnia?
2274 3247 2841 3318 Qumcunqueitaque
2883 3250 3083 3305 timetis
3120 3259 3213 3304 aut
3247 3250 3456 3305 deside—

1872 3340 2027 3404 ratis,
2079 3338 2196 3407 ejus
2241 3339 2507 3394 voluntati
2554 3338 2839 3407 subjacent
2884 3341 2969 3395 cui
3017 3340 3152 3395 nihil
3197 3340 3458 3396 resistere

1875 3438 2073 3501 potest.
2098 3427 2442 3498 Quapropter
2462 3429 2508 3483 si
2532 3429 2829 3484 humanum
2852 3444 3022 3500 genus
3034 3430 3248 3486 salvare
3264 3429 3457 3493 noluit,

1874 3521 1976 3576 nisi
2004 3535 2069 3575 eo
2098 3533 2206 3590 quo
2228 3517 2413 3575 dicitis
2441 3521 2600 3575 modo
2623 3520 2713 3553 ’⁸³⁷
2738 3560 2753 3586 ,
2780 3535 2903 3576 cum
2934 3520 3048 3577 sola
3072 3520 3349 3576 voluntate
3370 3536 3462 3592 po-

1875 3613 2075 3679 tuerit,
2104 3622 2164 3668 ut
2184 3613 2370 3668 mitius
2398 3612 2573 3668 dicam
2626 3612 2743 3677 ἠδ,
2797 3612 2975 3668 videte
3028 3614 3299 3683 quomodo
3345 3614 3463 3683 ejus

1873 3704 2151 3775 sapientiae
2228 3706 2558 3776 repugnatis.
2602 3704 2735 3759 Nam
2782 3704 2827 3760 si
2893 3705 3073 3766 homo,
3127 3705 3271 3775 quod
3305 3704 3463 3761 facile

1873 3804 2082 3865 posset,
2109 3795 2162 3850 id
2181 3811 2305 3851 eum
2336 3796 2485 3867 gravi
2509 3795 2695 3850 labore
2716 3794 2836 3850 sine
2863 3795 3075 3851 ratione
3103 3795 3331 3861 laceret,
3354 3810 3460 3850 non

1874 3885 2062 3954 utique
2090 3886 2307 3955 sapiens
2336 3886 2406 3941 ab
2440 3884 2548 3939 ullo
2568 3883 2927 3953 judicaretur.
2959 3885 3168 3955 Quippe
3200 3886 3344 3955 quod
3374 3887 3460 3941 di-

1875 3973 1999 4028 citis
2022 3975 2189 4028 Deum
2221 3973 2401 4028 taliter
2428 3974 2733 4028 ostendisse
2761 3982 3022 4042 quantum
3054 3989 3146 4027 vos
3186 3974 3459 4043 diligeret,

1876 4063 2019 4119 nulla
2043 4064 2251 4118 ratione
2285 4063 2614 4130 defenditur,
2647 4063 2693 4118 si
2722 4062 3031 4117 nullatenus
3054 4064 3330 4119 hominem
3356 4064 3460 4117 ali-

1878 4164 1960 4211 ter
1989 4154 2226 4225 potuisse
2258 4154 2469 4209 salvare
2500 4169 2607 4208 non
2647 4161 3003 4208 monstratur.
3051 4152 3185 4207 Nam
3226 4154 3272 4210 si
3303 4153 3463 4209 aliter

1879 4264 1985 4302 non
2032 4247 2316 4318 potuisset,
2365 4255 2491 4301 tunc
2535 4244 2763 4300 forsitan
2810 4261 3034 4302 necesse
3075 4256 3219 4302 esset
3256 4257 3313 4303 ut
3357 4248 3462 4303 hoc

1881 4341 2040 4393 modo
2066 4354 2218 4394 suam
2243 4337 2583 4392 dilectionem
2607 4335 2921 4393 ostenderet
2947 4354 2960 4391 :
2992 4353 3136 4393 nunc
3162 4353 3307 4403 vero,
3336 4355 3461 4394 cum

1880 4430 2041 4485 aliter
2083 4430 2254 4497 possit
2301 4429 2515 4501 salvare
2559 4428 2867 4505 hominem,
2913 4444 3033 4498 qua:
3071 4430 3207 4487 ratio
3250 4440 3333 4485 est
3381 4441 3463 4496 ut,

168 4514 363 4561 casset
396 4524 411 4559 :
444 4520 567 4559 cum
614 4507 749 4576 ipse,
776 4504 865 4573 qui
895 4506 1110 4559 nonnisi
1147 4504 1239 4559 Dei
1275 4520 1463 4560 servus
1495 4503 1588 4536 ²¹³⁰
1621 4514 1677 4560 et
1703 4520 1769 4560 a3-

1879 4532 2101 4594 pr0pter
2124 4522 2510 4577 ostendendam
2547 4503 2889 4576 dilectiOnem
2928 4537 3104 4590 suam,
3141 4538 3204 4577 ea
3238 4539 3358 4593 quae
3384 4525 3459 4579 di~

169 4597 357 4666 qualis
392 4596 600 4666 angelis
632 4597 791 4651 bonis
818 4612 916 4666 per
941 4597 1122 4651 omnia
1160 4592 1373 4651 futurus
1415 4607 1553 4662 erat,
1585 4613 1772 4653 servus

167 4699 320 4745 esset
351 4688 499 4758 ejus,
540 4689 632 4758 qui
668 4690 810 4744 Deus
859 4703 964 4743 non
1005 4696 1173 4755 esset,
1205 4696 1258 4744 et
1294 4687 1449 4759 cujus
1477 4689 1568 4720 ”³¹
1599 4689 1776 4760 angeli

170 4780 319 4835 servi
356 4793 472 4833 non
503 4788 712 4835 essent.

1839 4653 1849 4660 ο
1882 4616 2007 4671 citis
2037 4614 2197 4669 faciat
2219 4623 2273 4669 et
2302 4611 2602 4669 sustineat?
2624 4613 2705 4666 An
2738 4612 2881 4666 enim
2913 4628 3017 4666 non
3039 4614 3271 4668 ostendit
3303 4629 3460 4685 ange-

1884 4707 1952 4763 lis
1984 4706 2140 4761 bonis
2173 4713 2433 4776 quantum
2465 4718 2560 4759 eos
2588 4703 2793 4774 diligat,
2838 4719 2936 4773 pro
2964 4705 3161 4774 quibus
3200 4705 3324 4760 talia
3361 4722 3464 4759 non

1886 4796 2155 4853 sustinet?
2182 4795 2334 4863 Quod
2360 4810 2502 4857 vero
2536 4810 2659 4850 eum
2699 4794 2880 4850 dicitis
2905 4795 3119 4851 venisse
3159 4812 3463 4867 expugnare

1886 4903 1984 4960 pro
2020 4886 2174 4943 vobis
2222 4885 2515 4953 diabolum,
2565 4900 2673 4957 quo
2725 4900 2887 4942 sensu
2932 4886 3142 4942 audetis
3188 4887 3462 4957 proferre?

1452 4996 1682 5056 VARUS
1740 4996 2140 5056 LECTIONES.

237 5115 350 5149 ’ω
389 5110 648 5168 Veritatis
696 5110 1036 5168 rationabilis
1085 5110 1328 5169 soliditas
1372 5129 1495 5168 mss.
1583 5112 1711 5168 Vict.
1786 5123 1834 5167 et
1882 5112 2005 5182 July
2062 5111 2328 5182 veritatis
2378 5110 2621 5166 soliditas
2666 5108 2946 5182 rationalis
3014 5106 3113 5182 3’“
3162 5106 3293 5173 Quae
3336 5122 3464 5182 _pro-

163 5188 304 5240 bant
367 5201 501 5237 mss.
564 5199 685 5252 qua:
734 5184 924 5253 probet
997 5184 1091 5214 ’m
1158 5184 1411 5239 Debuisse
1463 5193 1556 5237 aut
1609 5183 1850 5252 potuisse
1903 5179 2002 5237 ms'.
2041 5181 2166 5251 Joly
2218 5181 2373 5253 omit.
2429 5191 2532 5253 aut
2574 5181 2817 5253 potuisse
2850 5252 2857 5253 ί
2891 5181 2985 5253 ’_'_"
3014 5179 3260 5253 Ipsum...
3295 5179 3467 5234 niteat

160 5276 267 5311 ms.
324 5254 465 5323 Joly
526 5248 794 5322 ipsce...I..
854 5255 1062 5308 niteant
1134 5255 1229 5286 ²²²⁶
1258 5252 1391 5307 Tam
1427 5248 1732 5323 preciosu_tit
1781 5270 1910 5307 mss.
1978 5262 2088 5323 tam
2133 5248 2353 5323 scilicet
2389 5248 2692 5323 precio'snm
2750 5252 2858 5323 _""l
2902 5250 3051 5323 Mens
3088 5249 3465 5323 lueehumana

158 5345 296 5381 mss.
368 5318 559 5378 0min;
596 5324 711 5378 hmo
784 5323 878 5357 ἠδ
932 5325 1007 5378 De
1048 5324 1156 5378 alio
1208 5318 1441 5378 homine
1476 5341 1600 5378 mss.
1672 5321 1803 5392 Vict.
1862 5324 1927 5377 de
1984 5322 2166 5392 aliquo
2216 5318 2433 5376 homine
2509 5321 2601 5352 ¹²²⁹
2638 5319 3003 5392 FecitUAdam
3035 5335 3151 5392 _ms.
3185 5318 3309 5392 Jolg
3338 5318 3467 5392 fecit

163 5400 324 5455 licus
384 5396 556 5464 Adam
634 5394 729 5425 ⁸³⁸⁰
778 5392 894 5448 Non
941 5393 1046 5448 nisi
1089 5396 1232 5464 Deus
1273 5409 1463 5448 servus
1502 5410 1629 5448 mss.
1687 5391 1820 5464 Vict.
1846 5394 2041 5464 etdoly
2063 5389 2167 5464 non
2198 5393 2314 5464 nisi,
2336 5392 2476 5445 Deus
2496 5406 2683 5464 servus
2756 5389 2942 5464 “ff_Et
2963 5389 3117 5464 cujus
3145 5389 3393 5464 ms_.Jo_ly
3412 5402 3467 5464 et

155 5471 253 5523 cui
348 5466 454 5497 ²²³²
486 5462 545 5518 In
573 5480 678 5533 qua
723 5479 956 5533 namque
986 5481 1086 5534 ms.
1118 5462 1243 5534 Joly
1274 5464 1325 5534 in
1357 5478 1465 5532 qua
1496 5474 1674 5518 autem
1705 5531 1720 5534 _
1759 5462 1854 5534 ’3”
1896 5458 2091 5519 Omnia
2124 5463 2271 5534 iecit,
2297 5463 2408 5534 hoc
2448 5462 2617 5534 modo
2644 5476 2771 5534 mss.
2810 5458 2939 5534 Vict.
2968 5460 3093 5534 Joly
3116 5470 3162 5534 et
3194 5458 3460 5534 Saliis/9.

157 5538 370 5616 enini}.
402 5534 504 5589 hoc
531 5528 691 5616 modo
747 5528 1053 5616 legit-“ft”
1078 5536 1175 5616 sed
1204 5528 1393 5616 noluit,
1428 5534 1532 5616 nisi
1558 5551 1655 5616 ms.
1687 5531 1812 5616 Jolg
1836 5543 1894 5616 et
1922 5550 2031 5616 non
2055 5533 2225 5589 voluit
2250 5531 2357 5616 _nisi
2384 5548 2511 5616 mss.
2727 5529 2965 5616 Sednon
2991 5531 3159 5584 voluit
3186 5530 3293 5616 nisi
3348 5532 3465 5616 "’3'

154 5608 284 5663 Nisi
322 5609 444 5662 hoc
469 5606 630 5658 modo
660 5622 757 5658 ms.
794 5604 851 5658 S.
880 5602 1046 5658 Mich.
1076 5605 1176 5658 nisi
1204 5604 1365 5658 modo
1440 5604 1534 5635 ¹¹⁸⁵
1563 5604 1713 5658 Illum
1746 5600 1928 5659 dicitis
1950 5604 2032 5659 vel
2072 5602 2360 5657 ostendere
2399 5601 2814 5671 poteritisimss.
2845 5600 2992 5671 illum
3025 5602 3253 5671 potestis
3280 5609 3465 5656 osten-

152 5682 307 5734 dere
339 5692 452 5730 ms.
503 5672 632 5727 Vict.
664 5676 750 5729 15.
784 5675 931 5743 illum
960 5676 1208 5743 poteritis
1232 5673 1519 5729 ostendere
1592 5673 1683 5705 ¹²³⁷
1718 5672 1829 5729 Nisi
1858 5690 1965 5743 quo
1994 5674 2181 5743 dicitis
2199 5671 2358 5727 modo
2380 5669 2503 5724 mss.
2535 5670 2596 5726 S.
2624 5670 2865 5743 Mich.et
2902 5669 3088 5726 Cister.
3112 5682 3161 5726 et
3199 5669 3330 5726 Vict.
3358 5672 3462 5726 nisi

153 5749 472 5819 quomodo
497 5744 681 5800 dicitis
755 5745 849 5778 ²²³⁸
880 5742 1169 5802 Voluntate
1190 5744 1428 5817 potuerit
1450 5754 1508 5801 ut
1535 5745 1714 5802 minus
1737 5742 1911 5803 dicam
1939 5762 2063 5801 mss.
2093 5742 2381 5815 Voluntate
2404 5742 2575 5811 potuit
2623 5751 2680 5798 ut
2698 5742 2880 5798 mitius
2903 5742 3125 5801 dicam-
