4050 6294
205 335 296 391 569

753 454 795 508 C
813 454 995 512 APUT
1050 460 1179 515 Vill.

203 581 460 646 Quantodo
494 583 614 638 licet
630 588 882 673 humilia,
917 609 1035 662 qnte
1055 595 1368 673 dicimusde
1409 604 1634 673 Christo,
1664 629 1766 668 non

260 666 548 738 pertineant
573 658 654 738 (td
678 658 1251 738 divinitatem,“tamen
1277 671 1376 703 ’⁸⁵⁸
1400 658 1768 738 inconditus}

262 723 492 775 videntur
523 726 818 804 inﬁdelibus
849 747 913 804 eu
936 723 1117 804 de'illo
1143 737 1248 790 dici
1271 723 1765 804 secttitdvttm'h'oiit'i:

197 813 203 818 -
261 807 410 844 nem:
443 803 490 844 ct
535 797 671 848 unde
722 798 825 850 illis
869 802 1105 856 videntur
1136 806 1228 838 ²²⁸⁷
1259 810 1395 864 idem
1453 797 1765 875 homan

261 873 435 929 Sponte
456 873 627 916 morlu
637 882 696 919 us
721 882 851 922 esse.

260 995 380 1048 Axs.
414 995 676 1054 Sulliecre
707 1003 862 1058 ttobis
906 1005 1064 1062 debet
1103 1010 1170 1065 ad
1199 1015 1466 1073 rationem
1517 1020 1768 1079 voluntas

203 1085 300 1148 Dei,
340 1102 466 1140 cum
491 1089 691 1165 aliquid
721 1091 868 1160 facit,
913 1095 1039 1152 licet
1079 1115 1185 1154 non
1228 1104 1510 1164 videamus
1557 1124 1656 1165 cur
1693 1114 1766 1168 ita

200 1176 423 1250 velim“
455 1195 470 1234 :
509 1179 760 1237 Voluntas
809 1200 1045 1257 namque
1069 1190 1163 1246 Dei
1195 1210 1471 1265 nunquam
1524 1210 1609 1256 est
1632 1202 1766 1257 irra-

201 1266 477 1324 tionabilis.
511 1269 636 1326 Bos.
678 1273 875 1328 Verum
908 1288 1012 1344 est,
1047 1281 1089 1334 si
1123 1293 1338 1339 constat
1360 1286 1526 1342 Deum
1557 1290 1608 1346 id
1630 1293 1764 1348 velle

200 1358 320 1412 mule
357 1360 546 1428 agitur
578 1380 590 1413 :
643 1378 979 1435 nequaquam
1010 1373 1152 1426 enim
1205 1377 1566 1446 acquieseunt
1601 1384 1761 1440 multi

198 1449 342 1506 Dcmn
389 1455 596 1524 aliquid
647 1459 800 1524 velle,
852 1461 897 1514 si
931 1461 1126 1518 rationi
1188 1481 1490 1538 repugnare
1553 1472 1766 1529 videtur

197 1543 444 1600 "".A:~'s.
469 1547 605 1614 Quid
650 1551 744 1603 tibi
777 1551 990 1605 videtur
1013 1570 1318 1626 repugnare
1369 1562 1588 1630 rationi,
1639 1579 1760 1620 cum

197 1636 344 1691 Deum
399 1655 468 1694 ea
510 1643 744 1698 voluisse
789 1644 1025 1702 fatemur
1071 1665 1190 1718 quae
1233 1653 1302 1707 de
1341 1655 1458 1725 ejus
1509 1658 1760 1714 incarna-

197 1727 322 1783 tione
339 1732 648 1786 credimus.
676 1732 802 1790 Bos.
832 1734 1155 1801 Utbreviter
1175 1742 1350 1798 dicant
1380 1759 1395 1798 :
1422 1745 1758 1805 Altissitnunt

1323 355 1461 414 (Συῆ
1501 361 1679 422 DEUS
1718 367 1934 429 HOMO.
1962 406 2032 416 —-
2060 374 2187 434 LIB.
2232 378 2276 434 Ι.

1799 485 1844 540 Α
1871 483 1989 552 ejus
2013 497 2176 559 atque
2197 490 2506 559 justitiam?
2534 493 2662 551 Axs.
2694 495 2836 552 Deus
2865 496 3029 554 Pater
3058 514 3164 556 non
3191 507 3450 572 quemado

3347 393 3454 449 570

1875 579 2091 634 modum
2124 582 2325 638 videris
2346 584 2664 656 intelligere,
2691 588 2962 645 hominem
2995 591 3140 647 illum
3175 593 3451 665 tractavit:

1873 677 1968 722 aut
2018 670 2360 728 innocentem
2391 689 2488 744 pro
2539 687 2770 733 nocente
2820 681 2983 736 morti
3034 685 3274 740 tradidit.
3333 687 3452 744 Non

1872 759 2016 814 enim
2039 776 2161 816 eum
2191 763 2418 820 invitum
2445 766 2514 821 ad
2555 777 2784 824 mortem
2816 770 2904 827 ille
2926 775 3122 844 coegit,
3155 785 3248 831 aut
3277 781 3454 835 occidi

1872 851 2154 919 permisit;
2205 856 2298 909 sed
2347 855 2491 912 idem
2541 857 2656 928 ipse
2691 859 2885 930 sponte
2933 879 3030 919 sua
3079 867 3174 899 "“
3218 879 3448 926 mortem

1871 944 2151 1011 sustinuit,
2182 955 2241 1001 ut
2266 949 2516 1005 homines
2564 952 2820 1010 salvaret.
2862 955 2990 1012 Bos.
3056 958 3284 1016 Etiamsi
3340 978 3450 1017 non

1871 1031 2118 1099 invitum,
2144 1037 2406 1106 quoniam
2462 1039 2726 1096 voluntati
2779 1044 2958 1101 Patris
3009 1044 3284 1106 consensit
3333 1052 3450 1119 "‘7,

1859 1124 2263 1192 quodammodo
2284 1135 2458 1183 tamen
2483 1129 2629 1184 illum
2648 1133 2886 1202 coegisse
2902 1135 3116 1191 videtur
3137 1141 3450 1210 pratcipicn-

1857 1213 1958 1268 .do.
1985 1215 2190 1269 Dicitur
2233 1219 2376 1272 enim
2405 1220 2531 1288 quia
2576 1219 2828 1278 Christus
2871 1225 3164 1282 humiliavit
3207 1234 3444 1301 semetip-

1857 1319 1982 1359 sum
2007 1344 2022 1370 ,
2047 1306 2216 1376 factus
2247 1308 2488 1364 obediens
2537 1311 2873 1384 Patri‘usque
2896 1318 2967 1370 nd
3016 1329 3255 1385 mortem,
3314 1340 3449 1377 mor-

1857 1403 1967 1448 tem
1979 1407 2152 1450 autem
2167 1399 2359 1453 crucis.
2375 1396 2600 1469 Propter
2622 1403 2762 1471 quod
2789 1415 2836 1459 et
2873 1406 3015 1460 Deus
3039 1408 3189 1462 illum
3203 1412 3448 1468 exultavit

1867 1483 2165 1554 (l’hilip.u,
2202 1487 2256 1557 8)
2275 1505 2290 1553 ;
2309 1498 2363 1544 et
2385 1488 2512 1560 quia
2543 1493 2726 1546 didicit
2763 1493 3107 1552 obedientiam
3137 1516 3202 1553 ea:
3223 1501 3302 1555 his
3332 1519 3450 1572 qua:

1864 1591 2049 1644 passus
2070 1586 2143 1630 est
2201 1577 2387 1645 (Hebr.
2410 1595 2462 1646 v,
2481 1580 2534 1652 8)
2553 1589 2636 1647 ,et
2651 1583 2778 1652 quia
2805 1586 3017 1654 proprio
3044 1586 3189 1643 Filio
3223 1607 3319 1646 suo
3348 1610 3450 1648 non

1863 1667 2086 1736 pepercit
2099 1666 2280 1734 Pater,
2303 1670 2393 1724 sed
2416 1688 2510 1741 pro
2533 1673 2678 1728 nobis
2691 1675 2931 1729 omnibus
2960 1677 3286 1732 tradidit'm
3299 1682 3450 1737 illum

1864 1757 2045 1830 (Rom.
2071 1775 2190 1827 Vttt,
2210 1761 2323 1831 52).
2353 1761 2420 1816 Et
2445 1763 2586 1818 idem
2610 1764 2777 1820 Filius
2799 1766 2930 1823 dicit
2953 1786 2967 1822 :
2989 1768 3112 1823 Non
3129 1772 3245 1825 veni
3267 1773 3450 1828 volun-

194 1822 248 1874 ad
271 1832 368 1876 tam
413 1823 638 1878 humilia
665 1827 937 1895 inclinari,
961 1832 1385 1902 omnipotentem
1443 1839 1648 1911 aliquid
1676 1842 1756 1895 fa-
1785 1851 1830 1912 Β
1859 1822 2019 1904 tatem
2044 1867 2210 1905 meam
2241 1852 2436 1920 facere,
2465 1855 2554 1908 sed
2583 1855 2902 1912 voluntatem
2947 1859 3060 1928 ejus
3090 1863 3179 1931 qui
3200 1864 3344 1918 misit
3369 1881 3448 1920 me

194 1928 300 1967 cere
319 1930 442 1968 cum
471 1924 622 1969 tanto
650 1916 853 1974 labore.
879 1921 1006 1977 Axs.
1033 1922 1134 1990 Qui
1185 1927 1286 1982 hoc
1313 1929 1500 1984 dicunt
1524 1947 1628 1986 non
1677 1933 1760 1988 itt-

196 2005 418 2074 telligunt
471 2008 614 2076 quod
671 2011 963 2067 credimus.
1023 2014 1270 2070 Divinam
1320 2020 1466 2074 enim
1503 2031 1754 2079 naturam

193 2095 371 2165 absque
399 2097 567 2154 dubio
597 2087 1325 2174 asserimnsimpassibilem,
1359 2125 1458 2165 nec
1487 2111 1761 2170 ullatenus

193 2203 326 2256 posse
356 2205 386 2242 a
433 2207 532 2244 sua
567 2192 887 2250 celsitudine
929 2195 1239 2266 humiliari,
1294 2215 1393 2255 nec
1425 2202 1478 2256 in
1509 2218 1576 2260 eo
1611 2206 1756 2274 quod

188 2279 503 2348 vulsiacere,
551 2283 754 2340 labore.
781 2285 886 2342 Sed
930 2287 1216 2344 Dominum
1260 2288 1444 2348 Jesum
1479 2295 1756 2354 Christum

188 2372 400 2430 dicimus
441 2375 610 2430 Deum
653 2393 866 2444 verum,
903 2387 957 2433 ct
991 2395 1178 2436 verum
1228 2383 1531 2452 hominem;
1590 2403 1752 2443 unam

191 2478 458 2534 personam
510 2468 562 2521 in
602 2469 811 2524 duabus
860 2474 1090 2537 naturis,
1137 2483 1192 2528 et
1243 2475 1378 2531 duas
1437 2487 1660 2534 naturas
1703 2481 1756 2534 in

191 2571 277 2608 una
306 2571 559 2626 persona.
585 2558 946 2629 Quapropter,
973 2577 1096 2616 cum
1151 2564 1382 2621 dicimus
1432 2567 1602 2623 Deum
1654 2569 1754 2624 ali-

193 2646 301 2710 quid
327 2647 532 2701 humile
589 2658 681 2702 aut
730 2649 1004 2704 inlirmum
1041 2653 1176 2722 pati,
1210 2670 1321 2708 non
1369 2656 1471 2711 hoc
1507 2657 1758 2730 intelligi-

191 2751 299 2790 mus
327 2737 628 2793 secundum
681 2740 1067 2797 sublimitatem
1113 2744 1459 2814 impassibilis
1510 2758 1750 2816 natura}:

187 2825 267 2879 sed
312 2830 613 2884 secundum
671 2831 1042 2888 inﬁrmitatem
1113 2836 1363 2893 humanae
1432 2841 1754 2899 substantia:

185 2934 326 2986 quam
351 2922 610 2988 gerebat;
644 2932 702 2978 et
733 2923 1161 2983 sicnostraeiizlei
1188 2931 1331 2985 nulla
1366 2933 1504 2988 ratio
1527 2935 1752 2992 obviare

184 3012 538 3076 cognoscitur.
574 3012 666 3070 Sic
687 3015 831 3070 enim
860 3017 1060 3072 nullant
1087 3020 1282 3076 divinae
1332 3023 1656 3080 substantize
1677 3030 1752 3082 si-

180 3097 486 3166 gniﬁcamus
519 3101 1026 3171 homilitatem;sed
1072 3123 1234 3163 unam
1269 3111 1362 3166 Dei
1417 3121 1473 3168 et
1516 3114 1750 3172 hominis

182 3200 534 3248 monstramus
565 3208 686 3249 csse
710 3209 1020 3264 personam.
1062 3198 1179 3254 Non
1207 3215 1336 3272 ergo
1381 3204 1435 3258 in
1488 3205 1746 3263 incarna-
1783 3201 1828 3264 C

182 3279 313 3336 tione
334 3283 428 3313 ¹²⁶⁶
459 3282 549 3337 Dei
579 3284 857 3343 humilitas
890 3289 1005 3358 ejus
1045 3291 1149 3346 ulla
1198 3296 1517 3368 intelligitur
1571 3299 1744 3369 facta;

181 3374 264 3426 sed
289 3385 482 3430 natura
507 3377 744 3434 hominis
792 3383 1036 3439 creditur
1077 3387 1333 3442 exaltata.
1367 3387 1496 3443 Bos.
1531 3389 1608 3445 Ita
1630 3392 1696 3446 sit
1731 3410 1744 3446 :

181 3463 300 3519 nihil
325 3467 627 3539 imputetur
655 3471 850 3527 divinae
874 3485 1078 3530 natura:
1119 3478 1262 3546 quod
1313 3480 1614 3536 secundum
1668 3482 1752 3536 in-

179 3555 478 3614 ﬁrmitatem
511 3561 746 3619 hominis
771 3565 838 3620 de
857 3567 1070 3624 Christo
1099 3570 1329 3637 dicitur;
1371 3589 1561 3628 verum
1608 3590 1749 3645 quo-

179 3648 321 3703 modo
370 3651 468 3682 ²²⁶¹
511 3649 714 3719 justum
769 3664 863 3709 aut
912 3658 1231 3715 rationabile
1280 3663 1499 3732 probari
1546 3666 1747 3733 poterit

175 3737 286 3803 quia
310 3739 456 3795 Deus
477 3742 752 3798 hominem
786 3745 957 3814 illum,
994 3763 1152 3818 quem
1180 3751 1340 3808 Pater
1366 3751 1563 3807 Filium
1588 3769 1746 3810 suum

175 3827 440 3898 dilectum,
492 3834 547 3888 in
579 3852 682 3905 quo
712 3837 813 3891 sibi
842 3838 966 3892 bene
1012 3841 1326 3911 complacuit
1376 3844 1592 3915 (Matth.
1648 3861 1746 3910 xu,

175 3917 272 3988 l8),
296 3923 537 3989 vocavit,
563 3932 617 3978 et
644 3939 805 3994 quem
844 3925 1014 3983 Filius
1059 3931 1296 4000 seipsuu‘:
1344 3934 1494 4000 fecit,
1534 3933 1614 3989 sic
1641 3942 1750 3989 tra-

173 4011 330 4064 ctavit
369 4021 470 4066 aut
518 4015 742 4069 tractari
797 4019 1078 4086 permisit?
1113 4019 1243 4086 Qua:
1300 4029 1480 4077 autem
1535 4022 1747 4093 justitia

171 4109 245 4153 est
270 4101 550 4158 hominem
602 4108 847 4161 omnium
900 4109 1260 4177 iustissimum
1315 4117 1476 4168 morti
1534 4114 1748 4169 tradere

173 4203 263 4256 pro
285 4191 380 4224 ¹²⁶²
411 4197 743 4264 peccatore?
772 4197 905 4265 Quis
931 4199 1110 4267 homo,
1137 4204 1180 4256 si
1210 4203 1550 4260 innocentem
1603 4206 1750 4260 dam-

165 4293 314 4338 naret
339 4295 400 4340 ut
438 4298 728 4346 nocentem
753 4290 1050 4357 liberaret,
1098 4294 1437 4352 damnandus
1471 4311 1576 4351 non
1600 4295 1749 4366 judi-

166 4377 414 4430 caretur?
449 4376 533 4432 Ad
557 4378 697 4434 idem
727 4381 872 4435 enim
904 4398 992 4438 res
1030 4383 1127 4416 ””
1155 4385 1347 4440 deduci
1392 4387 1605 4442 videtur
1665 4387 1749 4442 itt-

163 4469 515 4534 conveniens,
549 4472 695 4541 quod
721 4487 882 4536 supra
925 4475 1128 4530 dictum
1172 4487 1276 4534 est.
1307 4477 1444 4534 Nam
1492 4481 1538 4535 si
1587 4481 1747 4537 aliter

1863 1940 2048 2020 (Joan.
2070 1959 2144 2008 νι,
2185 1943 2300 2015 58).
2346 1943 2415 1998 Et
2443 1945 2616 2001 iturus
2646 1950 2712 2002 ad
2755 1951 3064 2020 passionem
3095 1953 3228 2008 dicit
3255 1971 3270 2008 :
3301 1953 3447 2011 Sicut

1862 2017 2168 2086 mandatum
2202 2033 2342 2110 dedit
2366 2033 2690 2102 mihiPater,
2721 2017 2795 2091 sic
2808 2038 2948 2107 facio
2970 2038 3155 2110 (Joan.
3185 2057 3297 2107 xw,
3328 2044 3446 2113 '51).

1859 2107 2288 2179 ltem:Calicem
2329 2141 2483 2196 quem
2527 2127 2670 2180 dedit
2719 2128 2848 2180 mihi
2897 2107 3078 2195 Pater,
3127 2146 3232 2184 non
3273 2107 3446 2188 bibam

1860 2211 2252 2285 illunt.’(loau.
2290 2232 2443 2286 xvut,
2465 2218 2579 2290 ll.)
2610 2219 2674 2273 Et
2706 2219 2831 2274 alibi
2863 2220 2958 2253 ²¹⁶⁹
2990 2238 3005 2276 :
3041 2220 3222 2290 Pater,
3251 2225 3297 2277 si
3320 2241 3448 2294 pos-

1859 2300 2008 2354 sibile
2029 2313 2124 2367 est,
2165 2309 2397 2358 transeat
2438 2323 2470 2359 a
2503 2323 2581 2361 me
2606 2306 2749 2361 calix
2779 2307 2909 2373 iste;
2954 2319 3310 2365 verumtamen
3345 2326 3454 2368 non.

1842 2393 1992 2447 sicut
2009 2411 2101 2463 ego
2120 2373 2249 2460 volo,
2267 2399 2355 2451 sed
2373 2401 2508 2452 sicut
2521 2413 2574 2453 ttt
2599 2400 2815 2472 (Matth.
2833 2419 2982 2470 xxw,
2999 2403 3112 2473 59).
3129 2403 3402 2460 Etiterum
3430 2424 3445 2458 :

1859 2482 2044 2552 Pater,
2078 2487 2124 2542 si
2153 2504 2254 2542 non
2278 2500 2442 2560 potest
2494 2493 2579 2546 hic
2625 2492 2766 2547 calix
2803 2496 3051 2562 transire,
3115 2495 3219 2550 nisi
3274 2497 3453 2550 bibam

1857 2576 2032 2645 illum,
2050 2579 2400 2648 ﬁatvoluntas
2426 2592 2517 2636 tua
2540 2582 2727 2654 (Ibid,
2755 2584 2868 2654 4‘2).
2898 2583 2953 2638 In
2968 2585 3054 2640 his
3081 2587 3332 2642 omnibus
3351 2588 3446 2620 ’⁸⁷⁸

1857 2668 1978 2738 plus
2030 2667 2243 2725 videtur
2289 2671 2540 2728 Christus
2600 2673 2903 2729 obedientia
2937 2684 3205 2744 cogente,
3279 2691 3446 2744 quant

1858 2767 2157 2831 spontanea
2177 2761 2455 2818 voluntate
2491 2763 2806 2834 disponente
2843 2770 3076 2820 mortem
3099 2763 3441 2820 sustinuisse.

2466 2898 2695 2978 CAPUT
2748 2899 2844 2955 tx.

1847 2967 2013 3077 Quod
2048 3020 2230 3081 spoutc
2255 3022 2494 3066 mortuus
2521 2975 2612 3077 sit;
2639 3012 2837 3083 etquid
2865 3012 3149 3077 sit,l'actus
3190 3020 3278 3067 est
3303 3013 3440 3067 obe-

1930 3082 2084 3153 diens
2107 3095 2277 3153 usque
2315 3083 2381 3153 ad
2432 3091 2698 3148 mortem;
2724 3082 2818 3153 et,
2848 3091 3070 3153 propter
3118 3089 3261 3153 quod
3298 3083 3440 3136 Deus

1934 3151 2082 3206 illum
2108 3151 2369 3205 exaltavit
2394 3167 2409 3216 ;
2441 3161 2511 3216 et,
2538 3169 2645 3207 non
2672 3152 2821 3206 venit
2849 3151 3056 3205 tacere
3103 3151 3442 3206 voluntatem

1931 3237 2106 3276 meam
2131 3237 2145 3285 ;
2181 3231 2250 3287 et,
2275 3219 2492 3290 proprio
2520 3222 2655 3275 Filio
2680 3237 2778 3276 suo
2822 3236 2926 3274 non
2951 3221 3192 3290 pepercit
3223 3221 3337 3286 "";
3368 3232 3444 3288 et,

1929 3307 2038 3347 non
2072 3291 2209 3345 sicut
2232 3289 2332 3359 ego
2357 3289 2499 3354 volo,
2523 3291 2618 3345 sed
2643 3291 2862 3344 sicut‘tu
2893 3291 2974 3344 vis
2995 3291 3110 3342 “7'.

1927 3379 2056 3434 Aus.
2092 3377 2158 3434 Ut
2192 3377 2323 3432 mihi
2357 3377 2607 3442 \idetur,
2657 3391 2764 3430 non
2803 3377 2942 3431 bene
2987 3377 3254 3432 discernis
3300 3377 3442 3432 inter

1856 3471 1961 3526 hoc
2011 3469 2157 3538 quod
2200 3465 2330 3522 fecit
2377 3467 2629 3537 exigente
2669 3466 3007 3532 obedientia;
3058 3475 3113 3522 et
3143 3466 3288 3536 quod
3337 3466 3440 3526 sibi

1854 3560 2080 3628 factum,
2138 3563 2264 3630 quia
2315 3559 2554 3614 servavit
2595 3558 2982 3624 obedientiam,
3044 3558 3306 3614 sustinuit
3329 3574 3435 3613 non

1853 3653 2105 3724 exigente
2152 3651 2482 3707 obedientia.
2531 3649 2657 3706 Bos.
2708 3649 2946 3706 Necesse
2998 3651 3171 3706 habeo
3223 3659 3284 3704 ut
3337 3651 3438 3705 hoc

1837 3744 2093 3814 apertius
2135 3756 2394 3811 exponas.
2450 3740 2578 3795 Axs.
2644 3741 2753 3796 Cur
2808 3739 3081 3810 persecuti
3134 3747 3261 3794 sunt
3308 3752 3437 3794 eum

1842 3834 2021 3889 .Jtula3i
2066 3849 2238 3904 usque
2267 3833 2335 3888 ad
2388 3833 2663 3887 mortem?
2711 3832 2834 3887 Bos.
2883 3831 3000 3886 Non
3030 3832 3101 3888 ob
3147 3831 3295 3886 aliud
3336 3831 3440 3884 nisi

1852 3926 1978 3996 quia
2028 3927 2310 3980 veritatem
2350 3932 2404 3979 et
2438 3907 2714 3994 justitiam
2768 3923 2997 3978 vivendo
3055 3931 3112 3976 et
3161 3921 3437 3991 loquendo

1843 4017 2307 4072 .indeclittabiliter
2355 4014 2592 4070 tenebat.
2667 4014 2796 4069 Axs.
2829 4014 2944 4070 Hoc
2974 4022 3104 4084 puto
3133 4014 3260 4082 quia
3293 4012 3434 4066 Deus

1851 4108 1920 4163 ab
1965 4106 2110 4163 omni
2178 4104 2430 4160 ratiOnali
2488 4112 2743 4159 creatura
2812 4103 3036 4173 exigit;
3082 4112 3137 4158 et
3196 4102 3300 4156 hoc
3349 4101 3439 4155 illa

1847 4196 2320 4271 perobedientiam
2352 4196 2462 4250 Deo
2480 4195 2658 4250 debet.
2676 4193 2801 4249 Bos.
2837 4192 2938 4288 Sic-
2958 4207 3060 4288 nos
3084 4191 3240 4288 fateri
3272 4206 3431 4288 opor-

1853 4297 1948 4344 tet.
1985 4288 2116 4342 Aas.
2139 4285 2289 4341 lianc
2320 4285 2484 4354 igitur
2508 4283 2876 4339 obedientiam
2909 4282 3140 4338 debebat
3165 4281 3328 4336 homo
3350 4277 3436 4331 illo

1852 4380 1961 4434 Deo
2005 4378 2196 4443 Patri,
2257 4385 2313 4430 et
2346 4375 2655 4430 humanitas
2703 4373 3010 4439 divinitati;
3063 4381 3118 4428 et
3173 4373 3312 4426 hanc
3363 4370 3432 4423 ab

1851 4469 1940 4526 illo
1966 4450 2217 4540 exigebat
2261 4466 2444 4522 Pater.
2474 4465 2597 4520 Bos.
2624 4463 2738 4520 Hoc
2773 4464 2904 4520 nulli
2933 4463 3154 4519 dubium
3184 4461 3279 4494 ἰη
3326 4469 3432 4516 ρει.

164 4568 472 4621 peccatores
518 4577 623 4617 non
664 4564 836 4632 potuit
875 4565 1088 4622 salvarc
1137 4583 1296 4637 quam
1341 4567 1546 4638 justum
1586 4571 1742 4626 dam-
1778 4544 1824 4602 θ
1852 4561 1979 4617 ΑΝε·
2008 4560 2146 4616 Ecce
2167 4558 2334 4659 habe}
2353 4555 3272 4659 ξ’θβίξξξίϐωξῑθΒξδθξξξθξηίθο
3306 4551 3433 4655 Βοξ⁸

163 4651 353 4712 nando,
381 4652 473 4708 ubi
514 4663 599 4708 est
621 4655 738 4724 ejus
781 4658 1176 4728 omnipotentia
1204 4660 1340 4714 "“?
1390 4659 1450 4718 Si
1485 4677 1614 4716 vero
1644 4679 1738 4733 po-
1851 4653 2051 4710 verum
2079 4660 2188 4719 θείς
2217 4659 2272 4704 ει
2292 4649 2405 4722 iam
2431 4648 2587 4751 νίίξθο
2618 4648 2719 4683 ’³⁷⁵
2745 4649 2839 4751 qui
2879 4648 3278 4751 sibi-illatum,
3306 4648 3434 4751 quia

161 4739 272 4807 tuit,
297 4744 396 4799 sed
419 4744 721 4812 noluitm’,
753 4751 1024 4817 quomodo
1044 4749 1393 4808 defendemus
1418 4753 1740 4824 sapientiam
1846 4745 2146 4806 obediendo
2178 4743 2546 4817 perseveravit
2579 4783 2594 4809 ,
2663 4741 2936 4798 sustinuit.
2989 4738 3124 4798 Nam
3144 4738 3290 4796 illata
3353 4743 3437 4790 cst

1448 4947 1681 5004 νΑιιιΑε
1721 4944 2123 5005 LECTlONES.

211 5102 309 5135 ’³⁸⁸
341 5117 473 5156 mss.
502 5101 640 5159 Vict.
659 5111 708 5158 et
726 5103 851 5176 Joly
869 5108 1039 5161 omitt.
1059 5114 1238 5162 tamen
1312 5108 1405 5184 “fl
1427 5107 1651 5184 Videtur
1671 5123 1797 5161 mss.
1821 5104 1958 5184 Vict:
1980 5101 2448 5184 etJoly_v_i_de‘atur_
2499 5103 2594 5136 ¹²⁸⁸
2610 5103 2720 5184 cur
2745 5103 2818 5156 ita
2845 5103 2974 5156 velit
2998 5115 3146 5184 'tuss.
3175 5097 3431 5184 c‘ut-‘velit

151 5172 238 5204 ⁸⁸⁸⁸
269 5173 329 5227 Si
358 5173 562 5228 rationi
593 5167 896 5246 repugnare
928 5177 1144 5255 videtur
1171 5194 1296 5233 mss.
1321 5178 1366 5234 si
1387 5177 1522 5232 ratio
1541 5190 1843 5255 repugnare
1874 5175 2084 5229 videtur
2132 5167 2248 5255 ἠδέ
2271 5172 2811 5255 Ergoiqcarnatione
2839 5189 2964 5226 mss.
2998 5168 3131 5222 Vict.
3149 5179 3223 5255 ,δι’
3245 5167 3436 5255 Οἱδνιςνε

144 5257 271 5313 ergo
301 5244 361 5297 in
389 5238 766 5302 incarnatione
837 5248 930 5280 ’⁸⁸³
958 5247 1317 5303 Veruntamen
1340 5238 1617 5318 quomodo
1633 5238 1792 5321 ηιξεὲ
1792 5259 1980 5302 verum
2005 5244 2276 5321 quomodo
2348 5238 2866 5321 i“ﬁlioI‘lihll‘at'lfz[‘33
2885 5256 2981 5310 PI‘O
3003 5255 3100 5321 ηιξ·
3132 5238 3257 5321 οῖξΙ
3275 5239 3447 5321 ,τηρή-

145 5307 240 5379 ριιό
316 5314 420 5345 ³³⁸³
467 5314 547 5367 Ad
581 5317 720 5369 idem
765 5332 895 5386 ergo
915 5333 1004 5373 res
1035 5334 1160 5373 mss.
1189 5320 1255 5374 ad
1299 5307 1439 5410 idem
1473 5333 1557 5374 res
1581 5316 1721 5410 '3'“
1751 5317 1848 5410 Est
1873 5307 2263 5410 qmnipotentia
2291 5331 2390 5369 ms.
2433 5313 2581 5410 (ient.
2619 5312 2743 5366 Bec.
2949 5307 3444 5410 ﬁtsiq‘lgne‘stmeitt's‘.

145 5384 540 5410 ..ο-...Ξ-ιιιιιιηιιεη
618 5386 712 5410 illis
737 5385 840 5410 0-4
865 5389 1030 5410 -_-l__:.
1066 5407 1078 5410 _
1122 5404 1308 5410 _____---
1360 5406 1380 5410 -
1418 5405 1518 5410 η---
1631 5398 1694 5410 --ι
1914 5403 1935 5410 ρ
1965 5403 1992 5410 ..
2078 5395 2202 5410 μη-..
2251 5400 2354 5410 ..Λη
2379 5401 2440 5410 ..Α
2467 5402 2515 5410 η.
2570 5401 2582 5410 .
2610 5398 2770 5410 "unum
2812 5399 2822 5410 ι

140 5380 1386 5481 arrives."‘i?._”;’.§691':1?!9“_:3‘29'9990
1415 5387 1718 5481 πίε-ηξίίεξ
1744 5389 1837 5481 3.3;
1847 5385 2014 5481 itit:
2025 5380 2073 5438 ’δ
2078 5385 2243 5481 ii’t’s
2251 5385 2496 5481 2323339
2504 5385 2596 5481 if;
2605 5380 3266 5481 3:192‘?:i8...1i‘1§92223
3285 5395 3438 5481 ita?

141 5468 263 5507 mss.
291 5449 453 5506 'Vict.
484 5451 634 5508 Gem.
651 5455 776 5510 Bec.
810 5456 998 5514 Cister.
1031 5449 1221 5528 sponte
1249 5477 1347 5516 sua
1420 5460 1512 5491 ’³⁸⁷
1535 5449 2013 5535 Patriseonseutit
2085 5455 2181 5487 ²²⁶⁸
2203 5454 2487 5535 Ρῐξίξ-[ιίξδίε
2509 5449 2762 5535 οῐηξίίδίεξ
2783 5451 3003 5535 tradidit
3017 5467 3120 5535 Ιῖἕδῖ
3141 5449 3266 5533 ’10ίέ
3284 5451 3412 5535 an}?

140 5523 406 5576 omnibus
479 5525 574 5557 m’
627 5525 691 5579 Et
737 5527 862 5582 alibi
888 5546 987 5582 ms.
1014 5521 1139 5603 1.on
1167 5533 1313 5583 omit.
1343 5531 1471 5585 alibi
1498 5545 1595 5584 ms.
1627 5527 1687 5583 S.
1715 5528 1882 5603 Mich.
1906 5527 1975 5603 lit
1997 5527 2189 5581 iterum
2252 5525 2357 5603 _’_""_°
2373 5525 2440 5603 lu
2463 5521 2856 5603 atttnibus'istis
2878 5539 2977 5603 ms.
3011 5521 3200 5603 Cister.
3252 5522 3307 5603 in
3324 5521 3464 5603 dlis,

139 5593 406 5648 omnibus
477 5595 569 5625 "7‘
594 5595 927 5667 Pepercit.ct
948 5616 1072 5653 mss.
1097 5586 1405 5674 ϐείω-νεα».
1430 5611 1476 5654 et
1502 5599 1626 5674 July
1653 5599 1896 5674 pepercit
1925 5597 2087 5674 Deus,
2118 5605 2176 5674 et
2252 5594 2344 5624 “7'
2372 5593 2602 5674 Spicutctu
2635 5593 2716 5674 vis
2739 5609 2862 5674 mss.
2891 5591 3033 5651 Gem.
3076 5591 3292 5674 Vict..“et_
3308 5589 3436 5674 Ιξιέν

140 5664 368 5736 sicuti}:
480 5655 742 5736 ""fNu'lli
772 5655 992 5722 dubium
1016 5686 1114 5725 nts.
1154 5669 1208 5724 S.
1241 5670 1401 5724 Mich.
1432 5670 1560 5725 nulli
1589 5655 1924 5734 du'biitm-cst
1997 5655 2090 5712 97‘
2118 5668 2317 5722 Verum
2341 5673 2496 5719 estet
2521 5664 2631 5736 jam
2666 5663 2850 5725 videre
2887 5673 2992 5720 ch-
3043 5679 3138 5717 ηδε·
3183 5659 3315 5716 νέοιο
3341 5660 3428 5715 "’-

142 5732 260 5802 Ioty
291 5731 502 5791 Verum
525 5735 687 5792 etiam
723 5737 873 5792 video
898 5749 1004 5795 etc.
1814 5731 1838 5734 _
2522 5731 2536 5736 ν
2573 5763 2586 5776 ’
