4050 6294
223 359 330 414 375

222 466 440 522 tradilit
469 469 564 501 ¹²⁹⁹
619 470 766 528 illaut
791 472 972 540 (Rom.
1010 492 1127 544 \‘Ill,
1157 480 1246 550 52)

172 600 174 603 .
222 575 380 627 quam
437 576 542 614 non
600 561 848 618 liberavit
901 565 1050 622 illum
1079 569 1194 624 ²³⁰⁸.
1232 571 1370 627 Nam
1410 577 1576 633 multa
1623 581 1714 613 ’³⁸³⁸
1749 583 1802 636 in

221 665 371 703 sacra
404 650 683 722 Scriptura
707 653 1012 724 hujusmodi
1065 660 1432 722 inveniuntur.
1489 667 1591 724 Ubi
1622 681 1800 728 autem

221 744 310 774 ’³⁸⁸
340 744 512 799 dicit:
544 743 725 813 Pater,
760 749 807 804 si
853 752 1097 818 possibile
1126 768 1199 809 est
1231 759 1346 825 ⁸³⁸³,
1371 771 1603 818 transeat
1659 783 1691 820 a
1723 784 1801 822 me

220 836 356 889 calix
381 838 523 902 iste;
555 847 912 895 verumtamen
929 859 1032 897 non
1053 847 1187 900 sicut
1213 865 1308 920 ego
1353 852 1488 920 uolo,
1516 857 1606 909 sed
1664 844 1798 912 sicut

217 935 272 981 tu
313 926 550 998 (Matth.
597 945 760 994 xxvi,
814 931 936 1002 39);
964 945 1018 988 et
1045 934 1141 990 :Si
1187 955 1290 994 non
1317 951 1482 1010 potest
1521 945 1605 999 hic
1663 947 1800 1002 calia:

216 1017 467 1082 transire,
500 1017 602 1071 nisi
627 1018 800 1073 bibam
846 1021 1023 1092 illum,
1055 1026 1152 1094 ﬁat
1188 1029 1431 1086 voluntas
1466 1042 1556 1088 tua
1607 1034 1796 1104 (lbid.,

218 1108 326 1174 4‘2),
353 1109 661 1164 naturalem
688 1110 879 1167 Salutis
926 1129 1023 1184 per
1049 1116 1378 1176 voluntatem
1409 1138 1560 1178 suam
1591 1126 1796 1198 signiti-

217 1211 298 1254 cat
320 1204 656 1272 appetitum,
704 1225 811 1279 quo
856 1206 1090 1262 humana
1141 1225 1271 1268 caro
1319 1214 1558 1272 dolorem
1604 1220 1794 1274 mortis

218 1294 479 1365 fugiebat.
513 1298 859 1356 Voluntatem
905 1317 1037 1358 vero
1066 1302 1244 1358 Patris
1291 1305 1441 1374 dicit,
1497 1324 1604 1364 non
1661 1325 1794 1380 quo-

213 1386 351 1440 niam
375 1387 633 1443 maluerit
661 1390 822 1446 Pater
849 1403 1077 1448 mortem
1101 1394 1219 1448 Filii
1246 1410 1408 1464 quam
1456 1400 1622 1454 vitam
1651 1440 1668 1467 ,
1698 1405 1792 1458 sed

213 1477 329 1543 quia
366 1477 664 1533 humanum
691 1495 860 1548 geuus
890 1485 1186 1539 restaurari
1235 1485 1332 1517 ¹³⁰⁸
1357 1487 1577 1544 nolebat
1628 1491 1794 1548 Pater

215 1569 324 1635 ⁸³⁸³,
355 1570 462 1625 nisi
489 1570 691 1627 faceret
709 1573 871 1629 homo
914 1585 1023 1631 tam
1071 1593 1326 1650 magnum
1385 1581 1614 1652 aliquid,
1653 1585 1796 1640 sicut

212 1668 322 1713 erat
359 1677 511 1716 mors
535 1662 644 1716 illa.
669 1663 960 1734 Quianon
984 1670 1244 1738 poscebat
1276 1674 1414 1729 ratio
1461 1676 1605 1744 quod
1652 1676 1791 1732 alius

214 1751 388 1806 facere
419 1753 582 1809 homo
607 1771 716 1811 non
739 1765 949 1827 poterat
973 1801 989 1828 ,
1023 1761 1228 1819 idcirco
1272 1765 1404 1820 dicit
1435 1767 1607 1823 Filius
1644 1768 1791 1824 illum

339 423 345 428 _
1385 371 1522 429 cun
1555 374 1734 434 unus
1771 377 1980 437 nono.
2019 413 2089 423 -
2123 383 2250 440 Lm.
2291 385 2332 440 l.

3385 405 3492 461 ’574

1269 525 1284 588 ἶ
1335 499 1442 541 non
1492 496 1574 542 est
1627 491 1794 557 aliud,
1828 501 1870 558 Α
1903 503 2008 550 tem
2037 497 2129 532 ’δι’
2151 513 2276 568 qua,
2301 509 2361 556 ut
2389 509 2595 559 tantum
2636 506 2836 564 bonum
2865 511 3088 581 faceret,
3122 517 3257 574 mori
3294 519 3487 588 voluit,

1907 599 2014 638 non
2042 587 2214 655 potuit
2255 589 2453 648 habere
2476 594 2577 650 nisi
2609 611 2639 650 a
2679 596 2839 654 Patre
2860 599 3147 670 luminum,
3180 621 3210 660 a
3255 623 3364 677 quo
3403 587 3489 666 est

1904 691 2056 731 omne
2089 678 2271 734 datum
2319 685 2592 753 Optimum,
2644 697 2694 742 et
2749 707 2902 747 omne
2946 694 3142 749 donum
3199 699 3487 768 perfectum

1905 766 2044 837 (Jac.
2106 786 2154 831 ι,
2215 772 2427 842 l7):et
2471 777 2610 832 sicut
2659 779 2821 836 Pater
2862 784 3080 839 trahere
3128 766 3251 845 ωδ.
3293 766 3490 845 dando

1903 857 2254 929 voluntatem,
2305 865 2530 934 dicitur;
2569 869 2639 923 ita
2690 886 2796 926 non
2845 873 3138 946 incongrue
3185 879 3273 947 lit,
3309 881 3353 935 si
3388 880 3486 934 im-

1901 949 2100 1018 pellere
2127 953 2411 1011 asseritur.
2441 957 2596 1014 Sicut
2641 963 2786 1016 enim
2819 964 2950 1019 dicit
2978 965 3147 1023 Filius
3180 969 3247 1024 de
3275 969 3437 1026 Patre
3468 987 3484 1025 :

1905 1043 2072 1099 Nemo
2099 1049 2237 1102 venit
2253 1049 2323 1102 ad
2341 1066 2440 1116 me,
2484 1053 2586 1107 nisi
2618 1051 2780 1108 Pater
2809 1060 3029 1112 traxerit
3054 1077 3172 1115 eum
3195 1061 3375 1133 (Joan.
3405 1080 3482 1131 vt,

1897 1133 2010 1206 44);
2037 1135 2108 1190 ita
2137 1137 2316 1194 dicere
2353 1141 2547 1209 potuit,
2572 1143 2673 1198 nisi
2718 1144 2990 1216 impulerit
3034 1163 3180 1204 eum.
3222 1151 3486 1207 Similiter

1897 1241 2112 1296 quoque
2159 1230 2404 1298 proferre
2433 1233 2628 1300 potuit,
2657 1249 2815 1289 nemo
2845 1237 3094 1293 curritad
3118 1249 3342 1297 mortem
3368 1259 3484 1313 pro-

1898 1327 2018 1388 pter
2047 1334 2240 1374 nomen
2271 1337 2471 1387 meum,
2498 1324 2610 1378 nisi'
2634 1325 2794 1380 Pater
2823 1327 3096 1391 impulerit
3137 1342 3229 1385 aut
3259 1334 3486 1388 traxerit

1897 1425 2041 1465 eum.
2074 1411 2337 1479 Quoniam
2356 1429 2588 1484 namque
2611 1417 2890 1474 voluntate
2917 1421 3146 1492 quisque
3168 1422 3234 1478 ad
3259 1425 3310 1478 id
3341 1427 3486 1498 quod

1897 1502 2350 1560 indeclinabiliter
2396 1505 2530 1572 vult,
2571 1509 2802 1565 trahitur
2854 1513 2938 1567 vel
2992 1515 3314 1584 impellitur;
3376 1532 3484 1572 non

1896 1592 2344 1651 inconvenienter
2363 1596 2582 1652 trahere
2611 1607 2704 1654 aut
2750 1601 3029 1671 impellere
3061 1605 3261 1661 dicitur
3317 1606 3484 1671 Deus,

1897 1698 2018 1738 cum
2050 1685 2210 1741 talem
2257 1686 2351 1742 dat
2394 1688 2727 1745 voluntatem
2759 1691 2895 1747 ⁸³ης
2930 1693 2982 1748 in
3031 1710 3138 1766 quo
3178 1705 3352 1752 tractu
3400 1699 3486 1754 vel

1898 1773 2130 1844 impulsu
2178 1775 2323 1830 nulla
2352 1776 2670 1850 intelligitur
2712 1781 2981 1838 violentia
3021 1786 3352 1853 necessitas,
3387 1789 3487 1843 sed

212 1842 340 1898 velle
366 1858 528 1898 suam
558 1855 817 1914 mortem;
847 1851 1102 1919 quoniam
1125 1852 1240 1923 ipse
1271 1855 1458 1910 maluit
1498 1857 1648 1913 illum
1696 1861 1790 1893 ²²⁰⁰
1827 1847 1867 1905 Β
1895 1842 2132 1934 accepta:
2150 1865 2303 1920 bona:
2332 1842 2627 1924 voluntatis
2671 1879 2970 1939 spontauea
3014 1882 3069 1928 et
3116 1884 3294 1930 amata
3333 1884 3483 1930 tena-

212 1933 335 2000 pati,
360 1951 527 2002 quam
578 1945 637 1993 ut
663 1951 832 2010 genus
862 1941 1158 1999 humanum
1203 1960 1309 2001 non
1344 1947 1646 2007 salvaretur
1670 1953 1788 2022 ²⁸⁰⁷;

210 2037 270 2076 ac
283 2022 327 2077 si
347 2023 558 2080 diceret
576 2041 590 2078 :
610 2027 874 2093 Quoniam
896 2045 1002 2086 non
1026 2032 1109 2087 vis
1123 2032 1281 2089 aliter
1301 2038 1790 2098 reconciliationem

212 2113 388 2168 mundi
418 2114 559 2183 ﬁeri,
592 2117 716 2173 dico
753 2127 807 2174 te
831 2120 934 2175 hoc
961 2123 1120 2178 modo
1149 2123 1287 2179 velle
1311 2134 1546 2184 mortem
1573 2145 1749 2187 meam
1774 2151 1788 2185 :

209 2208 299 2262 tiat
326 2224 466 2281 ergo
489 2212 738 2269 voluntas
766 2215 861 2247 ¹³⁰⁸
883 2223 999 2284 tua,
1040 2217 1096 2273 id
1123 2227 1207 2275 est
1229 2219 1325 2276 ﬂat
1373 2237 1522 2279 mors
1560 2241 1700 2292 mea,
1734 2237 1794 2283 ut

209 2300 445 2356 mundus
487 2302 580 2357 tibi
609 2306 1005 2362 reconcilietur.
1034 2309 1167 2367 Nam
1195 2328 1340 2385 smpe
1371 2315 1604 2386 aliquem
1657 2317 1794 2375 velle

204 2388 433 2446 dicimus
463 2392 686 2462 aliquid,
713 2397 838 2466 quia
867 2413 973 2454 non
1002 2401 1117 2456 vult
1154 2403 1300 2460 aliud
1344 2407 1486 2476 quod
1525 2407 1572 2462 si
1605 2407 1787 2474 vellet,

206 2495 309 2535 ron
373 2482 533 2538 ﬁeret
561 2485 691 2541 illud
745 2489 890 2559 quod
939 2492 1137 2549 dicitur
1173 2496 1312 2552 velle
1361 2515 1374 2552 :
1416 2505 1497 2563 ut,
1545 2513 1667 2554 cum
1712 2501 1794 2555 di-

202 2571 376 2630 cimus
401 2573 557 2630 illum
581 2575 856 2634 lucernam
882 2581 1020 2639 velle
1046 2586 1410 2659 exstinguere,
1434 2590 1525 2658 qui
1547 2603 1650 2644 nou
1678 2591 1794 2645 vult

204 2660 502 2720 fenestram
541 2667 796 2736 claudere
825 2685 922 2741 per
941 2689 1102 2742 quam
1133 2689 1325 2732 ventus
1355 2679 1552 2746 intrat,
1589 2681 1678 2752 qui
1709 2681 1791 2734 lu-

202 2766 421 2807 cernam
460 2755 776 2828 exstinguit.
801 2759 892 2818 Sic
927 2777 1058 2833 ergo
1099 2765 1267 2821 voluit
1292 2767 1453 2826 Pater
1501 2769 1616 2835 “°’,
1643 2785 1790 2826 mor-

203 2848 306 2896 tem
355 2843 507 2911 Filii,
547 2847 674 2916 quia
714 2856 821 2905 neu
889 2853 1048 2908 aliter
1070 2855 1237 2911 voluit
1275 2859 1534 2914 mundum
1567 2861 1789 2924 salvari.

203 2932 302 2988 nisi
331 2932 500 2990 homo
525 2944 632 2992 tam
662 2954 923 3012 magnum
955 2944 1160 3016 aliquid
1186 2947 1406 3010 faceret.
1433 2960 1491 3005 ut
1530 2951 1643 3019 jam
1675 2953 1787 3009 dixi

201 3023 312 3079 ’³⁸ο.
364 3026 523 3094 Quod
550 3027 688 3087 Filio
737 3033 932 3090 volenti
980 3038 1208 3094 salutem
1253 3043 1530 3098 hominum
1561 3054 1795 3101 tantum-

197 3111 320 3168 dem
357 3116 552 3186 valuit,
583 3122 838 3189 quoniam
876 3125 979 3182 hoc
1012 3128 1152 3185 alius
1176 3131 1354 3186 facere
1401 3148 1506 3187 non
1556 3135 1788 3200 valebat,

200 3205 313 3272 ³³¹¹,
363 3220 630 3278 quantum
695 3216 741 3269 si
795 3216 868 3272 illi
918 3221 1054 3276 mori
1101 3224 1633 3293 praeciperetmnde
1677 3227 1786 3294 ille,

196 3295 338 3352 sicut
367 3301 686 3358 mandatum
718 3304 790 3360 illi
819 3307 967 3364 dedit
989 3310 1269 3380 Pater,sic
1295 3314 1450 3380 fecit;
1469 3325 1517 3372 et
1535 3317 1787 3389 calicem,

193 3401 356 3454 quem
390 3389 542 3448 dedit
576 3395 625 3450 ei
651 3394 836 3466 Pater,
868 3399 1023 3469 bibit,
1054 3403 1313 3462 obediens
1349 3421 1520 3478 usque
1541 3408 1610 3463 ad
1634 3425 1781 3466 mor—

197 3486 325 3536 lem.

829 3584 1058 3644 CAPUT
1083 3589 1147 3645 X.

269 3687 419 3745 Item
447 3693 516 3748 de
542 3695 733 3753 eisdem
758 3717 777 3766 ,'
833 3706 1092 3773 quomodo
1124 3707 1288 3778 aliter_
1305 3720 1438 3765 recte
1493 3712 1712 3785 intelligi

871 3787 1108 3842 possunt.

262 3852 459 3911 Potest
481 3857 648 3913 etiam
682 3870 828 3918 recte
856 3864 1084 3939 intelligi
1134 3870 1259 3940 quia
1312 3887 1410 3941 per
1456 3873 1598 3927 illam
1642 3875 1785 3944 piam

188 3944 539 4013 voluntaten,
571 3963 677 4020 qua
694 3952 860 4008 voluit
881 3954 1048 4012 Filius
1084 3974 1182 4028 pro
1204 3961 1379 4015 salute
1415 3963 1596 4016 mundi
1627 3963 1783 4030 mori,

187 4033 342 4089 dedit
363 4035 440 4090 illi
462 4037 791 4110 Pater(non
843 4052 1042 4101 tamem
1089 4051 1352 4120 cogendo)
1391 4053 1705 4107 mandatum
1733 4061 1790 4107 et

184 4123 425 4180 calicem
449 4128 749 4198 passionis;
781 4141 837 4188 et
858 4149 962 4188 non
985 4139 1228 4206 pepercit
1259 4139 1353 4206 illi,
1381 4141 1474 4196 sed
1501 4156 1600 4211 pro
1627 4141 1786 4197 nobis
1825 4169 1832 4176 ι

187 4215 426 4270 tradidit
455 4216 630 4285 illum,
659 4228 715 4275 et
736 4231 967 4280 mortem
1004 4226 1145 4282 illius
1171 4229 1374 4295 voluit;
1408 4239 1463 4284 et
1503 4231 1630 4300 quia
1675 4231 1787 4301 ipse

182 4301 367 4358 Filius
392 4305 769 4377 obcdiensfuit
791 4327 960 4382 usque
982 4315 1049 4370 ad
1068 4327 1316 4383 mortem,
1337 4328 1390 4373 ct
1412 4319 1598 4376 didicit
1617 4335 1682 4375 ex
1700 4321 1786 4375 his

183 4409 313 4462 qua:
341 4412 545 4467 passus
564 4410 672 4468 est,
693 4404 1084 4463 obedientiam.
1125 4407 1588 4476 Quemadmodum
1640 4413 1785 4469 enim

181 4491 500 4546 secundum
532 4494 928 4555 humanitatem
977 4518 1082 4557 non
1128 4503 1365 4560 habebat
1393 4521 1422 4561 a
1453 4522 1512 4562 se
1537 4507 1784 4564 volunta-

185 4585 294 4632 tein
320 4578 480 4650 juste
505 4582 744 4654 vivendi,
777 4589 872 4644 sed
893 4604 923 4643 a
946 4589 1136 4659 Patre;
1176 4593 1249 4650 ita
1277 4604 1331 4652 et
1367 4596 1512 4652 illam
1543 4597 1788 4654 volunta-

1905 1952 2067 2009 citas.
2103 1953 2159 2011 Si
2187 1970 2316 2028 ergo
2337 1957 2443 2013 hoc
2489 1962 2650 2016 modo
2675 1959 2859 2032 nequit
2889 1963 3075 2034 negari
3115 1964 3333 2020 Patrem
3365 1966 3484 2028 '3".

1909 2045 2240 2103 voluntatem
2302 2048 2446 2103 illam
2523 2050 2747 2117 dando,
2821 2053 3016 2110 Filium
3101 2056 3168 2111 ad
3247 2064 3478 2112 mortem

1904 2141 2138 2196 traxisse
2167 2142 2262 2174 ¹⁸¹⁶
2293 2143 2375 2197 vel
2407 2143 2684 2213 impulisse
2706 2187 2721 2213 ,
2768 2146 2889 2216 quis
2915 2162 3020 2201 non
3071 2148 3253 2204 videat
3292 2150 3484 2205 eadem

1897 2230 2106 2287 ratione
2133 2232 2446 2287 mandatum
2471 2233 2572 2299 illi,
2601 2243 2662 2288 ut
2687 2244 2916 2291 mortem
2941 2237 3233 2293 sustineret
3267 2248 3480 2309 sponte,

1894 2329 1949 2376 et
1966 2321 2199 2389 calicem,
2223 2337 2383 2392 quem
2416 2340 2523 2380 non
2569 2325 2769 2381 invitus
2819 2327 3068 2394 biberet,
3120 2329 3374 2385 dedisse?
3417 2331 3483 2385 Et

1895 2411 1938 2463 si
1972 2408 2141 2465 Filius
2167 2409 2272 2465 sibi
2315 2427 2420 2466 non
2449 2414 2786 2482 pepercisse,
2811 2416 2905 2471 sed
2936 2431 3034 2486 pro
3054 2417 3210 2473 nobis
3261 2429 3484 2488 sponta-

1897 2513 1998 2554 nea
2033 2499 2311 2556 voluntate
2335 2502 2570 2570 seipsum
2596 2505 2905 2572 tradidisse,
2933 2515 3078 2561 recte
3101 2507 3329 2572 dicitur,
3361 2509 3484 2578 quis

1895 2597 2055 2660 neget
2079 2598 2227 2645 recte
2258 2589 2363 2644 dici
2391 2591 2518 2661 quia
2546 2591 2729 2658 Pater,
2773 2609 2803 2647 a
2837 2609 2943 2663 quo
2975 2595 3136 2650 talem
3176 2596 3365 2651 habuit
3389 2613 3482 2652 vo-

1895 2681 2291 2748 luntatem,illi
2324 2698 2429 2737 non
2485 2684 2749 2754 pepercit,
2804 2686 2899 2741 sed
2947 2700 3046 2756 pro
3078 2687 3234 2742 nobis
3262 2688 3485 2746 tradidit

1897 2771 2044 2826 illum
2066 2780 2120 2826 et
2149 2781 2380 2828 mortem
2401 2770 2518 2841 ejus
2545 2773 2754 2829 voluit?
2787 2774 2898 2840 [loc
2919 2777 3082 2832 etiam
3123 2777 3284 2833 modo
3333 2778 3483 2833 inde.

1897 2865 2226 2921 clinabiliter
2250 2875 2307 2922 et
2334 2874 2525 2937 sponte
2547 2867 2817 2924 servando
2845 2877 3124 2941 acceptam
3147 2868 3480 2925 voluntatem

1897 2972 1928 3012 a
1955 2957 2114 3014 Patre
2138 2957 2307 3014 Filius
2337 2957 2515 3014 factus
2545 2969 2630 3015 est
2652 2958 2728 3015 illi
2751 2960 3011 3016 obediens
3044 2976 3215 3031 usque
3238 2961 3304 3016 ad
3336 2977 3482 3016 mor-

1897 3055 2026 3113 tem,
2047 3056 2099 3103 et
2123 3047 2310 3104 didicit
2335 3062 2402 3105 ex
2434 3036 2520 3104 his
2542 3065 2663 3120 quce
2704 3065 2896 3120 passus
2921 3059 3024 3116 est,
3082 3051 3484 3117 obedientiam,

1897 3137 1950 3192 id
1981 3147 2062 3193 est
2085 3153 2247 3210 quam
2268 3153 2464 3210 magna
2491 3154 2578 3196 res
2601 3139 2847 3195 facienda
2874 3139 2944 3194 sit
2971 3155 3070 3209 per
3093 3131 3478 3200 obedientiam.

1893 3226 2027 3282 Nam
2065 3236 2196 3284 tunc
2216 3236 2300 3284 est
2328 3244 2456 3285 vera
2485 3238 2542 3286 et
2585 3229 2812 3299 simplex
2845 3229 3183 3297 obedientia,
3233 3246 3354 3289 cum
3397 3247 3482 3287 ra-

1894 3319 2109 3376 tionalis
2130 3328 2327 3377 natura
2359 3362 2374 3387 ,
2399 3337 2507 3377 non
2529 3322 2878 3389 necessitate,
2908 3321 3004 3376 sed
3047 3330 3241 3391 sponte
3289 3333 3474 3377 servat

1891 3409 2227 3467 voluntatem
2281 3427 2313 3466 a
2371 3411 2482 3466 Deo
2519 3421 2821 3481 acceptam.
2863 3410 2998 3466 Aliis
3042 3424 3256 3480 quoque
3304 3411 3480 3466 modis

1892 3509 2037 3558 recte
2059 3517 2347 3573 possumus
2376 3501 2595 3558 Patrem
2621 3502 2855 3558 voluisse
2882 3501 3006 3558 Filii
3059 3498 3288 3558 martem
3321 3491 3482 3557 inte]-

1890 3593 2075 3666 ligere,
2119 3595 2365 3665 quamvis
2418 3594 2508 3650 isti
2549 3594 2761 3665 possint
2803 3594 3074 3652 sufﬁcere.
3128 3593 3285 3660 Nam,
3331 3595 3478 3654 sicut

1894 3684 2032 3740 velle
2062 3685 2292 3742 dicimus
2317 3701 2462 3752 eum,
2481 3685 2572 3756 qui
2597 3684 2727 3741 facit
2754 3694 2812 3741 ut
2835 3685 2974 3742 alius
3003 3685 3160 3753 velit;
3189 3687 3263 3741 ita
3311 3687 3476 3742 etiam

1889 3779 2120 3836 dicimus
2165 3794 2288 3835 eum
2331 3781 2422 3812 ³³³⁷
2466 3780 2599 3836 velle
2624 3819 2638 3847 ,
2665 3780 2756 3852 qui
2787 3764 2894 3836 neu
2939 3779 3069 3835 facit
3113 3788 3172 3835 ut
3207 3779 3345 3836 alius
3386 3794 3480 3834 ve-

1889 3868 1984 3935 lit,
2061 3870 2154 3926 sed
2200 3872 2465 3941 approbat
2507 3871 2633 3940 quia
2691 3871 2805 3924 vult
2854 3878 2979 3931 :ut.
3029 3885 3155 3924 cum
3211 3870 3465 3924 videmus

1889 3961 2122 4031 aliquem
2161 3962 2370 4018 fortiter
2413 3964 2522 4033 pati
2581 3961 2718 4018 velle
2771 3961 3075 4017 molestiam
3117 3970 3179 4016 ut
3225 3961 3476 4032 perﬁciat

1889 4050 2031 4120 quod
2064 4049 2203 4106 bene
2233 4051 2364 4116 vult,
2391 4051 2640 4121 quamvis
2658 4050 2926 4107 fateamur
2951 4065 3049 4105 nos
3071 4049 3206 4104 velle
3235 4059 3292 4104 ut
3317 4050 3463 4104 illam

1888 4153 2103 4210 poenam
2139 4141 2431 4206 sustineat,
2455 4155 2559 4195 non
2602 4149 2781 4195 tamen
2829 4139 3076 4194 volumus
3100 4148 3196 4194 aut
3225 4153 3472 4194 amamus

1889 4247 2105 4302 pinnam
2119 4232 2256 4304 ejus,
2283 4233 2378 4288 sed
2393 4232 2740 4287 voluntatem.
2774 4230 2928 4286 lllum
2954 4231 3272 4303 quoquequi
3290 4231 3474 4301 prohi-

1889 4324 2295 4396 berepotest,et
2347 4340 2454 4381 non
2509 4324 2782 4394 prohibet,
2818 4323 3055 4379 solemus
3110 4324 3293 4380 dicere
3333 4325 3464 4394 quia

1889 4417 2003 4472 vult
2024 4417 2164 4488 quod
2192 4433 2299 4472 non
2326 4416 2870 4488 prohibet.Quoniam
2886 4431 3016 4487 ergo
3053 4415 3201 4471 Patri
3228 4415 3476 4471 voluntas

1815 4534 1866 4595 υ
1894 4509 2012 4564 Filii
2063 4509 2281 4580 placuit,
2325 4525 2425 4566 nec
2457 4509 2735 4580 prohibuit
2766 4524 2890 4565 eum
2937 4508 3074 4563 velle
3123 4516 3218 4563 aut
3252 4509 3478 4580 implere

1895 4599 2036 4670 quod
2062 4598 2277 4657 volebat
2347 4611 2494 4656 recte
2531 4599 2764 4656 voluisse
2803 4607 2863 4654 ut
2891 4597 3061 4656 Filius
3110 4608 3340 4656 mortem
3368 4609 3476 4663 tam

1486 4791 1572 4846 VA
1583 4792 1720 4847 [HAS
1761 4791 2162 4850 LECTIONES.

237 4922 348 4955 ’³⁵³
374 4919 647 4994 Prouobis
665 4926 1283 4985 omnibustr.ididitmss.
1310 4931 1443 4988 Vict.
1469 4944 1514 4988 et
1537 4934 1665 4990 Cist.
1688 4936 1854 4988 omilt.
1875 4935 2124 4992 omnibus
2197 4936 2291 4969 ¹³⁰⁰
2320 4934 2590 4993 Liberavit
2607 4939 2773 4993 illum.
2799 4937 2976 4993 Editio
3010 4939 3199 4993 Veneta
3227 4939 3474 4994 liberabit

178 5009 309 5079 eum
400 4992 498 5024 ¹³⁰¹
537 4994 680 5076 .Nam
707 4997 871 5079 multa
895 5016 992 5079 ms.
1203 5003 1285 5056 13.
1321 5003 1416 5056 sed
1437 5005 1906 5079 _multa__r”°’AI)bi
1937 5017 2116 5062 autem
2145 5025 2242 5063 ms.
2283 5007 2556 5079 Vic_t.__l_5.
2579 4992 2684 5064 ubi
2706 4992 2954 5079 namque
2976 5077 2993 5079 _
3027 4992 3344 5079 Wstaéii
3369 4992 3472 5079 p15;

181 5073 295 5120 test
332 5079 477 5160 mm.
575 5067 832 5148 possibile
862 5077 946 5160 estl
991 5070 1112 5151 f’“
1139 5071 1448 5160 Restaura'ti
1482 5091 1581 5160 ms'.
1615 5073 1872 5160 Vica-19.
1906 5085 2218 5160 restaurare
2291 5077 2390 5111 ²³⁰⁸
2413 5077 2637 5160 Nolebat
2663 5088 2817 5160 pater
2833 5064 2937 5160 ηἱδἒ
2951 5077 3085 5160 [aly
3140 5064 3472 5160 volebatpa-

176 5143 288 5218 ter.
497 5133 815 5218 Quantipse
841 5139 1358 5218 m’aliiitnzss._Gein.
1387 5142 1513 5197 Bec.
1537 5145 1699 5218 Joly,
1720 5145 1864 5218 Vict.
1900 5147 1985 5202 13.
2015 5163 2176 5218 quam
2206 5150 2319 5218 ipse.
2343 5149 2547 5218 mavult
2594 5133 2694 5203 τπδ’.
2727 5147 2860 5202 Vict.
2917 5148 3003 5218 13.
3052 5133 3309 5218 quoniam
3360 5133 3474 5218 ipse

175 5205 392 5298 ililaliiit
420 5203 568 5258 illum
587 5203 814 5298 patinis.
851 5206 1069 5298 Χξςιὲξ).
1112 5211 1237 5280 quia
1261 5213 1374 5298 ipse
1409 5203 1790 5298 mavultw'f".
1822 5215 1936 5298 Non
1958 5203 2406 5298 sal'var_etu':-;mssf
2436 5217 2590 5298 Gem,
2639 5219 2760 5272 Bec.
2792 5217 2950 5298 _Vict.
2981 5203 3147 5298 15:}!
3319 5203 3464 5273 εἷς.

172 5273 366 5359 Mida.
397 5290 510 5359 non
537 5275 779 5359 salvetur
851 5278 946 5359 “f3
975 5273 1258 5359 Fiatérgq
1274 5273 1523 5359 voluntas
1544 5303 1668 5359 mss.
1699 5285 1848 5359 .loly,
1870 5285 2094 5359 Gem.et
2117 5273 2245 5344 Bec.
2267 5291 2360 5344 fiat
2389 5273 2551 5359 igitur
2579 5290 2693 5343 haec
2719 5288 2967 5341 voluntas
3043 5286 3140 5359 f3"
3189 5287 3294 5359 Sic,
3333 5303 3466 5359 ergo

171 5342 540 5430 voluitrbeus
568 5343 796 5430 Pater...
823 5342 1517 5430 salvareptssicemLBec.
1550 5342 1958 5430 Cisler.7foly_et
1986 5358 2131 5430 Vict.
2169 5342 2464 5430 vsiezigitu’r
2497 5342 2682 5412 voluit
2719 5359 2946 5430 Pater...
2982 5357 3180 5430 salvari
3255 5357 3350 5391 ⁸³³⁸
3383 5342 3473 5415 iit

163 5418 294 5499 iam
338 5414 486 5499 dixi.
510 5430 636 5499 mss.
675 5415 806 5471 Vict.
831 5417 976 5499 Ιοζὶςί2
1013 5419 1139 5499 Βεε.
1173 5420 1320 5499 Gem.
1349 5423 1533 5499 Cis_t_er.
1569 5429 1778 5499 utdixi.
1854 5414 1942 5499 δίδη
1977 5429 2092 5483 Non
2124 5414 2352 5484 volebat
2374 5446 2518 5499 mss:
2555 5444 2658 5482 non
2703 5428 2914 5499 valebat
2989 5429 3080 5460 ²³¹¹
3138 5427 3216 5484 Ita
3255 5414 3473 5499 quoque

169 5436 294 5482 pm
338 5436 486 5466 uixi.
510 5436 636 5468 mu.
680 5436 806 5471 για.
831 5436 918 5473 ηιοι
963 5463 976 5485 ,
1013 5436 1139 5474 uec.
1173 5436 1320 5476 hem.
1349 5436 1533 5479 Ltster.
1569 5437 1625 5480 ut
1649 5436 1778 5482 dixi.
1854 5436 1942 5459 "”
1977 5436 2092 5483 Non
2124 5436 2336 5484 volebat
2374 5446 2495 5482 mss.
2555 5444 2658 5482 non
2703 5436 2914 5481 valebat
2989 5436 3080 5460 "“
3138 5436 3216 5484 Ita
3255 5445 3473 5499 quoque

169 5485 340 5556 illam
381 5483 719 5556 voluntatem
747 5504 871 5542 mss.
906 5436 1047 5544 Vliet.
1079 5488 1225 5545 Gem.
1251 5491 1376 5547 Bec.
1407 5494 1595 5550 Cister.
1629 5498 1700 5550 ita
1727 5507 1780 5550 et
1802 5497 2130 5554 voluntatem
2165 5501 2306 5554 illam
2383 5498 2476 5533 ²³¹³
2507 5497 2664 5551 Pater
2715 5498 2927 5554 tradere
2989 5516 3112 5554 utss.
3167 5501 3328 5556 Pater
3366 5511 3474 5556 tra-

169 5554 1177 5651 I‘E'LE...’.'.“.:‘.B.E“Erebitﬂictt'E'
1198 5563 1344 5651 Pes
1365 5580 1502 5651 ,εφη
1534 5567 1695 5651 tale:
1722 5568 2048 5651 ξυιυηιτιιριερ
2078 5570 2194 5651 «tat.
2219 5585 2346 5624 πίσεα
2407 5564 2540 5621 νέοι·
2591 5567 2738 5651 401w
2784 5554 3341 5651 Βία-,ρειιιςηάίειέεκ
3380 5554 3475 5651 aus

167 5623 486 5693 impellere
521 5625 685 5706 Deus,
711 5623 832 5681 cum
867 5629 1032 5710 talem
1059 5631 1147 5710 dat
1198 5632 1529 5710 voluntatem
1557 5706 1567 5710 _
1604 5638 1696 5676 ι³¹⁶
1724 5639 1981 5710 Denegari
2005 5623 2397 5710 Patremmss,
2431 5639 2612 5710 negari
2637 5623 2852 5694 Patrem
2922 5623 3470 5710 23‘“7Filinquit—aiIts—ad

171 5702 444 5773 "torrem
478 5695 711 5773 traxisse
738 5714 869 5773 mss.
890 5701 1057 5773 antiit.
1086 5701 1203 5773 ejus
1272 5703 1363 5736 ²³¹⁷
1393 5706 1468 5761 lta
1498 5706 1659 5764 etiam
1686 5724 1806 5765 cum
1831 5695 2057 5767 dicimus
2089 5725 2183 5766 ms.
2211 5708 2266 5765 S.
2324 5695 2611 5772 ΜὶσΙιςνὶιὶι
2673 5726 2794 5766 cum
2844 5695 3075 5768 dif-'imlts
3113 5695 3472 5768 έίίίίιίηἾιίιηη

169 5782 279 5819 ἠδ’
315 5762 502 5820 (λίπεν
527 5765 602 5822 ita
622 5766 785 5824 etiam
822 5770 1047 5828 dicimus
1113 5762 1132 5773 ⁷
1511 5762 1517 5764 ⁷
1613 5762 1618 5763 ⁷
1836 5762 2053 5767 """""‘
2091 5762 2182 5766 ""'
2679 5762 2796 5818 —v-v:
