4050 6294
267 291 363 346 377

1419 285 1558 343 cun
1600 287 1779 344 usus
1819 285 2030 343 nono.
2059 315 2129 328 -
2155 245 2281 340 eis.
2314 285 2354 339 ι.

3408 282 3512 340 373

267 404 455 469 injuste
489 398 730 458 abstulit.
765 397 956 462 solvit;
985 398 1089 452 hoc
1120 398 1275 452 debet
1300 398 1450 462 dare,
1486 401 1626 468 quod
1657 399 1836 453 abillo
1869 404 1910 460 Λ
1943 399 2064 469 legi,
2107 399 2307 452 nullius
2344 397 2621 465 suhjaceat
2654 395 2860 465 judicio
2909 395 3022 459 ”"',
3059 404 3112 450 et
3148 395 3217 449 sit
3247 395 3318 472 ita
3359 373 3508 449 beni-

269 508 364 546 non
394 500 580 559 posset
603 489 766 557 exigi,
792 489 836 542 si
863 487 1095 541 alienum
1128 503 1232 540 non
1261 489 1548 557 rapuisset.
1585 489 1677 542 Sic
1706 504 1835 558 ergo

265 582 418 636 debet
461 581 640 634 omnis
685 580 774 648 qui
829 589 1048 648 pceeat,
1099 578 1381 645 honorem,
1440 595 1602 648 quem
1657 581 1834 648 rapuit

254 673 391 734 Deo,
419 670 658 733 solvere;
702 678 756 722 et
787 667 900 721 ha-c
933 678 1016 722 cst
1045 668 1138 699 ’³³⁵
1165 667 1488 732 satisfactio,
1528 682 1692 736 quam
1714 683 1832 722 om-

264 761 339 816 nis
369 771 624 830 pcccator
647 759 806 813 debet
835 759 944 812 Deo
972 758 1153 813 facere
1203 758 1328 812 Bos.
1365 758 1420 811 In
1447 757 1532 812 his
1558 759 1831 822 omnibus,

262 853 508 921 quoniam
542 852 806 905 rationem
835 851 986 919 sequi
1013 850 1412 920 proposuimus,
1446 851 1693 918 quamvis
1729 850 1830 905 ali-

263 941 573 1012 quantulum
607 956 693 995 me
717 951 943 1006 torreas,
975 940 1112 994 nihil
1144 941 1316 996 habeo
1349 941 1492 1011 quod
1519 943 1723 1011 possim
1750 942 1834 996 di-

260 1048 376 1089 εει-θ
399 1042 612 1088 contra.

840 1121 1070 1178 CAPUT
1110 1121 1224 1177 XII.

260 1235 443 1291 Utrum
475 1234 588 1292 sola
629 1234 1003 1306 misericordia,
1025 1234 1136 1288 sine
1169 1235 1312 1306 omni
1348 1236 1508 1290 debiti
1533 1235 1822 1306 solutione,

269 1364 273 1368 ,
567 1307 745 1359 deceat
775 1305 943 1358 Deum
978 1315 1190 1374 peccata
1231 1304 1508 1360 dimittere.

319 1398 451 1453 Axs.
503 1396 809 1451 Redeamus
841 1407 897 1450 et
926 1395 1204 1451 videamus
1241 1406 1422 1452 utrum
1456 1397 1568 1452 sola
1611 1397 1820 1453 miseri-

259 1489 458 1548 cordia.
491 1490 609 1544 sine
637 1488 783 1543 omni
823 1487 1092 1542 solutione
1123 1487 1285 1542 ablati
1324 1479 1424 1542 sibi
1459 1488 1703 1554 honoris,
1732 1488 1824 1542 de-

257 1595 372 1638 ccat
425 1583 590 1636 Deum
634 1591 853 1650 peccata
893 1582 1186 1635 dimittere.
1225 1579 1351 1634 Bos.
1398 1577 1512 1633 Non
1545 1579 1698 1634 video
1729 1594 1826 1632 cur

260 1689 361 1726 non
393 1673 601 1728 deceat.
638 1671 768 1726 Axs.
809 1671 900 1726 Sic
942 1669 1216 1726 dimittere
1263 1680 1540 1739 peccatum
1584 1683 1689 1722 non
1739 1676 1824 1722 est

256 1763 394 1816 aliud
426 1778 590 1832 quam
627 1777 732 1817 non
765 1761 978 1832 punire,
1019 1771 1074 1815 et
1110 1759 1370 1831 quoniam
1394 1766 1542 1814 recte
1571 1759 1824 1813 ordinare

257 1861 531 1921 peccatum
562 1853 678 1907 sine
706 1852 1098 1917 satisfactione,
1128 1867 1234 1907 non
1266 1861 1348 1906 est
1385 1850 1488 1905 nisi
1519 1849 1747 1921 punire;
1777 1853 1823 1906 si

257 1961 352 1999 non
386 1945 625 2015 punitur,
659 1945 1023 1999 inordinatum
1060 1944 1370 1998 dimittitur.
1407 1943 1534 1999 Bos.
1567 1943 1823 1998 Rationa-

253 2033 353 2087 bile
379 2042 466 2087 est
496 2034 637 2102 quod
661 2035 818 2089 dicis.
848 2034 976 2088 Axs.
1020 2034 1186 2088 Deum
1223 2047 1352 2088 vero
1391 2049 1498 2090 non
1535 2034 1691 2090 decet
1720 2034 1822 2087 ali-

251 2121 373 2188 quid
410 2120 464 2174 in
495 2136 594 2175 suo
633 2136 797 2192 regno
861 2121 1225 2176 inordinatum
1266 2121 1562 2177 dimittere.
1605 2121 1729 2177 Bos.
1764 2123 1820 2177 Si

252 2212 390 2266 aliud
439 2211 562 2266 volo
615 2213 710 2244 ⁸³³⁸
752 2213 957 2278 dicere,
1002 2214 1165 2269 timeo
1209 2229 1453 2282 peccare.
1492 2219 1619 2273 Axs.
1655 2217 1824 2286 Igitur

251 2320 347 2357 non
380 2304 540 2359 decet
571 2304 737 2359 Deum
767 2317 1045 2376 peccatum
1078 2307 1156 2362 sic
1180 2307 1504 2378 impunitum
1527 2309 1820 2364 dimittere.

249 2394 370 2450 Bos.
407 2395 486 2450 Ita
519 2397 784 2466 sequitur.
816 2398 944 2452 Axs.
980 2398 1073 2452 Est
1103 2410 1158 2454 et
1188 2399 1332 2454 aliud
1367 2399 1507 2468 quod
1554 2399 1821 2468 sequitur,

237 2489 288 2543 si
318 2497 602 2559 peccatum
632 2488 676 2543 si
703 2488 998 2544 dimittitur
1025 2490 1380 2560 impunitum;
1415 2490 1539 2558 quia
1572 2490 1823 2545 similiter

248 2582 345 2634 crit
382 2579 522 2650 apud
567 2581 740 2634 Deum
781 2581 1045 2650 peccanti.
1089 2591 1144 2635 et
1195 2595 1299 2634 non
1346 2581 1594 2648 peccanti
1628 2597 1640 2634 :
1671 2579 1813 2649 quod

248 2665 347 2720 Deo
379 2681 486 2719 non
513 2667 789 2720 cenvenit.
837 2666 961 2722 Bos.
1013 2665 1129 2720 Non
1178 2680 1397 2736 possum
1440 2681 1661 2734 negare.
1690 2666 1817 2721 Axs.

249 2757 374 2812 Vide
401 2766 458 2810 et
487 2757 589 2812 hoc
620 2777 631 2810 :
662 2757 940 2811 Justitiam
991 2758 1270 2812 hominum
1306 2771 1469 2812 nemo
1499 2758 1673 2812 nescit
1701 2771 1820 2812 esse

245 2847 338 2900 sub
373 2847 511 2915 lege,
541 2855 600 2900 ut
629 2849 930 2902 secundum
976 2849 1095 2919 ejus
1137 2853 1517 2919 quantitatem,
1560 2863 1818 2904 mensura

243 2936 617 2991 retributionis
643 2952 672 2990 a
719 2937 829 2992 Deo
871 2950 1330 3010 recompensetur.
1371 2943 1495 2995 Bos.
1535 2939 1610 2993 Ita
1639 2941 1818 2994 credi-

243 3041 381 3079 tnus.
408 3025 537 3080 Axs.
575 3025 630 3080 Si
664 3035 843 3080 autem
878 3040 1158 3097 peccatum
1181 3047 1279 3086 nec
1304 3032 1557 3100 solvitur,
1590 3048 1690 3088 nec
1716 3047 1815 3101 pu-

242 3117 404 3181 nitur,
453 3117 586 3171 nulli
625 3118 725 3187 legi
764 3118 1025 3188 subjacet.
1073 3120 1200 3177 Bos.
1242 3122 1360 3178 Non
1405 3141 1625 3195 possum
1656 3125 1815 3181 aliter

241 3205 560 3277 intelligere.
585 3208 710 3263 Axs.
743 3208 993 3267 Liberior
1021 3211 1184 3283 igitur
1218 3222 1301 3268 est
1329 3214 1595 3284 injustitia
1625 3216 1740 3281 "3’,
1768 3216 1813 3271 si

238 3296 344 3350 sola
397 3297 773 3353 misericordia
817 3299 1132 3368 dimittitur,
1178 3319 1338 3372 quam
1379 3303 1592 3372 justitia
1624 3323 1638 3359 :
1669 3305 1814 3374 quod

238 3388 388 3442 valde
427 3389 818 3445 inconveniens
856 3391 1091 3447 videtur.
1127 3391 1208 3448 Ad
1242 3394 1346 3449 hoc
1384 3395 1548 3450 etiam
1591 3395 1686 3426 ’³³⁸
1715 3411 1812 3449 ex-

241 3479 481 3532 tenditur
505 3467 619 3532 bzec
654 3479 1111 3549 inconvenientia,
1155 3492 1213 3536 ut
1255 3483 1571 3554 iujustitiam
1605 3485 1713 3538 Deo
1742 3485 1814 3538 si-

237 3571 416 3624 milem
453 3570 619 3626 faciat
654 3572 767 3636 “",
815 3573 941 3642 quia
991 3575 1130 3629 sicut
1169 3575 1311 3631 Deus
1346 3575 1544 3631 nullius
1582 3576 1684 3648 legi
1720 3573 1812 3608 ’³⁸⁸

233 3663 502 3732 subiacet,
540 3664 610 3718 ita
635 3673 688 3720 et
719 3663 1003 3734 iniustitia.
1035 3665 1160 3722 Bos.
1190 3666 1412 3738 Nequeo
1437 3669 1695 3724 resistere
1726 3685 1814 3724 ra-

234 3755 364 3810 tioni
411 3766 521 3810 tua:
561 3773 574 3808 ε
612 3754 727 3820 sed,
769 3772 891 3810 cum
930 3757 1069 3812 Deus
1099 3758 1252 3812 nobis
1281 3757 1562 3827 praecipiat
1589 3759 1812 3812 omnino

231 3847 509 3904 dimittere
537 3847 889 3918 peccantibus
926 3848 978 3901 in
1031 3864 1148 3914 nos,
1180 3849 1394 3904 videtur
1423 3865 1724 3922 repugnare
1755 3858 1815 3904 ut

229 3937 332 3992 hoc
381 3940 662 4010 prmcipiat
711 3938 802 3972 ¹³⁶¹
845 3940 1022 4003 nobis,
1064 3942 1205 4009 quod
1258 3942 1432 4012 ipsum
1483 3942 1665 3996 facere
1702 3956 1810 3997 non

229 4028 407 4083 decet.
465 4029 595 4083 Axs.
647 4029 802 4085 Nulla
848 4030 900 4085 in
952 4031 1054 4085 hoc
1102 4040 1184 4086 est
1233 4033 1623 4104 repugnantia;
1681 4033 1809 4102 quia

202 4119 374 4175 ‘Deus
404 4121 510 4176 hoc
541 4123 781 4193 prtecipit
823 4124 978 4178 nobis
1024 4133 1081 4178 ut
1108 4139 1211 4180 non
1241 4139 1635 4193 przesumamus
1663 4123 1810 4195 quod

225 4211 396 4267 solius
431 4213 528 4268 Dei
568 4223 671 4268 est.
712 4214 792 4269 Ad
824 4214 1030 4270 nullum
1060 4219 1203 4272 enim
1241 4217 1473 4285 pertinet
1511 4216 1806 4272 vindictam

223 4299 434 4368 facere,
492 4303 596 4356 nisi
641 4303 708 4358 ad
757 4304 904 4358 illum
943 4306 1035 4375 qui
1081 4306 1340 4361 Dominus
1388 4314 1472 4360 est
1511 4306 1751 4366 omnium
1789 4323 1803 4360 :

225 4407 350 4444 nam
384 4408 508 4446 cum
543 4404 773 4449 terrenae
801 4404 1096 4464 potestates
1121 4396 1223 4451 hoc
1255 4404 1401 4451 recte
1426 4395 1652 4460 faciunt,
1687 4396 1801 4466 ipse

221 4479 353 4534 facit
387 4480 548 4548 Deus,
574 4499 601 4536 a
631 4499 738 4554 quo
765 4484 859 4518 ”"
887 4483 955 4539 ad
1000 4486 1104 4541 hoc
1143 4485 1318 4555 ipsum
1355 4493 1483 4540 sunt
1511 4485 1796 4540 ordinatas.

219 4570 345 4624 Bos.
383 4571 681 4626 Removisti
725 4573 824 4606 'm
857 4575 1295 4645 repugnantiam,
1340 4587 1500 4645 quam
1540 4575 1799 4645 putabam

213 4662 436 4728 inesse;
470 4664 562 4717 sed
588 4672 672 4719 est
699 4664 864 4731 aliud,
887 4665 953 4718 ad
983 4667 1124 4736 quod
1155 4675 1306 4720 tuum
1340 4665 1463 4720 volo
1487 4666 1685 4720 habere
1713 4681 1800 4721 re-

213 4767 481 4821 SpOusum
517 4773 529 4809 :
564 4772 710 4819 nam,
753 4771 876 4810 cum
913 4757 1054 4811 Deus
1084 4757 1162 4812 sic
1187 4757 1256 4811 sit
1284 4757 1420 4811 liber
1446 4759 1541 4791 '3“
1571 4766 1628 4811 ut
1659 4757 1790 4810 milli

1940 503 2076 558 guns
2119 498 2176 541 ut
2207 487 2338 542 nihil
2373 489 2655 558 benignius
2696 488 2922 557 cogitari
2962 473 3146 556 queat,
3186 495 3238 540 et
3281 478 3411 540 nihil
3440 488 3509 540 sit

1940 590 2141 635 rectum
2170 591 2261 635 aut
2292 583 2512 647 decens,
2546 582 2645 636 nisi
2676 581 2818 650 quod
2861 581 2974 649 ipse
3009 579 3120 633 vult
3147 597 3160 632 :
3197 579 3393 632 mirum
3423 579 3506 632 vi-

1937 669 2112 735 detur,
2139 670 2182 723 si
2213 669 2442 723 dicimus
2465 671 2591 738 quia
2624 671 2933 725 nullatenus
2965 669 3096 733 vult,
3129 678 3344 722 aut'non
3371 670 3418 723 ei
3446 669 3508 721 Ii-

1935 769 2020 814 cet
2051 759 2304 828 injuriam
2347 763 2457 831 80
2495 777 2649 815 suam
2691 763 2989 827 dimittere,
3031 777 3060 814 a
3099 777 3204 830 quo
3235 761 3397 814 etiam
3441 759 3506 813 de

1936 853 2041 917 his,
2085 867 2222 922 quas
2267 853 2387 908 aliis
2432 856 2678 921 i’acinms,
2714 853 2950 908 solemus
2997 853 3382 923 indulgentiam
3413 865 3505 920 pe-

1934 951 2067 997 tere.
2100 942 2227 996 Axs.
2261 941 2458 996 Verum
2486 951 2563 996 est
2597 945 2738 1012 quod
2771 943 2905 997 dicis
2934 945 2997 995 de
3020 942 3296 1006 libertate,
3326 951 3378 995 et
3409 958 3504 996 vo-

1935 1036 2161 1099 luntate,
2197 1043 2250 1088 et
2291 1033 2626 1104 benignitate
2665 1034 2840 1096 illius;
2875 1034 2966 1087 sed
3010 1033 3087 1088 sic
3116 1049 3208 1087 eas
3244 1033 3502 1087 debemus

1933 1123 2323 1178 rationabiliter
2349 1123 2649 1194 intelligere
2675 1134 2732 1177 ut
2753 1123 3001 1194 dignitati
3030 1111 3298 1178 illiusnon
3323 1126 3502 1178 vidca-

1932 1229 2051 1267 tuus
2084 1228 2407 1283 repugnare.
2439 1213 2686 1269 Libertas
2714 1214 2854 1268 enim
2890 1229 2993 1266 non
3025 1223 3104 1268 est
3138 1215 3238 1268 nisi
3278 1216 3342 1268 ad
3372 1214 3500 1280 hoc,

1928 1301 2072 1370 quod
2103 1301 2319 1370 expedit
2341 1311 2433 1355 aut
2459 1302 2599 1370 quod
2631 1301 2785 1355 decet
2812 1301 2933 1367 ³³³⁵⁶ς
2971 1317 3067 1357 nec
3101 1303 3400 1372 benignitas
3422 1304 3501 1357 di-

1928 1395 2100 1446 cenda
2135 1400 2238 1456 est,
2270 1408 2392 1461 quae
2429 1393 2631 1462 aliquid
2664 1393 2773 1448 Deo
2805 1393 3061 1448 indecens
3098 1406 3356 1464 operatur
3383 1397 3498 1451 ηδτ.

1927 1482 2079 1548 Quod
2117 1491 2293 1537 autem
2328 1483 2545 1552 dicitur,
2585 1485 2705 1554 quia
2747 1485 2887 1556 quod
2919 1485 3029 1538 vult
3061 1484 3265 1553 justum
3300 1496 3405 1550 est,
3446 1499 3500 1543 et

1927 1574 2068 1644 quod
2100 1587 2204 1630 non
2234 1574 2367 1641 vult,
2397 1576 2601 1645 justum
2630 1590 2733 1629 non
2771 1585 2890 1640 est;
2943 1590 3052 1628 non
3090 1577 3160 1630 ita
3192 1576 3501 1646 intelligen-

1927 1664 2054 1718 dum
2091 1674 2194 1729 est,
2234 1675 2294 1719 ut
2336 1666 2379 1719 si
2425 1664 2566 1720 Deus
2611 1665 2742 1719 velit
2779 1664 3054 1734 quodlibet
3097 1666 3499 1731 inconveniens,

1855 1731 2128 1827 Bjustum
2163 1756 2264 1822 sit,
2307 1757 2433 1826 quia
2476 1757 2590 1828 ipse
2627 1757 2757 1810 vult.
2799 1757 2913 1813 Non
2956 1761 3102 1815 enim
3144 1758 3408 1829 sequitur,
3453 1759 3501 1814 si

1929 1848 2071 1904 Deus
2100 1849 2214 1903 vult
2244 1850 2485 1914 mentiri,
2515 1850 2719 1920 justum
2757 1867 2875 1906 csse
2909 1853 3158 1918 mentiri;
3199 1852 3292 1906 sed
3324 1851 3502 1922 potius

1928 1937 2093 1993 Deum
2129 1939 2276 1993 illum
2311 1955 2416 1993 non
2461 1955 2599 1993 esse.
2632 1938 2766 1992 Nam
2796 1955 3136 2011 nequaquam
3165 1951 3340 2012 potest
3365 1941 3501 1995 velle

1926 2032 2144 2088 mentiri
2186 2033 2458 2097 voluntas,
2499 2031 2598 2085 nisi
2633 2032 2684 2085 in
2725 2047 2830 2101 qua
2862 2019 3117 2103 cerrupta
3159 2042 3244 2088 est
3275 2034 3496 2100 veritas,

1927 2120 2038 2176 imo
2091 2110 2214 2194 quae
2261 2124 2562 2179 deserendo
2600 2124 2885 2178 veritatem
2931 2118 3182 2195 corrupta
3221 2135 3323 2179 est.
3365 2124 3499 2179 Cum

1924 2226 2054 2282 ergo
2083 2213 2304 2279 dicitur,
2345 2213 2388 2268 si
2448 2213 2586 2268 Deus
2627 2212 2740 2266 vult
2782 2213 3036 2278 mentiri,
3077 2229 3182 2267 non
3231 2222 3310 2268 est
3356 2213 3502 2267 aliud

1923 2317 2088 2372 quam
2129 2304 2174 2358 si
2221 2303 2363 2359 Deus
2403 2315 2488 2358 est
2527 2305 2646 2358 talis
2676 2311 2868 2358 natura
2901 2304 3014 2372 'm,
3050 2319 3169 2374 quae
3195 2303 3328 2358 velit
3351 2319 3500 2357 men-

1924 2395 2013 2448 tiri
2059 2412 2074 2448 :
2110 2404 2166 2450 et
2202 2395 2406 2450 idcirco
2444 2412 2549 2451 non
2584 2399 2861 2467 sequitur,
2887 2397 3091 2466 justum
3130 2411 3250 2452 esse
3276 2396 3499 2450 menda-

1923 2487 2088 2553 cium,
2121 2487 2222 2541 nisi
2250 2488 2321 2541 ita
2353 2487 2708 2560 intelligatur,
2734 2492 2875 2544 sicut
2903 2506 3030 2545 cum
3059 2489 3125 2544 de
3161 2489 3369 2542 duobus
3399 2488 3498 2542 im-

1919 2577 2269 2646 possibilibus
2323 2578 2558 2634 dicimus
2600 2597 2612 2632 :
2662 2579 2718 2635 Si
2762 2581 2864 2634 hoc
2903 2589 3008 2645 cst,
3050 2580 3178 2634 illud
3218 2591 3328 2645 est;
3373 2579 3498 2648 quia

1923 2683 2022 2722 nec
2055 2670 2178 2734 hoc,
2230 2683 2331 2724 nec
2371 2668 2500 2724 illud
2539 2681 2622 2725 est
2659 2688 2672 2725 :
2709 2680 2768 2724 ut
2799 2671 2843 2726 si
2887 2671 3010 2740 quis
3037 2671 3181 2725 dicat
3216 2689 3228 2723 :
3261 2669 3318 2724 Si
3360 2685 3497 2738 aqua

1915 2770 2004 2812 est
2023 2759 2189 2824 sicca,
2213 2767 2269 2814 et
2291 2759 2429 2830 ignis
2451 2768 2535 2814 est
2567 2759 2850 2823 humidus;
2872 2769 3122 2814 neutrum
3146 2760 3289 2813 enim
3310 2775 3496 2814 verum

1921 2858 2023 2904 est.
2059 2849 2249 2919 Itaque
2279 2851 2345 2905 de
2387 2851 2493 2905 illis
2537 2860 2745 2906 tantum
2778 2861 2861 2907 est
2902 2867 3090 2906 verum
3139 2845 3322 2906 dicere
3369 2869 3382 2903 :
3436 2850 3496 2904 Si

1921 2939 2064 2993 Deus
2104 2940 2206 2994 hoc
2247 2940 2378 3003 vult,
2417 2939 2623 3009 justum
2665 2951 2750 2996 est
2796 2959 2809 2995 :
2851 2957 2972 3011 qua:
3002 2941 3166 2996 Deum
3209 2939 3350 2995 velle
3389 2955 3494 2993 non

1922 3039 2008 3086 est
2039 3031 2444 3086 inconveniens.
2487 3031 2542 3086 Si
2591 3032 2737 3087 enim
2778 3031 2892 3086 vult
2935 3032 3076 3086 Deus
3115 3040 3175 3085 ut
3212 3031 3380 3101 pluat,
3409 3030 3498 3098 ju-

1842 3103 1884 3161 C
1921 3111 2062 3175 stum
2090 3131 2172 3176 est
2211 3132 2267 3176 ut
2316 3121 2496 3192 pluat;
2531 3133 2584 3179 et
2616 3124 2659 3178 si
2696 3124 2811 3179 vult
2845 3136 2901 3177 ut
2928 3123 3121 3193 aliquis
3161 3124 3322 3178 homo
3354 3123 3497 3177 occi-

1919 3211 2100 3277 datur,
2126 3211 2330 3280 justum
2373 3222 2457 3267 est
2495 3223 2551 3268 ut
2593 3215 2892 3269 occidatur.
2935 3215 3276 3283 Quapropter
3313 3214 3355 3268 si
3389 3229 3495 3268 non

1918 3300 2073 3356 decet
2108 3301 2277 3356 Deum
2317 3302 2520 3372 aliquid
2562 3303 2762 3370 injuste
2803 3314 2898 3358 aut
2946 3305 3253 3359 inordinate
3292 3303 3493 3366 facere,

1917 3407 2026 3446 non
2068 3395 2305 3464 pertinet
2342 3397 2408 3449 ad
2441 3395 2558 3463 ejus
2597 3395 2926 3460 libertatem,
2958 3406 3050 3450 aut
3079 3395 3491 3467 benignitatem,

1919 3493 2012 3538 aut
2041 3484 2395 3552 voluntatem,
2424 3495 2742 3556 peccantem
2766 3487 2857 3557 qui
2885 3503 2988 3542 non
3013 3486 3166 3543 solvit
3202 3487 3330 3554 Deo,
3351 3487 3496 3556 quod

1915 3577 2160 3645 abstulit,
2189 3577 2515 3649 impunitum
2545 3579 2841 3635 dimittere.
2874 3579 2998 3634 Bos.
3027 3579 3219 3636 Omnia
3243 3579 3373 3632 mihi
3399 3593 3496 3630 auo

1915 3667 2046 3728 fers.
2080 3685 2199 3740 qum
2230 3671 2484 3740 putabant
2527 3671 2620 3727 tibi
2653 3687 2813 3741 posse
2851 3672 3037 3742 objici.
3075 3671 3202 3725 Axs.
3239 3669 3373 3725 Vide
3400 3670 3495 3722 ad-

1914 3758 2020 3812 huc
2046 3774 2143 3812 cur
2175 3759 2339 3814 Deum
2379 3777 2486 3816 non
2525 3761 2715 3816 deceat
2749 3761 2851 3816 hoc
2880 3759 3062 3816 facere
3101 3760 3212 3812 "".
3242 3758 3366 3813 Bos.
3400 3756 3493 3810 Li-

1916 3850 2109 3905 benter
2131 3852 2378 3908 ausculto
2403 3853 2662 3924 quidquid
2690 3852 2846 3908 dicis.

2498 3959 2726 4016 CAPUT
2760 3959 2898 4013 XIII.

1917 4049 2070 4116 Quod
2111 4052 2240 4105 nihil
2271 4054 2442 4106 minus
2477 4053 2542 4106 sit
2590 4051 2923 4104 tolerandum
2967 4051 3020 4104 in
3063 4066 3238 4103 rerum
3285 4049 3489 4114 ordine,

1984 4139 2141 4191 quam
2170 4133 2224 4174 ut
2255 4131 2495 4176 creatura
2526 4121 2765 4174 Creatori
2805 4121 3034 4173 debitum
3077 4120 3322 4173 honorem
3345 4120 3494 4187 aufe-

1984 4201 2087 4255 rat,
2122 4202 2168 4246 et
2199 4209 2302 4246 non
2338 4192 2432 4224 “'°
2462 4193 2624 4246 soleat
2648 4191 2786 4260 quod
2813 4195 3008 4258 aufert.
3067 4217 3069 4220 ⁴

1983 4305 2114 4360 Axs.
2151 4301 2293 4358 Nihil
2319 4303 2498 4356 minus
2530 4300 2878 4356 tolerandum
2906 4309 2990 4356 est
3016 4300 3068 4355 in
3094 4315 3276 4355 rerum
3301 4300 3494 4354 ordine

1915 4401 2161 4464 quam‘ut
2193 4401 2448 4447 creatura
2485 4390 2738 4446 Creatori
2769 4391 3009 4445 debitum
3047 4392 3304 4444 honorem
3337 4389 3491 4443 aufe-

1916 4493 2020 4549 rat,
2069 4499 2174 4548 non
2209 4483 2380 4539 solvat
2417 4481 2561 4552 quod
2620 4481 2815 4536 aufert.
2867 4480 2992 4536 Bos.
3041 4482 3154 4536 lloc
3204 4481 3339 4537 nihil
3378 4481 3490 4535 cla;

1912 4579 2024 4632 rius
2052 4577 2168 4630 "".
2204 4576 2334 4631 Axs.
2367 4573 2510 4628 Nihil
2539 4582 2721 4628 autem
2752 4572 3006 4643 injustius
3037 4573 3297 4629 toleratur
3327 4587 3490 4643 quam

1909 4681 2018 4735 quo
2045 4666 2178 4720 nihil
2206 4666 2383 4721 minus
2408 4674 2493 4720 est
2521 4663 2885 4719 tolerandum.
2922 4664 3048 4720 Bos.
3074 4663 3262 4732 Neque
3285 4663 3386 4716 hoc
3409 4668 3494 4721 est

1908 4755 2222 4809 obscurum.
2249 4755 2376 4808 Axs.
2408 4753 2545 4808 Puto
2573 4767 2702 4826 ergo
2725 4753 2856 4824 quia
2887 4767 2992 4808 non
3021 4753 3170 4808 dices
3202 4751 3369 4806 Dcmn
3401 4750 3496 4803 dce

1507 4939 1736 4995 VARI/Ii
1779 4937 2191 4995 LECTIONES.

274 5094 486 5168 'P'ﬁt
514 5096 618 5168 hoc
642 5105 872 5168 estmss.
901 5105 956 5152 et
989 5099 1103 5154 haec
1134 5106 1218 5152 est
1286 5097 1385 5168 ΡΨ
1412 5096 1469 5152 Si
1495 5096 1692 5168 aliquid
1718 5098 1863 5152 aliud
1887 5097 2008 5151 volo
2039 5113 2173 5168 mss.
2193 5096 2408 5168 sialiud
2440 5098 2560 5153 volo
2638 5097 2731 5130 ³³³⁷
2761 5095 3048 5168 Estomnis
3073 5091 3484 5168 injustitia_mss.

208 5164 513 5234 I'iclJoly.
537 5164 984 5234 Gem.Bec.omit.
1006 5169 1182 5223 omnis
1253 5167 1438 5221 m'Ad
1459 5163 1754 5222 hzec'etiam
1776 5177 1960 5222 mss.et
1991 5165 2370 5221 edit.Goth.ad
2403 5167 2504 5221 hoc
2534 5168 2721 5222 etiam.
2751 5169 2848 5200 ³³³⁹
2883 5166 3126 5220 Similem
3159 5178 3280 5218 esse
3329 5163 3492 5234 faciat

197 5253 331 5290 nus.
374 5245 423 5287 et
453 5233 579 5287 edit.
613 5233 766 5289 Goth.
798 5237 1026 5291 similem
1055 5237 1217 5292 faciat
1288 5237 1647 5306 m“iNullilegi
1678 5255 1802 5290 mss.
1832 5237 2028 5291 nullius
2059 5237 2161 5305 legi
2235 5238 2325 5268 ⁸³⁵⁸
2360 5237 2427 5292 Ut
2457 5238 2572 5291 haec
2608 5237 2882 5306 praecipiat
2906 5251 3032 5290 mss.
3060 5245 3109 5306 et
3165 5234 3291 5306 edit.
3333 5233 3488 5306 Com.

196 5314 258 5377 ut
277 5308 394 5358 hoc
407 5305 685 5377 praecipiat
723 5307 847 5377 _”“
873 5307 1022 5362 Facit
1040 5309 1197 5371 Deus,
1220 5323 1370 5377 aquo
1387 5324 1511 5364 mss.
1545 5301 1727 5362 Cister.
1746 5307 1876 5361 facit.
1893 5322 1922 5360 a
1947 5322 2054 5376 quo
2113 5301 2223 5343 ’³⁸³⁸³
2251 5307 2488 5362 Anselm.
2507 5301 2798 5361 Removisti
2823 5305 3158 5377 mss.et‘edit.
3175 5301 3331 5377 (30th.
3351 5303 3487 5357 Bosa

196 5375 516 5430 Itemovisti

594 5374 691 5406 ““
722 5375 860 5447 Deus
883 5381 950 5432 sit
977 5377 1248 5432 libermss.
1273 5374 1320 5432 et
1366 5379 1522 5431 editio
1554 5377 1771 5431 Gothica
1811 5378 1948 5432 Deus
1966 5374 2050 5431 sic
2075 5379 2144 5433 sit
2168 5378 2304 5432 liber
2377 5377 2471 5408 ""'
2501 5377 2704 5430 Nullius
2727 5377 2858 5447 legis
2878 5375 3134 5447 subjaceti
3162 5375 3357 5447 ju_ditio
3385 5390 3489 5426 mss

199 5445 243 5496 γ
271 5456 349 5519 ct.
377 5442 708 5519 {oly,Cis_ter:
721 5446 952 5519 etAlIlich.
978 5460 1024 5501 et
1046 5449 1173 5501 edit.
1197 5447 1351 5502 Goth.
1378 5449 1642 5519 nullilegi,
1661 5447 2352 5519 nulliussuhjaeeatjudieio
2424 5447 2518 5478 ³³⁵⁸
2539 5442 3031 5519 Aut__decet_ntss.'et
3051 5442 3178 5519 edit;
3201 5443 3357 5519 ροιζι.
3386 5453 3480 5519 aut

188 5515 348 5579 quml
385 5512 572 5588 decc_t_
611 5514 708 5588 f3"
753 5516 1017 5586 Operetur
1037 5535 1160 5572 mss.
1188 5530 1234 5572 et
1258 5521 1384 5572 edit.
1441 5512 1596 5573 Catii.
1625 5512 1879 5588 cperatur
1950 5512 2045 5550 im
2091 5512 2238 5573 Talis
2261 5527 2464 5588 natura:
2487 5515 2764 5588 ῃηδΝἱει.
2799 5515 2926 5586 1on
2955 5526 3000 5568 et
3030 5516 3153 5588 edit.
3193 5512 3492 5588 Qatlt._t_alis

185 5595 412 5659 natura
479 5583 591 5659 1’9
609 5582 931 5642 Deeeat'htec
954 5589 1128 5642 facere
1150 5606 1274 5642 mss.
1297 5598 1343 5640 et
1406 5589 1530 5643 edit.
1560 5582 1714 5642 (ἔξιθι.
1762 5589 1947 5642 deceat
1975 5588 2079 5644 hoc
2111 5589 2286 5643 facere
2359 5587 2452 5618 ²³⁵⁰
2484 5586 2546 5641 Et
2580 5588 2720 5659 quod
2748 5602 2849 5642 non
2878 5582 2999 5641 tius.
3025 5583 3172 5641 Gem.
3199 5583 3322 5642 Hec.
3353 5582 3488 5637 Vict.

186 5667 235 5708 et
266 5653 418 5708 edit.
469 5652 622 5708 Galli.
659 5665 712 5712 et
749 5674 852 5714 non

951 5660 1041 5692 ³³⁵³
1073 5659 1213 5715 Nihil
1238 5659 1656 5729 elarittsjutlicio
1687 5675 1807 5712 mss.
1844 5659 1944 5714 hoc
1983 5660 2114 5716 nihil
2169 5659 2366 5718 clarius
