4050 6294
568 364 637 421 79
1058 362 1117 419 S.
1156 360 1460 418 ANSELMI
1491 361 1842 419 CANTUAR.
1890 361 2210 419 ARCHIEP.
2262 359 2413 419 OPP.
2448 358 2627 415 PARS
2668 358 2712 417 ἰ.
2736 392 2808 401 --
2844 361 3241 424 DOGMATICA

3699 369 3806 427 580

530 475 660 530 bere
687 474 918 529 tolerare
944 473 1062 537 ’3",
1103 488 1209 542 quo
1241 472 1372 526 nihil
1406 471 1655 541 iujustius
1690 474 1955 531 toleratur
1986 492 1997 527 :
2032 485 2110 536 ut,
2148 485 2186 534 Α
2224 473 2384 527 vertit
2412 474 2701 530 utilitatem
2732 494 2743 529 :
2779 475 2880 532 hoc
2912 486 3088 530 tamen
3120 479 3261 547 quod
3293 477 3495 547 aufert,
3526 481 3697 537 utitur
3739 485 3808 537 a.-I

530 565 675 633 quod
702 574 954 619 creatura
985 564 1080 595 ’³⁵³
1104 578 1208 617 non
1238 564 1427 616 reddat
1457 564 1564 617 Deo
1587 565 1729 633 quod
1762 564 1957 619 aufert.
1989 563 2113 618 Bos.

530 656 644 710 lmo
667 657 885 725 penitus
929 655 1235 725 negandum
1262 670 1385 709 esse
1416 656 1572 709 video
1598 657 1710 710 ἐσθ’.
1743 656 1872 712 Axs.
1908 656 2035 711 Item
2067 658 2113 710 si

532 744 643 798 Deo
690 744 822 797 nihil
871 744 1044 811 majus
1087 753 1181 799 aut
1226 746 1420 800 melius
1459 758 1543 801 est
1591 747 1709 814 ηπ,
1756 748 1890 801 nihil
1915 747 2116 816 justius

528 848 690 900 quam
732 848 850 901 qua:
881 834 976 864 ’³⁵⁸
1013 835 1272 889 honorem
1313 836 1457 891 illius
1501 848 1685 892 servat
1715 838 1810 871 ’⁸³⁷
1851 840 1902 893 in
1934 855 2114 893 rerum

531 924 902 992 dispositione,
925 941 1136 981 summa
1153 925 1387 994 jnstitia,
1408 944 1528 998 qua:
1546 945 1651 983 non
1675 939 1758 985 est
1784 931 1927 984 aliud
1953 946 2113 999 quam

534 1016 649 1084 ipse
703 1015 862 1070 Deus.
905 1016 1027 1072 Bos.
1082 1016 1195 1073 Hoc
1240 1036 1454 1090 quoque
1499 1022 1635 1076 nihil
1680 1023 1945 1092 apertius.
1983 1024 2111 1079 Αιιε.

532 1103 674 1158 Nihil
701 1122 831 1178 ergo
853 1117 1038 1161 servat
1071 1108 1213 1163 Deus
1237 1110 1438 1179 juslius
1482 1128 1644 1182 quam
1690 1130 1800 1168 sua:
1837 1114 2119 1185 dignitatis

532 1195 820 1251 honorem.
856 1196 979 1251 Bos.
1008 1197 1318 1255 Concedere
1345 1216 1429 1255 me
1456 1212 1669 1270 oportet
1698 1203 1812 1253 ηδε.
1854 1203 1984 1258 ΑΝε.
2020 1202 2114 1257 Vi-

532 1284 693 1339 detur
725 1286 819 1340 tihi
853 1289 995 1357 quod
1021 1304 1142 1342 eum
1170 1290 1381 1359 integre
1408 1302 1589 1347 servet
1614 1293 1658 1346 si
1686 1294 1764 1348 sic
1786 1293 1989 1348 auferri
2012 1295 2115 1349 sibi

532 1376 830 1443 permittit,
864 1388 918 1431 ut
959 1393 1059 1433 nec
1081 1380 1344 1445 solvatur,
1381 1397 1479 1437 nec
1510 1383 1624 1451 ipse
1650 1385 1987 1440 auferentem
2019 1403 2116 1457 pu-

534 1468 681 1521 niat?
714 1468 837 1524 Bos.
871 1469 986 1524 Non
1019 1473 1192 1527 audeo
1222 1472 1424 1528 dicere.
1460 1475 1587 1529 Axs.
1618 1474 1849 1532 Necesse
1878 1488 1962 1533 est
1989 1495 2119 1551 ergo

535 1568 708 1614 utaut
734 1562 946 1618 ablatus
979 1563 1152 1619 honor
1193 1565 1458 1631 solvatur,
1502 1576 1595 1622 aut
1634 1582 1794 1639 poma
1826 1580 2117 1640 sequatur;

533 1651 771 1722 alioquin
798 1663 889 1708 aut
915 1656 1120 1725 sibiipsi
1179 1658 1320 1713 Deus
1358 1656 1537 1727 justus
1568 1677 1673 1714 non
1703 1661 1807 1716 erit
1836 1703 1850 1727 ,
1903 1673 1997 1719 aut
2052 1667 2119 1719 ad

534 1750 829 1811 utrumque
852 1746 1119 1815 impotens
1147 1748 1253 1803 erit
1294 1767 1307 1803 :
1347 1752 1489 1819 quml
1513 1751 1664 1806 nefas
1711 1762 1794 1807 est
1839 1754 1923 1808 vel
1966 1756 2117 1824 cogi-

2220 580 2377 619 sumn
2425 567 2708 633 honorem,
2757 584 2854 638 per
2894 571 3018 635 hoc,
3060 571 3188 639 quia
3232 572 3430 627 aufert.
3488 572 3810 629 Auferendo

2218 656 2389 722 enim,
2424 668 2789 727 peccatoretu,
2815 667 2871 715 et
2910 675 3030 731 qua
3058 661 3203 717 illius
3233 671 3386 729 sunt,
3424 663 3667 736 subjecta
3701 665 3809 721 sibi

2216 761 2338 803 esse
2364 750 2577 816 probat.

2812 837 3042 896 CAPUT
3080 840 3196 897 XV.

2365 927 2425 983 Si
2458 928 2597 983 Deus
2630 929 2708 985 rel
2746 934 2815 984 ad
2848 933 3109 986 modicum
3147 935 3384 1002 patiatur
3411 936 3660 992 honorem

2808 1019 2964 1055 suam
2993 1004 3200 1057 violari.

2291 1114 2415 1168 Bos.
2457 1115 2641 1171 Placet
2667 1118 2810 1187 quod
2840 1118 3001 1173 dicis.
3033 1118 3141 1175 Sed
3179 1130 3257 1176 est
3293 1131 3347 1177 et
3375 1122 3540 1189 aliud,
3571 1126 3638 1180 ad
3660 1128 3813 1195 quod

2222 1212 2366 1259 tuam
2394 1208 2798 1277 responsionem
2831 1210 3043 1279 postulo
3078 1226 3093 1265 :
3127 1227 3249 1266 nam
3290 1215 3331 1268 si
3361 1216 3499 1271 Deus
3528 1218 3625 1282 ita,
3657 1220 3815 1273 sicut

2220 1297 2441 1366 probas,
2475 1313 2630 1351 suum
2663 1299 2821 1354 debet
2860 1301 3122 1355 honorem
3153 1317 3371 1358 servare
3395 1344 3412 1370 ,
3467 1320 3569 1358 cur
3610 1305 3696 1359 vel
3742 1308 3815 1360 ad

2224 1388 2493 1441 modicum
2524 1388 2729 1458 patitur
2775 1389 2924 1444 illum
2971 1391 3203 1446 violari?
3248 1392 3402 1459 Quod
3447 1395 3594 1449 enim
3624 1395 3816 1465 aliquo

2223 1476 2383 1530 modo
2414 1477 2534 1531 laedi
2570 1479 2785 1541 sinitur,
2821 1494 2928 1534 non
2954 1481 3165 1552 integre
3192 1496 3289 1537 nec
3319 1483 3557 1552 perfecte
3585 1486 3683 1517 ’³⁸⁸
3714 1503 3816 1540 cu-

2222 1567 2476 1621 stoditur.
2510 1569 2641 1624 Axs.
2673 1570 2767 1624 Dei
2813 1571 3004 1626 honori
3055 1573 3244 1641 nequit
3290 1573 3517 1644 aliquid,
3544 1587 3815 1646 quantum

2222 1658 2289 1711 ad
2320 1658 2468 1713 illum
2505 1660 2763 1729 pertinet,
2792 1662 2913 1716 addi
2946 1661 3028 1717 vel
3053 1663 3240 1717 minui.
3268 1663 3410 1718 ldem
3435 1681 3669 1736 namque
3695 1667 3820 1738 ipse

2225 1747 2326 1801 sibi
2362 1749 2537 1803 honor
2567 1759 2653 1805 est
2684 1751 3139 1821 iucorruptibilis,
3182 1764 3235 1808 et
3262 1754 3410 1809 nullo
3440 1756 3599 1811 modo
3630 1768 3813 1811 muta-

534 1843 653 1913 tare
698 1836 814 1892 ²³⁵⁹.
863 1836 987 1895 Bos.
1032 1838 1173 1894 Nihil
1218 1840 1593 1899 rationabilius
1630 1844 1737 1899 diei
1772 1860 1933 1916 posse
1961 1846 2116 1902 intel-
2155 1848 2196 1902 Β
2232 1841 2374 1896 bilis.
2435 1842 2637 1897 Verum
2727 1845 2944 1913 quando
3021 1860 3358 1915 unaquaeque
3410 1847 3503 1879 ’³⁸⁸
3560 1858 3819 1902 creatura

532 1908 783 1995 ιιεοωο.

1125 2019 1355 2079 CAPUT
1396 2023 1533 2080 XIV.

712 2108 1023 2178 Cujusmodi
1052 2112 1221 2166 honor
1253 2113 1351 2169 Dei
1390 2116 1455 2169 sit
1478 2133 1627 2185 paena
1653 2121 1941 2187 peccantis.

606 2198 731 2255 Bos.
772 2200 878 2255 Sed
919 2202 1040 2256 volo
1079 2218 1107 2257 a
1159 2214 1212 2259 te
1251 2207 1441 2261 audire
1470 2208 1512 2262 si
1546 2210 1826 2277 peccantis
1864 2225 2021 2279 pinna
2054 2213 2124 2267 sit

536 2288 610 2343 illi
638 2290 832 2358 honor,
869 2302 962 2347 aut
1005 2294 1307 2364 cujusmodi
1344 2298 1519 2354 honor
1549 2301 1639 2355 sit.
1687 2300 1744 2355 Si
1791 2302 1934 2356 enim
1962 2320 2119 2374 paena

535 2384 816 2449 peccantis
850 2401 955 2440 non
1003 2386 1121 2455 ejus
1174 2389 1345 2444 honor
1377 2400 1500 2458 est,
1550 2408 1672 2447 enm
1717 2404 1976 2462 peccator
2015 2412 2119 2450 non

533 2472 696 2527 solvit
725 2477 864 2544 quod
898 2478 1143 2544 abstulit,
1188 2481 1281 2535 sed
1329 2482 1581 2551 punitur,
1638 2483 1718 2539 sic
1761 2487 1938 2554 perdit
1983 2487 2121 2543 Deus

541 2563 803 2618 honorem
840 2582 1019 2635 suum,
1057 2578 1115 2623 ut
1170 2586 1277 2625 non
1329 2584 1615 2643 recuperet
1656 2575 1747 2606 ¹³⁶¹
1793 2593 1807 2628 :
1852 2577 1996 2646 quod
2040 2579 2125 2634 his

532 2670 653 2721 qua:
685 2655 825 2709 dicta
866 2667 992 2712 sunt
1050 2676 1354 2733 repugnare
1398 2664 1630 2717 videtur.
1659 2666 1787 2719 Axs.
1823 2668 1987 2721 Deum
2024 2669 2123 2723 im-

533 2747 790 2813 possibile
819 2758 903 2803 cst
926 2750 1185 2806 honorem
1218 2770 1374 2807 suum
1404 2758 1631 2823 perdere
1663 2776 1676 2811 :
1705 2768 1798 2811 aut
1823 2761 1966 2814 enim
1997 2776 2124 2829 pec-

533 2847 688 2891 cator
717 2851 913 2908 sponte
941 2842 1101 2897 solvit
1126 2845 1270 2912 quod
1295 2846 1487 2911 debet,
1535 2858 1628 2900 aut
1672 2848 1812 2904 Deus
1857 2852 1925 2904 ab
1954 2852 2125 2908 invito

534 2929 735 2997 accipit
764 2930 880 2984 ²³⁶⁹.
928 2931 1061 2985 Nam
1098 2944 1190 2989 aut
1230 2935 1390 2989 homo
1434 2936 1669 2991 debitam
1717 2939 2104 3007 subjectioneai

536 3017 665 3083 Deo,
697 3019 809 3074 sive
837 3036 942 3074 non
973 3024 1268 3092 peccando,
1298 3024 1410 3079 sive
1442 3027 1584 3094 quod
1612 3039 1802 3095 peccat
1834 3030 2114 3096 solvendo,

537 3106 815 3163 voluntate
866 3121 1167 3180 Spontanea
1209 3113 1456 3180 exhibet;
1500 3127 1592 3169 aut
1639 3115 1781 3171 Deus
1814 3133 1938 3173 cum
1982 3119 2123 3174 invi-

2226 1950 2405 2003 suum,
2440 1945 2496 1991 et
2525 1938 2679 2007 quasi
2714 1939 2816 1993 sibi
2847 1950 3175 2009 przeceptum
3210 1941 3479 2007 ordinem,
3508 1944 3621 1999 sive
3656 1954 3821 1999 natu-

2227 2027 2432 2094 raliter,
2475 2029 2589 2084 sive
2632 2030 3031 2086 rationabiliter
3077 2041 3281 2099 servat,
3323 2033 3433 2088 Deo
3469 2035 3710 2098 obedire,
3764 2046 3823 2091 et

2224 2131 2347 2171 eum
2375 2119 2576 2174 dicitur
2603 2119 2697 2152 "7°
2736 2120 3006 2177 honorare
3041 2140 3053 2176 :
3097 2133 3151 2177 et
3180 2124 3281 2179 hoc
3312 2126 3548 2181 maxime
3575 2126 3825 2182 rationa-

2225 2207 2291 2263 lis
2319 2218 2534 2277 natura,
2560 2211 2643 2265 cui
2668 2210 2851 2265 datum
2885 2222 2963 2268 est
2992 2213 3292 2284 intelligere
3320 2216 3447 2285 quid
3476 2216 3671 2271 debeat
3694 2220 3820 2273 '3'“.

2225 2297 2355 2364 Qua:
2385 2315 2507 2354 cum
2541 2299 2653 2355 vult
2681 2301 2823 2370 quod
2851 2303 3033 2367 debet,
3061 2303 3228 2358 Deum
3262 2305 3526 2371 honorat;
3561 2322 3667 2361 non
3689 2309 3825 2377 quia

2226 2387 2300 2441 illi
2330 2387 2537 2459 aliquid
2568 2390 2803 2455 confert,
2830 2392 2925 2446 sed
2956 2394 3081 2461 quia
3108 2404 3301 2463 sponte
3325 2411 3384 2451 se
3410 2394 3527 2465 ejus
3547 2396 3825 2452 voluntati

2225 2485 2280 2531 et
2303 2478 2643 2548 dispositioni
2671 2480 2886 2547 subdit,
2920 2489 2976 2535 et
3007 2482 3059 2535 in
3112 2499 3293 2537 rerum
3342 2485 3698 2543 universitate
3727 2504 3825 2543 or-

2226 2566 2407 2620 dinem
2454 2583 2633 2636 suum,
2674 2578 2729 2623 et
2768 2568 3007 2637 ejusdem
3052 2573 3424 2631 universitatis
3456 2575 3825 2645 pulchritudi-

2228 2672 2372 2723 nem,
2398 2668 2658 2728 quantum
2686 2660 2738 2713 in
2772 2660 2885 2730 ipsa
2913 2670 3015 2727 est,
3045 2672 3226 2717 servat
3250 2664 3365 2715 "7'.
3389 2663 3527 2720 Cum
3552 2681 3682 2721 vero
3708 2685 3824 2722 non

2227 2747 2341 2801 vult
2371 2749 2515 2818 quod
2549 2750 2729 2816 debet,
2767 2750 2958 2817 Deum,
2996 2764 3259 2823 quantum
3293 2755 3360 2810 ad
3393 2756 3540 2811 illam
3571 2758 3667 2791 ⁸³⁷³
3694 2774 3823 2828 per-

2229 2836 2382 2905 tinet,
2420 2839 2741 2905 inhonorat;
2784 2842 3042 2910 quoniam
3089 2859 3194 2899 non
3236 2845 3419 2900 subdit
3445 2860 3505 2901 se
3539 2858 3734 2917 sponte
3768 2850 3829 2902 il-

2228 2927 2330 2983 lius
2353 2929 2716 3000 dispositioni,
2754 2940 2808 2986 et
2839 2932 3206 2989 universitatis
3226 2937 3471 2990 ordinem
3499 2946 3553 2991 et
3579 2938 3828 3008 pulclui-

2230 3021 2491 3087 tudinem,
2526 3032 2786 3093 quantum
2820 3024 2874 3077 in
2909 3040 2965 3079 sc
2994 3034 3097 3088 est,
3126 3027 3435 3094 perturbat,
3486 3028 3614 3083 licet
3661 3040 3824 3098 pote.

2229 3120 2426 3167 statcm
2457 3125 2548 3168 aut
2581 3114 2899 3185 dignitatem
2940 3116 3034 3170 Dei
3069 3116 3378 3173 nullatenus
3408 3118 3567 3174 laedat
3597 3133 3693 3175 aut
3730 3123 3827 3176 di:-

536 3205 648 3251 tum
677 3198 771 3231 ⁸³⁸³
795 3199 895 3254 sibi
926 3204 1223 3271 torquendo
1244 3203 1465 3272 subjicit
1496 3246 1511 3269 ,
1548 3215 1603 3260 et
1633 3207 1710 3261 sic
1748 3222 1807 3262 se
1835 3209 2117 3264 Dominum

2228 3202 2455 3257 coloret.
2492 3202 2547 3258 Si
2579 3204 2724 3259 enim
2772 3220 2857 3269 ea,
2887 3221 3008 3275 qua:
3037 3207 3159 3262 coeli
3205 3209 3411 3262 ambitu
3444 3211 3827 3275 continentur,

532 3290 650 3361 ejus
694 3307 815 3348 esse
858 3295 1099 3349 ostendit
1131 3294 1248 3362 ¹³⁶⁸,
1283 3298 1425 3367 quod
1474 3298 1586 3367 ipse
1637 3299 1799 3354 homo
1844 3301 2122 3357 voluntate

534 3384 695 3439 fateri
742 3395 981 3441 recusat.
1037 3386 1093 3442 In
1145 3402 1251 3457 quo
1303 3388 1758 3445 considerandum
1799 3393 1925 3463 quia
1978 3394 2120 3449 situt

534 3474 698 3529 homo
727 3477 1005 3545 peccando
1054 3478 1195 3547 rapit
1236 3480 1377 3548 quod
1422 3479 1515 3535 Dei
1548 3490 1666 3546 est,
1720 3482 1794 3537 ita
1828 3483 1973 3539 Deus
2016 3499 2118 3553 pu-

536 3568 735 3622 niendo
763 3567 939 3623 aufert
962 3569 1103 3639 quod
1129 3570 1358 3625 hominis
1377 3582 1477 3626 est.
1502 3571 1709 3642 Quippe
1736 3588 1841 3629 non
1867 3574 2039 3629 solum
2067 3576 2120 3629 id

536 3659 714 3728 ipsum
745 3658 839 3689 ’³⁸⁸
871 3657 1100 3726 alicujus
1144 3675 1265 3714 esse
1291 3660 1509 3727 dicitur,
1537 3664 1679 3731 quod
1719 3663 1831 3732 jam
1853 3665 2117 3733 possidet;

537 3754 631 3808 sed
668 3753 813 3824 quod
842 3753 893 3806 in
932 3752 1049 3822 ejus
1077 3763 1347 3823 potestate
1374 3764 1478 3820 est,
1510 3765 1567 3808 ut
1598 3756 1817 3811 habeat.
1854 3756 2118 3824 Quoniam

535 3859 665 3912 ergo
696 3845 856 3897 homo
880 3844 952 3897 ita
986 3843 1160 3898 factus
1187 3854 1274 3900 est
1302 3845 1396 3876 "°°
1425 3854 1483 3901 ut
1507 3846 1898 3904 beatitudinem
1923 3849 2122 3905 habere

534 3945 738 4006 posset,
767 3936 810 3991 si
834 3951 939 3990 non
970 3946 1257 4006 peccaret:
1291 3953 1434 4003 cum,
1468 3948 1689 4009 propter
1714 3940 1806 3971 ²³⁶⁷
1831 3952 2118 4011 peccatum

536 4027 871 4084 beatitudine
897 4037 951 4085 et
972 4030 1120 4083 omni
1148 4030 1289 4085 bono
1320 4032 1595 4101 privatur,
1628 4032 1695 4087 de
1726 4048 1842 4096 suo,
1871 4034 2120 4102 quamvis

538 4120 758 4187 invitus,
788 4120 949 4176 solvit
988 4121 1131 4192 quod
1160 4123 1372 4192 rapuit;
1414 4123 1541 4193 quia
1580 4123 1706 4178 licet
1731 4124 1876 4179 Deus
1905 4124 2007 4180 hoc
2050 4124 2116 4179 ad

2226 3295 2427 3349 vellent
2453 3311 2557 3351 non
2586 3311 2706 3352 esse
2736 3298 2834 3352 sub
2858 3299 2995 3353 caelo
3021 3308 3115 3352 aut
3144 3298 3387 3368 clongari
3412 3316 3439 3354 a
3474 3302 3616 3355 ctelo
3638 3345 3652 3369 ,
3692 3306 3827 3357 nul-

2230 3387 2443 3442 latenus
2479 3396 2697 3457 possent
2744 3389 2845 3444 nisi
2877 3390 2976 3444 sub
3004 3391 3144 3445 ccelo
3172 3406 3314 3457 esse,
3345 3407 3443 3447 nec
3476 3391 3664 3463 fugere
3708 3411 3831 3451 cae-

2228 3478 2336 3531 lum
2368 3479 2467 3533 nisi
2495 3480 2978 3549 appropinquando
3001 3481 3162 3536 caelo.
3191 3480 3323 3536 Nam
3348 3489 3400 3537 et
3428 3483 3587 3547 unde,
3613 3493 3668 3537 et
3690 3500 3829 3552 quo,

2226 3581 2281 3627 et
2323 3587 2429 3640 qua
2480 3571 2624 3625 irent
2670 3569 2784 3633 "7‘,
2821 3572 2921 3627 sub
2961 3572 3102 3627 cmlo
3150 3582 3335 3628 essent
3371 3574 3488 3639 "7",
3520 3584 3577 3628 et
3607 3587 3832 3643 quanto

2232 3664 2401 3734 magis
2431 3678 2459 3715 a
2481 3662 2723 3733 qualibet
2753 3672 2906 3731 parte
2932 3663 3057 3717 εωιί
3086 3662 3497 3735 elongareulttr,
3529 3673 3681 3718 tanto
3706 3681 3829 3718 ma-

2229 3755 2311 3823 gis
2342 3755 2601 3825 opposita:
2630 3756 2769 3823 parti
2806 3755 3307 3825 appropinquarent
3334 3755 3452 3809 ⁸³⁷⁸.
3490 3755 3585 3817 lla.
3618 3771 3831 3826 quam—

2232 3846 2311 3900 vis
2341 3846 2528 3910 homo,
2558 3846 2642 3900 vel
2671 3845 2844 3899 malus
2870 3845 3091 3916 angelus
3123 3846 3320 3901 divinae
3350 3845 3616 3901 voluntati
3652 3857 3710 3901 et
3735 3863 3831 3902 or-

2229 3936 2489 3992 diuationi
2519 3937 2798 4005 subjacere
2831 3936 3001 4001 nolit,
3035 3953 3145 3991 non
3166 3946 3343 3991 tamen
3362 3954 3481 3993 eam
3509 3937 3696 4007 fugere
3730 3939 3832 3970 ⁸³⁷⁷

2231 4027 2410 4093 valet;
2446 4029 2570 4098 quia
2604 4029 2647 4083 si
2677 4027 2791 4082 vult
2830 4027 3017 4098 fugere
3048 4027 3113 4083 de
3143 4028 3245 4082 sub
3274 4027 3550 4082 voluntate
3570 4026 3832 4094 iubente.

2228 4121 2401 4175 currit
2430 4120 2529 4176 sub
2572 4120 2904 4175 voluntatem
2944 4119 3039 4151 ⁸³⁷⁸
3083 4120 3418 4189 punientem.
3467 4118 3534 4173 Et
3582 4117 3628 4173 si
3671 4134 3836 4189 qua:-

536 4225 693 4264 nsnm
725 4211 805 4265 sui
829 4213 1098 4267 commodi
1130 4227 1236 4267 non
1273 4214 1592 4277 transferat,
1625 4215 1769 4284 quod
1799 4215 2007 4282 aufert;
2041 4216 2116 4287 si;-
2149 4245 2196 4303 D
2226 4211 2300 4266 I‘iS
2328 4211 2422 4243 ’³⁷⁸
2465 4226 2572 4280 qua
2611 4211 2840 4275 ιτειιιδίιν
2896 4210 3112 4265 ιιοηηίδί
3156 4208 3257 4264 θυι)
3287 4208 3567 4264 mmmam
3592 4210 3835 4303 Pcl'mi“

538 4311 633 4356 cut
661 4301 822 4358 homo
851 4303 1158 4375 pecuniam,
1184 4320 1349 4375 quam
1375 4305 1468 4360 alii
1495 4304 1696 4373 aufert,
1728 4305 1961 4362 insuam
1985 4322 2114 4361 con-
2152 4301 2174 4303 ⁷
2225 4312 2376 4359 tente
2420 4304 2517 4361 ,⁸⁸⁸⁰
2559 4322 2574 4359 ς
2621 4313 2675 4358 et
2728 4304 2832 4359 hoc
2876 4304 3073 4374 ipsmu,
3104 4302 3249 4373 quod
3289 4316 3547 4373 perverse
3581 4301 3699 4356 vult
3731 4311 3838 4357 aut

1825 4419 1915 4474 VA
1924 4417 2060 4473 [lle
2099 4417 2500 4475 LECTIONES.

612 4536 705 4569 "5’
727 4534 933 4613 Debere
953 4534 1182 4590 tolerare
1198 4524 1472 4613 mssadolg
1485 4536 1631 4613 omit.
1653 4536 1848 4613 debere
1918 4534 2104 4613 "figit
2124 4536 2265 4606 quod
2291 4541 2538 4613 creatura
2558 4549 2688 4613 mss...
2699 4530 2833 4613 l’ict.
2849 4530 2995 4613 Joly,
3009 4529 3196 4613 ρεςεξτ.
3214 4529 3273 4585 S.
3293 4528 3455 4613 icli.
3474 4526 3834 4613 Uterelatura

539 4608 635 4640 ’³⁸⁸
664 4605 1157 4680 Essejutlico_mss.
1187 4616 1233 4680 et
1276 4607 1403 4680 edit.
1428 4598 1583 4660 Goth.
1609 4622 1729 4680 esse
1764 4606 2052 4680 videofw
2078 4598 2188 4680 Aut
2208 4605 2398 4659 melius
2420 4612 2517 4680 est~
2523 4620 2633 4680 ius.
2648 4603 2778 4658 Cist.
2797 4613 2844 4655 et
2865 4598 2988 4656 edit.
3019 4601 3169 4680 Gutta.
3203 4602 3350 4680 aluit.
3375 4607 3459 4680 est
3645 4598 3837 4680 Quam

538 4667 966 4747 qummsstem.
985 4674 1277 4747 Dec._Joly,
1305 4675 1436 4730 l’irt.
1455 4678 1490 4732 5
1510 4689 1555 4731 et
1578 4678 1655 4731 15.
1678 4687 1725 4731 et
1766 4674 2066 4732 edit.Goth.
2085 4677 2253 4730 omitt.
2273 4690 2395 4744 qua:
2445 4674 2541 4747 _”"
2561 4674 2704 4747 Illius
2717 4683 3039 4747 servetmss.
3069 4671 3203 4747 Vict.
3222 4669 3372 4725 Gem.
3386 4667 3839 4747 BecJolyillius

540 4732 721 4839 sci-vgt
741 4758 788 4801 et
801 4747 960 4803 editio
979 4744 1195 4799 Gothica
1210 4732 1349 4801 illius
1362 4761 1580 4839 serva’re
1627 4749 1719 4839 “If”
1739 4749 1795 4803 Β·
1814 4748 1965 4839 Q'rtod
1984 4748 2169 4839 utique
2182 4732 2494 4839 peccssario
2508 4744 2957 4839 cgncediPOpprtet
2976 4759 3099 4839 mss.
3121 4741 3495 4839 B.'conee'dere
3506 4749 3840 4839 uiﬁppogtct

540 4820 633 4839 ν..
704 4828 747 4839 _.
807 4819 960 4839 -.=____
1023 4818 1254 4839 --_=.__
1310 4833 1411 4839 μ.--
1899 4836 1941 4839 η
2226 4825 2353 4839 ,,.-,
2408 4825 2448 4839 ,.
2516 4831 2535 4839 ,
2578 4831 2666 4839 ..-Α
2765 4825 2934 4839 MM,
2987 4827 3041 4839 Δ,
3240 4825 3481 4839 Mm”,
3756 4825 3833 4839 ,,,,

538 4820 633 4850 ¹τ⁵⁹
656 4816 752 4872 Est
801 4819 963 4873 etiam
1017 4818 1257 4887 cogitare
1308 4833 1432 4891 mss.
1479 4816 1618 4891 Yict.
1654 4818 1800 4874 Gem.
1824 4806 1963 4874 73cc.
1998 4806 2161 4891 July,
2180 4818 2487 4891 Cister._et__
2508 4815 2667 4869 editio
2714 4806 2935 4867 Gothica
2985 4821 3070 4867 est
3120 4816 3200 4866 vel
3238 4807 3651 4891 cogitaren’ff’
3699 4806 3834 4864 Dici

537 4897 735 4959 potest,
774 4898 833 4942 ut
871 4898 1023 4966 putt):
1060 4877 1182 4966 nise.
1214 4897 1261 4941 et
1301 4887 1429 4966 edit.
1467 4885 1622 4966 Got_l_i.
1676 4890 1781 4966 dici
1806 4905 1966 4966 posse
1996 4877 2234 4966 intelligo
2445 4884 2560 4966 gon
2615 4892 2965 4966 recuperetur
2991 4921 3007 4946 ,
3059 4899 3184 4966 mss.
3223 4877 3446 4966 etiedit‘.
3489 4877 3835 4966 nnon

542 4947 823 5042 ίυευρέιέἒι
874 4947 1177 5049 ’¹³⁶².¹.¹ξῐί.ξο
1203 4958 1397 5039 “ﬁci?”
1420 4975 1516 5041 ηξεο
1552 4957 1685 5014 νέει-
1723 4947 1819 5049 ¹εξ⁵
1839 4960 2006 5049 “vim
2040 4947 2233 5049 reti}???
2252 4956 2402 5049 _._‘.'?f’
2427 4947 2855 5049 -PPPiim’lfﬂ'.“
2885 4963 3163 5049 .'.’.'“:_.‘.‘..
3189 4950 3349 5049 etilli"
3382 4947 3836 5049 ffl""ﬁ‘:..°£:‘§

1116 5019 1397 5122 ρεῖιηίηιὶιι
1424 5032 1541 5094 ειη-ιε
1706 5032 1939 5084 "eam"
2092 5019 2545 5122 {ieram-fac
2574 5042 2691 5122 ἰιι
2715 5022 3187 5122 ν.ίξξ.·.].θ;,.ξήἰ.ί.ε.ί;
3220 5019 3355 5122 cie.
3380 5019 3834 5122 °.S.S.E-.'":.£".?.':

539 5100 714 5155 solum
736 5101 787 5155 id
815 5114 969 5153 suum
999 5115 1095 5153 ms.
1138 5097 1283 5177 Eiet;
1307 5099 1388 5177 ιιι.
1421 5086 1527 5177 non
1550 5100 1725 5177 solum
1753 5116 1909 5153 smnn
1944 5116 2073 5153 mss.
2121 5086 2253 5177 Vict:
2369 5106 2415 5150 et
2454 5096 2539 5150 l3.
2587 5110 2692 5149 non
2736 5093 2917 5177 solum
2957 5093 3188 5177 idipsum
3231 5086 3355 5177 4"“
3410 5086 3841 5177 lylomo'faetus

537 5180 622 5224 est
640 5172 773 5226 ‘mss.
815 5169 950 5222 Vict.
985 5180 1032 5224 et
1087 5170 1213 5224 edit.
1242 5167 1396 5223 Gotli.
1429 5170 1589 5223 homo
1614 5170 1685 5223 ita
1705 5170 1881 5225 lactus
1910 5178 1993 5223 est
2022 5178 2080 5223 ιιι
2155 5168 2247 5201 ’³⁸⁷
2277 5169 2412 5221 Cum
2440 5180 2571 5235 ergo
2594 5174 2815 5235 propter
2850 5180 2978 5216 mss.
3024 5156 3172 5216 Gem.
3219 5160 3342 5214 Bec.
3410 5157 3541 5213 Vict.
3588 5156 3719 5227 Joly
3780 5171 3839 5213 et

535 5242 662 5294 edit.
717 5240 878 5329 Goth.
915 5255 1037 5293 cum
1068 5249 1293 5329 propter.
1358 5239 1454 5270 ³³⁸⁸
1474 5240 1579 5293 Αιιι
1608 5241 1872 5329 perfecte“
1903 5256 2031 5329 iusst;
2058 5254 2155 5294 nec
2179 5237 2415 5329 perfecte
2489 5236 2581 5275 ³³⁸⁸
2613 5236 2996 5329 γθιίιιιιιιξιξιιιςη
3028 5239 3839 5329 ξιιιρηὲιιειριιῇξιξιθ,ᾔτει-,ξε

536 5312 665 5364 edit.
715 5309 871 5365 Goth.
897 5298 1083 5364 veruni
1112 5298 1332 5384 quando
1369 5298 1704 5384 unaquaeque
1733 5378 1745 5384 μ
1778 5310 1872 5384 ξ³⁷ξ
1902 5310 1967 5363 Ει
1991 5298 2377 5384 Deumdicitnr
2402 5324 2545 5384 niss._
2578 5307 2789 5384 et_edit.
2817 5302 2971 5384 Gut/1.
3024 5313 3079 5359 et
3132 5318 3257 5384 eum
3282 5298 3502 5384 _dicitu_r
3568 5299 3661 5329 ’³⁷³
3698 5298 3839 5384 Hoc

537 5391 622 5433 est
653 5381 887 5434 maxime
917 5372 1195 5434 rationalis
1220 5372 1513 5433 creatur-af.
1544 5372 1688 5454 quod
1701 5378 1945 5454 debebat
1971 5395 2097 5433 mss.
2131 5390 2177 5433 et
2223 5376 2580 5454 editiuGoth.
2636 5377 2739 5431 hoc
2785 5374 3019 5454 maxime
3068 5372 3354 5454 rationalis.
3394 5381 3632 5425 natura..
3673 5372 3838 5454 quid

538 5450 735 5504 debeat
810 5449 902 5540 ’3?
928 5449 1042 5540 Est,
1070 5456 1506 5540 coq::¢t"vat.mss.
1528 5437 1575 5503 ei
1627 5451 1752 5503 edit.
1782 5447 1934 5503 Goth.
1961 5458 2067 5512 est,
2100 5459 2286 5504 servat
2345 5449 2440 5479 ⁸³⁷³
2568 5447 2739 5540 iplsau't
2769 5462 2885 5540 ms.)
2912 5442 3042 5498 Vict.
3082 5443 3160 5497 l9.
3196 5442 3270 5540 'ad
3300 5441 3450 5523 illum
3481 5437 3836 5540 uiss..ngct..

538 5518 565 5540 ’Ξ
631 5529 668 5540 Δι
703 5519 763 5540 19
818 5534 839 5540 ..
911 5521 920 5540 ξ
972 5534 1048 5540 Α.--
1127 5521 1159 5540 Ω.
1307 5536 1354 5540 _-_
1382 5534 1403 5540 Α
1433 5529 1474 5540 Δι
1510 5536 1603 5540 _____
1632 5529 1673 5540 .-ι
1707 5536 1800 5540 ---ι
1839 5530 1882 5540 ,Α
1906 5536 2012 5540 _-___._
2049 5520 2185 5540 2-.---.
2231 5537 2311 5540 η--
2389 5529 2425 5540 ,ι
2461 5534 2478 5540 -
2523 5527 2555 5540 .ι
2659 5527 2702 5540 ..ι
2726 5533 2737 5540 .
2779 5532 2846 5540 ...ι
2893 5531 2918 5540 ,ι
2948 5524 2993 5540 ,ιι
3026 5529 3128 5540 Δια-..ἱ
3162 5528 3189 5540 Λ
3241 5527 3341 5540 una
3370 5526 3481 5540 ...οη
3772 5527 3787 5540 ι
3822 5528 3836 5540 ι

534 5518 590 5573 5.
622 5529 668 5599 et
699 5519 785 5574 15.
816 5518 882 5572 ad
910 5510 1052 5573 illam
1076 5518 1221 5599 “’3'”
1255 5518 1481 5599 yndeet
1504 5536 1609 5589 qua
1626 5529 1680 5599 et
1700 5536 1806 5599 quo
1833 5530 2023 5599 etquae
2049 5510 2190 5575 irent
2211 5510 2758 5599 mss_.net_edit.'G.oth.
2779 5515 2926 5599 unde
2946 5524 2999 5569 et
3024 5520 3215 5599 quonet
3238 5527 3349 5599 qua
3369 5510 3840 5599 ireutiljf’7'm8fqb

536 5588 678 5644 ctnlo
705 5597 886 5645 essent
913 5604 1037 5642 mss.
1069 5586 1214 5644 Gem.
1245 5588 1369 5645 Bec.
1414 5577 1545 5642 Vici.
1569 5602 1616 5643 et
1644 5577 1768 5661 Joly
1796 5592 1894 5647 sub
1918 5577 2061 5645 caelo
2087 5599 2233 5645 esset
2303 5589 2397 5620 ’³⁷⁸
2422 5577 2933 5668 Appmpiuquarent
2958 5577 3083 5639 mss.
3128 5577 3277 5638 Gem.
3305 5581 3429 5636 Bec.
3472 5579 3614 5701 101$],
3664 5577 3819 5634 Vict.

633 5670 681 5701 At
710 5658 802 5701 19)
830 5660 1319 5701 annrnninnlmrmll
1394 5660 1485 5691 ’3"
1519 5660 1645 5701 Ruln
1675 5660 1857 5701 funnrn
1882 5678 1976 5701 mL
2019 5659 2144 5701 Jnlu
2173 5676 2233 5701 nn
2263 5659 2445 5701 fumum
2517 5658 2611 5689 ’37s
2638 5658 2822 5701 Cllrl‘ll
2869 5657 2967 5701 sub
3014 5655 3347 5701 Vullllllﬂlelll
3401 5668 3497 5701 ms.
3594 5660 3677 5701 (Cl.
3712 5650 3819 5701 l0.

537 5660 590 5712 '5.
633 5670 681 5713 et
710 5658 802 5713 I9:
830 5660 1335 5736 apprOpinquareut
1382 5660 1485 5736 ff"
1519 5660 1646 5736 Eam
1675 5650 1979 5736 fingeretur.
2019 5659 2144 5736 .loly
2173 5676 2242 5736 ea
2263 5659 2445 5736 fugere
2471 5650 2619 5736 ξξ²³ι⁷²ί
2638 5650 2822 5712 Currit
2869 5655 3375 5736 subvoluntatenr
3401 5650 3677 5736 ηιμ-νάει.
3712 5650 3820 5736 ID.

540 5731 713 5802 currit
742 5729 795 5783 in
832 5717 1168 5784 vbinniatein
1246 5728 1337 5762 ""9
1367 5730 1420 5786 Si
1454 5732 1648 5800 quaeris
1681 5717 1803 5787 mils.
1844 5731 1975 5788 Vict.
2006 5732 2050 5789 si
2077 5717 2271 5802 quaerit
2320 5717 2437 5762 um"
2476 5729 2758 5785 Voluntate
2786 5724 3150 5799 permittentis
3184 5741 3305 5780 mss.
3331 5733 3377 5778 et
3444 5720 3570 5775 edit.
3637 5717 3821 5776 Gosli.

548 5798 821 5856 voluntate
850 5801 1200 5871 permittente
