4050 6294
527 336 637 392 385
1037 330 1099 388 S.
1142 330 1444 387 ANSELIII
1483 329 1841 391 CANTUAB.
1880 330 2203 387 ARCHIEP.
2245 331 2396 388 OPP.
2435 331 2616 388 PARS
2650 331 2693 386 l.
2732 361 2804 372 —-
2839 316 3255 390 DOGMATICA.
3689 337 3794 394 988

531 456 672 509 rent.
703 441 861 502 erant
886 442 940 499 in
963 440 1058 477 '“°
1085 444 1175 498 illo
1207 442 1471 513 profecto,
1492 442 1560 497 de
1582 458 1691 512 quo
1719 442 1978 509 diximus,
2005 459 2104 499 nu-
2136 447 2184 503 Α
2208 461 2436 514 quorum
2468 446 2749 515 aequalitas
2786 446 2835 502 ei
2892 443 3137 510 debetur,
3165 446 3508 516 profecerunt
3530 456 3650 519 post
3677 452 3795 504 rni.

528 554 709 604 mero;
741 551 847 592 non
873 545 1001 590 sunt
1026 534 1271 589 homines
1294 533 1446 599 facti,
1474 534 1577 589 nisi
1596 549 1694 604 pro
1716 535 2110 591 restanratione
2211 551 2335 591 Lam
2365 537 2647 601 malorum.
2675 540 2800 609 quia
2824 550 3327 611 perseveraverum.
3355 540 3432 595 Ex
3460 541 3546 596 his
3570 543 3798 598 rationi-

527 630 840 700 angelorum
868 627 1230 696 perditorum;
1256 636 1313 682 et
1337 625 1511 696 palam
1537 636 1619 682 est
1648 629 1772 698 quia
1811 644 1917 683 non
1948 639 2110 685 erunt
2208 630 2309 684 bus
2353 631 2530 699 potius
2576 630 2708 686 mihi
2756 632 2970 689 videtur
3016 635 3142 703 quia
3173 633 3226 687 in
3275 633 3483 703 angelis
3528 647 3637 687 non
3691 633 3797 690 fuit

529 721 713 790 plures
740 720 862 774 illis.
893 718 948 774 Si
984 726 1164 772 autem
1195 716 1284 771 ille
1325 730 1581 770 numerus
1607 730 1713 769 non
1757 727 1878 772 erat
1919 719 1971 773 in
2002 720 2108 775 illis
2209 718 2299 774 ille
2362 719 2634 789 perfectus
2674 737 2950 786 numerus,
3003 738 3114 793 quo
3171 723 3365 778 civitas
3411 721 3503 776 illa
3551 736 3795 790 superna

526 813 775 865 omnibus
805 808 1032 879 angelis,
1068 808 1443 879 complendum
1469 816 1554 864 est
1582 806 1651 861 de
1689 807 2019 877 hominibus,
2053 817 2113 866 et
2208 808 2562 879 perficeretur
2607 827 2624 864 :
2674 813 2931 883 quoniam
2976 814 3021 867 si
3094 813 3257 868 homo
3310 811 3404 846 “‘7
3458 812 3619 867 simul
3667 828 3797 867 cum

527 901 670 970 quod
692 902 872 971 periit,
930 908 986 955 et
1018 900 1160 970 quod
1191 902 1341 971 prius
1382 905 1597 973 deerat;
1629 914 1791 962 erunt
1826 905 1981 961 electi
2008 905 2109 960 ho-
2210 901 2417 971 angelis
2445 902 2617 959 factus
2644 918 2748 959 non
2775 912 2889 971 est;
2920 904 3001 960 sic
3034 904 3289 976 possibile
3310 913 3394 959 est
3420 903 3515 937 ’³⁸⁸
3537 918 3662 959 esse
3706 913 3798 958 ret

526 993 701 1049 mines
729 992 912 1064 plures
951 993 1197 1063 reprohis
1235 994 1484 1064 angelis:
1519 1005 1575 1052 et
1603 998 1683 1053 sic
1725 998 1966 1055 dicemus
2012 995 2109 1028 'm

2208 990 2254 1044 si
2284 990 2442 1046 simul
2473 992 2597 1047 facti
2619 1001 2764 1059 sunt,
2795 1008 2904 1063 quo
2930 995 3102 1064 magis
3123 1002 3311 1063 putant
3331 993 3507 1057 multi,
3529 992 3795 1062 quoniam

526 1083 652 1152 quia
677 1097 781 1138 non
809 1082 1028 1137 fuerunt
1046 1082 1293 1138 homines
1314 1084 1439 1138 facti
1468 1096 1673 1139 tantum
1704 1086 1769 1140 ad
1799 1093 2110 1139 restauran-
2210 1080 2406 1150 legitur
2433 1097 2447 1134 :
2473 1079 2577 1146 Qui
2611 1081 2732 1135 vivit
2763 1082 2816 1134 in
2849 1092 3122 1149 aeternum,
3163 1083 3352 1137 creavit
3408 1082 3585 1135 omnia
3628 1079 3796 1135 simul

526 1177 654 1229 dum
682 1191 965 1230 numerum
997 1173 1371 1241 imminutmn,
1405 1178 1496 1232 sed
1532 1178 1694 1232 etiam
1735 1177 1800 1231 ad
1832 1176 2110 1247 perficien—
2210 1168 2400 1242 (Eccli.
2428 1172 2649 1240 xvm,‘l)
2675 1188 2689 1224 :
2723 1173 2936 1227 videtur
2963 1187 3184 1228 necesse
3205 1188 3345 1228 esse.
3378 1172 3486 1229 Sed
3507 1180 3563 1226 et
3589 1171 3634 1225 si
3660 1184 3791 1241 per-

525 1265 654 1320 dum
678 1266 913 1322 nondum
945 1269 1262 1337 perfectum.
1292 1267 1577 1335 Bos.Quid
1602 1267 1778 1337 potius
1819 1267 2106 1321 tenendum
2210 1262 2370 1316 fectio
2419 1262 2706 1316 mundana:
2749 1270 3011 1317 creatura:
3048 1277 3154 1319 non
3208 1270 3418 1317 tantum
3458 1269 3541 1317 est
3586 1260 3797 1316 intelli-

526 1362 612 1409 est
653 1373 666 1408 :
700 1370 767 1409 an
795 1359 938 1425 quod
966 1358 1143 1428 angeli
1172 1357 1264 1390 'm
1296 1354 1594 1428 prins‘facti
1631 1356 1739 1409 sint
1784 1356 1837 1408 in
1881 1370 2109 1409 numero
2208 1352 2377 1421 gentia
2401 1350 2457 1405 in
2481 1366 2707 1405 numero
2735 1352 3153 1418 individuorum,
3175 1360 3438 1422 quantum
3480 1350 3534 1405 in
3563 1365 3797 1405 numero

526 1446 786 1515 perfecto,
818 1463 884 1501 an
915 1450 1066 1503 non?
1110 1449 1239 1504 Axs.
1286 1447 1439 1516 Quod
1470 1447 1600 1501 mihi
1641 1446 1877 1511 videtur,
1907 1446 2104 1500 dicam.
2209 1451 2546 1506 naturarum,
2579 1456 2801 1496 necesse
2839 1450 2925 1497 est
2965 1441 3260 1496 humanam
3301 1451 3546 1496 naturam
3601 1449 3698 1495 aut
3722 1440 3798 1494 ad

528 1536 650 1593 Bos.
680 1538 795 1592 Non
816 1554 1032 1608 possmn
1060 1554 1088 1593 a
1117 1550 1168 1593 te
1194 1538 1311 1609 plus
1331 1538 1550 1608 exigere
1572 1535 1689 1589 ’⁷⁵ίῆ
1710 1537 1840 1591 Διιε.
1864 1534 1923 1590 Si
1946 1536 2109 1589 homo
2209 1533 2658 1604 complementum
2718 1532 2962 1601 ejusdem
3004 1530 3375 1603 perlectionis.
3395 1547 3514 1587 esse
3534 1578 3541 1583 .
3565 1532 3795 1593 factam,

527 1626 701 1682 factus
751 1638 833 1682 est
875 1638 996 1697 post
1034 1644 1218 1685 casum
1267 1628 1530 1683 malorum
1583 1625 1918 1697 angelorum,
1969 1626 2109 1680 sicut
2209 1634 2303 1680 aut
2347 1625 2424 1679 illi
2470 1623 2908 1695 superabundare
2936 1640 2950 1676 :
2980 1622 3124 1692 quod
3147 1622 3215 1679 de
3256 1623 3462 1677 minimi
3509 1621 3794 1677 vermiruli

522 1715 743 1785 quidam
769 1716 1073 1789 intelligunt
1112 1720 1165 1773 in
1188 1717 1418 1784 Genesi;
1474 1734 1578 1773 non
1607 1718 1764 1773 video
1817 1732 1976 1788 posse
2024 1730 2109 1771 me
2213 1727 2406 1773 natura
2451 1718 2632 1772 dicere
2675 1731 2780 1771 non
2825 1715 3106 1769 audemus.
3162 1714 3339 1781 Quare
3380 1728 3477 1782 pro
3507 1714 3685 1781 seipsa
3718 1711 3796 1765 ibi

522 1819 620 1876 per
642 1806 744 1862 hoc
768 1812 1000 1877 probare
1020 1808 1248 1863 alterum
1281 1811 1471 1864 horum
1503 1809 1879 1863 determinate.
1922 1807 2106 1863 Potest
2141 1813 2182 1871 Β
2215 1810 2354 1865 facta
2379 1816 2571 1873 est,-et
2588 1822 2695 1863 non
2733 1806 2906 1863 solum
2932 1820 3030 1876 pro
3080 1805 3453 1861 restaurandis
3502 1803 3799 1858 individuis

524 1899 670 1953 enim
703 1899 785 1969 (ut
812 1900 964 1971 puto)
992 1915 1114 1956 esse
1148 1902 1291 1971 quod
1319 1902 1490 1973 angeli
1528 1902 1680 1972 prius
1709 1901 1908 1957 fuerint
1933 1902 1985 1955 in
2014 1902 2106 1935 ’δι’
2214 1899 2559 1969 alteriussﬂ
2583 1906 2809 1952 naturaz.
2832 1895 2986 1952 Unde
3007 1897 3184 1966 palam
3206 1898 3435 1965 estquia
3467 1897 3681 1951 etiamsi
3698 1896 3796 1927 ’δί’

522 2004 752 2045 numero
792 1992 1051 2065 perfecto,
1080 2000 1135 2048 et
1172 2003 1354 2064 postea
1398 1972 1571 2048 factus
1596 1994 1668 2048 sit
1691 1995 1853 2049 homo
1894 2004 2110 2065 prOpler
2211 1990 2436 2062 angelus
2472 1988 2649 2043 nullus
2671 1988 2939 2058 periisset,
2982 1988 3230 2042 homines
3266 1996 3445 2042 tamen
3487 1987 3543 2042 in
3582 1972 3832 2041 caelesti.

526 2084 941 2139 restaurandum
1024 2086 1367 2140 imminutum
1431 2101 1616 2141 eorum
1674 2103 1958 2141 numerum
1999 2104 2013 2140 :
2053 2095 2109 2141 et
2208 2081 2431 2136 civitate
2485 2096 2643 2136 suum
2700 2079 2877 2134 locum
2932 2077 3264 2133 habuissent.
3320 2077 3575 2148 Sequitur
3613 2078 3800 2147 itaque

524 2181 844 2240 potestesse
866 2176 1008 2243 quod
1037 2190 1141 2230 non
1168 2176 1369 2230 fuerint
1393 2176 1487 2209 ““
1514 2178 1564 2231 in
1590 2192 1814 2231 numero
1839 2177 2104 2247 perfecto;
2208 2172 2333 2243 quia
2359 2172 2411 2225 in
2440 2171 2666 2240 angelis,
2697 2179 2990 2240 antequam
3018 2167 3238 2239 quidam
3271 2167 3484 2225 illorum
3511 2168 3796 2232 caderent,

526 2262 654 2331 quia
680 2262 964 2319 diﬂ‘ercbat
1012 2266 1170 2331 Deus,
1211 2267 1350 2321 sicut
1374 2267 1553 2322 adhuc
1578 2267 1776 2333 differt,
1827 2268 1973 2323 illum
2003 2269 2109 2322 im-
2210 2278 2315 2315 non
2345 2272 2464 2316 erat
2510 2262 2597 2316 ille
2629 2260 2899 2331 perfectus
2953 2273 3251 2315 numerus:
3284 2257 3521 2328 alioquin
3570 2271 3798 2312 necesse

525 2351 674 2419 plere
720 2367 1025 2417 numerum,
1074 2354 1317 2409 facturus
1364 2355 1653 2410 humanam
1706 2366 1956 2411 naturam
2009 2372 2109 2412 suo
2208 2363 2325 2409 erat
2354 2364 2412 2409 ut
2460 2364 2552 2408 aut
2594 2353 2858 2417 homines,
2907 2359 2999 2405 aut
3052 2349 3225 2421 angeli
3276 2349 3439 2419 aliqui
3493 2347 3797 2405 caderent:

524 2453 789 2515 tempore.
825 2444 997 2510 Unde,
1046 2457 1140 2501 aut
1184 2447 1520 2503 solummodo
1556 2462 1840 2502 numerum
1872 2448 2104 2503 nondum
2209 2448 2465 2516 quoniam
2512 2454 2667 2500 extra
2710 2457 2993 2498 numerum
3035 2443 3335 2512 perfectum
3385 2441 3456 2497 ibi
3485 2440 3662 2495 nullus
3697 2439 3799 2473 ⁸⁸³⁸

524 2534 794 2607 integrum
819 2538 1128 2607 perliceret;
1160 2549 1274 2603 aut,
1305 2538 1465 2593 etiam
1495 2538 1539 2593 si
1572 2539 1923 2603 minueretur,
1953 2540 2110 2594 resti-
2211 2554 2430 2593 manere
2465 2546 2694 2608 poterat.
2728 2537 2851 2592 Bos.
2884 2534 3139 2591 Nonnihil
3164 2533 3413 2590 eli'ecisti.
3446 2534 3576 2589 Axs.
3617 2534 3712 2588 Est
3742 2545 3800 2589 et

523 2635 719 2681 tueret.
763 2626 819 2682 Si
851 2639 1030 2684 autem
1078 2637 1186 2683 tota
1244 2638 1491 2684 creatura
1530 2629 1691 2685 simul
1732 2629 1875 2686 facta
1910 2639 2022 2696 est;
2054 2640 2109 2685 et
2209 2631 2313 2684 alia
2343 2630 2498 2693 ratio,
2529 2628 2588 2683 ut
2616 2629 2744 2683 mihi
2772 2628 3004 2692 videtur,
3035 2641 3155 2697 qum
3186 2643 3292 2682 non
3316 2640 3510 2697 parum
3532 2623 3802 2705 suifraga-

522 2718 639 2774 dies
666 2719 762 2785 illi,
788 2719 842 2775 in
869 2721 1068 2790 quibus
1096 2721 1310 2792 Moyses
1338 2722 1498 2776 istum
1524 2722 1779 2776 mundum
1816 2735 1921 2775 non
1949 2720 2106 2776 simul
2212 2728 2300 2773 tur
2343 2719 2418 2774 illi
2461 2719 2766 2784 sententize,
2801 2732 2924 2787 qua:
2970 2718 3193 2789 angelos
3222 2732 3332 2772 non
3369 2732 3491 2771 esse
3521 2715 3698 2772 factos
3745 2718 3802 2771 iu

520 2806 876 2865 factumesse
901 2811 1119 2865 videtur
1141 2810 1344 2876 dicere,
1388 2809 1549 2865 aliter
1585 2818 1714 2864 sunt
1751 2809 2106 2880 intelligendi,
2209 2811 2451 2880 perfecto
2479 2824 2704 2865 numero
2743 2809 3039 2865 existimat.
3085 2809 3209 2864 Bos.
3234 2807 3332 2863 Dic
3378 2807 3546 2862 illam.
3577 2808 3708 2862 Axs.
3740 2807 3802 2863 Si

516 2914 684 2967 quam
724 2901 865 2955 sicut
892 2902 1137 2955 videmus
1186 2902 1318 2955 istos
1341 2902 1474 2962 dies,
1505 2901 1556 2954 in
1603 2900 1801 2970 quibus
1828 2900 2104 2955 vivimus:
2210 2902 2382 2975 angeli
2425 2902 2478 2957 in
2524 2902 2614 2957 illo
2638 2900 2877 2972 perfecto
2931 2915 3158 2956 numero
3186 2899 3315 2955 facti
3342 2908 3493 2965 sunt,
3519 2909 3577 2955 et
3621 2899 3807 2955 nulla.

522 2990 825 3060 intelligere
852 3006 1059 3061 nequeo
1100 2993 1370 3061 quomodo
1415 2991 1541 3045 facti
1572 2991 1681 3045 sint
1707 2990 1881 3061 angeli
1928 2991 1980 3045 in
2017 2989 2109 3046 illo'
2212 3006 2366 3051 tenus
2410 2994 2537 3051 facti
2591 3003 2718 3050 sunt
2774 2993 3038 3056 homines,
3086 2992 3192 3048 nisi
3243 3006 3341 3062 pro
3399 2991 3807 3047 restauratione

523 3081 765 3149 perfecto
807 3081 905 3112 ³⁸⁸⁵
946 3096 1191 3137 numero.
1221 3081 1431 3152 Quippe
1482 3081 1526 3137 si
1579 3083 1652 3135 ita
1684 3089 1845 3145 esset,
1897 3080 2109 3135 videtur
2145 3153 2177 3159 _
2211 3087 2542 3155 perditorum
2589 3087 2920 3159 angelorum,
2956 3084 3134 3157 palam
3186 3091 3271 3140 est
3298 3084 3447 3155 quia,
3476 3082 3582 3139 nisi
3620 3084 3807 3154 angeli

523 3172 654 3226 mihi
703 3173 827 3243 quia
876 3188 940 3227 ex
989 3173 1331 3234 necessitate,
1369 3181 1465 3227 aut
1506 3172 1670 3243 aliqui
1728 3171 1975 3226 homines
2025 3169 2108 3224 vel
2135 3153 2179 3214 C
2214 3153 2330 3241 ὶδιί,
2359 3179 2428 3232 ab
2458 3177 2546 3241 illa
2591 3153 2925 3233 beauiudine
2949 3153 3048 3209 ίδη
3073 3153 3416 3241 cecidissent,
3451 3153 3808 3231 hominesiad

522 3263 696 3335 angeli
721 3265 901 3319 casuri
938 3273 1127 3330 erant;
1162 3273 1254 3319 aut
1279 3265 1459 3335 plures
1479 3273 1663 3320 essent
1691 3264 1744 3319 in
1776 3263 1865 3318 illa
1905 3262 2111 3319 caelesti
2214 3267 2359 3320 illam
2372 3279 2480 3334 non
2501 3266 2873 3322 escenderent.
2897 3266 3020 3322 Bos.
3049 3263 3161 3322 Hoc
3181 3272 3416 3320 mnstat.
3441 3262 3647 3318 Aus.Si
3677 3264 3811 3334 quis

520 3355 759 3420 civitate,
792 3371 954 3426 quam
972 3354 1072 3409 illa
1101 3354 1325 3425 perfecti
1356 3356 1563 3411 numeri
1594 3355 1968 3411 convenientia
1995 3354 2112 3408 exi-
2213 3373 2341 3414 vero
2363 3358 2460 3391 m'
2483 3358 2684 3415 dixerit
2704 3361 2830 3429 quia
2858 3367 3065 3413 tantum
3094 3358 3419 3413 lwtabuntur
3443 3356 3600 3413 electi
3624 3356 3810 3415 homi-

521 3452 687 3514 geret.
722 3444 779 3499 Si
819 3441 949 3517 ergo
974 3446 1152 3501 omnia
1198 3446 1357 3502 simul
1396 3446 1540 3501 facta
1570 3456 1724 3513 sunt;
1758 3447 1838 3501 sic
1859 3447 2112 3502 videntur
2212 3464 2310 3506 nes
2338 3452 2405 3506 de
2449 3432 2760 3522 angelorum
2809 3451 3132 3521 perditione,
3173 3460 3438 3520 quantum
3486 3449 3811 3520 gaudebunt

521 3534 723 3603 angeli,
753 3542 809 3590 et
837 3537 943 3590 duo
971 3536 1129 3604 primi
1164 3537 1416 3593 homines
1445 3537 1498 3591 in
1538 3552 1764 3593 numero
1794 3537 2111 3606 imperfecto
2212 3543 2279 3597 de
2324 3555 2420 3597 sua
2467 3542 2870 3609 assumptione,
2921 3542 3177 3610 quoniam
3231 3542 3438 3611 absque
3476 3539 3642 3595 dubio
3684 3540 3810 3597 here

521 3625 690 3682 fuisse
726 3627 849 3692 ’δας
886 3638 944 3683 ιιι
972 3629 1301 3694 hominibus,
1329 3632 1373 3684 si
1403 3630 1585 3686 nullus
1610 3630 1830 3685 caderet
1854 3630 2107 3701 angelns',
2212 3653 2319 3694 ιιοη
2345 3646 2510 3703 esset,
2553 3637 2658 3691 nisi
2702 3633 2790 3691 illa
2837 3635 3076 3701 fuisset,
3106 3636 3379 3705 quomodo
3415 3643 3674 3706 poterunt
3719 3637 3799 3691 ab

521 3719 664 3789 quod
695 3719 882 3774 deerat
904 3718 1079 3773 solum
1103 3721 1456 3790 pet-liceretur
1473 3720 1589 3787 “",
1608 3729 1664 3776 et
1691 3710 2108 3792 si'aliq‘uis'per-
2213 3729 2317 3784 hac
2359 3738 2615 3796 perversa
2659 3725 3020 3799 gratulatione
3053 3725 3312 3782 defendi?
3358 3726 3467 3780 Aut
3522 3727 3809 3796 quomodo

523 3810 628 3865 iret
659 3852 675 3878 ,
731 3810 835 3866 hoc
863 3825 1101 3881 quoque,
1155 3810 1297 3882 quod
1331 3811 1566 3876 caderet,
1608 3811 1984 3866 restitueretur
2010 3827 2025 3868 :
2055 3819 2111 3866 et
2210 3820 2451 3875 dicemus
2471 3817 2703 3889 angelos,
2718 3818 3234 3888 qniceciderunt,ex
3252 3816 3557 3873 hominibus
3584 3826 3806 3872 restau-

520 3903 758 3959 Ῐποηιῖηῖε
811 3912 1023 3969 Italum.
1065 3919 1187 3974 (Ιυω
1235 3903 1501 3958 inﬁrmior
1552 3915 1689 3969 0"".
1735 3903 1889 3975 quasi
1939 3903 2106 3957 De"!!!
2213 3900 2508 3976 ratos'm‘;
2538 3910 2582 3965 si
2618 3909 2692 3964 illi
2715 3909 2836 3965 sine
2864 3910 2967 3965 hoc
2992 3910 3122 3964 vitio
3146 3909 3484 3979 pcrmansuri
3524 3918 3728 3974 erant,
3756 3910 3809 3964 si

510 4006 828 4063 excusaret,
868 4006 1029 4068 atque
1064 3995 1336 4051 diabolum
1357 3994 1738 4062 confunderet;
1771 3995 1817 4051 si
1840 3994 1928 4050 ille
1948 4009 2105 4050 suum
2210 4016 2316 4057 non
2372 4000 2715 4067 cecidissent,
2766 4001 2817 4056 id
2850 4011 2937 4057 est
2996 4002 3116 4057 sine
3155 4000 3516 4071 gratulatione
3553 4000 3622 4056 de
3665 4016 3808 4057 casu

517 4105 704 4145 castum
733 4089 1031 4145 infirmitati
1062 4103 1173 4146 sum
1202 4091 1513 4160 imputaret,
1544 4105 1666 4145 eum
1698 4089 1810 4159 ipsa
1842 4088 2109 4144 infirmior
2209 4094 2439 4148 aliorum
2484 4093 2607 4159 m";
2649 4093 2737 4148 isti
2782 4106 2912 4147 vero
2930 4093 3047 4147 sine
3086 4091 3178 4146 illo
3201 4104 3323 4146 esse
3348 4106 3453 4146 non
3497 4093 3810 4160 poterunt?

519 4192 690 4245 saret
713 4202 726 4238 :
750 4199 837 4246 ac,
861 4184 905 4238 si
954 4193 1009 4237 et
1038 4183 1229 4239 eadem
1275 4185 1389 4254 ipsa
1430 4186 1680 4251 caderet,
1713 4184 1882 4238 multo
1934 4183 2107 4252 magis
2209 4183 2307 4222 ⁸⁸³⁸
2349 4184 2461 4240 lino
2495 4183 2729 4255 qualiter
2747 4198 2869 4239 cum
2898 4184 3000 4239 hoc
3026 4183 3158 4238 vitio
3183 4183 3326 4239 beati
3346 4196 3468 4239 esse
3492 4183 3812 4239 debebunt?

521 4275 691 4330 Deum
765 4272 1080 4329 defenderet
1154 4284 1346 4328 contra
1381 4325 1387 4331 .
1428 4274 1735 4338 diabolum,
1801 4282 1858 4329 et
1915 4282 2104 4330 contra
2211 4276 2414 4332 Deinde
2437 4290 2545 4347 qua
2578 4276 2799 4330 audacia
2834 4274 3077 4330 dicemus
3126 4275 3296 4330 Deum
3328 4289 3446 4329 .non
3495 4273 3652 4337 velle,
3704 4286 3813 4330 aut

518 4362 793 4431 seipsam:
830 4377 952 4417 cum
1000 4364 1111 4434 ipsa
1141 4352 1291 4419 facta
1315 4364 1474 4419 valde
1512 4364 1779 4419 infirmior
1804 4373 1860 4418 et
1883 4363 2103 4429 mortis,
2209 4382 2319 4422 non
2354 4382 2514 4438 posse
2541 4367 2658 4433 “",
2684 4368 2824 4423 hanc
2863 4368 3310 4422 restaurationem
3362 4367 3482 4423 sine
3514 4365 3620 4421 hoc
3664 4366 3812 4423 vitio

520 4454 575 4513 in
602 4452 787 4509 electis
817 4454 885 4511 de
920 4455 1395 4511 tantainfirmitate
1432 4463 1579 4511 tanto
1602 4445 1762 4511 altius
1791 4450 2108 4511 ascenderet

2212 4458 2791 4530 facere?.Bos.'_Nonne
2816 4458 3070 4516 similiter
3090 4468 3176 4513 est
3202 4458 3256 4512 in
3277 4458 3548 4529 gentibus,
3576 4471 3703 4527 qua:
3734 4459 3811 4513 ad

515 4559 682 4626 quam
723 4546 863 4601 unde
912 4546 1157 4603 diabolus
1188 4547 1498 4615 cecidisset;
1538 4556 1741 4618 quanto
1783 4546 2107 4618 boniaugeli
2142 4546 2375 4606 "fideli
2422 4559 2628 4607 vocatae
2670 4559 2818 4616 sunt,
2860 4549 2984 4621 quia
3028 4549 3174 4604 illam
3228 4546 3399 4603 Judaei
3439 4546 3762 4619 repulerunt
3787 4548 3815 4605 ἶ

1838 4766 2075 4827 Villile
2116 4770 2522 4828 LECTIO'NES.

573 4910 667 4983 ξ’ξοε
687 4909 849 4983 Erant
870 4910 921 4966 in
941 4927 1036 4967 ms.
1062 4908 1184 4981 July
1202 4919 1383 4983 essent
1401 4909 1451 4966 in
1510 4911 1606 4945 ’δον
1622 4910 1712 4967 Sic
1733 4912 1960 4969 dicimus
1977 4930 2102 4969 mss.
2122 4923 2167 4967 et
2185 4910 2447 4967 ediLGotlt
2489 4913 2566 4983 sic
2581 4912 2820 4983 dicemus
2879 4912 2972 4945 ’δίο
2995 4924 3072 4966 An
3090 4910 3231 4982 quod
3246 4911 3434 4983 Angeli
3450 4926 3572 4983 nias.
3594 4925 3662 4983 a_n
3688 4912 3817 4965 An-

554 4980 621 5054 _eli
691 4981 780 5054 _"_”
802 4980 915 5054 Non
935 4982 1094 5054 plusa
1127 4979 1353 5054 teexigu
1374 5000 1499 5054 nias.
1521 4983 1581 5037 Β.
1608 5000 1711 5037 non
1737 5000 1952 5052 possunt
1975 5002 2002 5039 a
2031 4996 2081 5039 te
2102 4983 2221 5054 plus
2239 4985 2454 5054 exigere
2526 4982 2618 5054 mf
2635 4982 2873 5037 Fuerunt
2896 4983 3046 5052 prius
3072 4979 3123 5054 iti
3155 4999 3285 5054 nm.
3300 4979 3449 5054 Gem.
3470 4979 3742 5054 Bcglo‘lg
3759 4993 3815 5054 et

572 5054 660 5105 ict.
683 5052 769 5107 i5.
788 5052 937 5124 prius
961 5052 1233 5124 fueriutin
1255 5050 1379 5107 uin.
1414 5051 1548 5124 l’igt.
1577 5054 1663 5124 l9.
1698 5050 2120 5124 primofuernnt'
2177 5054 2271 5124 Ψδ
2291 5050 2441 5119 Quod
2462 5070 2567 5108 non
2589 5052 2799 5108 fuerunt
2816 5050 2939 5107 mss.
2960 5052 3102 5122 quod
3122 5067 3243 5124 non
3265 5052 3466 5107 fuerint
3537 5052 3632 5082 ⁸⁵⁸⁸
3645 5050 3817 5124 [facti

517 5131 640 5207 sunt
666 5121 841 5193 angeli
878 5123 929 5207 in
951 5123 1292 5207 illoperfeeto
1314 5140 1440 5207 mss;
1467 5121 1757 5207 GentLBe'c.
1940 5122 2151 5207 elt‘loly.
2171 5123 2425 5178 factisiut
2450 5125 2622 5205 angeli
2648 5125 2700 5207 in
2720 5121 3221 5207 illoniutegrom’f:
3232 5123 3285 5207 In
3307 5135 3532 5176 numero
3543 5121 3819 5207 perfecto

516 5193 684 5264 fuisse
714 5191 838 5264 mss.
874 5191 1170 5264 Bec.'Getu.
1209 5191 1343 5248 Vict.
1378 5194 1461 5249 l5.
1491 5204 1537 5247 et
1564 5194 1648 5249 t9.
1680 5204 1727 5247 et
1762 5194 1909 5264 redit.
1942 5191 2117 5264 Gothi
2138 5194 2190 5247 in
2218 5208 2442 5248 numero
2469 5191 2788 5264 imperfecto
2813 5191 2977 5248 fuisse
3051 5192 3149 5264 ’Ψ
3189 5192 3376 5247 Solum
3438 5191 3818 5264 perficeretur

514 5280 614 5321 ms.
646 5261 782 5335 loly.
817 5263 1153 5335 solummodo
1183 5266 1537 5335 perﬁceretur
1609 5264 1701 5295 '“’
1734 5263 1824 5318 Illa
1850 5263 2088 5335 caelestis
2114 5263 2469 5335 perficeretur
2504 5259 2594 5333 qui
2624 5266 2668 5318 si
2714 5264 2873 5335 homo
2904 5279 3029 5335 nias.
3071 5262 3175 5335 illa;
3206 5259 3454 5332 superna'
3485 5259 3824 5335 perficietur

515 5334 770 5404 quoniam
795 5334 837 5388 si
865 5336 1024 5404 homo
1048 5351 1147 5387 ms.
1179 5331 1301 5404 1on
1331 5332 1475 5404 legit,
1500 5335 1859 5404 perficeretur
1910 5334 2007 5366 ¹⁶¹⁸
2031 5331 2183 5390 εἰςἰιι
2205 5333 2463 5404 possibile
2487 5331 2570 5389 est
2594 5351 2721 5404 mss.
2761 5334 2885 5388 Bcc.
2928 5331 3064 5404 Vict.
3087 5333 3230 5404 Joly,
3258 5331 3446 5387 (ἕξεων.
3496 5332 3576 5386 sic
3620 5333 3822 5404 possis-

519 5401 624 5474 fijle
653 5413 734 5455 est
764 5419 891 5465 mss.
924 5403 1073 5458 Gem.
1098 5404 1176 5458 sic
1206 5401 1534 5474 impossibile
1555 5415 1657 5474 est,
1715 5404 1809 5437 “‘9
1837 5403 1972 5470 Quia
1997 5405 2040 5459 si
2072 5401 2237 5460 etiam
2264 5421 2390 5459 mss.
2422 5403 2545 5460 Bcc.
2589 5401 2737 5459 Gem.
2785 5404 2917 5458 Vict.
2950 5413 2997 5457 et
3028 5401 3327 5474 Jolythtiu
3362 5404 3528 5474 etiam
3583 5401 3631 5474 _s_i
3707 5403 3822 5435 ’δ”

516 5469 812 5545 Iguinorum
841 5474 1141 5545 perfectum
1171 5474 1243 5528 ibi
1270 5469 1447 5529 nullus
1470 5491 1566 5530 ms.
1622 5471 1753 5528 Vict.
1790 5469 1877 5529 l9.
1917 5491 2199 5530 numerum
2245 5475 2392 5545 illum
2425 5476 2727 5545 perfectum
2785 5474 2963 5529 nullus
3036 5469 3273 5545 'fff'lVi'si
3307 5472 3390 5527 illi
3446 5471 3623 5542 angeli
3668 5488 3820 5545 ures.

505 5538 660 5614 Vict.
682 5539 751 5614 ‘5.
786 5538 855 5595 σι’
877 5543 960 5596 15.
982 5545 1090 5614 nisi
1133 5546 1307 5614 angeli
1382 5547 1474 5583 ’δι’
1515 5546 1598 5601 Ab
1631 5544 1718 5609 illa
1743 5545 2075 5614 beatitudine,
2108 5561 2207 5599 ms.
2245 5544 2384 5600 Vict.
2417 5538 2500 5601 i9.
2532 5547 2601 5599 ab
2625 5545 2713 5599 illa
2738 5545 2960 5600 civitate
3034 5542 3131 5574 ’m
3150 5543 3207 5600 Si
3242 5544 3365 5611 quis
3385 5538 3643 5614 ergo'ms.
3668 5541 3819 5613 λοι,

517 5609 561 5664 si
602 5610 881 5680 quisgvcro
953 5612 1047 5644 ’ω
1077 5614 1134 5667 In
1162 5609 1471 5671 hominibus
1502 5624 1841 5671 restauratos
1903 5630 2000 5669 ms.
2044 5613 2233 5669 Cister.
2292 5631 2357 5671 ex
2413 5616 2721 5671 hominibus
2769 5623 3147 5671 restauratos:
3224 5609 3328 5646 ²ί¹⁵
3371 5609 3512 5667 Casu
3564 5609 3821 5665 aliomaia

518 5678 773 5751 utsi.)on
799 5683 1162 5756 casttgillorum
1236 5683 1329 5756 "ﬁ"
1358 5687 1484 5740 Esse
1513 5703 1612 5739 non
1645 5695 1932 5756 potuerunt
1959 5702 2082 5738 mss.
2109 5683 2258 5739 Gem.
2291 5686 2410 5740 Brc.
2438 5685 2584 5756 July,
2627 5684 2763 5742 Vict.
2814 5687 2867 5742 5.
2893 5696 2939 5741 et
2978 5684 3058 5739 l9.
3096 5696 3143 5738 et
3192 5684 3251 5741 S.
3304 5683 3462 5737 Mida.
3504 5694 3627 5737 esse
3690 5698 3823 5735 non

516 5758 811 5818 potuerunt
880 5753 970 5783 "’7
995 5752 1107 5807 Non
1138 5753 1376 5822 potuisse
1402 5773 1522 5809 mss.
1551 5769 1595 5811 ct
1644 5752 1767 5810 edit.
1794 5754 1949 5815 (lolii.
1978 5770 2082 5810 non
2112 5771 2287 5827 posse.
