4050 6294
258 330 350 389 535
1412 323 1550 381 CUR
1587 322 1768 379 DEUS
1808 322 2022 381 HOMO.
2064 354 2130 365 -—
2160 324 2284 380 LIB.
2320 324 2360 380 l.
3411 334 3517 390 330

257 448 369 501 Axs.
396 440 547 505 Non;
575 426 701 495 nam
731 439 775 495 si
815 452 1005 493 omnes
1024 437 1193 494 Judaei
1218 437 1607 503 credidissent,
1638 437 1841 493 Gentes
1871 442 1914 499 Α
1947 448 2150 492 mutata
2185 438 2239 492 in
2275 438 2488 506 melius,
2515 456 2615 496 suo
2639 442 2873 511 quodam
2907 443 3067 499 modo
3096 444 3250 512 quasi
3291 461 3523 515 cengra-

258 547 421 590 tamen
447 540 809 587 vocarentur:
836 532 960 604 quia
984 532 1039 583 in
1063 532 1206 584 omni
1228 540 1374 600 gente
1394 532 1484 600 qui
1507 531 1648 583 timet
1672 529 1840 584 Deum
1948 528 2239 596 tularetur;
2286 532 2395 585 imo
2449 533 2626 586 cuiuis
2679 542 2927 588 creatura
2960 535 3025 589 de
3051 542 3156 588 tam
3200 534 3433 603 gloriosa
3469 548 3525 593 et

256 638 297 682 et
323 636 567 695 operatur
581 624 844 693 justitiam
871 623 968 654 “’3
1000 632 1239 692 acceptus
1260 633 1334 676 est
1363 622 1444 676 itli
1473 621 1612 691 (Act.
1638 638 1693 685 x,
1717 622 1836 680 35).
1944 628 2052 674 tam
2088 622 2393 677 admirabili
2434 623 2517 679 sui
2541 625 3008 680 consummatione
3038 625 3137 695 ipsi
3173 626 3442 692 Creatori,
3466 637 3522 684 ct

258 719 347 773 Sed
367 717 620 786 quoniam
646 714 813 770 Judrei
839 714 1109 783 apostolus
1138 723 1594 784 contempserunt,
1622 730 1684 769 ea
1714 724 1840 769 tunc
1941 711 2041 765 sibi
2065 711 2321 778 invicem,
2350 727 2574 782 quaeque
2596 729 2693 767 suo
2718 714 2879 770 modo
2907 724 3108 769 aeterne
3135 717 3524 784 congaudendo

255 806 571 864 fuitoccasio
590 813 647 859 ut
667 805 948 860 adGentes
976 806 1049 859 illi
1068 804 1837 861 converterentur.Bos.Nullo
1933 799 2355 870 jucundaretur;
2406 813 2674 874 quatenus
2700 805 2841 874 quod
2884 805 3132 860 voluntas
3182 807 3233 861 iu
3273 808 3522 864 rationali

260 900 404 955 modo
450 897 612 951 video
656 896 783 965 quid
844 906 1033 951 contra
1103 898 1217 951 haec
1266 896 1446 951 dicere
1480 896 1573 927 ’δ”
1614 896 1835 965 possim.

254 993 367 1047 Aris.
407 988 565 1045 Utule
595 986 691 1039 tibi
733 987 948 1040 videtur
987 986 1239 1040 accidere
1283 984 1573 1054 singularis
1620 985 1708 1038 illa
1736 985 1833 1017 ⁸³³³

254 1081 422 1136 lzetitia
454 1080 520 1133 de
550 1076 728 1132 alieno
752 1078 920 1132 casu?
950 1078 1073 1131 llos.
1106 1076 1294 1141 Unde,
1343 1076 1447 1129 nisi
1477 1074 1603 1144 quia
1649 1083 1832 1129 certus

257 1173 348 1227 crit
374 1171 773 1239 unusquisque,
796 1168 1053 1238 quoniam
1083 1168 1171 1221 ubi
1203 1167 1307 1221 erit
1336 1166 1645 1221 nullatenus
1666 1175 1829 1233 esset,

253 1264 338 1318 nisi
360 1262 502 1317 alius
523 1264 648 1318 inde
674 1262 960 1317 cecidisset
991 1260 1116 1313 ³³³ιῖ
1144 1260 1273 1313 Axs.
1307 1259 1362 1313 Si
1392 1275 1522 1330 ergo
1550 1261 1691 1316 hanc
1713 1276 1833 1315 cer.

263 1356 543 1409 titudinem
577 1355 752 1409 nullus
783 1353 1040 1417 haberet,
1083 1368 1187 1407 non
1230 1362 1375 1406 esset
1406 1353 1547 1406 unde
1587 1353 1725 1408 ullus
1764 1353 1832 1407 de

253 1446 415 1500 alieno
442 1446 642 1500 damno
664 1445 940 1514 gauderet.
964 1443 1088 1499 Bos.
1117 1443 1193 1496 lta
1223 1444 1435 1497 videtur
1454 1443 1565 1497 “".
1582 1443 1831 1497 AusJ’u-

253 1546 389 1591 tasne
422 1539 657 1608 aliquem
682 1536 895 1590 illorum
914 1536 1226 1589 habiturum
1256 1536 1396 1591 hanc
1414 1536 1823 1599 certitudinem;

251 1626 288 1679 si
333 1626 504 1681 multo
543 1625 726 1696 plures
775 1633 954 1690 erunt,
995 1639 1157 1693 quam
1198 1625 1290 1693 qui
1330 1625 1679 1680 ceciderunt?
1731 1624 1826 1656 ’³³⁸

250 1717 357 1770 Bos.
385 1716 743 1787 Nequaquam
771 1730 992 1786 possum
1028 1715 1419 1785 Opinati-quod
1449 1730 1567 1769 eam
1601 1716 1819 1780 habeat,

1939 894 2031 927 “’7
2062 902 2255 948 natura
2287 902 2481 962 sponte
2522 893 2674 957 facit,
2704 895 2807 950 hoc
2852 905 2907 950 et
2927 896 3039 964 jam
3069 896 3165 927 ’³³⁸
3192 897 3524 952 insensibilis

1937 994 2185 1040 creatura
2215 998 2311 1053 per
2326 984 2420 1039 Dei
2443 984 2850 1055 dispositionem
2875 986 3195 1040 naturaliter
3220 987 3518 1042 exhiberet.

1937 1076 2187 1131 Solemus
2224 1092 2457 1145 namque
2489 1077 2542 1130 in
2575 1077 2837 1146 majorem
2866 1087 3171 1132 nostrorum
3199 1079 3522 1133 cxaltatione

1939 1168 2282 1238 congaudere
2308 1186 2321 1220 :
2352 1176 2413 1221 ut
2436 1183 2558 1222 cum
2578 1168 2629 1221 iu
2657 1167 2913 1223 uatalitiis
2943 1180 3251 1223 sanctorum
3279 1170 3518 1225 exsulta-

1948 1260 2094 1314 tione
2126 1259 2317 1314 l‘estiva
2362 1258 2729 1327 jucundatnur
2774 1261 2839 1314 de
2876 1260 3046 1330 gloria
3069 1276 3257 1316 eorum
3282 1263 3523 1318 lactantes

1934 1344 2047 1398 ³⁸³⁸.
2079 1344 2252 1411 Quam
2286 1344 2616 1398 sententiam
2655 1344 2785 1398 illud
2820 1346 3079 1415 adjuvare
3110 1347 3360 1402 videtur:
3392 1350 3518 1417 quia

1932 1437 1979 1491 si
2008 1436 2179 1491 Adam
2210 1452 2316 1490 non
2358 1445 2665 1503 peccasset,
2692 1435 2935 1492 differret
2967 1446 3145 1493 tamen
3199 1438 3343 1494 Deus
3372 1440 3518 1493 illam

1931 1528 2205 1581 civitatem
2238 1527 2516 1596 perﬁcere,
2563 1530 2759 1591 donec,
2791 1529 3064 1598 completo
3090 1545 3153 1584 ex
3187 1531 3518 1595 hominibus,

1929 1634 2089 1689 quem
2116 1621 2489 1689 exspectabat,
2517 1636 2761 1684 numero,
2802 1620 2907 1690 ipsi
2935 1636 3150 1692 quoque
3182 1625 3429 1679 homines
3464 1625 3518 1678 in

1929 1726 2253 1780 corporum,
2301 1719 2359 1765 ιιι
2408 1711 2483 1766 ita
2522 1712 2723 1775 dicam,
2784 1711 3146 1769 immortalem
3192 1723 3517 1768 transmuta-

250 1817 331 1861 aat
375 1808 580 1862 habere
618 1806 832 1862 debeat.
882 1804 1163 1872 Quomodo
1194 1821 1427 1875 namque
1456 1806 1577 1874 quis
1624 1808 1821 1875 poterit
1855 1793 1899 1852 Β
1933 1812 2119 1856 rentur
2149 1802 2612 1858 immortalitatem
2642 1804 2755 1857 κιο.
2786 1803 3068 1859 llabebant
3106 1805 3250 1859 enim
3278 1806 3330 1860 in
3359 1821 3515 1875 para-

250 1898 373 1950 scire
400 1907 586 1951 utrum
613 1910 711 1964 pro
742 1895 1099 1950 restaurando
1124 1896 1267 1963 quod
1296 1895 1642 1949 imminutum
1682 1905 1825 1961 erat,

250 1997 328 2040 aut
350 2002 449 2057 pro
478 1987 799 2058 complendo
826 1987 967 2056 quod
998 1987 1239 2040 nondum
1263 1986 1563 2056 perfectum
1606 1996 1725 2041 erat
1753 1988 1822 2042 de

250 2078 330 2131 illo
357 2094 587 2133 numero
621 2079 1016 2134 constituenda:
1055 2078 1314 2143 civitatis,
1364 2078 1437 2132 sit
1476 2077 1651 2133 factus
1684 2096 1697 2132 :
1729 2079 1823 2134 sed

245 2183 422 2224 omnes
451 2171 586 2223 certi
636 2178 795 2223 erunt
823 2184 883 2223 se
928 2169 1100 2223 factos
1146 2184 1279 2224 esse
1320 2169 1388 2223 ad
1435 2169 1822 2238 perﬁciendam

248 2260 377 2313 illam
430 2260 748 2314 civitatem?
791 2260 921 2313 Axs.
963 2260 1105 2329 Ergo
1143 2260 1186 2313 si
1231 2258 1416 2330 plures
1454 2269 1615 2313 erunt
1660 2276 1820 2329 quam

246 2351 449 2419 reprobi
497 2350 669 2419 angeli
708 2348 884 2404 nullus
933 2349 1130 2419 poterit
1163 2356 1257 2402 aut
1314 2350 1531 2405 debebit
1578 2350 1718 2404 scire
1765 2364 1824 2404 se

244 2456 340 2494 tum
362 2456 490 2495 esse
510 2442 582 2496 ibi
615 2450 971 2509 assumptum,
1006 2440 1105 2493 nisi
1146 2456 1241 2509 pro
1273 2440 1451 2494 alieno
1482 2455 1636 2495 casu.
1694 2440 1817 2496 Bos.

245 2529 432 2584 Verum
464 2542 567 2586 est.
596 2532 724 2586 Axs.
757 2531 872 2586 Non
903 2532 1068 2600 igitur
1098 2532 1317 2585 habebit
1344 2532 1539 2599 aliquis
1568 2547 1665 2585 cur
1689 2549 1821 2602 gau-

243 2621 357 2675 dere
383 2621 582 2676 debeat
607 2623 674 2675 de
708 2622 931 2676 alterius
957 2622 1276 2691 perditione.
1310 2622 1429 2677 Bos.
1455 2622 1529 2675 lta
1555 2624 1819 2693 sequitur.

241 2712 361 2767 Axs.
395 2714 534 2768 Cum
575 2716 758 2786 itaque
798 2716 1075 2770 videamus
1102 2716 1226 2784 quia
1250 2716 1293 2769 si
1334 2715 1513 2785 plures
1537 2726 1696 2770 erunt
1726 2719 1820 2771 ho-

256 2803 422 2857 mines
452 2804 610 2859 electi
655 2819 815 2875 quam
844 2805 950 2858 sint
992 2803 1203 2873 reprobi
1230 2805 1442 2873 Angeli,
1474 2805 1557 2858 illa
1583 2822 1689 2860 non
1732 2822 1819 2861 se-

240 2904 431 2960 quatur
458 2894 899 2950 inconvenientia
930 2910 1093 2963 quam
1121 2894 1217 2926 ’³³⁸
1248 2896 1401 2964 sequi
1434 2912 1657 2952 necesse
1711 2908 1814 2962 est,

237 2987 279 3038 si
306 2986 491 3055 plures
522 3003 627 3041 non
683 2996 843 3041 erunt
871 3003 883 3039 :
909 2995 964 3040 et
998 3001 1120 3041 cum
1163 2986 1494 3055 impossibile
1534 2988 1607 3041 sit
1642 2988 1814 3053 ullum

238 3080 285 3129 in
310 3070 398 3130 illa
422 3078 643 3132 civitate
665 3077 904 3131 futurum
932 3076 1339 3143 inconveniens,
1368 3077 1582 3131 videtur
1597 3092 1817 3133 necesse

1931 1894 2048 1949 diso
2073 1894 2363 1963 quamdam
2404 1894 2895 1960 immortalitatem,
2955 1896 3009 1950 id
3057 1904 3161 1961 est,
3192 1905 3517 1965 potestatem

1927 2003 2033 2042 non
2077 1987 2509 2042 moriendizsed
2557 2002 2664 2042 non
2704 1996 2827 2042 erat
2872 1988 3199 2043 immortalis
3251 1990 3367 2043 htec
3419 2003 3505 2058 po.

1938 2088 2125 2144 testas,
2153 2080 2280 2148 quia
2310 2086 2524 2148 poterat
2563 2079 2698 2132 mori
2730 2079 2845 2145 Νι,
2877 2089 2956 2145 ut,
3004 2079 3230 2141 scilicet,
3280 2079 3381 2148 ipsi
3409 2094 3513 2133 non

1925 2179 2149 2239 possent
2179 2170 2316 2225 mori
2354 2170 2467 2223 Μ’.
2503 2167 2609 2224 Sed
2652 2170 2703 2224 .si
2749 2170 2822 2224 ita
2853 2170 2946 2200 ³³³³
2982 2178 3087 2232 est,
3129 2178 3211 2233 ut,
3242 2168 3516 2235 videlicet,

1927 2260 2195 2314 rationem
2222 2259 2369 2313 illam
2391 2269 2445 2314 et
2474 2261 2689 2315 beatam
2720 2260 3110 2322 civitatetn,.ct
3134 2259 3272 2314 hanc
3295 2256 3514 2314 munda.

1925 2365 2050 2403 nam
2106 2348 2593 2417 insensibilemque
2646 2349 3016 2403 naturatu’m
3048 2347 3192 2403 Deus
3241 2349 3310 2402 ab
3360 2348 3515 2401 initio

1925 2438 2269 2506 proposuerit
2296 2436 2455 2491 simul
2486 2436 2748 2507 perﬁcere
2774 2456 2787 2490 :
2812 2438 3023 2492 videtur
3045 2436 3169 2505 quia
3199 2444 3291 2489 aut
3317 2436 3405 2489 illa
3432 2436 3511 2490 ci-

1926 2527 2063 2582 vitas
2089 2542 2197 2580 uon
2228 2534 2347 2579 erat
2373 2526 2641 2595 completa
2688 2526 2742 2581 in
2782 2540 3009 2579 numero
3039 2524 3350 2593 angelorum
3385 2534 3510 2577 ante

1924 2623 2189 2678 malorum
2220 2622 2465 2684 ruinam;
2499 2620 2593 2675 sed
2641 2619 2992 2689 exspectabat
3019 2617 3161 2671 Deus
3203 2626 3263 2670 ut
3289 2631 3410 2671 eam
3444 2616 3511 2669 de

1922 2714 2233 2769 hominibus
2254 2711 2570 2781 compleret,
2601 2711 2817 2780 quando
2845 2725 3163 2780 corpoream
3201 2708 3292 2740 ⁸³⁸⁵
3323 2709 3509 2763 mundi

1921 2816 2172 2860 naturam
2195 2805 2247 2859 iu
2276 2803 2471 2859 melius
2495 2811 2730 2857 mutaret
2761 2801 2854 2834 M‘
2884 2817 2898 2855 :
2930 2813 3022 2855 aut
3051 2801 3098 2856 si
3131 2801 3368 2872 perfecta
3395 2811 3512 2854 erat

1923 2898 1974 2951 in
2006 2911 2253 2960 numero,
2290 2911 2395 2949 non
2438 2894 2676 2964 perfecta
2713 2903 2835 2949 erat
2881 2894 2933 2948 in
2965 2894 3417 2957 conﬁrmatione;
3452 2903 3510 2945 et

1921 2988 2215 3043 differenda
2248 2995 2369 3041 erat
2398 2987 2517 3055 ejus
2549 2986 2909 3051 conﬁrmatio,
2946 2985 3110 3039 etiam
3161 2984 3205 3038 si
3251 2984 3429 3038 nullus
3452 2986 3508 3037 in

1921 3095 1982 3135 ea
2048 3082 2355 3150 pecasset,‘
2390 3094 2561 3149 usque
2604 3079 2671 3133 ad
2726 3095 2845 3146 eam
2895 3078 3079 3133 mutuli
3158 3078 3252 3109 ’³⁸⁷
3287 3118 3301 3142 ,
3350 3094 3510 3147 quam

236 3180 347 3219 esse
402 3176 459 3218 ut
490 3167 666 3236 angeli
702 3181 805 3221 non
835 3166 945 3220 sint
990 3164 1119 3218 facti
1162 3165 1254 3219 illo
1283 3164 1525 3234 perfecto
1559 3184 1813 3233 numero,
1847 3148 1889 3205 ε
1925 3148 2332 3238 exspectamus,
2368 3148 2773 3224 renovationctn
2807 3185 2818 3221 :
2854 3178 2947 3223 aut
2978 3169 3022 3222 si
3056 3182 3163 3222 non
3190 3168 3394 3222 diutius
3422 3167 3509 3220 illa

234 3267 284 3309 et
311 3257 497 3326 plures
522 3258 690 3311 futuri
720 3259 830 3312 sint
859 3258 1000 3311 beati
1034 3256 1305 3322 homines,
1338 3273 1500 3327 quam
1548 3258 1658 3312 sint
1712 3261 1816 3313 mi-

233 3352 333 3403 seri
372 3350 583 3420 ‘nngeli.
618 3351 740 3405 Bos.
792 3351 906 3405 Non
963 3350 1121 3405 video
1174 3366 1279 3420 qua
1321 3350 1535 3405 ratione
1569 3352 1673 3406 hoc
1721 3368 1816 3407 ne.

233 3438 342 3507 gari
374 3439 472 3478 ²ι³⁸
501 3448 686 3508 queat.
712 3440 841 3495 Aus.
868 3441 1041 3495 Aliam
1067 3442 1245 3494 adhuc
1267 3439 1508 3509 ejusdem
1533 3429 1816 3497 sententiae

230 3543 388 3595 posse
423 3529 527 3583 dici
574 3539 703 3600 puto
739 3532 1027 3585 rationem.
1079 3531 1202 3585 Bos.
1257 3531 1404 3587 Hanc
1432 3548 1648 3604 quoque
1691 3550 1816 3603 pro-

230 3620 367 3673 ferre
392 3621 579 3675 debes.
614 3620 743 3675 Axs.
774 3622 1055 3677 Credimus
1080 3624 1221 3679 hanc
1247 3624 1431 3678 mundi
1464 3626 1660 3679 molem
1694 3642 1816 3681 cor-

226 3730 448 3783 poream
490 3716 542 3769 in
596 3716 787 3771 melius
838 3717 1233 3782 renovandam;
1269 3732 1369 3771 nec
1412 3718 1515 3771 hoc
1568 3718 1813 3774 futurum

226 3821 370 3870 esse,
398 3809 569 3864 donec
602 3809 891 3879 impleatur
912 3826 1170 3865 numerus
1191 3812 1487 3868 electorum
1512 3813 1813 3875 hominum,

222 3908 275 3950 et
306 3899 402 3951 illa
434 3900 586 3955 beata
634 3900 953 3970 perﬁciatur
1005 3902 1229 3967 civitas;
1258 3919 1356 3958 nec
1390 3914 1506 3973 post
1539 3905 1657 3974 ejus
1688 3919 1815 3974 per-

224 3988 521 4045 fectionem
575 3991 935 4047 diﬁ’erendum
988 3993 1102 4047 ⁸⁵³⁸.
1164 3994 1312 4050 Unde
1358 3994 1537 4067 colligi
1614 4006 1810 4066 potest,

220 4080 399 4135 Deum
442 4085 511 4137 ab
540 4084 696 4138 initio
726 4085 1072 4154 proposuisse
1096 4093 1153 4138 ut
1179 4096 1472 4157 utrumque
1494 4088 1651 4141 simul
1694 4103 1815 4155 per-

223 4173 451 4237 liceret;
483 4182 752 4242 quatenus
775 4184 830 4229 et
858 4176 1052 4238 minor,
1084 4192 1202 4244 qua:
1234 4176 1401 4230 Deum
1430 4193 1533 4231 non
1562 4180 1811 4243 sentiret,

218 4272 423 4316 natura
471 4273 596 4318 ante
644 4264 927 4334 majorem,
976 4281 1096 4335 qua:
1135 4265 1243 4320 Deo
1292 4266 1395 4321 l'rui
1445 4268 1685 4330 deberet,
1719 4284 1811 4323 ne.

1917 3261 2256 3315 conﬁrmatio
2269 3258 2561 3315 dillerenda
2581 3268 2719 3323 erat,
2734 3258 3079 3314 acceleranda
3101 3267 3220 3312 erat
3241 3259 3509 3312 mundana

1921 3352 2221 3415 renovatio,
2252 3360 2309 3404 ut
2340 3367 2463 3405 cum
2489 3351 2677 3405 eadem
2728 3350 3142 3405 conﬁrmatione
3186 3349 3359 3403 ﬁeret.
3402 3350 3510 3401 Sed

1920 3444 2061 3513 quod
2106 3444 2365 3496 mundum
2408 3443 2621 3495 noviter
2667 3441 2867 3496 factum
2925 3440 3106 3494 statim
3150 3440 3291 3494 Deus
3343 3454 3507 3494 reno-

1922 3552 2049 3591 vare
2074 3535 2197 3598 ωδ,
2221 3544 2276 3588 et
2310 3551 2402 3589 eas
2439 3549 2547 3597 res,
2578 3548 2699 3601 qua:
2748 3542 2871 3602 post
2909 3532 3309 3587 renovationem
3356 3530 3505 3586 illam

1922 3648 2027 3687 non
2062 3638 2247 3694 erunt,
2292 3630 2344 3683 iu
2388 3628 2507 3698 ipso
2528 3626 2704 3690 initio,
2750 3636 3041 3694 antequam
3090 3633 3378 3694 appareret
3405 3638 3507 3677 cur

1921 3723 2077 3777 facta:
2116 3730 2299 3777 essent
2349 3721 2627 3774 destruere
2680 3718 2977 3772 instituerit
3008 3717 3119 3783 ³³³³,
3168 3716 3314 3770 omni
3357 3724 3507 3770 caret

1921 3815 2158 3871 ratione.
2188 3813 2447 3883 Sequitur
2477 3827 2607 3881 ergo
2628 3811 2755 3880 quia
2785 3810 2959 3880 angeli
3005 3825 3111 3864 non
3164 3810 3235 3863 ita
3290 3808 3508 3863 fuerunt

1923 3906 1977 3960 in
2006 3920 2234 3960 numero
2282 3903 2547 3973 perfecto,
2574 3912 2630 3957 ut
2680 3918 2866 3956 eorum
2894 3900 3238 3955 conﬁrmatio
3280 3914 3383 3953 non
3412 3900 3507 3952 diu

1923 3998 2205 4054 dill'erctur
2231 4003 2519 4065 propterea
2549 3994 2676 4062 quia
2713 3992 2896 4046 mundi
2940 3991 3064 4045 novi
3099 3989 3507 4043 renovationem

1922 4102 2047 4142 mox
2073 4092 2354 4156 oporteret
2396 4082 2513 4136 ﬁeri
2539 4080 2671 4134 ἠοξ
2706 4082 2847 4150 quod
2896 4096 3001 4135 non
3034 4077 3307 4134 convenit.
3354 4077 3509 4144 Quod

1920 4186 2100 4232 autem
2136 4173 2384 4230 eamdem
2413 4171 2884 4226 conﬁrmationem
2916 4184 3084 4239 usque
3109 4170 3174 4221 ad
3203 4167 3387 4221 mundi
3422 4166 3508 4221 [ιι-

1921 4281 2098 4325 turam
2120 4270 2526 4324 renovationem
2557 4262 2774 4319 diﬁ'erre
2795 4263 2937 4318 Deus
2967 4260 3218 4324 voluerit,
3248 4260 3507 4321 inconve-

216 4368 502 4424 qnaqnain
549 4356 936 4427 perﬁceretur;
987 4368 1040 4412 et
1092 4358 1143 4411 in
1200 4357 1420 4427 majoris
1446 4361 1810 4430 perfectione,
1844 4357 1894 4417 D
1930 4362 2086 4418 uicus
2110 4359 2342 4426 videtur,
2369 4357 2670 4431 prmscrtim
2688 4371 2812 4412 cum
2835 4355 2980 4410 illam
3010 4353 3064 4409 in
3098 4351 3367 4423 aliquibus
3394 4359 3506 4407 tam

1545 4513 1777 4569 VARIAL'
1815 4514 2219 4573 LECTIONES.

284 4624 390 4660 ³³³⁸
434 4623 701 4693 Operatnr
747 4621 1015 4695 justitiam
1050 4662 1065 4687 ,
1124 4632 1378 4695 acceptus
1424 4634 1506 4678 est
1558 4643 1653 4678 ms.
1726 4626 1861 4680 Vict.
1913 4628 2008 4682 19.
2072 4634 2431 4695 cooperatur,
2485 4623 2751 4691 justitiam
2807 4625 3034 4694 adeptus
3079 4634 3162 4680 est
3232 4626 3325 4658 '“’
3361 4625 3509 4680 (3οη-

212 4710 295 4753 tra
356 4692 717 4767 lioejdieere
751 4708 878 4767 mss.
916 4692 1070 4767 ‘Gem.
1134 4692 1266 4767 Vict.
1292 4692 1510 4767 “Cister.
1551 4706 1737 4749 contra
1798 4698 1911 4753 lucc
1951 4700 2133 4767 dicere
2175 4692 2296 4727 ’²⁸³⁰
2353 4695 2592 4767 Singulis
2655 4695 2741 4747 illa
2772 4692 2922 4767 mss.‘
2964 4695 3150 4750 Cister.
3212 4697 3505 4767 singularis

211 4769 305 4822 illa
391 4764 486 4796 ²¹⁸³¹
543 4764 601 4817 Si
652 4763 789 4816 alius
840 4764 961 4816 inde
1003 4780 1108 4817 non
1155 4764 1440 4818 cecidisset
1484 4782 1608 4819 mss.
1650 4777 1696 4819 et
1756 4768 1882 4821 edit.
1938 4766 2093 4821 Goth.
2154 4767 2254 4820 nisi
2312 4763 2475 4819 alius
2506 4766 2628 4819 inde
2684 4766 2965 4819 recidisset
3038 4766 3132 4797 m'
3177 4768 3249 4821 Ita
3294 4763 3505 4820 videtur

204 4856 310 4892 ms.
375 4835 507 4904 1on
553 4835 625 4889 ita
677 4833 808 4906 mihi
864 4831 1076 4906 videtur
1149 4834 1455 4906 f"’_Qttatii
1512 4835 1819 4890 ceciderunt
1866 4855 1995 4893 mss.
2048 4838 2167 4891 Bec.
2214 4835 2361 4906 Gem.
2422 4833 2553 4887 Vict.
2602 4844 2650 4887 rt
2705 4834 2830 4905 July
2867 4850 3026 4904 quam
3063 4838 3151 4906 qui
3193 4837 3503 4891 ceciderunt

209 4910 313 4941 ’⁸³⁸
387 4906 507 4960 Non
572 4904 1355 4975 sequitur"inconvenientia,
1411 4920 1570 4973 quam
1622 4923 1746 4961 mss.
1828 4908 1949 4962 Bec.
2032 4906 2176 4961 Gem.
2257 4905 2389 4959 Vict.
2443 4907 2497 4959 5.
2559 4916 2605 4959 et
2656 4906 2722 4959 15
2774 4904 2878 4957 non
2930 4904 3188 4975 sequatur
3250 4908 3508 4959 iucunvca

204 4978 427 5050 nientia
455 4989 619 5045 quam
649 4972 771 5050 mss.
810 4972 1054 5050 γῆξ-19.
1084 4990 1194 5050 non
1216 4972 1921 5050 sequetur‘iueonvenientia
1946 4994 2109 5050 quam
2128 4994 2229 5032 ms.
2250 4976 2372 5050 ngy
2399 4977 2485 5050 illa
2505 4992 2610 5032 non
2631 4985 2890 5050 sequatur
2908 4972 3507 5050 ittcotiveuietitia,_quaz

202 5051 303 5083 ³⁸³⁸
337 5042 487 5102 Ηοιί
510 5044 696 5113 negari
752 5060 850 5115 ms.
897 5042 1086 5115 Cister.
1146 5046 1195 5098 id
1222 5048 1403 5115 negari
1480 5046 1571 5077 ²⁵³⁶
1600 5047 1711 5101 lloc
1737 5042 2093 5103 dill'erenllum
2124 5064 2249 5102 mss.
2284 5042 2409 5102 Béc.
2442 5047 2591 5101 Gem.
2631 5042 2763 5099 Vic't.
2794 5045 2919 5115 July
2949 5048 3115 5099 omitt.
3139 5048 3241 5101 hoc
3317 5042 3414 5078 “'—
3434 5048 3503 5100 Α.

200 5120 262 5174 1η
297 5112 635 5189 rationabili
650 5114 999 5189 tuss._Bec._et
1034 5112 1183 5189 Gem.
1218 5115 1270 5169 in
1298 5112 1555 5189 rationali
1631 5118 1724 5149 ’⁵³⁸
1754 5119 1821 5172 Et
1850 5120 1952 5175 hoc
1993 5120 2103 5189 jam
2136 5135 2261 5172 mss.
2303 5116 2435 5171 Vict.
2468 5117 2615 5189 Gem.
2665 5116 2787 5169 Bec.
2838 5112 3154 5189 lioe‘etiaul
3216 5115 3503 5189 '“’_’__Exn_l-

202 5200 405 5244 tantes
431 5203 561 5240 mss.
595 5184 733 5237 Vict.
769 5184 823 5238 5.
854 5193 900 5237 et
928 5184 1012 5238 19.
1043 5184 1288 5240 kelantes
1361 5184 1456 5218 ²²⁵⁵⁰
1489 5187 1696 5254 Dicam,
1730 5183 2228 5244 transmutareutur
2270 5188 2751 5243 immortalitatem.
2790 5202 2914 5239 mss.
2941 5185 3089 5239 Gem.
3116 5184 3235 5239 Bec.
3281 5183 3409 5240 Vict.
3443 5186 3497 5241 5.

197 5274 248 5314 et
284 5260 393 5314 15.
424 5258 487 5312 S.
520 5255 683 5325 Mjclt.
717 5265 764 5325 et
821 5254 979 5325 editio
1018 5254 1239 5309 Gothica
1304 5256 1483 5325 dicam
1514 5257 1877 5315 immortalem
1912 5260 2374 5315 immortalitatem
2406 5266 2897 5312 transumtarentnr
2969 5254 3059 5286 ’ω
3090 5255 3212 5324 quia
3247 5266 3502 5325 poterant

197 5331 516 5400 inorijtss.
545 5323 691 5400 Gem.
722 5324 845 5400 Bac.
878 5324 1023 5393 Joly,
1063 5325 1123 5380 S.
1156 5325 1319 5379 Mich.
1355 5324 1500 5400 Vict.
1526 5328 1614 5400 1ἱ⁷ιἶ
1642 5332 2011 5400 ιιιιίιιίροιιξηιι
2043 5332 2178 5385 mori
2209 5348 2331 5384 mss.
2371 5328 2501 5400 Vict.
2533 5330 2587 5382 5.
2629 5325 2949 5400 et_19._quia
2981 5340 3087 5400 non
3111 5323 3332 5397 poterat
3359 5328 3499 5382 mori

196 5400 304 5433 ³³³³
353 5396 613 5468 Scilicet,
649 5396 748 5468 ipsi
808 5410 925 5468 non
963 5397 1367 5468 possent__mori
1415 5414 1537 5451 mss.
1574 5396 1721 5455 Gem.
1750 5396 1874 5456 Bec.
1916 5401 1975 5457 S.
2015 5402 2172 5456 Mich.
2206 5402 2394 5454 Cister.
2438 5398 2572 5451 Vict.
2625 5397 2708 5450 l5.
2743 5396 2949 5450 scilicet
2979 5398 3076 5466 ipsi
3120 5396 3233 5468 non
3280 5408 3500 5468 possent

192 5488 319 5527 non
352 5469 496 5523 mori
579 5467 675 5498 ⁸⁸⁸³
704 5465 858 5532 Quod
885 5466 1033 5539 sibila
1064 5482 1160 5539 ms.
1197 5465 1331 5539 Vict.
1365 5468 1453 5521 19.
1483 5469 1578 5522 sed
1608 5471 1652 5524 si
1685 5470 1759 5525 ita
1834 5472 1927 5511 I‘“
1960 5471 2393 5539 Sensibilemque
2424 5478 2669 5522 naturam
2715 5465 3090 5539 ιιιιετςιηεὶιίι.
3117 5465 3499 5523 ϐοιΙι.’ὶηεθιι-

193 5542 852 5616 sibileruquennaturam
897 5535 1292 5616 "mi-Quando
1339 5552 1659 5616 corpoream
1690 5560 1787 5596 ms.
1833 5541 1959 5616 lgty
2008 5543 2262 5616 quoniam
2306 5535 2630 5616 ~et_)rpt_)ream
2708 5537 3017 5616 "“J‘lleli‘us
3046 5540 3331 5616 innovaret
3367 5557 3497 5616 mss.

189 5611 367 5666 Gem.
401 5605 521 5662 Bec.
558 5605 859 5675 VictJoly,
890 5605 949 5660 S.
985 5605 1225 5660 Miclt.‘1n
1248 5605 1451 5661 melius
1475 5618 1704 5666 mutaret
1737 5629 1833 5665 ms.
1859 5605 2045 5667 Cister'.
2072 5630 2134 5667 ac
2165 5613 2217 5665 in
2245 5605 2433 5665 melius
2456 5609 2738 5663 iuuevaret
2811 5608 2901 5639 "*7
2933 5610 3013 5663 Ad
3041 5610 3499 5676 eatndemﬁmuuati

191 5700 309 5735 ms.
338 5679 476 5748 1on
505 5680 574 5736 ad
603 5693 725 5733 eam
743 5677 938 5748 mundi
1014 5676 1105 5748 "f3
1122 5678 1402 5748 Renovare
1428 5688 1483 5732 et
1509 5697 1606 5733 ms.
1639 5680 1769 5735 Vict.
1790 5683 1875 5737 19.
1905 5693 2190 5738 renovaret
2223 5689 2277 5735 et
2350 5679 2444 5710 ’δι’
2466 5680 2765 5733 Instituerit
2784 5696 2880 5736 ms.
2902 5677 2958 5734 S.
2987 5679 3150 5735 Mida.
3182 5681 3499 5737 instituerat

191 5754 305 5783 '*“
366 5746 665 5819 Oportcret
728 5747 844 5801 ﬁeri
876 5763 998 5800 mss.
1055 5746 1179 5817 Joly
1220 5746 1355 5802 Vict.
1406 5750 1492 5804 15.
1522 5761 1730 5820 oportet
1766 5753 1879 5807 ﬁeri
1909 5770 2002 5807 ms.
2044 5752 2175 5806 Vict.
2208 5754 2292 5806 15.
2332 5758 2576 5822 oporteat
2610 5751 2724 5804 ﬁeri
3308 5786 3313 5789 η
