4050 6294
515 335 617 393 39.1

513 464 644 523 nam
672 460 852 504 nonne
899 452 1043 500 esset
1078 442 1215 499 satis
1251 422 1346 475 '3‘“
1377 439 1589 504 melius,
1642 448 1700 493 ut
1732 437 2088 513 margaritam
2126 444 2171 498 Α

520 557 679 598 suam
710 538 965 594 mundam
997 543 1202 590 teneret
1243 541 1299 587 et
1320 539 1565 587 servaret
1598 545 1761 600 quam
1796 528 2098 604 pollutam?

518 634 717 687 Anser.
750 627 941 684 Nonne
978 625 1232 679 similiter
1276 623 1481 678 faceret
1508 623 1671 688 Deus,
1703 620 1795 689 qui
1822 619 2125 701 homiucur

520 720 729 792 angelis
762 706 1076 773 Sociandum
1105 715 1221 769 sine
1249 713 1347 745 ²⁸⁰⁹
1381 721 1631 783 peccato,
1655 710 1809 779 quasi
1841 708 1901 762 in
1931 722 2096 762 manu

521 827 644 875 sua,
674 810 889 880 tenebat
931 806 986 862 in
1042 805 1336 876 paradiso;
1368 812 1424 857 et
1448 802 1698 873 permisit
1735 810 1792 855 ut
1836 813 2099 855 accensus

522 901 727 957 invidia
786 898 1034 954 diabolus
1092 896 1514 952 eutnrinlutum
1566 890 2098 963 peccati,_quamvis

522 992 970 1053 consentientem,
999 986 1258 1056 dejiceret
1285 988 1309 1040 ?
1338 987 1394 1040 Si
1422 986 1566 1040 enim
1600 983 1888 1053 prohibere
1940 980 2101 1036 vellet

522 1082 825 1147 diabolum,
876 1095 981 1135 non
1034 1087 1222 1150 posset
1267 1085 1477 1132 tentare
1531 1075 1829 1129 hominem.
1886 1070 2098 1138 Nonne,

523 1176 769 1248 inquam,
850 1172 1100 1229 similiter
1173 1169 1402 1235 faceret,
1455 1168 1499 1223 si
1552 1167 1826 1222 hominem
1890 1163 2099 1233 peccati

524 1268 683 1323 sorde
765 1264 1115 1329 maculatum,
1187 1263 1303 1317 sine
1357 1260 1503 1316 omni
1555 1258 1843 1320 levatione,
1895 1256 1947 1311 id
1996 1265 2100 1323 est,

526 1356 730 1427 absque
750 1354 896 1409 omni
921 1350 1307 1413 satisfactione,
1336 1349 1495 1404 talem
1522 1361 1737 1416 semper
1761 1360 2100 1410 mansurum,

527 1447 719 1502 saltem
752 1447 804 1500 in
840 1444 1176 1515 paradisum,
1209 1443 1275 1496 de
1315 1430 1423 1512 quo
1459 1441 1667 1513 ejectus
1712 1438 1910 1504 fuerat,
1951 1441 2105 1494 redu-

527 1538 724 1595 ceret?
767 1538 892 1591 Bos.
945 1533 1391 1599 Similitmlinem,
1446 1531 1490 1587 si
1542 1533 1682 1586 Deus
1722 1530 1825 1585 hoe
1881 1528 2101 1597 faceret,

527 1644 728 1702 negare
750 1644 855 1683 non
887 1627 1062 1682 audeo
1091 1642 1106 1689 ;
1137 1632 1192 1679 et
1219 1624 1422 1679 idcirco
1450 1638 1573 1678 eum
1604 1622 1706 1677 hoc
1731 1621 1912 1676 facere
1945 1634 2106 1692 posse

525 1733 641 1791 non
666 1732 846 1772 annuo
886 1715 1002 1770 ²⁸¹⁰.
1040 1714 1327 1783 γίἀηθτθιω·
1384 1712 1530 1768 enim
1570 1721 1665 1766 aut
1714 1710 1858 1780 quod
1909 1725 2108 1780 propo-

525 1818 710 1865 suerat
746 1824 1007 1881 peragere
1062 1822 1170 1862 non
1222 1805 1487 1878 potuisse,
1535 1812 1630 1860 aut
1668 1805 1795 1860 boui
1844 1805 2106 1876 propositi

524 1916 647 1958 eum
695 1882 1058 1972 paenituisse:
1099 1914 1220 1968 qua:
1248 1899 1300 1952 in
1347 1898 1514 1951 Deum
1562 1897 1757 1952 cadere
1810 1903 2105 1965 nequeunt.

525 1991 676 2047 Tene
747 1991 913 2061 igitur
993 1989 1085 2020 ’⁵η
1150 1988 1453 2042 certissime
1511 1985 1637 2054 quia
1719 1985 1834 2039 sine
1893 1982 2106 2038 satisfa-

526 2081 747 2144 ctione,
819 2079 869 2133 id
913 2088 993 2133 est
1026 2118 1042 2144 ,
1095 2077 1214 2133 sine
1261 2076 1425 2132 debiti
1488 2076 1582 2107 ’δι’
1649 2075 1920 2130 solutione
1946 2089 2109 2144 spon-

537 2181 697 2226 tanea
733 2212 750 2237 ,
819 2187 919 2228 nec
988 2172 1126 2226 Deus
1186 2179 1361 2240 potest
1429 2178 1709 2239 peccatum
1786 2153 2108 2237 impunitum

530 2248 828 2335 dimittere,
863 2276 962 2316 uee
991 2272 1241 2329 peccator
1264 2259 1331 2313 ad
1361 2258 1778 2315 beatitudinem
1810 2257 1892 2312 vel
1921 2256 2117 2323 talem,

529 2352 746 2421 qualem
806 2351 1040 2407 habebat
1087 2359 1379 2419 antequam
1442 2357 1715 2419 peccaret,
1771 2347 2107 2417 pervenire:

529 2444 644 2518 84
673 2460 777 2499 non
802 2443 949 2497 enim
999 2443 1100 2498 hoc
1131 2444 1290 2499 modo
1341 2450 1691 2511 repararetur
1733 2441 1897 2497 homo
1920 2440 2002 2515 vel
2033 2451 2114 2497 ιιι-

531 2537 625 2602 lis,
652 2535 829 2606 qualis
878 2535 1059 2589 fuerat
1092 2545 1217 2589 aute
1263 2544 1564 2604 peccatum.
1610 2534 1738 2590 Bos.
1790 2533 2112 2590 Rationibus

528 2628 638 2681 tuis
687 2628 910 2691 omnino
955 2661 982 2675 -
1012 2626 1061 2657 ⁸³
1104 2626 1480 2681 contradicere
1526 2641 1632 2681 non
1687 2642 1927 2696 possunt.
2004 2626 2111 2682 Sed

530 2718 661 2786 quid
691 2728 795 2782 est,
847 2718 991 2786 quod
1022 2715 1255 2771 dicimus
1286 2717 1394 2771 Deo
1423 2732 1438 2771 :
1465 2715 1681 2771 Dimitte
1740 2717 1889 2770 nobis
1939 2717 2111 2791 debita

530 2819 710 2862 nostra
772 2805 988 2875 (Matth.
1054 2806 1177 2877 Vt):
1219 2814 1276 2861 et
1320 2806 1499 2861 omnis
1543 2820 1674 2876 gens
1751 2815 1873 2862 orat
1919 2807 2110 2873 Deum,

527 2914 692 2967 quem
720 2898 898 2965 credit
924 2897 1047 2963 ωδ,
1079 2908 1137 2952 ιιι
1182 2897 1422 2953 dimittat
1448 2898 1550 2953 sibi
1590 2899 1851 2968 peccata?
1881 2898 1937 2954 Si
1962 2900 2109 2961 enim

529 2992 792 3046 solvimus
840 2990 985 3059 quod
1037 2989 1316 3055 debemus,
1344 3006 1446 3046 cur
1492 3006 1714 3046 oramus
1741 2999 1799 3046 ut
1853 2992 2113 3048 dimittat.

528 3082 783 3152 Nunquid
807 3083 945 3137 Deus
961 3082 1190 3153 injustus
1208 3091 1310 3147 est,
1329 3091 1388 3136 ut
1405 3085 1599 3138 iterum
1618 3084 1796 3154 exigat
1811 3085 1955 3155 quod
1971 3084 2114 3139 scht-

535 3187 651 3231 tum
673 3176 788 3230 est?
811 3175 868 3229 Si
898 3184 1077 3229 autem
1100 3189 1204 3230 non
1235 3174 1517 3240 solvimus,
1539 3190 1635 3230 cur
1662 3176 1866 3230 frustra
1895 3191 2115 3232 oramus

529 3276 590 3321 ut
619 3265 957 3335 faciatquod,
984 3265 1111 3334 quia
1144 3281 1246 3321 non
1274 3268 1547 3333 convenit,
1573 3265 1754 3323 facere
1775 3283 1883 3324 nou
1896 3271 2116 3340 potest?

530 3359 663 3415 Axs.
693 3358 793 3426 Qui
822 3373 928 3413 non
951 3358 1133 3422 solvit,
1161 3358 1363 3415 frustra
1400 3359 1529 3415 dicit
1565 3373 1582 3413 :
1618 3360 1851 3427 Dimitte;
1881 3362 1972 3432 qui
2013 3379 2112 3417 au-

532 3460 643 3505 tem
670 3449 827 3504 solvit
854 3448 971 3516 πη,
998 3449 1304 3520 supplicat;
1334 3451 1589 3520 quoniam
1621 3451 1724 3505 hoc
1754 3451 1930 3529 ipsum
1982 3467 2107 3522 per-

535 3540 675 3594 tinet
717 3538 785 3593 ad
835 3539 1182 3603 solutionem,
1231 3549 1291 3594 ut
1338 3541 1601 3610 supplicet
1633 3557 1649 3595 :
1680 3557 1804 3595 nam
1826 3540 1969 3596 Deus
1988 3542 2115 3597 nulli

531 3629 831 3698 quidquam
851 3628 1033 3694 debet,
1063 3629 1158 3683 sed
1193 3630 1370 3685 onmis
1403 3639 1653 3687 creatura
1689 3629 1763 3684 illi
1813 3630 1974 3685 debet
2006 3648 2019 3683 :
2058 3641 2111 3687 et

534 3721 657 3779 ideo
694 3734 800 3773 non
830 3720 1047 3789 expedit
1078 3718 1282 3775 homini
1307 3728 1365 3774 nt
1392 3728 1518 3789 agat
1542 3734 1665 3776 cum
1696 3720 1827 3787 Deo,
1856 3723 2118 3793 quemad-

535 3812 754 3868 modum
780 3828 878 3882 par
909 3828 1032 3867 cum
1057 3810 1314 3883 pari.Sed
1342 3813 1408 3866 de
1430 3813 1533 3867 hoc
1564 3827 1668 3868 non
1690 3822 1771 3868 est
1792 3827 1927 3884 opus
1975 3800 2119 3870 nunc

536 3905 638 3961 tibi
664 3904 758 3942 ’δι’
790 3905 1140 3975 respondere.
1166 3904 1302 3960 Cum
1334 3905 1478 3959 enim
1508 3918 1805 3975 cognosces
1831 3921 1929 3961 cur
1957 3905 2118 3962 Chri-

535 4007 657 4057 stus
671 4006 917 4057 mortuus
942 4002 1046 4066 est,
1076 3995 1303 4052 forsitan
1327 4012 1424 4067 per
1455 4007 1509 4054 te
1537 3998 1749 4054 videbis
1775 3999 1921 4069 quod
1970 4013 2118 4069 qua:-

540 4092 636 4145 ris.
662 4089 788 4144 Bos.
820 4088 1034 4145 Sufﬁcit
1072 4104 1202 4157 ergo
1230 4090 1363 4144 mihi
1402 4107 1545 4146 nunc
1567 4091 1685 4157 ""7,
1717 4093 1859 4163 quod
1906 4092 1972 4147 de
2017 4094 2119 4147 hac

543 4180 850 4247 qumstione
889 4181 1202 4249 respondes.
1226 4178 1384 4246 Quod
1410 4190 1592 4235 autem
1619 4181 1797 4236 nullus
1838 4182 2005 4237 homo
2053 4183 2120 4237 ad

539 4270 932 4327 beatitudinem
992 4269 1275 4340 pervenire
1329 4280 1494 4341 queat
1532 4288 1657 4327 eum
1711 4282 1972 4343 peccato,
2026 4283 2121 4327 ant

532 4358 669 4414 solvi
699 4376 727 4412 a
753 4362 1005 4429 peccato,
1038 4360 1140 4416 nisi
1175 4358 1531 4435 solvat'qnod
1581 4365 1761 4433 rapuit
1812 4367 2118 4436 peccando,

1053 328 1112 385 S.
1157 322 1455 382 ANSELMI
1493 321 1850 381 CANTUAR.
1881 318 2209 376 ARCHIEP.
2250 319 2402 377 OPP.
2438 316 2617 374 PARS
2653 318 2694 372 Ι.
2734 346 2803 358 -
2835 316 3250 373 DOGMATICA.

3680 319 3787 376 592

2796 431 3028 487 CAPUT
3067 430 3184 485 XX.

2203 570 2356 638 Quod
2422 569 2707 624 secundum
2775 583 3075 622 mensuram
3125 570 3324 638 peccati
3381 581 3616 639 oporteat
3677 591 3797 629 esse

2241 641 2735 708 ,satisfactiouem;
2822 654 2914 691 nec
2971 654 3088 692 eum
3143 640 3300 694 homo
3361 655 3457 711 per
3504 659 3560 697 se
3610 642 3796 712 facere

2267 713 2451 781 possit.

2269 843 2403 898 Axs.
2427 843 2541 897 Hoc
2566 856 2782 914 quoque
2811 857 2919 900 non
2947 843 3243 909 dubitabis,
3272 852 3334 899 ut
3358 851 3509 915 puto,
3542 841 3670 916 quia
3704 860 3803 902 se-

2203 935 2438 991 cundum
2486 949 2798 989 mensuram
2832 936 3041 1005 peccati
3094 944 3311 1006 oportet
3358 936 3797 993 satisfactionem

2205 1040 2345 1081 esse.
2380 1025 2504 1081 Bos.
2535 1026 2708 1080 Aliter
2724 1025 3070 1096 aliquatenus
3118 1027 3487 1082 inordinatum
3538 1037 3801 1083 maneret

2204 1125 2485 1187 peceatum
2520 1133 2534 1170 :
2566 1116 2709 1185 quod
2744 1129 2868 1171 esse
2919 1130 3027 1171 non
3056 1124 3257 1186 potest,
3284 1116 3331 1172 si
3363 1116 3506 1173 Deus
3533 1118 3669 1174 nihil
3699 1133 3796 1173 re-

2204 1206 2405 1274 linquit
2433 1206 2797 1262 inordinatum
2821 1207 2874 1263 in
2906 1221 3072 1278 regno
3092 1222 3211 1262 suo.
3242 1206 3348 1261 Sed
3380 1207 3482 1262 hoc
3529 1216 3616 1262 est
3642 1223 3791 1279 prte-

2205 1288 2456 1354 stitutum
2478 1298 2604 1367 quia
2635 1294 2934 1367 quamlibet
2978 1312 3205 1367 parvum
3253 1297 3350 1332 ³⁵⁸⁸
3402 1298 3801 1353 inconveniens

2208 1386 2263 1442 in
2326 1387 2435 1442 Deo
2488 1386 2818 1457 impossibile
2841 1393 2949 1441 est.
3004 1387 3138 1442 Ans.
3169 1388 3264 1443 Die
3289 1403 3422 1459 ergo
3453 1387 3580 1458 quid
3613 1386 3804 1442 solves

2205 1479 2319 1535 Deo
2350 1495 2447 1550 pro
2472 1479 2569 1525 ³⁸³⁸
2611 1487 2836 1548 peccato
2866 1479 2995 1535 tuo?
3048 1480 3175 1535 Bos.
3229 1479 3639 1543 Pmnitentiam,
3695 1494 3803 1535 eor

2207 1572 2503 1626 contritum
2526 1578 2581 1626 et
2611 1569 3000 1636 humilitatem,
3024 1568 3402 1635 abstinentias,
3430 1579 3487 1625 et
3518 1569 3804 1626 multimo-

2208 1662 2306 1718 dos
2331 1662 2547 1719 labores
2567 1662 2831 1731 corporis,
2864 1669 2920 1718 et
2949 1662 3389 1717 misericordiam
3430 1662 3593 1717 dandi
3630 1672 3689 1717 et
3717 1661 3807 1715 die

2140 1783 2183 1838 Β
2209 1752 2456 1807 mittendi
2480 1759 2539 1807 et
2561 1751 2949 1808 obedientiam.
2972 1751 3104 1806 Asis.
3157 1749 3295 1818 Quid
3330 1753 3384 1806 in
3415 1749 3501 1807 his
3538 1750 3802 1807 omnibus

2208 1843 2308 1899 das
2336 1842 2486 1900 Deo?
2518 1842 2642 1898 Bos.
2676 1842 2759 1897 An
2785 1858 2891 1897 non
2924 1843 3132 1897 honoro
3152 1841 3318 1897 Deum
3345 1883 3361 1908 ,
3396 1844 3647 1913 quando,
3670 1858 3805 1914 pro-

2206 1945 2328 2006 pter
2347 1936 2597 1991 timorem
2621 1933 2737 2003 ejus
2758 1943 2813 1990 et
2840 1947 3104 1999 amorem,
3138 1933 3191 1988 in
3219 1932 3400 1988 wrdis
3450 1929 3794 1990 contritione

2209 2026 2452 2082 laetitiam
2481 2024 2833 2094 temporalem
2861 2021 3077 2091 abjieio,
3107 2023 3159 2077 in
3181 2022 3531 2079 abstinentiis
3576 2023 3673 2055 ”'°
3739 2034 3803 2077 et

2208 2112 2485 2168 laboribus
2499 2110 2880 2167 delectationes
2891 2107 2984 2141 "“
3008 2118 3064 2165 et
3080 2109 3317 2179 quietem
3341 2108 3460 2191 ejus
3480 2111 3605 2166 vitae
3619 2108 3817 2175 calent,

2211 2206 2263 2260 in
2294 2203 2472 2260 dando
2514 2212 2570 2259 et
2626 2202 2944 2259 dimittenda
2963 2216 3087 2271 quze
3120 2215 3238 2257 mea
3273 2211 3402 2257 sunt
3439 2202 3667 2272 largior,
3693 2204 3797 2236 ³⁸η

2212 2293 2265 2347 iu
2294 2293 2601 2349 obedientia
2633 2292 2898 2361 meipsum
2924 2290 2998 2344 illi
3028 2291 3293 2362 subjicio?
3317 2293 3446 2348 Aus.
3464 2291 3596 2347 Cum
3614 2292 3751 2347 redd
3774 2307 3808 2348 s

2209 2384 2414 2455 aliquid
2475 2384 2620 2454 quod
2643 2384 2808 2439 debes
2829 2384 2961 2448 Deo,
2996 2383 3341 2440 etiamsinon
3393 2384 3655 2455 peccasti,
3688 2400 3807 2437 non

2211 2476 2376 2533 debes
2402 2476 2497 2509 ⁸⁸³³
2525 2483 2843 2546 computare
2866 2477 2970 2534 hoc
2992 2493 3090 2549 pro
3112 2475 3293 2530 debito
3315 2475 3459 2545 quod
3497 2475 3665 2530 debes
3691 2490 3799 2544 pro

2212 2568 2307 2600 ’m
2328 2566 2781 2638 peceato.0mnia
2808 2579 2991 2624 autem
3021 2569 3121 2624 ista
3147 2566 3314 2622 debes
3343 2566 3611 2635 Deo,qu:e
3628 2564 3798 2620 dicis.

2213 2657 2418 2713 Tantus
2444 2673 2677 2729 namque
2705 2658 2866 2714 debet
2890 2672 3012 2714 esse
3039 2658 3093 2713 in
3120 2658 3223 2712 hac
3250 2654 3463 2711 mortali
3488 2655 3597 2708 vita
3614 2669 3801 2719 amor;

2212 2759 2290 2815 el,
2319 2752 2386 2805 ad
2409 2755 2554 2821 quod
2583 2752 2820 2821 pertinet
2843 2753 3041 2816 oratio,
3096 2748 3426 2806 desiderium
3460 2747 3556 2780 ⁸³³⁸
3611 2763 3811 2816 perve-

2216 2840 2401 2895 niendi
2435 2839 2502 2894 ad
2534 2841 2585 2895 id
2623 2840 2690 2894 ad
2712 2840 2855 2910 quod
2884 2839 3060 2896 factus
3084 2853 3181 2905 es;
3205 2847 3260 2894 et
3284 2838 3461 2903 dolor,
3485 2836 3613 2906 quia
3664 2851 3811 2891 non-

2215 2930 2342 2984 dum
2370 2930 2441 2984 ibi
2473 2943 2567 2995 es;
2627 2937 2684 2984 et
2725 2929 2908 2997 timor,
2942 2945 3010 2985 ne
3033 2945 3140 2985 non
3165 2928 3481 3000 pervenias;
3509 2936 3567 2980 nt
3598 2925 3811 2981 nullum

2216 3016 2463 3072 lartitiam
2517 3017 2723 3073 sentire
2745 3018 3103 3084 debeas,nisi
3150 3019 3217 3073 de
3280 3017 3367 3072 his
3385 3031 3506 3086 qua:
3570 3015 3669 3071 tibi
3712 3025 3815 3069 aut

2140 3133 2182 3189 ε
2220 3108 2503 3175 auxilium,
2554 3116 2650 3162 aut
2692 3124 2842 3179 spem
2900 3110 3032 3165 dant
3072 3107 3445 3179 perveniendi.
3495 3105 3613 3162 Non
3652 3108 3813 3163 enim

2226 3197 2454 3252 mereris
2479 3197 2679 3253 habere
2706 3198 2853 3268 quod
2884 3213 2990 3253 non
3020 3199 3314 3254 secundum
3338 3199 3481 3270 quod
3505 3207 3612 3263 est,
3652 3212 3818 3253 amas

2235 3283 2330 3315 ²⁸²⁶
2353 3294 2407 3339 et
2428 3284 2738 3353 desideras;
2761 3296 2816 3343 et
2841 3286 2908 3342 de
2931 3303 3061 3359 quo,
3088 3290 3215 3358 quia
3236 3289 3473 3344 nondum
3510 3287 3707 3353 babes,
3758 3296 3824 3345 et

2222 3373 2402 3430 adhuc
2430 3384 2610 3432 utrum
2644 3376 3031 3437 babiturussis
3058 3394 3129 3435 an
3166 3394 3297 3444 non,
3320 3379 3374 3434 in
3428 3387 3578 3434 tanto
3626 3393 3691 3434 es
3720 3394 3822 3450 pe-

2220 3466 2412 3532 riculo,
2441 3482 2546 3522 non
2572 3468 2723 3525 doles
2754 3469 2872 3522 ηπ.
2890 3468 2983 3533 νΑά
3003 3471 3148 3541 quod
3173 3469 3340 3526 etiam
3364 3469 3601 3542 pertinet
3645 3471 3819 3540 quie-

2221 3566 2352 3623 tem,
2375 3568 2432 3614 et
2454 3559 2844 3617 delectationes
2889 3562 3199 3619 mundanas
3229 3602 3248 3629 ,
3304 3576 3426 3632 quae
3453 3560 3702 3615 animum
3746 3562 3823 3616 ab

2220 3653 2310 3712 illa
2340 3670 2467 3709 vera
2519 3653 2703 3722 quiete
2750 3662 2806 3708 et
2836 3652 3195 3709 delectatione
3236 3663 3526 3719 revocant,
3561 3652 3764 3724 fugere
3796 3662 3817 3706 ξ

2221 3752 2327 3808 nisi
2365 3760 2624 3821 quantum
2647 3748 2715 3805 ad
2747 3749 3106 3805 intentionem
3148 3749 3277 3806 illuc
3325 3751 3677 3822 perveniendi
3715 3768 3822 3808 eo-

2220 3842 2445 3917 gnoscis
2462 3839 2729 3897 sumcere.
2746 3841 3027 3897 nationem
3045 3857 3174 3898 vero
3192 3843 3265 3897 ita
3285 3842 3450 3898 debes
3460 3843 3828 3899 considerare

2222 3936 2487 3992 tefacere
2512 3948 2582 3989 ex
2613 3932 2831 4001 debito;
2859 3934 3001 3990 sicut
3029 3934 3287 4008 intelligis
3306 3936 3433 4008 quia
3474 3937 3620 4009 quod
3650 3937 3765 3993 das
3789 3953 3822 3990 a

2227 4032 2282 4083 te
2303 4043 2410 4084 non
2425 4026 2628 4092 habes;
2660 4024 2755 4083 sed
2774 4024 2979 4092 abillo,
3009 4026 3167 4098 cujus
3189 4042 3381 4086 servus
3409 4044 3470 4086 es
3499 4038 3577 4097 tu,
3608 4039 3667 4087 et
3722 4030 3825 4086 ille

2221 4118 2309 4176 cui
2336 4119 2436 4175 das
2464 4138 2479 4174 :
2508 4128 2563 4177 et
2584 4128 2779 4176 natura
2804 4127 2858 4174 te
2903 4118 3059 4175 docet
3081 4129 3142 4174 ut
3167 4136 3433 4177 converso
3465 4130 3578 4186 tuo,
3614 4122 3671 4178 id
3728 4135 3826 4179 est

2222 4211 2390 4268 homo
2421 4211 2628 4268 homini
2675 4210 2872 4279 facias,
2918 4212 3061 4282 quod
3099 4212 3193 4268 tibi
3220 4212 3401 4269 abillo
3449 4213 3530 4269 vis
3551 4211 3714 4281 fieri;
3767 4225 3830 4271 et

2195 4303 2346 4373 .quia
2370 4304 2461 4375 qui
2491 4319 2600 4359 non
2631 4302 2745 4359 vult
2765 4302 2897 4359 dare
2921 4303 3067 4374 quod
3098 4304 3280 4370 habet,
3331 4321 3438 4361 non
3469 4305 3632 4362 debet
3656 4308 3829 4363 acci-
3898 4368 3901 4369 ν

2223 4406 2353 4461 pere
2376 4393 2521 4462 quod
2557 4408 2664 4449 non
2686 4393 2881 4467 habet.
2923 4392 2999 4449 De
3028 4394 3343 4451 dimissione
3376 4410 3508 4452 vero
3558 4394 3831 4453 breviter

535 4450 618 4503 sic
646 4458 835 4517 aperte
862 4453 1176 4507 monstrasti
1202 4492 1218 4518 ,
1259 4460 1348 4518 ut,
1376 4453 1544 4509 etiatn
1572 4456 1616 4510 si
1650 4454 1837 4523 velim,
1862 4471 1968 4511 non
1990 4472 2116 4526 ρυε-
2146 4474 2195 4536 ε)

646 4479 765 4555 “tui:
779 4479 835 4550 tu
862 4479 1176 4507 Itluuauilau
1202 4492 1218 4518 ,
1261 4479 1348 4518 ιη,
1376 4479 1544 4509 uuam
1572 4479 1616 4510 δι
1653 4479 1837 4523 γυιιιιι,
1862 4479 1968 4511 non
1990 4479 2116 4526 μυδ-
2146 4479 2195 4536 D
2228 4479 2325 4513 sne
2347 4482 2470 4537 dico
2499 4483 2627 4554 quia
2653 4481 2961 4541 "unalenus
2991 4485 3288 4555 pertineret
3307 4485 3404 4518 uss
3425 4485 3493 4541 ad
3522 4496 3576 4540 le
3625 4486 3831 4541 Vindi-

532 4539 638 4594 situ
667 4538 931 4596 dubitare.

2220 4581 2332 4645 ctu,
2363 4574 2503 4630 sicut
2529 4590 2692 4648 supra
2731 4575 2971 4634 diximus
2994 4616 3010 4644 ,
3050 4576 3306 4648 quoniam
3337 4592 3438 4636 nec
3467 4587 3526 4635 tu
3567 4586 3699 4636 tuus
3731 4594 3828 4646 es;

1834 4771 1916 4829 VA
1927 4772 2062 4830 ΒΙᾸΞ
2100 4773 2498 4833 LECTIONES.

603 4956 703 4994 που
723 4959 881 5033 Esset
896 4956 1001 5014 hoc
1021 4958 1153 5014 satis
1170 4973 1268 5012 ms.
1288 4960 1435 5017 omit.
1454 4964 1561 5033 hoc,
1617 4963 1715 4998 ’δυ
1738 4964 2062 5021 Sociandom
2081 4968 2196 5025 sine
2214 4987 2312 5026 ms.
2326 4968 2519 5025 Vict.5.
2539 4972 2799 5028 sociatum
2818 4974 2935 5030 sine
2989 4972 3083 5008 ’δίο
3107 4974 3309 5030 Idcirco
3324 4988 3469 5029 eum.
3494 4990 3602 5031 non
3631 4975 3843 5033 abnuo

535 5040 752 5115 manet
783 5029 1215 5115 ideirco.._.nuon
1245 5044 1427 5115 annuo
1498 5032 1608 5115 '_’_‘_‘_
1626 5034 1781 5115 Iene
1810 5037 2000 5115 igitur,
2029 5048 2135 5093 etc.
2171 5040 2263 5095 Est
2290 5043 2367 5115 “in
2395 5058 2521 5115 mss.
2573 5044 2760 5097 ultima
2796 5029 2925 5114 pm
2980 5029 3166 5115 rapitis
3194 5029 3289 5101 l9.
3355 5046 3448 5079 ’⁵η
3479 5029 3553 5100 Idi
3577 5055 3666 5100 est
3699 5029 3845 5104 sine

536 5102 704 5187 debiti
735 5097 1012 5187 nisiuVift.‘
1042 5099 1297 5187 libentia
1322 5103 1455 5187 sine
1512 5097 1949 5187 ’⁵⁸³01ῃηίωῇᾳο
1975 5097 2103 5187 ima.
2135 5121 2182 5164 et
2236 5113 2362 5166 edit.
2387 5110 2546 5187 Goth.
2574 5097 2808 5187 omnino:
2869 5097 3456 5187 '3”Quoniam—credit
3480 5097 3840 5187 luserim-en;

537 5173 711 5255 credit
744 5157 878 5255 Μιδξξ
913 5170 1243 5255 Qt_t_i.autem
1301 5173 1488 5255 solvit“
1513 5157 1650 5255 utsi;
1966 5157 2550 5255 infame;
2576 5157 2908 5255 "ai-{ﬁnite

538 5238 628 5326 :"f
656 5239 872 5326 Sufﬁcit
915 5242 1062 5297 mihi
1098 5257 1409 5326 nunemmss.
1446 5243 1569 5298 Bec.
1597 5242 1925 5326 GetnLj’ict.
1950 5238 2076 5319 Jer
2117 5262 2163 5304 et
2222 5252 2386 5326 editio
2415 5249 2634 5326 Gallica
2668 5238 2863 5310 sufficit
2891 5238 3207 5326 ergonune
3233 5238 3381 5311 mihi
3440 5255 3537 5288 ’m
3575 5238 3847 5323 Quinti:-

539 5308 876 5395 llret‘parvurq
907 5327 1031 5395 ursa.
1078 5312 1632 5395 quamlibet-parvum
1695 5316 1790 5349 ²⁸¹⁹
1817 5308 2283 5395 Solvcspromss.
2311 5323 2487 5395 solves
2521 5325 2632 5379 Deo
2654 5308 2752 5395 pro
2800 5308 2920 5358 7““
2964 5308 3362 5382 (Abstinentiisw
3400 5341 3526 5380 mss.
3568 5308 3657 5379 εἶέν
3682 5308 3841 5382 edi}.

728 5374 1337 5470 “alistingent‘iisnn’fg
1373 5374 1914 5470 Delectationeshnts.
1938 5374 2109 5470 "l’i'ct.
2137 5392 2222 5470 13:
2248 5374 2705 5470 deiectajiotie'tnr.’
2725 5374 2745 5379 ⁷
2765 5394 2860 5428 ⁸⁸⁸⁸
2888 5374 3365 5470 stuiit"'i§i5§ié}ili'o_
3571 5374 3630 5470 vel

441 5496 449 5502 .
540 5447 1082 5537 gotltgtsultttdargior
1105 5451 1393 5537 ..ξξηβορ
1422 5457 1585 5537 debes
1615 5474 1714 5511 ms.
1741 5454 1893 5537 _Viet_.
1931 5458 2018 5537 l9.
2051 5476 2154 5515 non
2186 5461 2343 5517 debet
2393 5463 2511 5537 *η’*
2550 5447 2877 5537 computare
2893 5447 3411 5537 ‘pl'o'mssf’eTéda,
3434 5447 3626 5520 ίῶιάέ
3658 5447 3851 5523 ὦῶλ

540 5526 749 5602 putate
787 5518 903 5602 hoc,
1105 5522 1493 5602 ""___l"e_rtinet
1524 5542 1686 5582 omne
1722 5528 2053 5602 desiderium
2100 5546 2226 5602 mss.
2266 5533 2504 5602 pertinet
2536 5518 2746 5600 oratio,
2792 5518 3339 5593 desiderium-edit.
3369 5518 3533 5590 Cotti.
3566 5518 3849 5602 pertiti}!

543 5589 1120 5676 emendauerit"?
1147 5661 1160 5676 .
1195 5593 1474 5676 “tene.
1495 5612 1574 5676 es.
1608 5612 1916 5676 amemus:
1938 5638 1943 5643 -
1963 5596 2095 5654 νέοι.
2120 5601 2246 5673 iam
2267 5589 2337 5676 ξι,
2354 5589 2497 5676 ede;
2534 5603 2691 5676 Coa.
2721 5589 3160 5676 duodenos.
3197 5589 3326 5639 "sm
3349 5589 3464 5661 Non
3488 5589 3849 5665 aureas}:

544 5655 895 5783 '21:.‘1‘523;
938 5661 1256 5799 ἶοοιῗὴόῖξῗῗι.
1295 5655 1391 5786 ἒῖη
1418 5655 1741 5722 Dimissione
1768 5668 2006 5727 breviter
2040 5687 2164 5726 mss.
2188 5655 2239 5727 εἷ
2257 5655 2381 5727 edit.
2406 5655 2560 5728 Colla:
2586 5655 3320 5733 nihiigéibﬁc'lér'o'Biéviier
3350 5655 3367 5660 —
3384 5655 3853 5736 't'r’i-“iiér't'inKi

653 5766 666 5781 .
904 5770 914 5782 .
1088 5769 1100 5782 .
1175 5748 1188 5764 ι
1246 5749 1297 5785 ιιι

653 5766 666 5781 ο
696 5748 745 5783 ιι
793 5748 914 5783 Ba".
945 5748 1100 5782 ιιοιη.
1123 5748 1297 5785 υυτιιιι
