4050 6294
216 339 326 395 395

1373 334 1513 392 CUR
1557 335 1736 389 DEUS
1774 335 1987 393 IIOMO.
2027 339 2251 395 -—-LIB.
2289 343 2326 396 I.

3393 356 3497 413 3M

219 465 326 504 nec
356 447 452 504 ille
483 455 607 504 tuus
651 457 746 503 aut
773 463 923 515 suus,
956 449 1045 517 qui
1099 447 1194 502 tibi
1236 446 1368 503 fecit
1401 447 1690 518 injuriam,
1723 446 1817 502 sed
1846 451 1893 506 Α
1921 457 2028 514 tus,
2059 457 2119 504 ut
2139 450 2211 505 sit
2235 467 2455 508 necesse
2483 469 2567 510 me
2593 467 2684 510 aut
2720 458 2818 514 hoc
2849 469 2943 514 aut
2976 459 3164 528 majus
3212 477 3496 532 peceatum

221 539 392 594 unius
414 539 629 593 Domini
657 541 798 594 servi
831 539 978 600 facti,
1009 539 1076 594 ab
1101 539 1192 593 illo
1231 539 1299 595 de
1330 539 1502 594 nihilo
1531 539 1668 594 estis
1713 557 1725 592 :
1761 547 1816 594 et

216 629 262 684 si
291 627 369 683 de
392 628 491 661 'm
513 643 778 684 conservo
807 637 900 682 tuo
929 639 980 683 te
1007 630 1277 693 vindicas;
1323 628 1587 698 judicium
1615 666 1633 693 ,
1672 627 1816 697 quod

215 718 506 790 proprium
531 719 742 773 Domini
773 728 827 774 et
841 717 1042 786 judicis
1068 719 1445 783 omnium'est,
1477 732 1640 788 super
1666 719 1816 773 illum

216 812 460 881 superbe
484 812 794 882 pmsumis.
824 812 880 865 ln
902 811 1212 866 obedientia
1243 826 1374 867 vero
1395 811 1527 879 quid
1551 811 1646 866 das
1674 813 1783 868 Deo
1799 854 1814 881 ,

215 902 360 972 quod
400 916 514 956 non
545 901 712 957 debes
764 919 780 956 :
827 903 916 957 cui
953 900 1190 971 jub'enti,
1246 912 1417 958 totum
1468 907 1612 975 quod
1643 922 1725 971 es,
1757 915 1815 962 et

215 994 364 1064 quod
396 994 574 1048 habes
598 1003 656 1049 et
685 993 828 1065 quod
856 1005 1033 1064 potes,
1097 995 1298 1052 debes?
1360 999 1480 1053 Bos.
1525 999 1668 1053 Nihil
1703 999 1816 1066 jam

218 1087 400 1140 audeo
437 1085 497 1139 in
525 1085 608 1139 his
638 1086 892 1140 omnibus
921 1086 1103 1141 dicere
1120 1103 1205 1142 me
1221 1088 1351 1144 dare
1380 1088 1512 1155 Deo,
1543 1093 1685 1160 quod
1723 1093 1818 1147 de-

218 1177 341 1231 beo.
371 1177 513 1230 Ans.
529 1176 670 1244 Quid
697 1189 828 1244 ergo
846 1177 1023 1233 solves
1052 1178 1163 1232 Deo
1187 1193 1286 1249 pro
1311 1183 1810 1250 peccatquo?Bos.

218 1266 275 1323 Si
298 1269 597 1337 meipsum,
623 1275 677 1321 et
704 1269 965 1337 quidquid
997 1283 1236 1338 possum,
1266 1271 1430 1324 etiam
1459 1275 1674 1340 quando
1712 1289 1817 1329 non

216 1373 409 1430 pecco,
433 1359 518 1412 illi
565 1359 760 1423 debeo,
793 1371 860 1410 ne
891 1372 1140 1426 peccem;
1172 1358 1305 1412 nihil
1333 1359 1507 1414 habeo
1529 1361 1674 1430 quod
1721 1377 1820 1432 pro

216 1459 444 1518 peccato
471 1449 544 1502 illi
579 1448 802 1504 reddam
827 1448 945 1503 ¹⁵³¹.
975 1447 1108 1503 Axs.
1131 1448 1276 1515 Quid
1326 1464 1458 1519 ergo
1484 1452 1591 1505 erit
1631 1452 1699 1506 de
1737 1453 1821 1506 te?

218 1539 502 1609 quomodo
570 1537 773 1607 poteris
839 1538 1022 1593 salvus
1074 1538 1234 1594 esse?
1279 1537 1402 1594 Bos.
1456 1539 1511 1595 Si
1584 1541 1821 1597 rationes

221 1639 338 1685 tuas
376 1629 691 1693 considero,
752 1645 858 1684 non
904 1629 1062 1684 video
1097 1630 1392 1699 quomodo.
1433 1630 1488 1687 Si
1539 1641 1718 1687 autem
1752 1634 1820 1688 ad

219 1718 380 1773 ﬁdem
422 1733 604 1772 meam
638 1732 890 1781 recurro;
921 1718 974 1770 in
1030 1719 1136 1773 lide
1167 1717 1503 1786 Christiana,
1569 1738 1686 1792 qua:
1723 1738 1818 1791 per

1921 536 2126 594 facere.
2156 541 2284 596 Axs.
2313 542 2550 599 Remove
2580 546 2722 602 hanc
2749 550 3134 606 necessitatem
3167 571 3179 605 :
3212 563 3265 609 et
3306 556 3371 609 de
3386 557 3500 612 solo

1916 629 2011 661 ’⁸⁸³
2049 631 2153 686 hoc
2175 643 2400 702 peccato
2429 638 2732 704 considera,
2764 641 2808 696 si
2847 643 3022 710 possis
3052 644 3181 699 illud
3207 646 3390 702 facere
3404 663 3501 717 pro

1917 722 2089 790 teipso
2102 724 2437 780 redimendo.
2454 727 2578 784 Bos.
2594 730 2633 783 A
2644 741 2794 799 perte
2808 733 2962 789 video
2983 737 3109 804 quia
3134 753 3240 793 non
3255 753 3498 808 possum.

1915 809 2044 864 Axs.
2085 810 2160 864 Ne
2182 820 2232 865 te
2266 814 2469 871 diutius
2492 821 2804 887 protraham
2849 840 2861 876 :
2900 824 3053 893 quid,
3082 828 3126 880 si
3158 842 3391 883 necesse
3415 845 3502 884 es-

1935 913 2016 956 set
2044 913 2139 958 aut
2169 914 2336 959 totum
2370 910 2648 973 mundum,
2687 921 2740 966 et
2765 913 3028 984 quidquid
3069 918 3212 973 Deus
3242 935 3346 975 non
3378 931 3460 975 est
3483 961 3499 986 ,

1919 995 2099 1063 perire
2132 1007 2186 1050 et
2209 998 2433 1053 nihilum
2465 1001 2668 1071 redigi;
2695 1013 2788 1057 aut
2816 1014 2867 1061 te
2891 1006 3071 1063 facere
3123 1020 3229 1066 tam
3270 1028 3498 1082 parvam

1919 1103 2035 1142 rem
2062 1099 2250 1143 contra
2303 1091 2637 1147 voluntatem
2689 1095 2819 1150 Dei?
2875 1101 2996 1153 Bos.
3027 1101 3161 1156 Cum
3203 1107 3494 1160 considam

1917 1182 2184 1237 actionem
2215 1183 2411 1250 ipsam,
2487 1184 2824 1242 levissimum
2865 1193 3122 1257 quiddam
3169 1195 3322 1250 video
3349 1211 3496 1260 esse;

1918 1272 2012 1327 sed
2039 1286 2162 1326 cum
2203 1273 2419 1328 intueor
2448 1277 2577 1344 quid
2639 1279 2713 1332 sit
2742 1290 2931 1334 contra
2996 1283 3327 1340 voluntatem
3382 1286 3498 1350 Dei,

1918 1362 2294 1434 gravissimum
2321 1364 2597 1440 quiddam,
2628 1379 2684 1422 et
2710 1371 2841 1424 nulli
2908 1375 3104 1427 damno
3135 1377 3502 1444 comparabile

1920 1454 2162 1523 intelligo
2189 1472 2201 1507 :
2235 1454 2328 1508 sed
2359 1455 2595 1513 solemus
2621 1461 2919 1532 aliquando
2964 1464 3144 1521 facere
3171 1477 3358 1521 contra
3413 1484 3506 1522 vo-

1921 1545 2183 1600 luntatem
2220 1544 2447 1614 alicujus
2481 1564 2586 1603 non
2619 1555 3143 1622 reprehensibiliter,
3181 1570 3238 1612 ut
3276 1574 3364 1614 res
3382 1560 3501 1628 ejus

1923 1647 2241 1702 serventur;
2274 1640 2417 1706 quod
2449 1651 2632 1710 postea
2655 1645 2728 1700 illi
2777 1646 2951 1716 placet
2976 1688 2990 1713 ,
3015 1661 3201 1704 contra
3252 1637 3503 1705 volunta-

1932 1736 2042 1782 tem
2072 1725 2322 1781 facimus.
2361 1731 2490 1788 ANS.
2541 1734 2652 1790 Hoc
2678 1735 2735 1789 Iit
2771 1738 3008 1802 homini,
3061 1741 3150 1808 qui
3213 1741 3503 1808 aliquando

218 1809 556 1862 dilectionem
587 1818 836 1878 operatur
871 1807 1075 1878 (Galat.
1103 1825 1157 1875 v,
1195 1810 1248 1880 7)
1276 1850 1289 1876 ,
1315 1826 1476 1882 spero
1514 1827 1600 1867 me
1660 1828 1818 1882 posse
1852 1812 1892 1864 Β
1919 1831 2024 1870 non
2063 1818 2310 1890 intelligit
2333 1824 2464 1892 quid
2515 1824 2581 1878 sit
2612 1825 2713 1879 sibi
2757 1827 2908 1892 utile,
2934 1839 3025 1882 aut
3059 1807 3162 1884 non
3190 1807 3363 1900 potest
3407 1831 3504 1864 m‘

219 1899 475 1965 salvari,
533 1910 588 1953 et
643 1901 770 1969 quia
827 1899 1092 1969 legimus,
1153 1901 1200 1956 si
1251 1902 1484 1972 injustus
1529 1918 1818 1959 conversus

220 1990 387 2045 fuerit
413 1992 491 2045 ab
541 1991 804 2058 injustiIia
837 2006 955 2057 sua,
986 2001 1042 2045 et
1072 1991 1265 2047 fecerit
1299 1993 1589 2063 justitiam,
1629 2007 1819 2050 omnes

221 2084 526 2153 injustitias
559 2083 679 2152 ejus
725 2083 818 2116 ’⁵³³
873 2085 1012 2138 tradi
1063 2084 1323 2140 oblivioni
1377 2086 1595 2156 (Ezech.
1636 2088 1816 2158 XVIII).

219 2173 352 2232 Aris.
389 2174 510 2230 Hoc
533 2191 638 2229 non
667 2174 869 2230 dicitur
898 2175 1000 2230 nisi
1035 2175 1110 2231 illi
1142 2177 1257 2242 "3',
1289 2178 1383 2247 qui
1410 2187 1503 2233 aut
1531 2188 1820 2250 exspecta-

221 2276 420 2319 verunt
466 2267 742 2321 Christum
794 2266 910 2331 ⁸⁸³³,
958 2277 1256 2339 antequam
1296 2270 1646 2337 veniret;aut
1695 2287 1817 2327 cre-

223 2357 354 2412 dunt
394 2358 452 2411 in
515 2372 660 2424 eum,
732 2368 1022 2428 postquam
1072 2362 1240 2415 venit.
1277 2360 1384 2416 Sed
1440 2363 1715 2418 Christum
1766 2374 1822 2418 et

223 2447 602 2501 Christianam
662 2448 845 2511 fidem,
907 2449 1060 2518 quasi
1110 2465 1387 2520 nunquam
1426 2452 1658 2507 fuissent
1695 2453 1816 2517 '5”,

222 2537 546 2606 posuimus;
600 2538 814 2606 quando
858 2539 971 2593 sola
1034 2539 1277 2604 ratione,
1323 2551 1503 2596 utrum
1555 2542 1818 2598 adventus

224 2631 340 2697 ejus
397 2630 472 2682 ad
530 2629 883 2686 salvationem
947 2631 1223 2686 hominum
1282 2648 1403 2688 esse
1453 2635 1816 2699 necessarius,

224 2735 480 2790 quaerere
540 2723 940 2791 preposuimus.
973 2721 1093 2776 Bos.
1121 2722 1198 2778 Ita
1234 2722 1483 2779 fecimus.
1524 2726 1654 2779 Ans.
1686 2723 1814 2780 Sola

229 2813 394 2882 igitur
428 2813 646 2867 ratione
677 2813 1054 2883 procedamus.
1089 2814 1214 2870 Bos.
1239 2814 1501 2882 Quamvis
1535 2816 1587 2870 in
1654 2831 1821 2888 angu-

224 2907 357 2959 stias
382 2905 658 2974 quasdam
681 2921 766 2960 Ine
789 2906 957 2961 ducas
985 2907 1080 2937 ³⁵³⁸
1102 2948 1117 2971 ,
1145 2907 1399 2963 desidero
1449 2916 1628 2964 tamen
1670 2909 1813 2963 Inul-

227 3009 335 3053 tum
380 3008 442 3052 ut
503 2999 927 3066 sicIItincwpisti
956 3000 1337 3069 progrediaris.
1477 2999 1482 3004 ’

801 3131 1030 3186 CAPUT
1070 3131 1215 3187 XXI.

593 3244 789 3309 Quanti
817 3247 1058 3314 ponderis
1088 3248 1157 3300 ait
1176 3258 1465 3317 peccatum.

288 3338 427 3392 Axs.
453 3336 733 3392 Pouamus
753 3339 936 3392 omnia
969 3339 1060 3369 ²⁸³⁷
1089 3339 1200 3404 illa,
1237 3355 1358 3408 quae
1385 3340 1548 3396 modo
1594 3343 1819 3411 posuisti

222 3427 341 3490 ³⁵³³.
369 3437 428 3482 te
454 3442 557 3497 pro
579 3437 804 3496 peccato
822 3441 982 3496 posse
1003 3427 1234 3493 solvere,
1262 3439 1313 3484 te
1339 3445 1444 3483 non
1497 3430 1726 3496 debere;
1766 3440 1823 3487 et

218 3516 516 3572 videamus
538 3527 720 3570 utrum
742 3518 949 3587 possint
977 3517 1069 3550 ’⁵³³
1098 3517 1344 3573 sullicere
1369 3519 1462 3553 '5"
1483 3521 1550 3574 ad
1606 3521 1822 3577 Satisfa-

228 3606 477 3660 ctionem
537 3606 697 3659 unius
746 3617 854 3660 tam
887 3607 1039 3676 parvi
1088 3609 1320 3677 peccati,
1350 3609 1510 3664 sicuti
1543 3620 1630 3665 est
1685 3629 1822 3668 unus

221 3705 487 3764 aspectus
513 3704 706 3750 contra
731 3697 1066 3752 voluntatem
1103 3699 1215 3754 Dei.
1250 3700 1371 3755 Dos.
1400 3701 1510 3756 Nisi
1562 3704 1688 3773 quia
1716 3722 1818 3759 au-

219 3786 311 3840 dio
346 3798 401 3840 te
428 3786 538 3840 hoc
574 3801 777 3854 ponere
834 3788 888 3842 in
921 3789 1296 3858 quaestionem,
1329 3802 1518 3860 putare
1571 3810 1658 3848 me
1715 3797 1822 3851 hoc

227 3884 530 3946 peccatum
559 3892 663 3930 una
697 3876 812 3932 sola
842 3878 1264 3947 compunctione
1288 3881 1486 3937 delere.
1526 3883 1819 3940 Axs.Non-

218 3965 356 4018 dum
399 3965 764 4020 considerasti
793 3969 981 4037 quanti
1009 3969 1264 4038 ponderis
1280 3971 1666 4040 sitpeccatum.
1690 3973 1815 4030 Bos.

217 4052 383 4107 Nunc
414 4055 647 4109 ostende
672 4054 761 4087 ’⁵⁵⁸
802 4057 955 4112 mihi.
979 4059 1109 4112 Axs.
1137 4058 1195 4113 Si
1226 4059 1439 4115 videres
1471 4070 1522 4114 te
1569 4062 1623 4116 in
1681 4078 1816 4118 con-

217 4153 422 4210 spectu
458 4143 860 4214 Dei.etaliquis
899 4147 990 4201 tibi
1022 4147 1265 4204 diceret.
1312 4148 1512 4218 Aspice
1560 4150 1726 4218 illuc;
1767 4165 1824 4210 et

221 4235 377 4287 Deus
415 4245 641 4288 econtra
672 4250 687 4288 :
720 4235 1039 4293 Nullatenus
1078 4239 1198 4294 volo
1227 4250 1284 4294 ut
1312 4241 1546 4309 aspicias
1583 4259 1599 4307 ;
1644 4259 1824 4312 quaere

219 4335 280 4378 tu
314 4326 438 4394 ipse
465 4326 518 4379 in
554 4329 719 4383 corde
749 4331 1016 4400 tuo,'quid
1040 4332 1129 4397 sit,
1166 4333 1217 4386 in
1239 4333 1493 4388 omnibus
1525 4351 1645 4404 quze
1679 4348 1824 4402 sunt,

221 4431 336 4483 pro
367 4430 478 4482 quo
497 4416 723 4473 deberes
755 4429 944 4476 contra
974 4423 1306 4479 voluntatem
1347 4424 1439 4480 Dei
1477 4425 1627 4481 illum
1671 4444 1828 4500 aspe-

213 4599 321 4629 m'
373 4599 622 4667 debeam,
665 4601 765 4657 nisi
798 4603 936 4659 forte
966 4605 1066 4660 sim
1121 4606 1172 4660 in
1212 4623 1274 4664 ea
1315 4613 1638 4669 necessitate
1684 4618 1819 4685 posi-

1849 3153 1889 3209 (ἶ
1927 3180 2089 3229 tatem
2142 3153 2238 3231 Dei
2291 3153 2523 3234 facimus
2567 3198 2577 3232 :

1922 1916 2231 1966 restaurare
2255 1913 2396 1979 quod
2449 1915 2678 1982 perdidit
2710 1933 2722 1978 ;
2775 1918 2866 1969 sed
2916 1919 3057 1974 Deus
3095 1921 3241 1974 nullo
3277 1923 3497 1991 indiget.

1921 2007 1975 2052 et
2003 2000 2204 2064 omnia,
2245 2004 2288 2057 si
2352 2003 2613 2072 perirent,
2649 2015 2851 2073 posset,
2887 2007 3028 2060 sicut
3083 2023 3146 2062 ca
3175 2010 3322 2070 fecit,
3348 2013 3505 2065 resti-

1924 2097 2076 2146 tuere
2135 2093 2250 2147 πω.
2311 2095 2440 2149 Bos.
2479 2095 2658 2150 Fateri
2720 2111 2804 2150 Ine
2843 2113 3066 2152 necesse
3107 2109 3189 2153 est
3229 2101 3355 2169 quia
3404 2118 3503 2171 pro

1921 2183 2290 2238 conservanda
2323 2193 2435 2240 tota
2450 2195 2700 2240 creatura
2727 2187 2860 2240 nihil
2893 2188 3146 2244 deberem
3173 2189 3350 2246 facere
3375 2207 3504 2247 con-

1913 2280 2006 2324 .tra
2057 2273 2384 2331 volontalem
2427 2276 2544 2330 Dei.
2606 2277 2737 2331 Axs.
2779 2277 2938 2344 Quid,
2979 2281 3025 2334 si
3087 2281 3271 2350 plures
3320 2293 3506 2339 essent

1924 2362 2106 2416 mundi
2158 2363 2298 2432 pleni
2357 2367 2624 2420 creaturis
2656 2366 2771 2431 '5“,
2819 2368 2962 2422 sicut
2991 2370 3093 2424 iste
3138 2372 3259 2426 est?
3290 2371 3414 2428 Bos.
3445 2373 3501 2428 Si

1922 2450 2134 2505 inﬁnito
2164 2468 2392 2509 numero
2424 2455 2952 2525 multiplicarentur,
3003 2468 3056 2514 et
3083 2461 3334 2518 similiter
3370 2465 3505 2519 mihi

1920 2542 2340 2598 ostenderentur
2383 2544 2499 2610 ππ,
2537 2546 2768 2615 idipsum
2795 2550 3202 2616 responderem.
3231 2553 3360 2608 Aus.
3406 2553 3505 2609 Ni-

1921 2632 1996 2686 hil
2035 2635 2235 2690 reetius
2280 2645 2432 2703 potes
2473 2654 2485 2689 :
2528 2638 2620 2691 sed
2673 2640 2954 2694 considera
2985 2642 3171 2708 etiam,
3205 2644 3250 2698 si
3289 2646 3504 2700 coutin-

1923 2733 2075 2794 geret
2105 2734 2163 2778 ut
2197 2735 2386 2781 contra
2425 2728 2751 2783 voluntatem
2809 2731 2902 2785 Dei
2938 2731 3085 2786 illum
3115 2745 3396 2804 aspectum
3424 2737 3504 2790 fa-

1920 2827 2076 2868 ceres
2103 2856 2118 2878 ,
2190 2816 2322 2884 quid
2374 2833 2560 2887 posses
2590 2834 2689 2888 pro
2712 2819 2814 2874 hoc
2847 2831 3070 2889 peccato
3097 2824 3337 2882 solvere?
3375 2828 3502 2882 Bos.

1923 2900 2039 2958 Non
2082 2903 2257 2959 habeo
2303 2905 2507 2976 aliquid
2541 2907 2736 2976 majus,
2793 2926 2954 2979 quam
3007 2915 3150 2981 quod
3177 2930 3340 2984 supra
3366 2919 3501 2971 disi.

1922 2993 2053 3048 Ans.
2087 2993 2179 3050 Sic
2213 2998 2452 3065 graviter
2486 3013 2807 3068 peccamus,
2861 3003 3297 3076 quotiescunque
3325 3009 3504 3064 scien-

1927 3093 2009 3138 ter
2047 3085 2248 3154 aliquid
2281 3090 2576 3157 quamlibet
2619 3108 2849 3162 parvum
2915 3095 3013 3129 ³⁸³⁸
3069 3106 3258 3153 contra
3311 3100 3505 3155 volun-

2632 3184 2890 3251 quoniam
2947 3202 3162 3256 semper
3212 3205 3402 3245 sumus
3449 3193 3504 3244 in

1929 3276 2222 3335 conspectu
2275 3267 2416 3337 ejus,
2449 3281 2502 3325 et
2525 3288 2742 3342 semper
2784 3276 2897 3345 ipse
2937 3280 3194 3349 praecepit
3241 3283 3396 3336 nobis
3437 3300 3507 3338 ne

1931 3356 2041 3427 85
2079 3374 2386 3428 peccemus.
2417 3360 2542 3416 Bos.
2578 3363 2650 3418 L't
2679 3367 2860 3430 audio,
2893 3369 3054 3422 nimis
3090 3371 3394 3439 periculose
3418 3377 3504 3428 vi-

1925 3448 2122 3505 vimus.
2144 3449 2273 3504 AN's.
2301 3451 2457 3506 Patet
2479 3455 2602 3522 quia
2622 3458 2919 3510 secundum
2940 3463 3298 3527 quantitatem
3333 3465 3504 3535 exigit

1927 3538 2067 3595 Deus
2095 3541 2694 3600 satisfactionennllos.
2730 3547 2846 3600 Non
2876 3563 3095 3617 possum
3126 3568 3347 3624 negare.
3370 3560 3498 3612 An's.

1923 3629 2039 3685 Non
2104 3647 2234 3703 ergo
2300 3635 2573 3691 satisfacis
2637 3639 2754 3702 πη,
2812 3641 2856 3693 si
2905 3657 3010 3696 non
3072 3647 3250 3700 reddis
3293 3650 3497 3720 aliquid

1926 3719 2132 3789 majus,
2172 3738 2335 3793 quam
2377 3726 2447 3780 sit
2479 3727 2530 3781 id
2563 3743 2660 3795 pro
2687 3745 2795 3798 quo
2831 3743 3114 3801 peccatum
3155 3736 3334 3793 facere
3393 3758 3500 3796 non

1925 3810 2211 3868 debueras.
2245 3815 2368 3870 Bos.
2429 3817 2496 3871 Et
2544 3820 2807 3874 rationem
2838 3823 2994 3878 video
3028 3827 3106 3881 sic
3158 3829 3398 3900 exigere,
3453 3843 3510 3887 et

1925 3900 2148 3955 omnino
2205 3917 2336 3957 esse
2395 3904 2754 3974 impossibile.
2821 3911 2953 3966 Axs.
3008 3913 3119 3970 Nec
3163 3917 3305 3972 Deus
3341 3921 3508 3976 ullum

1925 3988 2219 4057 obligatum
2259 3993 2604 4062 aliquatenus
2639 3999 2821 4054 debito
2850 4005 3055 4071 peccati
3080 4021 3361 4064 assumere
3412 4027 3509 4080 po-

1927 4087 2034 4134 test
2063 4083 2128 4133 ad
2169 4080 2592 4150 beatitudinem,
2638 4090 2764 4157 quia
2805 4109 2912 4147 non
2954 4095 3133 4149 debet.
3170 4097 3294 4153 Bos.
3334 4100 3509 4156 Nimis

1927 4182 2012 4225 est
2067 4173 2251 4241 gravis
2312 4175 2425 4230 hzec
2482 4182 2776 4236 sententia.
2818 4182 2949 4237 Axs.
2993 4187 3128 4242 Audi
3183 4191 3360 4246 adhuc
3405 4194 3503 4224 ²⁵⁵⁰

1928 4263 2108 4328 aliud,
2150 4279 2248 4318 cur
2284 4281 2390 4321 non
2427 4269 2606 4325 minus
2645 4272 2715 4326 sit
2744 4273 2957 4331 diﬂicile
3000 4279 3278 4338 hominem
3318 4300 3509 4340 recou-

1928 4353 2102 4408 ciliari
2140 4357 2268 4410 Deo.
2309 4357 2441 4413 Bos.
2487 4360 2600 4416 Nisi
2641 4363 2776 4420 fides
2825 4384 2910 4422 me
2949 4374 3360 4443 consolaretur,
3409 4379 3511 4434 hoc

1929 4444 2104 4498 solum
2157 4457 2378 4518 cogeret
2431 4465 2514 4506 me
2565 4451 2876 4524 desperare.
2942 4461 3068 4516 Axs.
3125 4465 3260 4520 Audi
3305 4477 3506 4526 tamen.

219 4515 391 4558 ctum
438 4504 634 4563 facere.
669 4509 792 4564 Bos.
824 4510 964 4566 Nihil
992 4513 1208 4569 invenio
1261 4527 1484 4586 propter
1534 4521 1676 4590 quod
1719 4523 1819 4576 hoc
1854 4545 1898 4603 ο
1929 4533 2051 4590 Bos.
2089 4535 2204 4590 Dic.

1482 4810 1711 4866 VARIAE
1742 4812 2142 4869 LECTIONES.

289 4935 398 5018 αξη
432 4933 489 4986 Si
615 4935 839 5018 del-mss.
1052 4937 1252 5018 Gentio.
1308 4945 1428 5000 Bec.
1472 4947 1604 5018 Joly
1658 4961 1704 5004 et
1748 4951 1896 5005 Edit.
1958 4953 2116 5007 Colit.
2188 4957 2289 5010 etsi
2351 4957 2415 5009 de

220 5005 371 5058 Vict.
434 5004 606 5056 antiit.
656 5005 729 5058 illi
875 5006 967 5038 ’⁸³³
1000 5008 1073 5061 lIIi

204 5087 256 5128 et
325 5073 489 5125 Edit.
569 5069 724 5126 GotII.
797 5075 900 5130 nisi
962 5069 1068 5132 illis

1055 5013 1303 5095 justitias
1360 5033 1490 5095 suas
1539 5013 1667 5095 nias.
1717 5033 1765 5074 et
1801 5021 1944 5095 (vidit.
1993 5024 2148 5078 Galle.
2215 5024 2506 5092 injustitias
2565 5028 2683 5095 ejus

1215 5084 1310 5156 ’Ψ
1360 5087 1730 5156 Expectabant
1785 5092 2061 5148 Uhristum
2100 5112 2224 5148 mss.
2267 5084 2312 5148 ct
2357 5095 2498 5148 Edit.
2536 5084 2690 5151 etim.
2756 5117 2816 5154 ex

206 5145 319 5178 ³⁵³⁸
351 5142 652 5228 N‘unquam
682 5143 912 5200 fuissent
936 5165 1059 5200 mss.
1091 5161 1139 5202 et
1164 5142 1508 5228 Edit.__Got'lI.
1541 5142 1812 5228 nunquam
1830 5142 2061 5218 iuiés'éi"
2099 5142 2814 5224 ῖέῖέῖήἐιιιῖὲᾷξἠιξέί

205 5233 368 5294 mss.’
402 5209 541 5265 Vict.
577 5227 842 5299 ponamus
872 5232 1002 5299 ergo
1030 5223 1208 5299 omnia
1271 5225 1564 5299 _'f”}lodo
1597 5209 1924 5299 proposuisti
1980 5251 2104 5289 mss.
2156 5247 2203 5288 et
2254 5236 2398 5288 It‘dit.
2457 5234 2613 5289 Goth.
2665 5243 2826 5296 modo

2562 4959 2650 5032 ’5‘“
2696 4959 2927 5020 Peccato
2978 4969 3052 5022 illi
3119 4973 3334 5026 reddam
3383 4993 3506 5032 mss.

2827 5035 2922 5066 ’⁸³³
2967 5036 3078 5092 Nisi
3130 5041 3196 5094 de
3232 5043 3334 5096 illis
3383 5062 3509 5102 mss.

2824 5114 3180 5174 pectaverunt
3232 5112 3510 5168 Christum

2891 5176 2984 5207 "37
3015 5175 3286 5232 Ponamus
3327 5187 3510 5239 omnia

2863 5247 3087 5312 posuisti
3167 5249 3258 5282 ’5”
3317 5251 3508 5307 Utrum

204 5285 408 5377 possit
435 5299 560 5335 mss.
591 5281 738 5377 gem.
766 5284 1058 5377 Befguvic't.
1085 5290 1139 5343 5.
1170 5302 1217 5345 et
1264 5295 1359 5377 19._
1379 5293 1570 5352 Cister.
2121 5305 2276 5377 Edit.
2305 5306 2460 5360 (.‘otlt.
2494 5315 2673 5377 utrum
2703 5281 3087 5376 [Ios‘siti’twu'xit‘l
3111 5281 3510 5377 Sufﬁcetfeutiilsl:

201 5351 494 5459 1019.1?"
522 5351 768 5459 δηξῖξξξςς
843 5355 936 5459 ³⁸1³⁸
972 5356 1393 5459 Nuncvostemle
1424 5383 1548 5459 mis.
1600 5367 1736 5459 Vi'ct;
1780 5351 2017 5428 ()stendae
2091 5376 2185 5411 ’δι’
2220 5376 2323 5429 Pro
2357 5390 2464 5445 quo
2495 5376 2581 5428 hic
2623 5351 2744 5430 mss.
2793 5351 2840 5435 ἐι
2889 5383 3030 5439 Elil.
3078 5351 3512 5459 Géi'li'i‘iifmiiéé

203 5441 348 5459 (nn-na“
452 5438 516 5459 nn
763 5441 790 5459 Ω
818 5440 877 5459 Ωιι
902 5440 933 5459 ll
969 5443 1061 5459 sane
1175 5442 1240 5459 ...ι
1351 5453 1396 5459 ,Α
1525 5454 1590 5459 AA-
1745 5457 1769 5459 η
1937 5442 1975 5459 Ι]
2000 5446 2053 5459 ιι-
2111 5445 2146 5459 ι·
2217 5449 2227 5459 ι
2334 5458 2339 5459 ,
2406 5446 2416 5459 ι
2551 5446 2560 5459 ι
2673 5449 2758 5459 ...ι
2812 5454 2822 5459 -

201 5425 373 5510 quod
415 5422 686 5510 bimi-17””,3
719 5424 790 5510 De
818 5425 933 5476 solo
967 5443 1088 5510 mss.
1124 5429 1418 5510 Vir_I_.__Bec.
1446 5437 1614 5510 Δ(ἓιεηι.
1646 5438 1772 5510 Joly
1807 5422 2072 5497 ’e'f'Eiia.
2106 5422 2347 5499 Col/idet

2387 5446 2454 5498 de
2485 5446 2767 5525 solem”:
2797 5454 2901 5506 Aut
2930 5470 3033 5510 non
3083 5471 3264 5525 posset
3291 5446 3421 5514 ἠδέ.
3461 5475 3511 5516 et

201 5490 387 5549 Ῐίάίι·
442 5490 598 5572 Gom-
654 5504 742 5546 θυι
799 5511 902 5548 "0"
957 5507 1132 5562 βυιεει
1207 5504 1300 5536 ’³³⁵
1336 5506 1485 5560 Fecit
1525 5490 1830 5566 restaurare
1878 5530 2002 5566 mss.
2045 5515 2175 5568 fecit
2210 5520 2494 5568 restituere
2569 5516 2662 5546 ’³³⁸
2705 5516 2851 5576 Pleni
2904 5490 3506 5599 ονέἓιιιτξδιῖιιεδῗωιξίρῆἶ

201 5571 512 5599 nun-nolunt:
586 5562 677 5592 35W
711 5562 1147 5599 ηἰιίοηιιιὶιοοηιη..
1175 5591 1278 5599 μ.--
1335 5575 1447 5599 ιη-.
1507 5579 1564 5599 ιη
1611 5577 1670 5599 n.-
1865 5593 1875 5599 .
1918 5583 1934 5599 1
1980 5585 1990 5599 ι
2126 5597 2132 5599 .
2235 5587 2244 5599 .
2389 5593 2398 5599 .
2549 5586 2642 5599 ...ρ
2681 5588 2716 5599 η
2952 5596 2964 5599 -
2997 5598 3000 5599 ,

200 5562 536 5652 creaturis.
586 5562 677 5592 ’5”
711 5562 1147 5652 Obteqllerentur
1174 5591 1315 5652 ηιξε.⁸
1335 5575 1468 5652 Vict.
1501 5579 1584 5632 l9.
1609 5562 2025 5652 Cisteﬂvetdbh;

2057 5587 2507 5670 ostenderenlpr.
2549 5586 3080 5670 "il-Quantumlibet
3127 5615 3349 5670 parvum
3366 5586 3508 5655 linss.

197 5631 543 5727 ςμεςῐῆξξκξξ
567 5647 832 5727 enim};
862 5634 956 5663 "‘9
985 5635 1126 5711 Ergo
1153 5645 1457 5700 satisfacies
1505 5631 1631 5702 mss.
2111 5631 2539 5724 crgnwsavtisfacis
2615 5631 2720 5689 "5:

201 5701 302 5761 hic
341 5701 539 5768 incipit
566 5711 719 5767 caput
765 5703 850 5758 22.

423 5794 699 5857 Ρηιιοι..
750 5796 1018 5865 CLVIII.

3121 5833 3190 5890 l3
