4050 6294
567 325 674 385 595

1136 432 1360 515 CAPUT
1410 455 1577 512 xxu.

538 571 742 636 ‘Quam
801 568 1165 622 contumeliam
1215 569 1306 599 ‘5'"
1353 567 1471 634 fecit
1527 566 1633 620 Deo
1666 568 1860 629 homo,
1921 584 2034 620 cum
2083 585 2137 621 se

636 640 944 762 permis'iina
981 638 1188 692 diabolo
1228 639 1404 701 vinci;
1436 653 1532 706 pro
1575 653 1678 706 qua
1706 637 2010 706 satisfacere
2039 654 2142 691 non

639 727 704 762 no
730 726 781 762 es
929 746 944 760 .

638 726 800 779 ροιεει
829 726 944 760 """'.

639 799 765 853 Ans.
800 797 974 852 Homo
1005 797 1058 852 iu
1083 797 1334 866 paradiso
1371 797 1488 852 sine
1521 795 1967 867 peccato'factus,
1985 796 2141 867 quasi

557 890 774 960 positus
805 900 888 944 est
939 905 1040 959 pro
1069 889 1178 944 Deo
1223 889 1364 943 inter
1401 889 1568 943 Deum
1614 896 1668 942 et
1713 887 2025 950 diabolum,
2087 896 2144 940 ut

562 979 807 1034 vinceret
833 979 1102 1033 diabolum
1124 993 1227 1033 non
1256 977 1647 1033 consentiendo
1675 976 1923 1032 suadenti
1953 991 2144 1046 pecca-

564 1078 677 1123 tum
707 1071 770 1124 ad
792 1069 1195 1124 excusationem
1224 1076 1278 1123 et
1310 1069 1570 1124 honorem
1597 1068 1714 1131 Dei,
1775 1074 1830 1121 et
1851 1067 1919 1120 ad
1952 1065 2141 1120 confu-

564 1164 773 1216 sionem
808 1161 901 1194 ³⁸³³
932 1160 1160 1224 diaboli;
1200 1175 1322 1214 cum
1362 1159 1454 1214 ille
1484 1158 1749 1213 inﬁrmior
1780 1158 1833 1211 in
1868 1165 2010 1212 terra
2034 1171 2140 1210 non

562 1260 834 1321 peccaret,
881 1250 1070 1305 eodem
1105 1248 1320 1304 diabolo
1348 1249 1627 1314 suadente,
1660 1247 1752 1316 qui
1789 1245 1984 1300 fortior
2020 1259 2144 1315 pec-

563 1341 705 1394 cavit
727 1342 778 1393 in
808 1340 966 1404 C(BIO,
993 1339 1134 1394 nullo
1155 1341 1415 1394 suadente
1441 1338 1536 1370 ’⁸⁵³
1563 1356 1574 1390 :
1605 1347 1680 1404 et,
1709 1352 1831 1392 cum
1859 1336 1962 1392 hoc
1981 1337 2143 1390 homo

563 1430 722 1485 facile
743 1431 837 1471 ’⁵⁵⁸
864 1439 1044 1500 posset
1080 1428 1320 1494 efﬁcere,
1342 1428 1488 1483 nulla
1526 1428 1577 1481 vi
1608 1435 1850 1492 coactus,
1879 1426 1990 1482 sola
2020 1441 2144 1481 sua-

562 1521 714 1574 sione
745 1529 937 1590 sponte
959 1535 1018 1574 se
1047 1519 1185 1574 vinei
1213 1519 1456 1588 permisit
1481 1518 1545 1571 ad
1558 1516 1889 1571 voluntatem
1919 1513 2140 1577 diaboli,

559 1624 615 1665 et
649 1623 836 1667 contra
871 1612 1197 1684 voluntatem
1227 1620 1281 1664 et
1308 1612 1569 1665 honorem
1602 1609 1715 1662 Dei.
1747 1608 1872 1662 Bos.
1900 1605 1980 1660 Ad
2006 1604 2141 1674 quid

560 1703 643 1756 vis
674 1702 932 1756 tendere?
959 1703 1089 1756 ANS.
1115 1700 1324 1766 .Iudica,
1357 1709 1413 1754 tu
1444 1701 1580 1768 ipse,
1609 1699 1783 1753 sinon
1828 1704 1910 1751 est
1954 1705 2140 1750 contra

1069 324 1128 382 S.
1160 319 1461 379 ANSELMI
1490 317 1844 376 CANTUAR.
1888 314 2205 374 ARCHIEP.
2250 316 2400 373 OPP.
2444 316 2626 373 PARS
2672 315 2712 371 I.
2756 345 2827 358 —-
2859 313 3282 374 DOGMATICA.

2173 449 2218 508 Α
2249 433 2392 486 Deus
2420 431 2684 502 perdidit;
2712 431 2808 499 ita,
2837 445 2934 500 per
2965 431 3069 487 hoc
3095 431 3240 500 quod
3273 429 3475 494 vincat,
3493 433 3684 502 perdat
3708 435 3820 491 dia-

3711 319 3818 378 396

2247 522 2420 588 holus,
2455 532 2508 575 et
2554 523 2698 576 Deus
2732 529 3034 590 recuperet.
3073 523 3196 578 Bos.
3248 521 3359 577 Nec
3383 522 3684 580 distrietius
3724 543 3822 584 nec

2239 613 2442 682 justius
2491 613 2694 683 aliquid
2746 623 2924 683 potest
2967 615 3216 683 cogitari.
3243 615 3372 672 Aus.
3412 615 3648 673 Putasne
3685 633 3823 675 sum.

2247 719 2391 758 mam
2427 703 2722 773 justitiam,
2768 705 2916 759 hanc.
2933 705 3199 774 justitiam
3228 721 3386 776 posse
3421 707 3664 764 violare?
3693 708 3817 766 Bos.

2245 793 2360 848 Non
2393 797 2566 850 audeo
2613 789 2876 864 cegitare.
2931 796 3063 852 Ans.
3102 795 3426 855 Nullatenus
3487 814 3617 872 ergo
3663 801 3823 858 debet

2245 892 2339 939 aut
2375 894 2553 955 potest
2580 886 2675 916 ⁸⁵⁸⁸
2708 885 2957 956 accipere
2990 886 3153 941 homo
3187 902 3217 940 a
3247 887 3376 953 Deo,
3407 889 3550 959 quod
3577 889 3722 945 Deus
3750 889 3822 946 illi

2245 977 2376 1030 dare
2401 975 2711 1046 proposuit;
2736 976 2780 1031 si
2806 991 2913 1032 non
2945 976 3122 1031 reddit
3175 979 3284 1032 Deo
3333 985 3504 1033 totum
3540 980 3686 1049 quod
3741 979 3821 1048 illi

2245 1065 2469 1120 abstulit
2500 1081 2514 1119 :
2548 1075 2608 1120 ut
2631 1066 2773 1121 sicut
2799 1079 2902 1135 per.
2925 1065 3076 1120 illum
3105 1065 3248 1122 Deus
3287 1067 3563 1136 perdidit,
3605 1069 3681 1122 ita
3728 1084 3826 1138 per

2246 1156 2394 1211 illum
2420 1155 2561 1212 Deus
2590 1164 2871 1226 recuperet
2901 1157 3016 1210 ’3“.
3053 1156 3208 1223 Quod
3232 1173 3341 1212 non
3393 1159 3550 1214 aliter
3589 1160 3707 1213 ﬁeri
3735 1176 3824 1214 va-

2244 1249 2336 1314 let,
2365 1249 2467 1303 nisi
2502 1258 2581 1314 ut,
2610 1249 3066 1320 quemadmodum
3095 1263 3192 1318 per
3215 1250 3418 1305 vietum
3445 1259 3554 1305 tota
3582 1253 3822 1306 humana

2245 1348 2443 1393 natura
2485 1348 2741 1407 corrupta
2777 1345 2834 1392 et
2871 1338 3026 1407 quasi
3089 1338 3416 1394 fermentata
3464 1349 3546 1394 est
3577 1349 3826 1409 peccato,

2243 1443 2363 1484 cum
2392 1443 2498 1498 quo
2521 1427 2721 1482 nullum
2749 1428 2889 1482 Deus
2911 1428 3140 1482 assumit
3165 1428 3232 1483 ad
3252 1429 3646 1498 perﬁciendam
3677 1431 3826 1484 illam

2243 1521 2522 1574 civitatem
2575 1519 2892 1576 cmlestem:
2925 1520 2995 1574 ita
3051 1535 3152 1590 per
3173 1520 3478 1598 vincentem
3521 1520 3830 1590 justiticeu-

2244 1620 2334 1666 tur
2361 1613 2455 1644 ’⁵⁸⁸
2480 1627 2509 1666 a
2532 1621 2755 1682 peccato
2781 1621 2858 1665 tot
2885 1611 3152 1679 homines,
3179 1620 3312 1682 quot
3346 1611 3497 1666 illum
3523 1628 3816 1666 numerum

2244 1702 2556 1774 completuri
2585 1712 2762 1768 erant,
2791 1703 2859 1758 ad
2884 1717 3045 1770 quem
3103 1703 3484 1773 complendum
3517 1703 3699 1760 factus
3744 1713 3826 1758 est

558 1794 818 1847 honorem
872 1792 986 1855 Dei,
1031 1800 1089 1844 ut
1125 1793 1284 1845 homo
1333 1789 1710 1844 reconcilietur
1756 1786 1853 1819 ’³⁸⁸
1892 1785 1968 1840 illi
2014 1798 2136 1838 cum
2171 1789 2214 1842 Β
2240 1795 2424 1848 homo.
2450 1793 2557 1849 Sed
2586 1794 2689 1848 hoc
2711 1793 2899 1861 facere
2951 1793 3259 1850 nullatenus
3301 1803 3479 1865 potest
3508 1795 3672 1850 homo
3698 1811 3829 1865 pec-

558 1882 824 1956 calumnia
851 1881 1010 1951 hujus
1036 1880 1373 1935 contumeliae
1404 1879 1514 1933 Deo
1541 1878 1790 1948 irrogatm
1814 1918 1829 1942 ,
1859 1875 1962 1930 nisi
1986 1875 2138 1944 prius

559 1972 913 2028 honoraverit
941 1972 1108 2026 Deum
1147 1971 1411 2024 vincendo
1457 1968 1759 2032 diabolum;
1813 1967 1957 2021 sicut
1985 1964 2138 2020 inho-

556 2064 773 2126 noravit
819 2061 969 2115 illum
1014 2060 1102 2090 ¹¹⁸⁵τ
1138 2059 1312 2114 victus
1363 2074 1392 2112 a
1423 2057 1657 2114 diabolo.
1717 2055 1951 2109 Victoria
2011 2069 2138 2108 vero

558 2145 684 2234 talis
708 2145 1040 2224 essedebet,
1063 2158 1122 2203 ut
1158 2150 1297 2204 sicut
1325 2148 1479 2203 tortis
1529 2163 1592 2201 ac
1618 2154 1881 2216 potestate
1926 2145 2140 2200 immor-

561 2243 998 2326 talis‘econsensit
1025 2242 1181 2312 facile
1198 2239 1409 2296 diabolo
1433 2250 1490 2294 ιιι
1523 2247 1795 2310 peccaret,
1813 2240 1957 2294 unde
1989 2239 2137 2310 juste

559 2325 1029 2408 iucurdfkpmnam
1057 2329 1402 2385 mortalitatis
1446 2347 1458 2382 :
1518 2332 1588 2382 ita
1636 2328 1883 2383 infirmus
1909 2337 1965 2382 et
1995 2344 2138 2383 mor-

561 2422 702 2486 talis,
758 2414 971 2496 qttiiiein
1003 2434 1060 2493 se
1090 2418 1220 2475 fecit
1266 2419 1406 2487 ipse,
1429 2434 1525 2488 per
1550 2418 1740 2473 mortis
1763 2417 2136 2472 difﬁcultatem

557 2513 741 2566 vincat
774 2511 1064 2575 diabolum,
1091 2518 1156 2582 ut
1190 2509 1336 2564 nullo
1355 2508 1514 2563 modo
1537 2517 1724 2578 peccet
1754 2524 1769 2572 ;
1805 2508 1946 2578 quod
1963 2507 2140 2563 facere

555 2616 665 2657 non
693 2610 887 2672 potest,
913 2585 1149 2668 qiuandiu
1178 2598 1487 2654 ex-vuluere
1512 2598 1669 2670 primi
1697 2598 1907 2668 peccati
1951 2599 2135 2654 conci-

555 2693 704 2763 pitur
729 2701 785 2746 et
815 2691 1058 2747 nascitur
1086 2692 1138 2744 in
1169 2701 1414 2760 peccato.
1445 2689 1571 2744 Bos.
1599 2689 1799 2744 Iterum
1846 2689 1968 2744 dico
2012 2691 2139 2759 quia

556 2793 612 2839 et
645 2784 783 2838 ratio
814 2783 908 2816 ⁸⁵⁵⁸
961 2781 1153 2852 probat
1181 2781 1324 2849 quod
1373 2780 1543 2844 dicis;
1595 2790 1648 2834 et
1678 2778 2012 2849 impossibile
2033 2788 2136 2834 est.

555 2874 685 2928 Axs.
712 2874 901 2927 Adhuc
927 2871 1112 2941 accipe
1141 2870 1236 2902 ³⁵⁵9
1263 2886 1450 2935 unum,
1478 2871 1597 2924 sine
1620 2868 1887 2939 quojuste
1918 2884 2023 2922 non
2048 2883 2136 2922 re-

559 2963 880 3018 conciliatur
905 2963 1068 3018 homo
1086 2979 1100 3014 :
1118 2976 1216 3016 nec
1235 2960 1414 3015 minus
1435 2959 1766 3028 impossibile
1779 2957 1986 3012 est"‘°.
2010 2957 2133 3014 Bos.

561 3055 665 3108 Tot
684 3053 792 3120 jam
825 3052 1151 3122 proposuisti
1183 3051 1358 3114 nobis,
1385 3066 1504 3120 quae
1526 3051 1707 3104 facere
1733 3049 2025 3114 debemus,
2079 3058 2136 3103 ιιι

2242 1893 2432 1947 calor;
2458 1883 2582 1952 quia
2614 1891 2866 1954 peccator
2889 1893 3234 1952 peccatorem
3264 1883 3565 1954 justiﬁeare
3608 1884 3823 1953 nequit.

2239 1974 2363 2028 Bos.
2401 1973 2466 2027 Et
2493 1973 2625 2027 nihil
2650 1972 2870 2042 justius,
2901 1981 2956 2026 et
2994 1972 3130 2038 nihil
3154 1973 3546 2043 impossiliilius
3581 1989 3593 2026 :
3634 1973 3734 2027 sed
3760 1986 3828 2025 ex

2240 2064 2326 2117 his
2357 2061 2606 2118 omnibus
2628 2063 2840 2128 videtur
2863 2062 3240 2118 misericordia
3277 2062 3370 2117 Dei
3401 2070 3454 2114 et
3481 2077 3604 2132 spes
3645 2061 3828 2114 homi—

2240 2155 2325 2209 nis
2373 2153 2854 2222 perire,quantum
2897 2151 2964 2207 ad
3013 2153 3405 2209 beatitudinem
3453 2160 3690 2221 spectat,
3760 2151 3828 2204 ad

2239 2261 2399 2314 quam
2443 2244 2619 2298 factus
2668 2252 2754 2298 est
2803 2243 2993 2299 homo.
3049 2245 3182 2298 Ans.
3213 2243 3478 2312 Exspecta
3523 2243 3710 2296 adhuc
3741 2257 3831 2312 pa-

2241 2352 2383 2390 rum.
2410 2335 2532 2391 Bos.
2568 2333 2704 2402 Quid
2736 2335 2904 2391 habes
2927 2335 3157 2405 amplius
3181 2335 3316 2388 “‘7?

2791 2445 3021 2503 CAPUT
3060 2445 3253 2502 XXIV.

2242 2559 2394 2625 Quod
2419 2559 2654 2625 quandiu
2681 2557 2778 2590 ’m
2794 2559 2949 2612 homo
2975 2558 3188 2611 nonm’
3203 2557 3375 2611 reddit
3405 2555 3512 2610 Deo
3537 2555 3637 2588 ³⁸⁷⁸
3683 2557 3831 2626 quod

2310 2629 2461 2682 debet
2486 2669 2507 2711 ι
2530 2638 2632 2683 non
2677 2629 2840 2699 possit
2877 2643 2988 2683 esse
3027 2627 3239 2684 beatus:
3279 2643 3371 2682 nec
3407 2636 3688 2681 excusetur
3734 2629 3833 2680 im-

2311 2709 2562 2768 potentia.
2585 2753 2590 2758 ,
2806 2713 2810 2718 '

2309 2790 2440 2844 Ans.
2490 2789 2546 2845 Si
2603 2791 2767 2848 homo
2814 2789 3014 2846 dicitur
3041 2790 3292 2860 injustas,
3324 2789 3415 2858 qui
3447 2789 3655 2843 homini
3723 2803 3831 2842 non

2242 2879 2592 2950 redditquod
2637 2881 2831 2948 debet,
2881 2881 3254 2949 multomagis
3285 2877 3517 2946 iniustus
3572 2886 3680 2942 est,
3740 2878 3833 2946 qui

2239 2971 2352 3026 Deo
2381 2975 2524 3043 quod
2547 2973 2705 3028 debet
2750 2988 2858 3027 non
2907 2973 3102 3026 reddit.
3135 2971 3260 3026 Bos.
3292 2969 3347 3026 Si
3370 2979 3566 3041 potest,
3607 2979 3662 3024 et
3725 2984 3836 3024 non

2240 3062 2448 3128 reddit,
2500 3077 2626 3118 vere
2669 3062 2907 3131 iniustus
2943 3071 3046 3118 est.
3073 3062 3128 3117 Si
3164 3076 3292 3117 vero
3323 3075 3430 3115 non
3460 3069 3664 3130 potest,
3696 3076 3836 3130 quo-

560 3141 821 3211 quidquid
850 3141 1202 3209 superaddas,
1234 3155 1344 3194 non
1370 3136 1455 3193 me
1483 3139 1653 3210 magis
1695 3148 1900 3192 terrere
1941 3138 2130 3207 possit.

2244 3153 2403 3206 modo
2433 3153 2662 3222 injustus
2689 3153 2806 3207 est?
2832 3152 2960 3208 Aas.
2980 3153 3246 3206 Forsitan
3271 3151 3314 3206 si
3343 3151 3486 3205 nulla
3526 3151 3578 3203 in
3616 3151 3713 3204 illo
3752 3160 3837 3205 est

558 3233 690 3288 Axs.
718 3231 857 3286 Audi
880 3239 1079 3286 tamen.
1115 3229 1238 3285 Bos.
1267 3230 1463 3283 Audio.

1137 3341 1367 3396 CAPUT
1409 3340 1594 3395 XXIII.

597 3435 737 3503 Quid
778 3433 989 3490 abstulit
1019 3433 1113 3465 ’⁵⁸⁸
1167 3433 1272 3488 Deo
1301 3433 1692 3554 cuutlpeccuvit,
1725 3432 1861 3499 quod
1894 3433 2108 3488 reddere

1258 3519 1408 3554 neum
1439 3540 1454 3554 .

1258 3519 1454 3572 nequit.

629 3593 760 3646 Aus.
785 3592 925 3659 Quid
949 3593 1170 3648 abstulit
1200 3594 1362 3648 homo
1394 3595 1525 3659 Deo,
1559 3607 1682 3646 cum
1717 3593 1860 3649 vinci
1915 3608 1974 3648 se
2011 3608 2137 3662 per-

562 3681 711 3737 misit
733 3697 762 3736 a
790 3681 1039 3738 diabolo?
1065 3683 1185 3736 Bos.
1217 3682 1311 3736 Dic
1337 3691 1412 3748 tu,
1441 3692 1499 3736 ut
1529 3683 1798 3754 inctepisti
1825 3699 1840 3747 ;
1890 3683 2016 3752 quia
2039 3698 2138 3752 ego

564 3773 749 3827 nescio
777 3772 928 3842 quid,
961 3772 1258 3841 superbam
1293 3773 1435 3826 mala
1467 3787 1587 3842 quae
1614 3773 1925 3838 ostendisti,
1965 3774 2138 3841 potuit

563 3862 782 3918 addere.
813 3862 942 3918 ΛΝΒ.
969 3861 1158 3918 Nonne
1180 3863 1402 3917 abstulit
1429 3861 1540 3917 Deo
1568 3862 1828 3932 quidquid
1864 3862 1928 3917 de
1952 3863 2137 3917 huma-

554 3969 629 4008 na
651 3963 844 4008 natura
880 3946 1056 4008 facere
1087 3957 1480 4023 proposuerat?
1506 3955 1631 4011 Bos.
1663 3955 1778 4011 Non
1825 3961 2004 4026 potest
2036 3971 2135 4010 ue-

555 4046 696 4115 gari.
723 4045 854 4101 Ans.
889 4044 1111 4101 Intende
1140 4047 1236 4078 ²³⁶³
1298 4048 1350 4103 ἱη
1413 4049 1712 4104 districtam
1754 4049 2053 4119 justitiam;
2084 4057 2139 4104 et

550 4136 731 4205 judica
759 4135 1056 4193 secundum
1089 4136 1254 4202 illam,
1313 4148 1492 4194 utrum
1548 4140 1614 4194 ad
1642 4141 2006 4208 aequalitatem
2041 4139 2135 4171 ’⁵⁸³

551 4226 761 4294 peccati
812 4226 972 4281 homo
1007 4226 1307 4282 satisfaciat
1336 4227 1478 4294 Deo;
1514 4230 1616 4284 nisi
1664 4231 1897 4300 idipsum
1961 4233 2130 4301 quod,

553 4315 919 4383 permittendo
947 4332 1006 4371 se
1028 4319 1167 4371 vinci
1198 4333 1228 4370 a
1261 4319 1496 4385 diabolo,
1533 4321 1642 4374 Deo
1665 4321 1914 4388 abstulit,
1947 4323 2135 4380 diabo-.

551 4403 663 4455 lum
695 4403 956 4459 vincendo
983 4406 1238 4459 restituat
1275 4423 1288 4459 :
1319 4417 1376 4460 nt
1401 4410 1854 4478 quemadmodum
1880 4429 1976 4481 per
2025 4415 2129 4470 hoc

552 4491 698 4560 quod
723 4493 894 4546 victus
917 4505 1015 4555 est,
1054 4496 1230 4565 rapuit
1282 4498 1528 4554 diabolus
1573 4502 1714 4569 quod
1750 4502 1865 4566 Dei,
1893 4514 2036 4570 erat,
2073 4517 2127 4562 et

2243 3241 2574 3310 impotentiae
2598 3254 2784 3304 causa,
2818 3241 3162 3312 aliquatenus
3185 3238 3438 3295 excusari
3463 3247 3668 3308 potest.
3726 3238 3834 3292 Sed

2241 3333 2287 3386 si
2314 3331 2366 3386 in
2391 3331 2507 3401 ipsa
2527 3333 2848 3403 impotentia
2872 3341 2957 3388 est
2980 3332 3136 3401 culpa
3154 3331 3247 3363 ’⁸⁷⁸
3275 3370 3290 3396 ,
3324 3330 3472 3385 sicut
3496 3344 3605 3384 non
3633 3329 3838 3398 levigat

2240 3433 2522 3492 peccatum
2554 3463 2569 3487 ,
2626 3423 2701 3476 ita
2758 3438 2865 3478 non
2894 3430 3116 3477 excusat
3161 3437 3271 3475 non
3314 3420 3633 3474 reddentem
3682 3417 3839 3473 debi-

2241 3522 2377 3566 tum.
2409 3511 2542 3565 Nam
2595 3512 2639 3566 si
2686 3513 2810 3582 quis
2857 3512 3099 3582 injungat
3127 3510 3346 3580 aliquod
3368 3523 3505 3578 opus
3532 3523 3703 3562 servo
3727 3521 3831 3562 tuo

2240 3603 2356 3667 "7',
2393 3611 2447 3658 et
2476 3603 2752 3672 praecipiat
2779 3602 2852 3656 illi
2881 3617 2946 3657 ne
2976 3602 3193 3670 dejiciat
3221 3617 3279 3656 se
3310 3601 3364 3655 in
3394 3600 3634 3664 foveam,
3662 3614 3833 3669 quam

2242 3693 2316 3747 illi
2342 3693 2678 3746 demonstrat
2724 3691 2841 3759 πη,
2881 3693 3024 3747 unde
3063 3692 3368 3746 nullatenus
3408 3691 3558 3746 exire
3589 3691 3777 3760 possit
3817 3708 3831 3742 :

2239 3793 2502 3836 etservus
2525 3780 2612 3837 ille
2644 3793 2996 3837 contemnens
3029 3783 3344 3836 mandatum
3377 3789 3433 3835 ct
3455 3779 3834 3834 monitionem

2239 3872 2440 3927 domini
2473 3872 2576 3938 sui,
2630 3882 2822 3941 sponte
2852 3889 2910 3930 se
2943 3875 2995 3928 in
3024 3881 3490 3943 prmmonstratam
3521 3872 3714 3925 mittat
3745 3871 3836 3924 fo-

2237 3980 2414 4030 veam,
2450 3973 2506 4019 ut
2537 3965 2846 4022 nullatenus
2897 3967 3066 4036 possit
3100 3965 3404 4034 iujunctum
3443 3979 3579 4033 epus
3610 3963 3840 4043 edicere

2239 4054 2332 4086 ’⁵⁷⁸
2376 4071 2391 4109 :
2423 4063 2649 4124 putasne
2679 4055 2754 4109 illi
2786 4056 3128 4124 aliquatenus
3147 4055 3244 4086 ’⁸⁷⁸⁵
3265 4053 3644 4124 impotentiam
3664 4053 3837 4107 istam

2239 4148 2304 4202 ad
2334 4147 2738 4203 excusationem
2793 4147 2995 4210 valere,
3070 4162 3170 4201 cur
3219 4161 3355 4216 epus
3382 4145 3478 4176 ’⁸⁷⁸
3517 4143 3840 4210 iujunetum

2240 4254 2346 4293 non
2407 4238 2603 4305 faciat!
2655 4237 2780 4292 Bos.
2823 4237 2980 4292 Nullo
3032 4238 3208 4298 modo,
3244 4237 3339 4292 sed
3369 4235 3435 4289 ad
3464 4242 3837 4302 augmentmn

2237 4330 2419 4399 potius
2457 4330 2664 4400 culpae;
2696 4329 2952 4398 quoniam
2984 4329 3097 4397 ipse
3119 4327 3487 4396 impotentiam
3518 4324 3675 4378 illam
3725 4323 3841 4378 sibi

2159 4452 2206 4510 υ
2239 4421 2381 4474 iecit.
2417 4421 2712 4490 Dupliciter
2734 4435 2968 4492 namque
2995 4422 3258 4492 peccavit,
3287 4421 3414 4492 quia
3442 4429 3496 4476 et
3522 4420 3672 4488 quod
3712 4419 3842 4487 jus-

2237 4525 2329 4565 sus
2355 4519 2437 4565 est
2459 4511 2660 4576 facere,
2693 4527 2798 4566 non
2831 4512 2996 4575 fecit;
3029 4520 3084 4566 et
3113 4511 3255 4581 quod
3278 4518 3612 4581 pmceptum
3638 4518 3733 4564 est
3770 4523 3843 4562 ne

1827 4615 2061 4673 VARIIE
2103 4620 2508 4680 LECTIONES.

606 4696 718 4728 πει
765 4697 957 4773 Quam
1003 4699 1382 4773 eozztumeliam
1447 4718 1542 4755 ms.
1618 4702 1742 4772 1on
1806 4705 1959 4773 Quod
2021 4712 2404 4769 contumeliam

2233 4784 2329 4815 ίηι

1083 4839 1176 4870 ³⁵⁸⁵
1208 4838 1320 4895 Hoc
1360 4841 1518 4895 homo
1542 4843 1699 4898 facile
1726 4862 1849 4900 mss.
1885 4847 1985 4902 hoc
2017 4850 2176 4907 facile
2251 4855 2346 4886 ’⁸⁵⁸
2377 4838 2551 4909 ᾖοιῐιο
2580 4838 2965 4909 reconcilietur
3001 4838 3311 4907 mss.iGem.
3339 4864 3387 4906 et
3415 4852 3536 4906 Bec.
3573 4854 3846 4907 reconcio

552 4765 664 4820 Deo
802 4768 896 4801 ⁸⁸⁸³
921 4768 1371 4824 Etconfusionem
1401 4788 1523 4824 mss.
1562 4784 1613 4827 et
1650 4765 1733 4828 ad"
1751 4765 2121 4834 eohl‘usionem

551 4834 676 4905 Joly
698 4836 806 4890 hwc
835 4839 1003 4891 omitt.

2549 4715 2644 4746 '5"
2698 4713 2813 4768 Non
2873 4722 3048 4784 potest
3108 4731 3205 4768 ms.
3275 4713 3400 4783 Jolg
3462 4728 3565 4784 non
3639 4722 3845 4780 potest

2371 4783 2470 4850 Qui
2500 4783 2692 4838 fortior
2713 4783 2959 4853 peccavit
2990 4785 3044 4838 in
3070 4785 3395 4853 cmlo,nullo
3423 4783 3692 4853 suadente
3725 4799 3840 4835 ms.

551 4905 778 4993 geretur
812 4907 1878 4993 I"f7'Inlionooraveritilludilium-pec.
1920 4917 2065 4993 Gem.
2107 4905 2242 4977 Vict.
2270 4905 2952 4993 Jolpri‘uhonona—vit‘illum
3021 4905 3618 4993 ’“l’iQuiarratiomss.
3663 4905 3842 4993 Gem.

551 4973 844 5062 Εἲς-ἵξετ-
869 4989 915 5029 ει
942 4978 1067 5062 έῼίιι
1095 4979 1222 5049 quia
1255 4982 1472 5062 strnue
1546 4985 1644 5062 {ﬁt
1669 4984 1861 5062 Adhuc
1883 4990 2089 5062 accipe.
2115 4973 2250 5058 etc},
2272 4973 2712 5062 ἓιῖἵηᾶὶιῖιὶὲἷῷὶ
2732 4973 3050 5062 Ἱιέξῖἧὶ-ίρίι
3090 4973 3364 5062 causa;
3391 4973 3844 5062 "societates.

549 5045 658 5101 bile
683 5055 788 5112 est,
813 5064 912 5101 ms.
945 5045 1130 5103 Cister:
1162 5050 1346 5104 omittit
1373 5060 1456 5106 est
1557 5053 1647 5085 ²⁵⁶¹

1679 5054 2085 5132 Quqdjtltstulit
2108 5054 2244 5116 mss.
2261 5074 2307 5116 et
2350 5062 2493 5116 Edit.
2529 5054 2685 5118 Goth.
2711 5073 2757 5116 et
2799 5054 2986 5116 Venet;
3026 5054 3163 5132 quid
3195 5062 3421 5118 abstulit
3492 5061 3586 5092 ’⁸⁸³
3621 5063 3843 5132 Atten-

553 5115 680 5202 θεῖε
709 5117 763 5202 in
797 5127 1004 5202 mss-.“et
1029 5119 1181 5202 Edit.‘
1205 5117 1362 5202 Galli.
1399 5122 1616 5202 intende
1657 5115 1722 5178 in.
1786 5125 1881 5157 ’⁸⁸³
1918 5126 2108 5184 Utrum
2239 5115 2602 5202 aequalitatem
2634 5115 2766 5186 mss.
2813 5115 2992 5186 utrum
3035 5115 3506 5202 adi-imqualitatem
3580 5130 3683 5163 ³⁵⁸⁵
3711 5131 3847 5202 fuit

550 5195 730 5269 βριβξι
749 5205 846 5269 "1-?-
894 5186 1340 5269 Via-"auctam!!!
1417 5192 1507 5269 "ff"
1540 5193 1690 5248 Illum
1714 5207 2124 5269 recuperetﬂms.
2164 5186 2478 5255 Virtfillum
2505 5186 2650 5257 Deus
2681 5213 2968 5269 recupcret
3041 5203 3136 5240 ³⁸⁸⁸
3167 5186 3538 5256 ltistiliceutur
3561 5215 3668 5256 ms.
3691 5197 3847 5269 July

551 5257 894 5341 iudicentur
968 5258 1060 5290 ’⁸⁸⁷
1091 5259 1280 5341 Adhuc
1322 5262 1553 5341 amplius
1583 5281 1706 5341 mss.
1738 5257 1864 5341 10ζῄ
1891 5278 1938 5320 et
1990 5267 2331 5341 I’ict._omitt.
2367 5271 2542 5325 adhuc
2617 5273 2711 5304 ³⁸⁸³
2756 5257 2891 5341 Quia
2924 5274 3163 5341 quandiu
3215 5287 3344 5326 mss.
3377 5271 3522 5341 quod
3569 5257 3846 5341 quandi};

549 5323 646 5358 ³⁵⁸⁸
677 5324 848 5381 Homo
877 5345 980 5383 non
1026 5345 1152 5383 mss.
1184 5328 1306 5383 Bec.
1345 5341 1393 5384 et
1416 5323 1574 5385 'Gcm.
1602 5337 1770 5388 omitt.
1812 5323 1974 5391 Ιῖοιιιο

2119 5339 2212 5370 ²⁵⁷⁰
2263 5339 2460 5394 Reddit
2491 5342 2605 5410 Deo,
2628 5359 2752 5396 mss.
2784 5340 2912 5410 1on
2940 5338 2988 5395 et
3039 5339 3173 5395 Vict.
3212 5338 3410 5396 reddet
3440 5342 3546 5394 Deo
3573 5406 3600 5410 _
3621 5339 3730 5410 ’⁵7⁸
3777 5338 3846 5392 Ιιι

554 5393 674 5476 ipso
701 5395 1016 5480 impotentia
1047 5410 1131 5453 est
1161 5399 1312 5469 culpa
1344 5417 1440 5456 ms.
1475 5401 1682 5525 lota-in
1719 5405 1831 5485 ipsa
1857 5408 2094 5487 potentia
2122 5418 2208 5463 est
2239 5393 2398 5480 culpa
2424 5393 2557 5465 me:
2583 5393 2727 5464 Vict.
2752 5393 2806 5465 3.
2837 5393 2906 5463 et"
2933 5393 3015 5466 t9.
3059 5393 3534 5466 CisterietvEdit.
3556 5406 3731 5462 Goth.
3781 5410 3845 5461 in

554 5479 669 5525 Ipsa
700 5474 1012 5525 lmDOICtllla
1043 5469 1196 5525 culpa
1219 5480 1300 5523 εει
1323 5487 1419 5524 ms.
1451 5470 1511 5525 S.
1610 5475 1710 5525 ιεΙι.
1741 5489 1852 5525 1083
1879 5479 2190 5525 nnnotentia
2219 5488 2303 5525 est.
2333 5479 2486 5525 (-nlnn
2512 5498 2612 5525 ms-
2657 5479 2786 5525 Vict-
2823 5480 2911 5525 45-
2945 5481 3088 5525 nulla
3113 5491 3196 5525 pel
3223 5482 3276 5525 in
3315 5480 3408 5525 illo
3445 5493 3607 5525 causa
3640 5478 3845 5525 inim-

553 5463 1012 5537 ipsa‘impoteutia
1043 5469 1196 5537 culpa
1219 5463 1300 5523 est
1323 5487 1419 5524 ms.
1451 5470 1511 5525 S.

555 5535 739 5612 tentia;
815 5535 932 5612 ""1
950 5535 1144 5592 Servo
1168 5551 1371 5612 sup,_et
1410 5558 1506 5594 ms.
1547 5542 1670 5612 Joly
1708 5535 1864 5599 servo
1894 5557 1948 5598 et

1610 5475 1710 5549 icit.
1741 5475 1852 5542 ipsa
1879 5475 2191 5549 impotentia
2219 5488 2304 5549 est
2329 5475 2487 5549 culpa
2512 5498 2612 5534 ms.
2657 5479 2787 5534 Vict.
2823 5480 2911 5534 15.
2945 5481 3088 5535 nulla
3113 5491 3196 5536 est
3223 5482 3277 5535 in
3315 5480 3408 5534 illo
3445 5493 3608 5534 causa
3640 5478 3850 5547 impo-

2093 5548 2189 5579 ¹⁵⁷³
2216 5548 2293 5601 Illi
2325 5548 2663 5604 demonstrat
2707 5567 2832 5603 mss.
2875 5551 3025 5604 Gem.
3071 5551 3195 5604 Bec.
3252 5550 3381 5604 I’ict.
3437 5549 3511 5602 illi
3544 5557 3850 5602 monstrat

555 5605 652 5635 ’m
681 5602 831 5690 Opus
849 5606 1185 5690 edicere-luis.
1213 5607 1337 5678 Joly
1361 5625 1498 5680 Opus
1529 5602 1789 5682 perlicere
1864 5616 1957 5651 ’⁵⁷³
1986 5616 2222 5674 Putasne
2254 5619 2326 5673 illi
2371 5602 2714 5690 aliquatenus
2745 5602 2844 5676 uis.
2881 5602 3022 5674 Vict.
3061 5602 3207 5675 omit.
3241 5602 3353 5675 illi”
3392 5619 3488 5652 ’δη
3510 5617 3642 5673 Cum
3681 5631 3851 5688 opus

553 5690 680 5729 mss.
711 5673 758 5730 et
781 5673 929 5731 Edit.
964 5675 1118 5732 Gotlt.
1150 5692 1247 5732 cur
1275 5673 1407 5748 opus
