4050 6294
208 349 303 404 59⁸1

1332 337 1471 396 CUR
1512 335 1691 394 DEUS
1734 332 1947 390 HOMO.
1991 364 2058 372 —-
2089 333 2215 390 LIB.
2257 335 2304 389 1.

3351 342 3454 402 398

207 465 411 517 faceret
437 500 452 524 ,
477 457 621 515 fecit.
650 458 776 514 Axs.
799 458 876 514 lta
902 457 1084 523 homo,
1113 453 1205 526 qui
1232 467 1290 509 se
1316 460 1508 523 sponte
1529 448 1786 521 obligavit
1817 451 1860 508 A
1885 447 2070 503 cordia
2102 447 2212 505 Deo
2243 448 2598 509 attribuatur.
2629 450 2698 505 At
2736 450 2782 506 si
2832 449 3059 507 dimittit
3107 453 3250 521 quod
3277 453 3466 510 invito

212 552 299 606 illo
343 550 528 605 debito
571 551 863 620 "",quod
909 547 1125 603 solvere
1180 559 1286 600 non
1333 550 1546 611 potest;
1607 550 1660 596 et
1687 554 1783 596 sua

212 642 367 711 culpa
387 639 585 710 dejecit
605 655 666 696 se
690 640 744 694 in
773 639 918 694 hanc
964 635 1362 707 impotentiam,
1412 642 1473 688 ut
1522 647 1624 688 nec
1657 631 1788 686 illud

211 733 384 800 possit
406 729 645 795 solvere,
677 727 822 798 quod
841 727 1073 782 debebat
1102 732 1232 781 ante
1256 729 1564 793 peccatum,
1620 721 1676 776 id
1706 729 1790 776 est

212 838 273 875 ne
301 829 704 889 peccaret;uec
721 819 824 874 hoc
850 817 996 889 quod
1017 817 1176 873 debet
1201 815 1311 865 "7'.
1341 815 1466 886 quia
1498 814 1744 884 peccavit
1770 832 1783 868 :

212 910 597 966 inexcusabilis
621 920 706 966 est
730 910 848 964 “7’.
871 909 990 980 ipsa
1013 922 1247 978 namque
1278 907 1598 980 impotentia
1626 907 1788 978 culpa

211 1014 317 1066 est;
363 1002 494 1071 quia
539 1016 647 1057 non
695 1000 860 1057 debet
890 1013 1010 1055 eam
1054 998 1282 1064 habete,
1310 998 1421 1054 imo
1475 999 1639 1054 debet
1666 1012 1788 1054 eam

211 1107 308 1147 non
356 1092 560 1147 habere
585 1107 599 1145 :
629 1105 776 1156 nam,
811 1091 947 1147 sicut
977 1089 1132 1161 culpa
1161 1097 1245 1145 est
1272 1103 1381 1144 non
1417 1089 1620 1145 habere
1645 1087 1790 1159 quod

211 1182 370 1237 debet
401 1181 642 1248 habere,
673 1181 748 1236 ita
775 1180 936 1256 culpa
967 1189 1055 1236 est
1088 1181 1292 1254 habere
1321 1180 1464 1250 quod
1489 1179 1652 1235 debet
1679 1193 1788 1234 non

212 1275 433 1329 habere.
473 1272 627 1329 Sicut
659 1287 790 1342 ergo
820 1272 914 1305 ³⁵⁸⁸
944 1272 1102 1342 culpa
1123 1279 1205 1328 est
1227 1270 1434 1326 homini
1465 1285 1572 1326 non
1588 1269 1805 1346 habere,

210 1373 535 1435 potestatem
595 1364 767 1428 illam,
817 1380 980 1434 quam
1035 1365 1246 1434 accepit
1271 1372 1329 1419 ut
1356 1372 1546 1434 posset
1592 1379 1790 1420 cavere

210 1465 534 1525 peccatum:
567 1455 648 1509 sic
687 1453 845 1524 culpa
882 1437 967 1510 est
1007 1453 1085 1508 illi
1129 1453 1334 1510 habere
1377 1453 1786 1523 impotentiam,

210 1560 308 1616 qua
351 1560 458 1600 nec
495 1545 591 1577 ³⁸⁸⁸
615 1543 942 1614 iniustitiam
968 1552 1244 1612 tenere,et
1261 1552 1544 1615 peccatum
1571 1557 1785 1610 cavere;

212 1650 307 1691 nec
337 1635 486 1704 quod
512 1648 610 1704 pro
639 1643 861 1706 peccato
896 1634 1057 1690 debet
1102 1634 1330 1690 reddere
1351 1641 1553 1706 potest.
1586 1631 1791 1704 Sponte

215 1741 454 1796 namque
479 1725 631 1789 fecit,
682 1725 826 1781 unde
865 1723 1106 1794 perdidit
1144 1723 1290 1778 illum
1344 1731 1702 1793 potestatem,
1734 1731 1789 1778 et

1888 549 2007 596 erat
2040 539 2343 610 ablaturus,
2375 552 2596 614 propter
2633 543 3003 614 impotentiam
3029 543 3287 602 reddendi
3315 548 3458 616 quod

1889 644 2081 707 sponte
2108 637 2334 693 reddere
2359 639 2549 706 debet,
2582 637 2790 694 relaxat
2814 638 2958 694 Deus
2975 653 3216 708 ptenam,
3247 649 3302 696 et
3330 641 3461 696 facit

1889 727 2108 783 beatum
2169 727 2442 784 hominem
2491 738 2713 802 propter
2749 738 3054 800 peccatum,
3117 731 3244 801 quia
3296 733 3460 788 habet

1889 817 2033 888 quod
2058 817 2220 873 debet
2249 833 2356 874 non
2393 819 2614 876 habere.
2673 818 2809 874 Nam
2855 820 3026 891 ipsam
3084 821 3460 891 impotentiam

1891 907 2054 962 debet
2074 920 2182 962 non
2221 906 2444 976 habere,
2472 908 2761 964 etidcirco
2807 909 3046 978 quandiu
3094 910 3240 964 illam
3289 911 3454 966 habet

1889 1011 2006 1052 sine
2028 995 2402 1054 satisfactione
2451 1007 2743 1069 peccatum
2775 1007 2860 1054 est
2885 999 3003 1053 illi:
3043 1015 3230 1056 verum
3275 1000 3463 1068 hujus-

1889 1087 2036 1146 modi
2058 1088 2446 1145 misericordia
2470 1090 2565 1144 Dei
2591 1090 2754 1145 nimis
2779 1090 2875 1122 ’⁸⁸⁸
2889 1100 2973 1146 est
3001 1093 3273 1148 contraria
3296 1091 3464 1162 justi-

1891 1177 1980 1232 liaa
2013 1176 2180 1243 illius,
2227 1193 2349 1247 quae
2386 1178 2602 1234 nonnisi
2631 1192 2848 1250 ptenam
2875 1180 3142 1249 permittit
3161 1182 3309 1237 reddi
3338 1197 3464 1252 pro-

1889 1276 2011 1341 pter
2053 1278 2360 1340 peccatum.
2407 1271 2770 1342 Quapropter,
2805 1273 3258 1342 quemadmodum
3291 1276 3462 1330 Deum

1891 1361 1992 1436 sibi
2013 1375 2133 1417 esse
2160 1363 2504 1417 contrarium
2526 1405 2542 1429 ,
2571 1363 2643 1416 ita
2671 1362 2774 1418 hoc
2799 1362 2956 1419 modo
2983 1363 3130 1418 illum
3161 1379 3282 1420 esse
3300 1367 3465 1422 mise-

1891 1451 2159 1535 ricordem
2186 1461 2270 1507 est
2293 1452 2651 1523 impossibile.
2684 1454 2809 1509 Bos.
2839 1454 3015 1509 Aliam
3039 1454 3133 1510 Dei
3163 1455 3469 1512 misericor-

1893 1543 2035 1600 diam
2080 1543 2240 1616 video
2283 1557 2406 1598 esse
2427 1543 2816 1614 quaerendam,
2878 1560 3041 1613 quam
3099 1546 3278 1600 istam.
3333 1549 3464 1602 Axs.

1892 1631 2093 1690 Verum
2145 1642 2264 1690 esto
2311 1634 2407 1666 "9°
2443 1633 2710 1690 :dimittit
2740 1634 2882 1690 Deus
2909 1635 2979 1702 ei,
3009 1637 3100 1706 qui
3154 1651 3260 1691 non
3307 1637 3468 1692 solvit

1891 1725 2038 1795 quod
2065 1725 2230 1780 debet
2283 1725 2401 1792 "9‘,
2458 1724 2660 1780 idcirco
2690 1725 2942 1794 quoniam
2979 1740 3086 1780 non
3116 1735 3297 1794 potest
3343 1727 3463 1780 ³⁵³³.

217 1792 433 1873 devenit
480 1815 534 1869 in
586 1815 729 1870 hanc
759 1792 1152 1884 impotentiam.
1209 1792 1354 1867 idem
1389 1812 1534 1866 enim
1557 1820 1642 1866 est
1678 1826 1784 1866 non
1815 1792 1860 1852 Β
1890 1792 2013 1869 Dos.
2043 1813 2118 1868 ita
2155 1813 2372 1870 vellem.
2407 1815 2538 1869 Ans.
2582 1815 2654 1868 At
2706 1792 2945 1884 quandiu
2978 1830 3085 1869 non
3116 1792 3338 1883 reddet,
3373 1827 3467 1872 aut

217 1908 414 1964 habere
447 1915 797 1976 potestatem,
847 1921 1012 1975 quam
1034 1905 1193 1960 debet
1218 1904 1466 1968 habere;
1508 1913 1562 1959 et
1587 1903 1788 1958 habere

209 1997 607 2069 impotentiam,
630 2011 794 2069 quam
825 1995 983 2050 debet
1007 2008 1112 2048 non
1176 1993 1400 2047 habere.
1449 1991 1790 2061 Quapropter

209 2087 527 2159 impotentia
562 2085 819 2142 reddendi
845 2083 958 2140 Deo
981 2081 1124 2154 quod
1165 2083 1350 2146 debet,
1382 2097 1502 2150 qua:
1542 2081 1675 2136 facit
1727 2089 1788 2136 ut

208 2193 306 2233 non
355 2179 593 2242 reddat,
625 2191 732 2232 non
767 2182 997 2231 excusat
1020 2174 1316 2238 hominem,
1345 2172 1390 2226 si
1427 2187 1530 2227 non
1574 2171 1780 2226 reddit:

209 2269 460 2338 quoniam
478 2267 732 2322 ell'ectum
764 2263 974 2335 peccati
1005 2263 1104 2297 ²⁵⁸²
1125 2278 1231 2317 non
1253 2271 1476 2317 excusat
1504 2269 1784 2330 peccatum

210 2359 344 2429 quod
381 2357 521 2412 facit
542 2356 663 2410 ⁸⁸⁸³.
697 2355 820 2410 Bos.
851 2355 920 2409 Et
945 2369 1109 2426 grave
1143 2354 1305 2428 nimis
1325 2362 1427 2417 est,
1455 2361 1509 2408 et
1533 2353 1604 2406 ita
1665 2365 1787 2406 esse

208 2463 424 2505 necesse
452 2457 562 2504 est.
591 2445 976 2514 Axs.lnjustus
1004 2459 1136 2516 ergo
1186 2435 1349 2501 homo
1382 2454 1500 2508 est,
1551 2444 1643 2513 qui
1679 2457 1786 2497 non

208 2539 379 2593 reddit
409 2538 528 2592 Deo
559 2535 703 2605 quod
736 2521 920 2592 debet.
947 2533 1074 2591 Bos.
1103 2533 1276 2590 Nimis
1307 2543 1390 2589 est
1421 2548 1607 2588 verum
1627 2548 1642 2598 ;
1661 2546 1786 2586 nam

207 2632 435 2703 iniustus
459 2644 546 2688 est
573 2633 699 2702 quia
722 2648 830 2689 non
857 2633 1036 2689 reddit
1067 2650 1081 2688 :
1113 2642 1170 2689 et
1209 2632 1442 2702 injustus
1491 2640 1598 2697 est,
1649 2631 1780 2702 quia

207 2723 428 2778 reddere
451 2724 659 2792 nequit.
683 2724 812 2798 ANS.
836 2721 1026 2796 Nullus
1051 2733 1231 2780 autem
1267 2726 1503 2793 itqustus
1525 2721 1784 2778 admitte-

206 2824 291 2868 tur
313 2814 386 2869 ad
414 2814 514 2846 ’⁸⁸⁸
550 2813 967 2890 beatitudinem;
1013 2815 1268 2885 quoniam
1311 2812 1770 2885 quemadmodum

203 2905 482 2962 beatitudo
511 2913 595 2960 est
619 2902 965 2971 sufﬁcientia,
998 2904 1050 2958 in
1080 2919 1186 2974 qua
1223 2904 1369 2959 nulla
1401 2914 1487 2960 est
1529 2904 1780 2973 indigen-

203 2996 273 3050 tia
304 3014 319 3051 :
351 2997 435 3052 sic
463 2994 593 3050 nulli
623 2996 898 3062 convenit,
946 2995 1049 3051 nisi
1084 2996 1136 3050 in
1168 3010 1275 3066 quo
1300 2997 1374 3051 ita
1403 3011 1536 3067 pura
1561 3007 1647 3070 est
1690 2997 1779 3067 ju-
1807 3024 1816 3032 -

201 3087 369 3154 stitia,
399 3096 467 3142 ut
495 3087 641 3142 nulla
679 3087 732 3142 in
759 3087 924 3155 eosit
973 3087 1257 3158 injustitia.
1290 3086 1413 3143 Bos.
1464 3088 1580 3145 Non
1608 3091 1792 3148 audeo

203 3179 360 3236 aliter
386 3180 639 3235 credere.
666 3177 798 3232 Ans.
824 3176 927 3244 Qui
955 3191 1084 3246 ergo
1121 3191 1227 3231 non
1250 3178 1412 3233 solvit
1443 3179 1549 3235 Deo
1571 3223 1586 3244 ,
1630 3182 1778 3252 quod

198 3275 381 3340 debet,
412 3288 524 3328 non
563 3273 762 3343 poterit
811 3286 932 3327 esse
959 3270 1054 3302 ⁸⁸⁸⁸
1093 3271 1306 3325 beatus.
1343 3269 1468 3326 Bos.
1520 3272 1630 3328 Nec
1676 3274 1779 3332 hoc

195 3363 466 3436 consequi
497 3361 593 3393 ³⁸⁸⁸
617 3375 816 3434 negare
863 3375 1082 3430 possunt
1118 3361 1234 3414 "3’.
1263 3362 1390 3415 Ans.
1423 3361 1578 3428 Quod
1620 3364 1664 3416 si
1698 3364 1778 3418 vis

196 3459 380 3514 dicere
407 3457 541 3528 quia
566 3456 880 3512 misericors
901 3455 997 3488 ³⁸⁸⁸
1027 3455 1172 3510 Deus
1195 3455 1420 3511 dimittit
1451 3455 1776 3527 supplicanti

190 3549 335 3620 quod
349 3547 540 3615 debet,
573 3547 774 3603 idcirco
801 3546 1179 3617 quiavreddere
1226 3546 1447 3615 nequit;
1477 3555 1777 3618 nonpotest

194 3639 301 3694 dici
325 3639 628 3704 dimittere,
653 3636 760 3692 nisi
782 3646 877 3690 aut
906 3638 1030 3701 hoc,
1062 3635 1204 3706 quod
1237 3636 1399 3690 homo
1421 3647 1613 3706 sponte
1657 3639 1778 3693 red-

191 3729 321 3786 dere
349 3729 551 3794 debet,
607 3742 708 3784 nec
750 3736 947 3797 potest,
997 3728 1049 3782 id
1079 3737 1163 3782 est
1199 3727 1342 3797 quod
1374 3729 1776 3798 recompensari

185 3820 363 3890 possit
382 3827 615 3890 peccato
642 3819 786 3889 quod
811 3816 926 3873 ﬁeri
962 3833 1066 3873 non
1098 3818 1322 3873 deberet
1367 3819 1480 3890 86
1508 3833 1605 3890 pro
1655 3835 1777 3875 con-

182 3906 510 3965 versatione
555 3908 734 3963 omnis
759 3908 857 3972 rei,
888 3923 1010 3977 quae
1042 3909 1179 3962 Deus
1229 3923 1332 3962 non
1365 3919 1451 3962 est
1481 3925 1494 3961 :
1523 3917 1615 3963 aut
1650 3910 1775 3976 hoc,

183 4001 342 4070 quod
377 3999 660 4071 puniendo
710 4007 831 4053 erat
878 3997 1177 4059 ablaturus,
1203 3998 1397 4064 invito,
1429 3999 1569 4054 sicut
1612 4016 1775 4070 supra

179 4093 322 4157 dixi,
357 4093 412 4146 id
465 4100 550 4147 est
601 4090 996 4147 beatitudinem
1044 4107 1056 4145 :
1107 4090 1202 4144 sed
1263 4089 1307 4143 si
1363 4089 1586 4144 dimittit
1635 4091 1778 4160 quod

177 4191 384 4252 sponte
408 4180 634 4235 reddere
661 4181 822 4236 debet
856 4183 1016 4235 homo
1044 4220 1060 4243 ,
1095 4179 1218 4234 ideo
1246 4179 1370 4247 quia
1393 4180 1618 4232 reddere
1673 4196 1778 4234 non

173 4282 403 4343 potest;
465 4270 601 4341 quid
649 4281 734 4326 est
766 4271 928 4331 aliud,
978 4285 1140 4340 quam
1169 4269 1390 4324 dimittit
1446 4267 1588 4324 Deus
1632 4269 1777 4339 quod

175 4366 403 4420 habere
428 4378 528 4419 non
554 4362 772 4432 potest?
803 4361 908 4417 Sed
949 4359 1150 4417 derisio
1174 4371 1278 4427 est,
1295 4371 1351 4414 ut
1401 4359 1524 4414 talis
1565 4361 1776 4416 miseri-

1889 1904 2036 1960 volet
2075 1905 2324 1969 reddere,
2357 1916 2452 1978 aut
2474 1919 2580 1959 non
2607 1903 2767 1959 volet.
2794 1904 2900 1961 Sed
2925 1905 2971 1960 si
2996 1905 3138 1962 volet
3187 1908 3282 1940 ’⁸⁸³
3321 1910 3464 1979 quod

1849 2012 1996 2052 'non
2036 1999 2258 2068 poterit,
2289 1999 2536 2070 indigens
2557 2000 2662 2054 erit
2702 2017 2715 2053 :
2767 2000 2812 2055 si
2845 2015 2975 2056 vero
3020 2016 3126 2056 non
3171 2003 3336 2068 volet,
3387 2004 3470 2058 in-

1883 2085 2064 2164 iustus
2093 2089 2216 2143 erit.
2257 2089 2382 2144 Bos.
2436 2088 2547 2146 lloc
2592 2089 2726 2144 nihil
2757 2089 2964 2144 clarius
3015 2090 3130 2145 ωδ.
3173 2091 3302 2146 Ass.
3337 2091 3467 2146 Sive

1891 2187 2070 2234 autetn
2125 2180 2408 2251 indigens,
2468 2181 2583 2235 sive
2640 2180 2873 2252 injustus
2919 2181 3026 2248 sit,
3095 2182 3285 2236 beatus
3360 2197 3466 2237 non

1889 2271 2015 2325 erit.
2065 2270 2188 2326 Bos.
2222 2272 2286 2326 Et
2323 2273 2425 2330 hoc
2455 2281 2705 2342 apertum
2740 2273 2857 2327 "9’.
2888 2275 3017 2328 Ass.
3052 2275 3298 2340 Quandiu
3320 2289 3468 2345 ergo

1890 2379 1998 2420 non
2030 2365 2124 2396 ³⁸⁸⁸
2148 2365 2354 2432 reddet,
2385 2367 2575 2421 beatus
2597 2379 2718 2420 esse
2751 2381 2855 2420 non
2875 2349 3108 2435 poterit.
3133 2365 3261 2420 Bos.
3289 2365 3347 2421 Si
3371 2381 3464 2420 ra-

1891 2453 2090 2508 tionem
2123 2463 2380 2522 sequatur
2408 2453 2808 2522 Deusjustititn,
2842 2464 3057 2510 nonest
3107 2469 3215 2524 qua
3259 2454 3459 2509 evadat

1888 2544 2056 2598 miser
2081 2545 2403 2609 homuncio;
2429 2555 2482 2600 et
2516 2544 2888 2600 misericordia
2912 2545 3004 2599 Dei
3033 2547 3212 2614 perire
3229 2545 3463 2600 videtur.

1887 2635 2017 2690 Ans.
2047 2631 2332 2690 Rationem
2362 2635 2668 2705 postulasti,
2702 2636 2967 2691 rationem
2995 2637 3210 2705 accipe;
3256 2638 3466 2694 miseri-

1888 2723 2106 2780 cordem
2141 2724 2311 2778 Deum
2334 2741 2454 2780 esse
2482 2740 2587 2779 non
2611 2740 2769 2794 nego,
2787 2726 2877 2794 qui
2903 2727 3149 2780 homines
3161 2735 3215 2781 et
3220 2725 3466 2795 iumenta

1889 2815 2100 2880 salvat,
2150 2817 2606 2884 quemadmodum
2632 2815 3009 2886 multiplicavit
3036 2816 3465 2873 misericordiam

1887 2920 2063 2961 suam.
2097 2903 2207 2959 Nos
2231 2914 2410 2960 autem
2441 2904 2718 2974 loquimur
2757 2907 2824 2960 de
2874 2906 2965 2960 illa
3015 2905 3204 2960 ultima
3247 2906 3464 2961 miseri-

1887 2995 2216 3067 cordia,qua
2245 3006 2364 3068 post
2389 2998 2525 3051 hanc
2552 2997 2717 3052 vitam
2748 2998 2961 3050 beatum
2997 2996 3130 3052 facit
3159 2997 3460 3053 hominem:

1887 3089 2030 3144 hanc
2055 3088 2446 3144 beatitudinem
2495 3088 2625 3142 nulli
2671 3088 2787 3142 dari
2819 3088 3020 3144 debere
3069 3088 3190 3154 ποτ,
3227 3089 3331 3145 nisi
3362 3089 3464 3154 illi,

1887 3177 1974 3232 cui
2005 3178 2225 3248 penitus
2257 3177 2478 3232 dimissa
2505 3175 2602 3208 ’⁵⁸⁸
2628 3187 2754 3231 sunt
2784 3186 3038 3246 peccata;
3064 3192 3165 3233 nec
3219 3177 3359 3235 hanc
3383 3178 3466 3231 di-

1886 3266 2204 3327 missionem
2236 3269 2374 3336 fieri,
2399 3269 2500 3324 nisi
2526 3269 2710 3325 debito
2744 3269 2974 3332 reddito,
3009 3271 3154 3340 quod
3212 3269 3463 3333 debetur,

1886 3377 1987 3432 pro
2013 3370 2242 3432 peccato
2267 3360 2562 3416 secundum
2589 3359 3016 3431 magnitudinem
3042 3362 3276 3430 peccati,
3301 3376 3464 3430 supra

1889 3454 2087 3524 positis
2110 3450 2413 3508 rationibus
2459 3461 2592 3522 puto
2631 3467 2718 3508 me
2757 3450 3087 3506 suflicienter
3127 3455 3461 3510 ostendisse.

1883 3544 2092 3612 Quibus
2117 3545 2162 3600 si
2189 3544 2319 3615 quid
2366 3543 2456 3598 tibi
2479 3543 2694 3599 videtur
2727 3557 2888 3614 posse
2921 3545 3222 3601 rationibus
3266 3546 3462 3616 objici,

1885 3637 2068 3693 dicere
2117 3636 2280 3690 debes
2316 3633 2578 3690 "”.Bos.
2636 3635 2747 3706 Ego
2780 3633 2967 3704 utique
2993 3636 3196 3690 nullam
3248 3645 3462 3692 tuarum

1884 3727 2154 3781 rationum
2199 3725 2546 3794 aliquatenus
2603 3725 2866 3779 inﬁrmari
2917 3740 3077 3795 posse
3110 3727 3286 3782 video.
3329 3729 3461 3783 Ass.

1884 3814 2072 3887 Neque
2129 3807 2258 3886 ego,
2309 3816 2353 3870 si
2401 3805 3016 3882 bene'considerentur,
3045 3817 3467 3874 existimozve-

1884 3918 2186 3963 rumtamen
2209 3908 2256 3961 si
2290 3907 2372 3960 vel
2388 3922 2492 3962 una
2514 3908 2581 3961 de
2616 3908 2888 3972 omnibus,
2921 3924 3058 3977 quas
3094 3911 3278 3978 posui,
3314 3912 3465 3966 inex-

1884 3997 2158 4068 pugnabili
2215 3998 2443 4052 veritate
2467 3997 2776 4062 roboratur,
2828 3997 3076 4052 sullicere
3129 3999 3305 4053 debet.
3337 3999 3466 4055 Sive

1885 4104 2118 4158 namque
2131 4104 2262 4156 uno,
2275 4089 2392 4144 sive
2404 4089 2648 4158 pluribus
2669 4089 3002 4158 argumentis
3023 4089 3226 4144 veritas
3238 4089 3466 4158 inexpu-

1884 4179 2175 4244 gnabiliter
2212 4188 2562 4243 monstretur,
2585 4179 2867 4248 mqualiter
2883 4179 3110 4233 abomni
3127 4179 3466 4237 dubitatione

1883 4271 2208 4325 defenditur.
2241 4271 2360 4326 Bos.
2412 4272 2551 4328 Ecce
2581 4271 2656 4326 ita
2689 4280 2778 4326 est
2826 4271 2943 4325 "°°.
3002 4270 3286 4339 Quomodo
3334 4287 3467 4346 ergo

1885 4362 2064 4418 salvus
2096 4365 2199 4418 erit
2228 4365 2410 4428 homo,
2443 4365 2486 4420 si
2511 4364 2622 4435 ipse
2650 4379 2749 4419 nec
2776 4364 2936 4418 solvit
2973 4365 3118 4434 quod
3146 4364 3338 4430 debet;
3363 4381 3466 4422 nec

1503 4543 1733 4640 VARIIE
1771 4583 2166 4640 LECTIONES.

242 4726 351 4758 ³³⁷⁷
387 4723 464 4778 Illi
518 4725 698 4779 debito
747 4742 870 4780 mss.
935 4733 984 4778 et
1037 4720 1182 4776 Edit.
1237 4721 1393 4775 Goth.
1443 4720 1531 4774 illo
1586 4719 1768 4774 debito

169 4798 277 4851 hoc
311 4797 468 4866 quod
517 4796 679 4850 debet

164 4870 307 4919 Ima.
333 4861 720 4932 'Quapmpter,
751 4874 879 4928 etc.,
933 4880 1030 4916 ms.
1073 4861 1196 4932 Joly
1227 4863 1435 4920 omittit.

165 4952 301 4988 mss.
329 4935 596 4988 effectum
628 4935 831 5003 peccati

821 4796 914 4826 ’5”
952 4794 1337 4847 lnexcns‘abilis
1377 4801 1460 4845 est
1521 4807 1618 4843 ms.
1673 4791 1795 4860 Joly
1831 4790 2193 4845 inexcusabile
2247 4800 2329 4844 est
2473 4791 2567 4823 ’⁸⁸⁸
2599 4792 2682 4847 Sic

821 4880 879 4937 _:.,
915 4861 1196 4937 ms.)on
1222 4863 1435 4937 omittit.
1509 4929 1540 4937 _
1583 4861 1684 4937 "is:
1724 4860 1827 4913 i’er
1865 4876 2026 4937 quam
2055 4875 2370 4937 ἠαξ-ληξι-
2417 4876 2521 4937 qua
2584 4878 2682 4916 nec

907 4933 1003 4964 ’⁸⁸³
1027 4929 1184 5000 Quod
1213 4933 1345 4986 facit
1373 4947 1471 4984 ms.
1503 4929 1560 4983 S.
1591 4929 1939 5000 )Iiclttquod
1965 4932 2096 4984 fecit
2169 4930 2264 4960 ’⁸⁸⁵
2291 4930 2612 4984 Admittitur
2640 4933 2706 4986 ad
2743 4949 2842 4986 ms.
2884 4933 3014 4988 Vict.
3045 4945 3091 4986 et
3121 4929 3267 4985 Edit.
3301 4931 3457 4986 Goth.

1918 4721 2012 4752 ’⁸⁷⁸
2060 4719 2168 4774 Nec
2234 4721 2376 4780 quod
2441 4721 2600 4776 debet
2669 4739 2792 4777 mss.
2854 4735 2900 4776 et
2964 4723 3109 4778 Edit.
3152 4724 3307 4779 Golh.
3365 4739 3467 4780 nec

2473 4791 2567 4823 ’⁸⁸⁸
2599 4792 2751 4847 Sicut
2782 4809 2934 4864 ergo,
2982 4806 3114 4858 etc.,
3181 4811 3340 4864 usque
3393 4797 3464 4846 ad

2826 4865 2920 4896 ἠ’
2964 4864 3196 4917 Eliet-tus
3254 4865 3464 4932 peccati

2234 4721 2376 4790 quod

163 5007 513 5058 admittetur
545 4998 644 5056 ad'
688 5005 784 5039 ’³⁸³
819 5002 932 5056 Non
962 4998 1142 5071 potest
1175 5017 1294 5057 esse
1337 5017 1462 5054 mss.
1492 5010 1538 5053 et
1581 4998 1728 5053 Edit.
1762 4999 1920 5054 Goth.
1967 5015 2074 5072 non
2107 5001 2308 5072 poterit
2327 5015 2449 5054 esse
2523 5002 2627 5072 "'9
2645 5000 2756 5056 Nec
2801 5003 2905 5058 hoc
2941 5004 3197 5072 consequi
3243 5017 3461 5072 possum

158 5091 265 5156 ms.
305 5073 449 5156 {aly
473 5087 580 5156 nec.
605 5075 709 5129 hoc
733 5069 1130 5154 consequenter
1204 5073 1296 5106 ’⁸⁸⁷
1322 5072 1792 5156 Νεεεινθιιιοεξμηξ.
1825 5087 1923 5123 ms.
1967 5069 2236 5156 V.i_ct.ll9..
2257 5085 2356 5124 nec
2378 5071 2632 5156 consequi
2660 5086 2857 5154 negare
2884 5069 3139 5142 possum;
3154 5069 3281 5124 mss.
3325 5069 3456 5124 Vict.

157 5146 214 5198 5.
245 5155 300 5196 et
345 5139 437 5197 l3.
483 5153 538 5196 et
569 5143 672 5198 hoc
706 5139 959 5211 consequi
994 5159 1098 5196 non
1127 5158 1364 5211 possum.
1398 5139 1495 5194 ius.
1531 5139 1590 5195 S.
1639 5139 1799 5193 Mich.
1850 5150 1923 5211 et,
1953 5141 2081 5194 edit.
2114 5139 2270 5194 Goth.
2312 5155 2413 5195 nec
2464 5139 2574 5211 hoc
2601 5139 2857 5209 consequi
2885 5139 3376 5211 negareupossum.

160 5213 264 5244 ’⁸⁸⁸
302 5216 511 5268 Dicere
546 5215 672 5278 quia
706 5215 1020 5267 misericors
1062 5229 1188 5265 mss.
1220 5213 1434 5274 dicere;
1476 5211 1788 5266 misericors

1861 5210 1956 5242 ³⁸⁸9
1993 5211 2082 5264 Dei
2132 5212 2296 5265 nimis
2334 5227 2460 5264 mss.
2493 5209 2736 5264 Beccens.
2783 5209 3036 5264 Gemmet.
3082 5209 3211 5263 Vict.
3242 5209 3330 5264 19.
3362 5211 3456 5265 Dei

153 5294 246 5337 est
280 5284 464 5337 nimis
539 5283 634 5314 ’⁵⁹⁰
660 5282 852 5338 Verum
879 5292 996 5336 esto
1027 5299 1123 5336 ms.
1143 5281 1270 5351 Joly
1300 5296 1483 5335 verum
1515 5291 1599 5335 est
1670 5280 1760 5312 ²⁸⁹¹
1802 5279 2045 5334 Dimittat
2079 5280 2217 5336 Deus
2244 5282 2314 5346 ei,
2337 5282 2427 5350 qui
2464 5296 2568 5333 non
2603 5279 2757 5334 solvit
2783 5281 3042 5351 debitum,
3074 5296 3199 5351 mss.
3229 5279 3450 5351 ct‘Edit.

153 5353 334 5406 Goth.
378 5352 607 5422 dimittit
635 5353 776 5422 Deus
802 5354 873 5414 ei,
903 5353 995 5422 qui
1025 5369 1132 5406 non
1157 5347 1316 5406 solvil
1359 5351 1504 5418 quod
1539 5351 1702 5406 debet
1777 5351 1872 5382 ³⁵⁸³
1913 5351 2116 5422 Idcirco
2141 5347 2412 5422 quodnon
2454 5359 2651 5422 potest
2677 5365 2802 5422 mss.
2841 5348 2976 5422 Vict.
2997 5361 3053 5422 Aet
3079 5348 3230 5422 λείῃ,
3261 5347 3453 5422 Cister.

151 5423 221 5478 S.
260 5422 532 5492 Michael
560 5420 706 5492 Edit.
743 5418 1134 5478 Galle—idcirco
1155 5423 1425 5492 quoniam
1459 5435 1564 5492 non
1614 5429 1794 5492 potest
1822 5437 1958 5492 mss.
1981 5420 2129 5476 Gem.
2162 5418 2227 5492 rt
2262 5419 2383 5472 Brc.
2420 5418 2844 5492 omitrt.__idcirco
2918 5420 3011 5450 “9"
3058 5418 3208 5492 Quod
3237 5422 3282 5477 si
3315 5421 3457 5476 volet

148 5511 298 5548 mss.
340 5501 396 5546 et
432 5490 581 5544 Edit.
615 5491 769 5546 Gotlt.
805 5493 900 5547 sed
931 5493 975 5546 si
1007 5493 1147 5546 volet
1174 5489 1186 5492 ’
1224 5492 1318 5523 ’⁸³⁸
1349 5489 1492 5560 Nihil
1515 5491 1719 5544 clarius
1742 5509 1840 5545 ms.
1871 5491 1996 5560 Joly
2028 5493 2156 5545 mihi
2185 5491 2385 5544 clarius
2459 5490 2554 5520 ²⁵⁹⁵
2589 5489 2699 5544 lloc
2727 5499 2973 5560 apertum
2996 5507 3096 5545 ms.
3140 5489 3270 5560 Vict.
3296 5505 3454 5560 aper-

150 5574 279 5618 tum
319 5571 418 5616 est
493 5561 589 5605 ’⁸9⁸

615 5563 863 5629 Quandiu
897 5578 1002 5617 non
1025 5579 1150 5616 mss.
1193 5571 1240 5615 et
1271 5561 1417 5614 Edit.
1445 5559 1603 5614 Colit.
1632 5561 1871 5631 quandiu
1894 5559 2024 5631 ergo
2059 5576 2162 5614 non
2239 5560 2330 5592 ¹⁸⁰⁷
2367 5562 2504 5631 Dure
2535 5560 2748 5631 debere
2779 5576 2900 5615 mss.
2938 5559 3086 5615 Gem.
3129 5559 3252 5616 Bec.
3303 5559 3451 5631 Joly,

146 5633 382 5687 L'isler.
429 5629 564 5685 Vict.
599 5628 686 5687 l9.
719 5643 765 5686 et
794 5631 942 5686 Edit.
971 5631 1128 5686 Gotli.
1172 5633 1288 5685 dari
1317 5631 1514 5686 debere
1553 5700 1556 5701 ν
1589 5631 1684 5701 ’δξθ
1714 5630 1935 5685 Penitus
1961 5628 2196 5685 demissa
2228 5646 2324 5682 ms.
2369 5628 2503 5682 Vict.
2532 5631 2617 5701 l9.
2644 5630 2816 5701 omitt.
2852 5632 3068 5701 penitus
3139 5633 3233 5666 ’⁸⁸⁸
3265 5628 3454 5689 Dicere

143 5706 418 5761 deberes
449 5717 574 5756 mss.
613 5713 658 5758 et
684 5701 828 5758 Edit.
853 5703 1010 5757 Goth.
1052 5703 1234 5758 dicere
1260 5701 1424 5755 debes
1519 5700 1611 5732 ¹⁶⁰⁹
1641 5700 1699 5754 Β.
1733 5702 1971 5758 [εἰςςεείιιι
2002 5711 2100 5765 est,
2136 5712 2220 5753 etc
2255 5741 2268 5759 ,
2295 5703 2348 5752 in
2375 5716 2497 5753 mss.
2532 5700 2614 5753 hic
2636 5700 2812 5772 incipit
2843 5700 2992 5772 caput
3023 5702 3109 5757 25.
