4050 6294
221 376 318 431 801'

1343 374 1482 432 CUR
1531 374 1711 431 ΒΕυὸ
1750 374 1961 431 HOMO.
1988 406 2054 416 —
2085 373 2208 432 LIB.
2256 378 2313 433 ll.

3367 387 3469 443 ιυε

222 489 417 541 frustra
439 485 581 539 facta
607 493 753 539 esset
776 484 1080 542 rationalis.
1105 485 1213 541 Sed
1236 486 1376 542 Deus
1399 502 1505 542 non
1527 488 1786 543 feciteam
1822 492 1863 551 Α
1893 493 2218 546 staurandus
2259 499 2374 558 est;
2417 492 2538 547 talis
2561 494 2721 550 debet
2761 496 2998 562 restitui,
3043 498 3219 568 qualis
3260 501 3469 558 futurus

224 574 535 630 rationalem
566 573 789 628 frustra.
821 574 1002 640 Quare
1028 575 1096 629 ad
1136 574 1238 630 hoc
1268 590 1390 631 eam
1421 574 1620 631 factam
1672 592 1794 632 esse

226 663 545 719 rationalem
577 662 674 695 "”
701 660 923 716 dubium
953 677 1061 717 non
1088 672 1195 717 est.
1236 663 1410 719 Simili
1440 666 1649 720 ratione
1670 679 1797 736 pro-

221 755 377 810 batur
394 754 521 821 quia
565 754 635 806 ad
665 753 791 808 hoc~
822 753 1032 821 accepit
1055 762 1384 824 potestatem
1407 755 1794 821 discernendi,

220 855 274 898 ut
301 845 511 899 odisset
558 853 614 899 et
634 844 831 898 vitaret
877 843 1098 911 malum,
1127 859 1192 898 ac
1241 854 1448 900 amaret
1477 856 1533 900 et
1574 845 1799 915 eligeret

219 933 440 997 bonum,
473 941 639 1001 atque
668 931 842 1001 majus
896 934 1097 987 bonum
1138 933 1311 1001 magis
1337 933 1583 1004 diligeret
1616 933 1717 967 'm
1743 943 1797 989 et

218 1024 463 1094 eligeret.
494 1024 670 1079 Aliter
713 1037 947 1093 namque
992 1024 1196 1080 frustra
1239 1024 1315 1079 illi
1357 1024 1499 1079 Dens
1554 1025 1799 1081 dedisset

217 1123 544 1185 potestatem
581 1115 729 1169 illam
770 1115 865 1148 ⁸⁸³⁸
890 1116 1232 1171 discernendi
1267 1133 1280 1170 :
1310 1117 1436 1185 quia
1473 1117 1525 1170 in
1564 1117 1675 1187 87
1705 1133 1796 1170 τεο

217 1222 342 1261 num
398 1206 756 1267 discerneret.
814 1207 860 1262 si
913 1208 1213 1262 secundum
1266 1206 1650 1263 discretionem
1686 1223 1793 1262 non

219 1306 428 1353 amaret
453 1306 511 1352 et
535 1298 746 1352 vitaret.
788 1297 892 1352 Sed
924 1313 1029 1352 non
1059 1298 1312 1353 convenit
1341 1306 1399 1352 ut
1423 1297 1567 1352 Deus
1586 1307 1791 1352 tantam

217 1394 539 1456 potestatem
604 1385 807 1440 frustra
861 1386 1089 1441 dederit.
1118 1386 1201 1441 Ad
1246 1387 1351 1441 hoc
1376 1387 1561 1459 itaque
1595 1386 1795 1443 factam

218 1492 337 1533 esse
386 1477 714 1533 rationalem
762 1485 1013 1531 naturam
1051 1484 1262 1532 certum
1300 1487 1405 1543 est,
1438 1487 1499 1532 ut
1523 1493 1795 1533 summum

218 1570 414 1623 bonum
459 1581 625 1636 super
669 1566 852 1621 omnia
891 1574 1104 1620 amaret
1150 1576 1207 1622 et
1256 1565 1482 1636 eligeret
1508 1567 1627 1633 "",
1687 1582 1796 1621 non

219 1665 438 1726 propter
457 1655 624 1720 aliud,
652 1655 745 1711 sed
768 1663 984 1724 propter
1028 1655 1249 1725 ipsum;
1307 1656 1352 1712 si
1391 1658 1533 1712 enim
1577 1663 1800 1725 propter

220 1745 377 1810 aliud,
405 1759 515 1800 non
540 1745 741 1813 ipsum,
761 1745 856 1799 sed
883 1743 1028 1799 aliud
1072 1752 1245 1799 amat.
1286 1745 1357 1798 At
1400 1746 1504 1800 hoc
1554 1745 1660 1800 nisi
1698 1744 1790 1776 ³⁸³⁷

219 1836 347 1901 iusta
377 1832 569 1888 facere
597 1832 802 1901 nequit.
847 1832 916 1889 Ut
944 1832 1107 1903 igitur
1135 1831 1336 1888 frustra
1366 1849 1472 1889 non
1524 1834 1595 1889 sit
1630 1834 1789 1888 ratio
1829 1818 1870 1875 Β

221 1924 378 1989 nalis,
410 1922 575 1977 simul
605 1925 674 1978 ad
701 1925 804 1978 hoc
830 1921 1115 1977 rationalis
1136 1921 1230 1957 ⁸⁸³⁸
1256 1931 1311 1978 ει
1335 1921 1485 1992 justa
1511 1921 1650 1977 facta
1686 1930 1799 1977 est.

222 2014 365 2081 Quod
394 2013 445 2068 si
474 2013 546 2068 ad
568 2028 837 2068 summum
868 2011 1074 2067 bonutn
1097 2011 1402 2082 eligendum
1438 2014 1794 2069 clamandum

221 2102 352 2171 iusta
390 2103 539 2159 facta
576 2112 690 2167 est;
751 2111 844 2157 aut
892 2101 1013 2157 talis
1058 2102 1125 2156 ad
1163 2101 1256 2137 “”
1281 2102 1386 2158 hoc
1416 2102 1691 2171 facta'est,
1738 2113 1797 2159 ιιι

222 2194 509 2265 aliquando
567 2203 949 2263 assequeretur
993 2193 1136 2263 quod
1203 2203 1414 2248 amaret
1438 2204 1494 2248 et
1543 2194 1793 2264 eligeret,

224 2292 310 2337 aut
348 2274 483 2338 non.
536 2282 641 2338 Sed
693 2284 738 2338 si
777 2298 882 2339 non
924 2283 991 2336 ad
1032 2284 1135 2339 hoc
1170 2283 1314 2351 justa
1364 2293 1446 2339 est
1488 2268 1627 2339 facta
1667 2286 1793 2353 “"",

223 2374 451 2443 utquod
479 2373 579 2429 sic.
608 2382 755 2428 amat
793 2382 847 2429 et
868 2373 1019 2442 eligit
1058 2388 1161 2427 ass!
1178 2384 1396 2443 quatur,
1416 2373 1616 2429 frustra
1654 2374 1798 2429 facta

222 2474 298 2518 est
321 2463 484 2529 talis,
530 2472 589 2518 ut
627 2464 706 2519 sic
732 2464 860 2519 illud
897 2474 1044 2519 amet
1067 2472 1124 2519 et
1148 2463 1347 2534 eligat;
1389 2478 1489 2518 nec
1517 2464 1624 2518 ulla
1657 2464 1798 2519 ratio

223 2555 327 2608 erit
357 2569 462 2608 cur
498 2553 630 2609 illud
670 2554 887 2623 assequi
939 2555 1133 2609 debeat
1185 2553 1495 2624 aliquando.
1549 2554 1797 2622 Quandin

222 2660 344 2715 ergo
374 2645 614 2700 amando
650 2654 708 2700 et
758 2645 1012 2716 eligendo
1066 2660 1337 2701 summum
1380 2647 1611 2713 bonum,
1652 2647 1799 2716 justa

221 2736 377 2791 faciet
403 2735 473 2789 ad
505 2736 649 2806 quod
685 2734 827 2792 facta
864 2745 967 2803 est,
996 2737 1195 2792 misera
1233 2738 1337 2792 erit
1361 2738 1527 2808 ;‘;quia
1552 2737 1799 2809 indigens

221 2828 316 2881 erit
347 2836 546 2883 contra
577 2827 934 2892 voluntatem,
984 2842 1091 2882 non
1132 2828 1383 2884 habendo
1407 2831 1550 2899 quod
1580 2831 1797 2886 deside-

221 2924 301 2970 rat
334 2933 349 2968 :
394 2917 543 2986 quod
567 2917 729 2972 nimis
748 2918 1045 2972 absurdum
1072 2928 1173 2973 est.
1197 2917 1540 2990 Quapropter
1561 2923 1801 2978 rationa-

220 3011 282 3067 lis
312 3022 507 3067 natura
535 3013 681 3082 justa
711 3022 796 3068 est
843 3014 983 3068 facta
1009 3056 1022 3080 ,
1073 3024 1131 3069 ut
1191 3029 1406 3071 summo
1430 3017 1595 3084 bono,
1630 3019 1682 3073 id
1717 3027 1801 3074 est

220 3103 343 3169 Deo,
372 3103 607 3162 fruendo
651 3104 746 3138 ““
787 3104 943 3160 beata
972 3106 1117 3161 esset
1159 3124 1172 3161 :
1215 3107 1376 3163 homo
1399 3123 1549 3180 ergo,
1592 3110 1684 3180 qui
1711 3126 1798 3165 ra-

220 3194 431 3250 tionalis
462 3205 651 3251 natura
679 3207 762 3252 est
781 3239 795 3262 ,
822 3198 998 3252 factus
1024 3208 1106 3253 est
1129 3197 1307 3267 justus
1334 3200 1400 3256 ad
1426 3201 1527 3256 hoc
1551 3242 1564 3265 ,
1599 3214 1658 3257 ut
1691 3204 1799 3257 Deo

221 3282 451 3340 fruendo
480 3287 672 3340 beatus
702 3297 865 3341 esset.

840 3420 1068 3477 CAPUT
1107 3422 1171 3476 ll.

319 3530 478 3598 Quod
511 3537 665 3587 homo
702 3550 807 3588 non
847 3519 1159 3598 moreretur,
1192 3536 1237 3589 si
1273 3553 1376 3590 non
1409 3549 1686 3605 peccasset.

286 3623 419 3677 Aris.
452 3622 606 3690 Quod
647 3631 827 3678 autem
856 3623 977 3678 talis
1010 3610 1184 3679 factus
1229 3626 1319 3687 sit,
1373 3637 1433 3680 nt
1478 3632 1797 3685 necessitate

218 3726 324 3767 non
356 3723 683 3778 moreretur,
706 3714 833 3770 hinc
874 3713 1031 3768 facile
1059 3714 1153 3745 “"
1186 3720 1484 3786 probatur;
1537 3722 1685 3788 quia,
1735 3730 1796 3775 ut

211 3804 323 3874 jam
354 3805 616 3873 diximus,
653 3807 933 3877 sapientia:
960 3817 1016 3862 et
1041 3807 1269 3877 iustitia:
1304 3810 1399 3865 Dei
1430 3823 1712 3881 repugnat,
1738 3823 1799 3868 ut

1896 590 2036 646 erat,
2082 583 2126 636 si
2174 598 2278 638 non
2322 594 2617 653 peccasset.
2648 586 2772 642 Bos.
2801 588 2974 642 Aliter
2998 604 3118 645 esse
3145 606 3249 646 non
3271 602 3467 661 potest.

1895 673 2025 727 Ans.
2055 672 2515 740 Quemadmodum
2564 677 2727 746 igitur
2769 678 2812 733 si
2853 694 2957 733 non
2982 691 3260 749 peccasset
3285 683 3466 748 homo,

1895 780 2018 821 eum
2049 766 2238 820 eodem
2278 767 2421 836 quod
2473 769 2696 834 gerebat
2735 784 2967 840 corpore
2998 771 3049 824 in
3080 772 3469 841 incorruptibi-

1898 855 2107 911 litatem
2166 858 2614 912 transmutandus
2658 867 2805 924 erat;
2856 860 2930 914 ita
2972 869 3181 930 oportet
3236 866 3296 916 ut
3344 877 3467 916 cum

1898 947 2312 1012 restaurabitnr,
2347 963 2469 1003 cum
2502 963 2623 1012 suo,
2665 949 2717 1002 in
2767 964 2874 1019 quo
2920 950 3050 1004 vivit
3096 949 3147 1004 in
3193 950 3294 1005 hac
3339 951 3468 1014 vita,

1898 1053 2125 1117 corpore
2148 1045 2501 1095 restauretnr.
2523 1039 2648 1093 Bos.
2672 1040 2810 1106 Quid
2824 1041 2919 1079 ’⁸³⁸
2942 1042 3399 1110 respondebimus,
3421 1043 3467 1095 si

1898 1131 2019 1197 quis
2048 1130 2194 1183 dicat
2223 1129 2349 1198 quia
2396 1129 2499 1184 hoc
2545 1129 2660 1184 fieri
2703 1139 2917 1200 oportet
2948 1131 3013 1185 de
3039 1131 3163 1195 illis,
3193 1132 3243 1185 in
3269 1133 3466 1201 quibus

1899 1220 2192 1276 humanum
2224 1228 2423 1291 genus
2472 1221 2902 1285 restaurabitur;
2957 1222 3022 1276 de
3072 1222 3313 1291 reprobis
3339 1236 3468 1276 vero

1900 1326 2005 1365 non
2031 1319 2115 1367 est
2155 1310 2411 1366 necesse?
2445 1311 2575 1367 Ans.
2628 1309 2772 1366 Nihil
2797 1310 2997 1381 justius
3025 1321 3116 1366 attt
3148 1312 3472 1367 convenien-

1901 1401 2007 1456 tius
2054 1400 2406 1471 intelligitur,
2446 1416 2608 1470 quam
2650 1401 2745 1433 ’“°
2776 1411 2834 1456 ut
2871 1402 3012 1456 sicut
3044 1403 3225 1465 homo,
3258 1402 3301 1456 si
3346 1417 3472 1472 per-

1900 1503 2201 1549 severasset
2227 1494 2280 1549 in
2302 1493 2535 1565 iustitia,
2570 1496 2811 1561 totus,‘id
2827 1504 2909 1551 est
2941 1499 3117 1550 anima
3140 1505 3195 1551 et
3219 1512 3463 1567 corpore,

1899 1596 2098 1639 aeterne
2130 1583 2319 1639 beatus
2342 1595 2484 1640 esset
2515 1603 2529 1638 :
2558 1586 2655 1651 ita,
2683 1587 2726 1639 si
2757 1595 3067 1656 perseverat
3102 1588 3154 1642 in
3187 1587 3471 1657 iniustitia,

1904 1684 2049 1730 totus
2089 1673 2339 1729 similiter
2385 1683 2586 1731 asterne
2618 1676 2786 1730 miser
2820 1677 2890 1731 sit
2918 1676 3033 1730 ⁸⁸⁸⁷.
3085 1678 3207 1733 Bos.
3232 1676 3474 1733 Breviter

1902 1766 2034 1821 mihi
2063 1767 2129 1822 de
2148 1767 2234 1823 his
2264 1765 2596 1821 satisfecisli.
2932 1766 2937 1769 ’

2496 1854 2725 1911 CAPUT
2762 1854 2849 1909 IV.

2042 1947 2195 2013 Quod
2221 1948 2284 2000 de
2312 1947 2542 2000 humana
2571 1955 2761 2029 natura
2780 1948 3007 2016 per/iciet
3026 1947 3163 2002 Deus
3194 1964 3330 2018 quoa

2565 2027 2790 2085 rumpit.

1968 2133 2098 2188 Axs.
2148 2132 2225 2186 Ex
2261 2133 2343 2186 his
2371 2138 2452 2185 est
2501 2129 2658 2185 facile
2705 2146 3032 2201 cognoscere
3081 2132 3337 2201 quoniam
3381 2140 3485 2184 ant‘

1901 2223 2002 2276 hoc
2032 2223 2097 2276 de
2127 2220 2222 2254 ’⁸⁸⁸
2263 2221 2497 2275 humana
2526 2229 2720 2274 natura
2757 2222 3002 2289 perficiet
3048 2220 3190 2276 Deus
3219 2220 3363 2290 quod
3390 2218 3474 2274 in;

1900 2313 2093 2381 coepit;
2138 2314 2314 2368 autin
2358 2331 2554 2371 vanum
2587 2316 2715 2373 fecit
2747 2326 2855 2371 tam
2902 2316 3183 2372 sublimem
3223 2323 3474 2370 naturam

1898 2406 1964 2459 ad
1994 2414 2201 2460 tantum
2227 2406 2449 2460 bonum.
2497 2407 2566 2460 At
2599 2407 2644 2461 si
2675 2407 2809 2461 nihil
2836 2405 3128 2478 pretiosius
3162 2406 3475 2478 agnoscitur

1902 2495 2044 2550 Deus
2071 2494 2285 2561 fecisse,
2328 2511 2487 2565 quam
2515 2496 2830 2551 rationalem
2856 2506 3104 2553 naturam
3140 2498 3205 2551 ad
3236 2497 3478 2567 gauden-

1900 2587 2025 2643 dum
2068 2588 2134 2643 de
2164 2602 2254 2653 se;
2289 2586 2444 2642 valde
2478 2587 2711 2643 alienum
2741 2598 2825 2643 est
2854 2589 2922 2643 ab
2959 2604 3044 2654 eo,
3078 2597 3137 2642 ut
3178 2586 3341 2641 ullam
3376 2587 3471 2620 ""9

1902 2678 2222 2734 rationalem
2250 2688 2498 2734 naturant
2531 2680 2748 2750 penitus
2777 2679 2956 2750 perire
2995 2680 3156 2735 sinat.
3187 2678 3313 2733 Bos.
3355 2677 3473 2733 Non

1900 2781 2077 2843 potest
2101 2771 2260 2825 aliter
2286 2782 2479 2842 putare
2499 2786 2594 2827 cor
2624 2772 2910 2827 rationale.
2955 2773 3081 2827 ANS.
3123 2769 3357 2827 Necesse
3387 2778 3473 2826 est

1900 2879 2030 2934 ergo
2053 2875 2112 2918 ut
2137 2864 2469 2919 dc‘ltnmana
2516 2872 2706 2918 natura
2746 2865 2993 2935 perficiat
3034 2864 3175 2934 quod
3220 2863 3474 2932 iuctepit;

1902 2956 2004 3011 hoc
2028 2964 2206 3010 autem
2235 2954 2371 3019 fieri,
2396 2954 2536 3010 sicut
2570 2953 2829 3021 diximus,
2866 2955 3073 3025 nequit,
3116 2953 3220 3009 nisi
3254 2967 3351 3024 per
3385 2953 3476 3008 in-

1904 3056 2107 3116 tegram
2135 3045 2341 3116 peccati
2375 3044 2832 3111 satisfactionem,
2874 3061 3037 3115 quam
3073 3044 3250 3100 nullus
3280 3057 3477 3116 pecca-

1827 3163 1869 3219 C
1906 3148 1988 3194 tor
2017 3138 2197 3194 facere
2221 3147 2416 3209 potest.
2446 3137 2571 3195 Bos.
2601 3137 2845 3211 Intelligo
2865 3140 2977 3210 jam
2996 3153 3218 3195 necesse
3246 3150 3385 3203 esse,
3415 3145 3476 3192 ttt

1905 3228 2042 3283 Dens
2064 3228 2309 3298 perficiat
2336 3229 2479 3297 quod
2510 3228 2762 3299 incmpit;
2807 3243 2874 3283 ne
2901 3229 3056 3284 aliter
3089 3242 3252 3298 quam
3285 3227 3476 3283 deceat

1783 3383 1805 3403 .
1901 3336 1929 3373 a
1960 3334 2057 3373 suo
2090 3320 2326 3388 incmpto
2350 3318 2597 3373 videatur
2632 3318 2881 3374 deﬁcere.

2515 3410 2742 3468 CAPUT
2783 3412 2847 3466 V.

1901 3526 2054 3592 Quod
2080 3527 2317 3594 quamvis
2345 3528 2442 3580 hoc
2471 3541 2672 3578 necesse
2701 3526 2766 3578 sit
2812 3524 2930 3592 ﬁeri
2951 3563 2967 3589 ,
2997 3534 3185 3594 tamen
3226 3528 3322 3578 hoc
3355 3540 3475 3594 non

1969 3592 2121 3666 faciet
2149 3605 2356 3667 cogente
2371 3595 2689 3650 Attecesst'tate
2711 3608 2727 3647 :
2750 3605 2797 3648 et
2824 3609 2941 3667 qua:
2962 3592 3027 3647 sit
3052 3592 3148 3625 “'°
3170 3593 3472 3667 necessitas,

1968 3662 2084 3739 qua:
2113 3662 2284 3791 αιιιζξζξ
2309 3668 2532 3738 gratiam
2580 3675 2669 3718 aut
2701 3662 2917 3727 minuit;
2961 3674 3009 3717 et
3049 3679 3166 3731 qua:
3191 3662 3471 3717 necessitas

1968 3753 2132 3791 auaea

1968 3753 2132 3807 augeo

1972 3828 2105 3884 Bos-
2127 3829 2233 3883 Sed
2264 3829 2309 3883 si
2342 3829 2412 3881 ita
2437 3836 2553 3891 est,
2597 3827 2809 3882 videtur
2849 3826 3005 3896 quasi
3050 3825 3172 3896 cogi
3199 3824 3342 3881 Deus
3374 3837 3472 3880 ne-

213 3905 436 3966 cogeret
462 3896 740 3951 hominem
772 3905 1000 3953 mortem
1031 3898 1126 3931 ²⁶⁸³
1153 3900 1261 3968 pati
1287 3902 1404 3956 sine
1426 3903 1602 3972 culpa,
1635 3919 1795 3971 quem

1897 3921 2154 3981 cessitate
2197 3920 2400 3974 vitandi
2440 3918 2823 3984 indecentiam,
2876 3926 2935 3972 ιιι
2961 3917 3188 3973 salutem
3220 3922 3476 3986 procth

209 3984 416 4055 justum
473 3988 604 4042 fecit
625 3988 692 4043 ad
737 3995 999 4044 aeternam
1067 3991 1476 4049 beatitudinem.
1541 3994 1798 4065 Sequitur

212 4088 343 4143 ergo
363 4076 491 4145 quia
507 4077 846 4148 sinunquam
859 4090 1158 4148 peccasset,
1174 4096 1449 4149 nunquam
1470 4090 1737 4136 meret-ctu
1748 4098 1791 4136 r.

833 4207 1060 4263 CAPUT
1098 4209 1182 4264 lll.

250 4291 407 4359 Quod
445 4311 561 4348 cum
596 4312 841 4367 corpore,
869 4297 922 4352 in
950 4315 1051 4368 quo
1087 4300 1207 4352 ririt
1250 4300 1304 4353 in
1328 4300 1425 4352 huc
1453 4302 1577 4365 vita,
1606 4300 1760 4354 homo

809 4379 1037 4437 resurget
1070 4368 1181 4422 ⁸⁸⁵⁸.

292 4454 425 4509 ΛΜ.
461 4455 614 4512 Unde
640 4467 827 4528 aperte
870 4462 1197 4528 quandoque
1228 4459 1408 4514 futura
1457 4469 1793 4515 mortuorum

1898 4011 2208 4066 humanam.
2252 4009 2531 4077 Quomodo
2585 4022 2717 4079 ergo
2761 4009 2948 4078 negari
2997 4009 3195 4077 poterit
3223 4007 3341 4076 plus
3368 4008 3473 4062 hoe

1898 4111 2118 4171 propter
2160 4116 2219 4155 se
2265 4099 2466 4163 facere,
2518 4112 2680 4167 quam
2736 4108 2958 4168 propter
3010 4097 3146 4153 nos?
3194 4098 3265 4152 At
3303 4096 3351 4151 si
3391 4096 3467 4150 ita

1898 4198 1983 4246 est
2011 4190 2126 4251 ηδ’.
2165 4203 2327 4256 quam
2383 4187 2613 4257 gratiam
2665 4186 2743 4239 illi
2778 4186 3055 4250 debemus,
3086 4200 3186 4256 pro
3215 4198 3281 4240 eo
3321 4184 3466 4255 quod

1896 4278 2030 4335 facit
2063 4280 2157 4311 ³⁸⁸³
2189 4288 2407 4350 pmpter
2430 4278 2531 4332 se?
2572 4277 2853 4343 Quomodo
2876 4276 3064 4330 'etiam
3095 4286 3334 4332 nostram
3367 4277 3469 4330 im-

1896 4372 2204 4443 putabimus
2249 4370 2475 4426 salutem
2501 4368 2616 4437 ejus
2639 4368 2843 4440 gratim,
2873 4368 2918 4423 si
2950 4383 3048 4423 nos
3074 4369 3249 4424 salvat
3278 4383 3468 4423 neces-

1901 4461 2094 4518 sitate?
2142 4461 2271 4515 ANS.
2314 4459 2410 4513 Est
2454 4458 2769 4522 necessitas,
2815 4474 2936 4527 quae
2986 4456 3466 4515 benefacienti’m

211 4547 553 4602 resurrectio
582 4550 861 4618 probatur.
896 4550 1106 4621 Quippe
1147 4552 1191 4606 si
1241 4552 1402 4607 homo
1430 4550 1669 4623 perfecte
1714 4567 1799 4606 re-
1828 4519 1875 4579 θ
1902 4552 2133 4622 gratiam
2163 4548 2339 4603 aufert
2389 4556 2481 4603 aut
2527 4548 2751 4614 minuit;
2785 4556 2841 4602 et
2889 4555 2971 4601 est
3019 4547 3335 4612 necessitas,
3366 4560 3474 4616 qua

1497 4705 1731 4762 VARM‘I
1768 4704 2168 4761 LECTIONES.

274 4816 373 4849 ’6³⁸
418 4815 638 4871 Factam
682 4817 999 4873 rationalem
1055 4834 1175 4874 esse
1240 4828 1454 4875 constat
1494 4838 1615 4875 mss.
1682 4832 1729 4875 et
1790 4820 1933 4875 Edit.
1991 4819 2147 4874 Goth.
2199 4818 2395 4871 factam
2447 4833 2567 4872 esse
2606 4817 2922 4872 rationalem
2988 4815 3206 4870 dubium
3240 4829 3345 4869 non
3392 4823 3476 4867 est

207 4890 710 4960 #63‘Amaretqucet
730 4889 974 4960 diligeret
1005 4890 1221 4960 bonum,
1246 4903 1408 4959 atque
1436 4892 1611 4958 majus
1639 4892 1835 4944 bonum
1864 4892 2033 4960 magis
2059 4890 2300 4960 diligeret
2329 4899 2527 4960 mss._et
2561 4885 2873 4960 Edit.Qotlt.
2892 4903 2953 4939 ac
2967 4894 3238 4960 amaretct
3252 4884 3475 4951 eliget-et

205 4959 411 5031 bonum
432 4953 596 5031 atque
610 4973 707 5031 ms.
732 4953 922 5011 Cisler.
938 4959 1299 5031 ntajnstnagis
1323 4953 1705 5031 bonttnt'magis
1727 4970 1932 5031 amaret
1956 4953 1981 4960 ⁷
2004 4960 2095 5031 ’6?“
2110 4953 2434 5012 Potestatent
2456 4957 2599 5031 illam
2620 4954 2977 5031 uts._(.:i_st_cr._et
3002 4953 3133 5031 Vict.
3154 4962 3472 5031 potestatem

207 5029 373 5099 istam
426 5018 725 5099 ’j'menia
756 5037 962 5082 amaret
985 5018 1041 5083 εἰ
1061 5018 1306 5099 diligeret
1336 5047 1459 5085 mss.
1487 5044 1533 5084 ct
1564 5018 1706 5084 Ed’it.
1735 5030 1890 5086 Galli.
1919 5030 2097 5084 omnia
2122 5040 2328 5099 amaret
2348 5036 2402 5082 et
2429 5026 2651 5099 eligeret
2707 5023 3134 5099 ’“iAdhqcnisi
3154 5018 3304 5099 ἠως...
3335 5018 3470 5073 Vict.

202 5097 335 5167 Jolg
359 5096 479 5170 et
499 5095 665 5170 Miclt.
686 5099 753 5170 At
784 5098 890 5170 hoc?
914 5099 1017 5152 nisi
1070 5091 1349 5155 Im“Simul
1375 5102 1439 5155 ad
1466 5102 1566 5156 hoc
1598 5100 1873 5155 rationalis
1903 5118 1997 5153 ius.
2026 5098 2329 5170 Vict.sitnnl
2361 5091 2639 5170 rationalis
2660 5113 2757 5149 ms.
2780 5095 2839 5148 S.
2860 5091 3399 5170 ili_ich.s_intt_tl_adltoc,
3420 5099 3474 5170 et

211 5161 504 5240 rationalis
575 5167 950 5240 ""AtllAlalitl
983 5170 1049 5240 ad
1071 5186 1168 5223 ms.
1209 5170 1343 5225 Vict.
1368 5183 1424 5226 at
1451 5173 1572 5226 talis
1598 5173 1665 5226 atl
1734 5171 1828 5203 “"°
1856 5170 1911 5225 Si
1938 5169 2131 5225 nonad
2168 5169 2266 5240 hoc
2289 5169 2437 5240 justa
2459 5175 2539 5240 est
2561 5165 2821 5240 faciams.
2860 5163 3075 5240 νέοι.-.θὶ
3100 5161 3167 5215 ad
3191 5161 3292 5214 hoc
3325 5161 3474 5240 iusta

206 5236 601 5310 rrmrestfacta
651 5237 767 5310 “"3”
797 5238 942 5310 Βοιιο
979 5239 1209 5295 fruendo
1232 5258 1357 5295 mss.
1388 5256 1432 5297 et
1464 5242 1606 5296 Edit.
1632 5242 1785 5297 Colit.
1809 5243 1971 5303 bono,
1998 5241 2047 5294 id
2079 5248 2162 5292 est
2189 5229 2317 5303 Deo,
2352 5237 2578 5310 fruendo
2652 5234 2884 5310 “"_lloc
2912 5230 3067 5287 facile
3088 5246 3215 5309 τιμε.
3240 5240 3287 5282 et
3325 5229 3469 5310 fidit,

203 5306 370 5382 9:9.”3:
400 5306 527 5359 "me
562 5307 718 5360 facile
762 5308 885 5382 ,ξω
915 5310 1141 5374 coﬂeret
1170 5321 1394 5365 mortem
1424 5330 1522 5366 ms.
1563 5311 1692 5366 Vict.
1723 5324 1941 5382 cogeret
1961 5298 2487 5382 hominemmortem
2505 5304 2718 5382 justum.
2742 5303 2944 5382 fecerat
2966 5318 3090 5382 nisi.
3115 5298 3317 5382 justum
3344 5298 3473 5353 fecit

201 5376 303 5408 "“
326 5376 725 5451 llesurgntuss.
762 5376 891 5431 Vict.
927 5371 1191 5451 resurget
1317 5382 1409 5413 “"5
1441 5387 1583 5451 Ans.
1613 5384 1739 5451 quid
1769 5371 1894 5437 nias.
1926 5394 1973 5437 et
2006 5382 2168 5451 Edit._
2208 5377 2360 5451 Colit.
2415 5371 2537 5451 llus.
2591 5373 2718 5443 quid
2912 5371 3255 5451 ln‘telligitur,
3278 5385 3471 5451 _quat_n

202 5462 309 5497 ms.
335 5444 466 5514 Joly
490 5439 733 5513 intelligi,
765 5463 927 5515 quam
1001 5439 1287 5504 “"Miscr
1314 5452 1383 5505 sit
1410 5469 1506 5505 ms.
1549 5439 1678 5504 Vict.
1710 5453 1878 5507 miser
1902 5453 2006 5506 erit
2079 5448 2173 5481 ’⁸⁸⁸
2199 5449 2274 5502 Ad
2303 5449 2403 5502 hoc
2422 5447 2488 5499 de
2509 5439 2635 5498 mss.
2659 5454 2707 5498 et
2756 5442 2902 5498 Edit.
2937 5439 3115 5515 Gothi
3143 5450 3237 5515 aut
3278 5441 3382 5496 hoc
3403 5439 3472 5494 de

199 5516 302 5553 ’σθ’
329 5515 414 5568 Ab
438 5512 507 5569 eo
537 5512 931 5590 ut__illant'mss.
962 5519 1028 5571 ab
1058 5534 1122 5572 eo
1146 5530 1203 5590 ut
1231 5519 1393 5573 ullam
1539 5521 1634 5552 ³⁸⁸³
1661 5521 1726 5574 Ει
1753 5522 1897 5590 quod
1924 5521 1997 5577 sit
2024 5536 2120 5575 ms.
2158 5518 2291 5571 Vict.
2314 5527 2523 5590 etquae
2542 5517 2616 5590 sit
2678 5515 2769 5546 ²⁶⁶¹
2795 5516 2858 5590 Et
2888 5514 2974 5590 Asit
3010 5512 3305 5590 necessitas
3322 5527 3474 5590 “qna;

202 5593 412 5659 augeat
441 5584 715 5659 ms_.__Vict.
741 5598 795 5659 et
813 5589 1257 5659 quazmecessitas
1284 5600 1479 5659 augeat
1555 5592 1649 5622 ³⁵⁵⁸
1676 5593 1741 5644 At
1769 5580 1811 5645 si
1845 5592 1917 5646 ita
1951 5602 2034 5646 est
2058 5606 2189 5659 mss.
2214 5599 2259 5659 ct
2303 5580 2448 5659 Edii.
2482 5585 2637 5659 Com.
2679 5585 3087 5659 ant‘si_ita_c‘st
3160 5581 3254 5659 ’ᾖξ’
3314 5580 3468 5659 Quod

203 5650 349 5727 facit
376 5669 475 5727 ηιξ.
512 5652 651 5727 Vict.
679 5650 894 5727 et_Edtt.
926 5655 1080 5711 Galli.
1107 5656 1246 5727 quod
1278 5650 1401 5714 fecit
1479 5662 1571 5692 "5"
1597 5661 1970 5717 Bcucl’acieudi
1999 5679 2121 5715 mss.
2163 5658 2308 5727 July,
2361 5655 2492 5709 Vict.
2536 5656 2589 5711 5.
2638 5667 2685 5710 et
2730 5656 2814 5709 l3.
2847 5654 2904 5708 S.
2964 5654 3121 5709 Mich.
3172 5650 3357 5707 Cister.
3417 5658 3465 5704 st

206 5723 368 5778 Edit.
400 5720 563 5778 Colit.
585 5724 941 5779 bcnefaticnti
