4050 6294
209 354 313 411 ωδ

1339 346 1478 404 CUR
1513 345 1696 404 DEUS
1734 345 1944 404 HOMO.
1982 347 2056 388 '—
2085 347 2210 402 LlB.
2252 346 2314 401 ll.

3362 341 3477 399 ιοϐ

213 483 317 524 non
347 464 548 538 poterit
585 481 600 518 :
638 469 700 518 ut
729 475 860 533 ergo
882 461 975 494 ’⁸⁷⁸
998 461 1101 516 hoc
1125 459 1290 516 faciat
1321 461 1462 516 Deus
1485 461 1669 522 homo,
1697 475 1793 515 ne-
1824 464 1872 521 Α
1903 472 2011 513 non
2042 459 2094 512 in
2121 459 2270 514 illam
2299 456 2614 528 dignitatem
2655 470 2817 528 quam
2867 455 3178 512 habiturum
3220 467 3338 512 erat
3363 459 3476 527 κον,

211 569 362 614 cesse
399 562 486 610 est
506 551 760 609 eumdem
808 551 983 621 ipsum
1027 564 1146 606 esse
1174 548 1473 618 perfectum
1520 549 1708 613 Deum,
1739 557 1796 604 et

212 647 510 720 perlectum
555 635 865 708 hominem,
910 641 1001 711 qui
1061 640 1200 696 hanc
1244 639 1672 695 satisfactionem
1712 640 1792 694 fa-

212 749 398 794 cturus
421 743 507 791 est
531 752 547 790 :
570 734 827 804 quoniam
857 746 984 787 eam
1013 731 1192 787 facere
1223 745 1328 785 non
1358 739 1559 800 potest,
1584 730 1686 784 nisi
1705 745 1795 807 ve:

210 845 302 884 rus
326 829 470 884 Deus
509 827 633 893 m7;
661 839 762 882 nec
791 824 972 887 debet,
1003 822 1103 878 nisi
1136 836 1296 878 verus
1317 823 1500 877 homo.
1529 823 1622 854 ³⁸⁷⁸
1646 821 1793 898 Quos

212 922 354 976 niam
399 935 550 990 ergo,
609 926 826 974 servata
871 917 1184 988 integritate
1226 915 1509 985 utriusque
1563 923 1793 980 naturae,

211 1026 434 1067 necesse
459 1019 541 1066 est
575 1008 805 1064 inveniri
833 1007 998 1062 Deum
1031 1006 1334 1072 hominem;
1361 1021 1467 1061 non
1499 1005 1676 1061 minus
1701 1021 1797 1061 ne-

209 1118 360 1159 cesse
412 1111 497 1158 est
545 1103 644 1156 has
675 1101 809 1155 duas
841 1109 1066 1155 naturas
1111 1099 1353 1170 integras
1405 1099 1698 1154 convenire
1740 1099 1795 1154 in

213 1209 371 1247 uuam
421 1204 732 1262 personam,
777 1189 1235 1260 quemadmodum
1280 1203 1477 1258 corpus
1520 1197 1575 1243 et
1616 1188 1796 1242 anima

213 1283 496 1340 rationalis
546 1281 873 1337 conveniunt
905 1281 958 1334 in
987 1295 1154 1335 unum
1200 1279 1474 1334 hominem
1504 1280 1794 1357 :quoniam

216 1374 370 1428 aliter
403 1373 521 1427 fieri
553 1371 742 1440 nequit
782 1379 840 1442 ut
875 1370 1015 1426 idem
1045 1370 1160 1440 ipse
1181 1369 1252 1425 sit
1276 1368 1550 1439 perfectus
1581 1370 1718 1426 Deus
1740 1378 1796 1424 et

211 1461 484 1532 perfectus
535 1462 719 1517 homo.
774 1460 899 1515 Bos.
951 1459 1147 1515 Totum
1212 1459 1346 1515 mihi
1417 1459 1594 1530 placet
1651 1461 1795 1530 quod

213 1553 362 1608 dicis.
1007 1598 1010 1602 ,

803 1641 1034 1701 CAPUT
1078 1641 1208 1700 Vlll.

213 1753 362 1820 Quod
401 1770 468 1809 ex
502 1771 688 1824 genere
731 1753 882 1819 Adae,
923 1764 974 1808 et
1024 1755 1090 1808 de
1131 1755 1328 1820 uirgine
1382 1754 1576 1823 femina
1627 1753 1793 1809 Deum

446 1835 682 1894 oporteat
711 1826 806 1859 ’⁸⁷³
840 1839 1105 1878 assumere
1140 1825 1235 1857 "3°
1271 1826 1554 1878 hominem.

275 1917 407 1971 Ans.
454 1916 642 1971 Restat
688 1933 830 1973 nunc
859 1933 1104 1988 qurerere
1141 1918 1282 1973 unde
1315 1925 1369 1972 et
1410 1917 1680 1986 quomodo
1708 1932 1794 1969 as-

212 2019 384 2064 sumet
410 2010 556 2064 Deus
599 2009 890 2064 humanam
936 2019 1209 2065 naturam.
1241 2010 1349 2064 Aut
1378 2010 1521 2064 enim
1551 2018 1794 2064 assumet

213 2115 326 2154 eam
379 2101 449 2155 de
494 2100 665 2154 Adam
704 2101 818 2166 ²⁶⁴¹¹,
871 2111 967 2156 aut
1025 2103 1186 2157 faciet
1243 2116 1440 2156 novum
1493 2101 1790 2168 hominem,

214 2189 666 2259 quemadmodum
717 2190 842 2245 fecit
877 2191 1049 2246 Adam
1103 2193 1169 2246 de
1207 2191 1354 2264 nullo
1399 2189 1507 2246 alio
1553 2191 1790 2246 homine.

215 2278 314 2334 Sed
357 2281 404 2334 si
437 2295 634 2335 novum
666 2281 940 2335 hominem
995 2281 1126 2335 facit
1156 2281 1250 2313 ’⁸⁸³
1282 2295 1390 2335 ηοη
1413 2296 1480 2335 ex
1526 2280 1656 2335 Atla:
1695 2296 1794 2350 ge-

216 2387 362 2436 nere,
400 2388 508 2425 non
537 2371 831 2441 pertinebit
857 2370 921 2423 ad
951 2386 1120 2442 genus
1166 2373 1496 2434 humanum,
1522 2371 1664 2440 quod
1697 2387 1794 2424 ua-

218 2471 319 2515 tum
345 2469 436 2516 est
459 2460 526 2516 de
556 2461 726 2514 Adam
756 2478 768 2515 :
803 2476 970 2530 quare
997 2476 1102 2516 non
1125 2461 1341 2516 debebit
1363 2461 1458 2492 ’⁸⁸³
1479 2459 1794 2515 satisfacere

217 2566 304 2619 pro
331 2565 420 2615 eo,
451 2551 579 2619 quia
606 2566 711 2604 non
743 2550 847 2604 erit
874 2552 940 2606 de
966 2565 1030 2607 eo
1064 2551 1179 2606 “3‘.
1209 2552 1362 2606 Sicut
1407 2551 1552 2606 enim
1586 2563 1792 2606 rectum

214 2649 290 2693 est
315 2647 373 2693 ut
400 2655 503 2709 pro
533 2640 686 2710 culpa
713 2639 950 2695 hominis
1007 2641 1169 2696 homo
1209 2640 1548 2705 satisfaciat;
1599 2641 1672 2694 ita
1701 2656 1791 2694 ne-

216 2745 361 2786 cesse
390 2741 475 2786 est
507 2739 568 2785 ut
609 2731 953 2788 satisfaciens
982 2732 1124 2788 idem
1159 2733 1229 2786 sit
1265 2732 1357 2801 qui
1401 2741 1658 2801 peccator
1701 2741 1795 2786 aut

214 2822 454 2892 ejusdem
505 2824 772 2902 generis:
812 2825 972 2881 aliter
1031 2840 1266 2894 namque
1313 2841 1412 2880 nec
1453 2827 1648 2893 Adam,
1693 2841 1794 2881 nec

215 2929 373 2979 genus
394 2912 869 2980 ejus-satisfaceret
891 2927 992 2984 pro
1014 2928 1091 2969 se.
1114 2914 1207 2946 ’⁸⁸⁸
1225 2914 1362 2984 Ergo
1384 2915 1526 2969 sicut
1545 2915 1716 2970 Adam
1739 2924 1794 2970 et

213 3003 313 3058 Era
370 3012 657 3074 peccatum
697 3005 749 3060 in
781 3019 969 3060 omnes
1001 3005 1246 3061 homines
1290 3016 1642 3076 propagatum
1673 3016 1791 3071 est;

215 3096 282 3147 ita
309 3093 513 3160 nullus,
545 3095 647 3148 nisi
674 3095 755 3149 vel
785 3095 909 3164 ipsi,
937 3093 1020 3148 vel
1048 3095 1138 3164 qui
1168 3095 1237 3150 de
1261 3095 1366 3150 illis
1397 3096 1660 3161 nascitur,
1693 3110 1791 3165 pro

1896 549 2082 606 si'non
2123 558 2403 620 peccasset
2427 549 2622 615 Adam,
2669 557 2726 604 et
2753 548 2880 605 ideo
2909 561 3016 602 non
3040 549 3248 620 integre
3275 561 3479 606 restan-

1898 642 2128 706 rahitur,
2169 649 2226 696 et
2252 639 2346 694 Dei
2373 639 2708 711 propositum
2757 639 2989 695 deficere
3033 639 3327 706 videbitur,
3358 656 3480 711 quae

1898 735 2005 788 duo
2054 731 2496 788 inconvenientia
2525 738 2689 787 sunt:
2740 744 2868 802 ergo
2912 744 3136 785 necesse
3181 741 3265 786 est
3298 741 3358 786 ut
3411 733 3478 788 de

1897 823 2069 878 Adam
2092 831 2403 878 assumatur
2424 821 2607 886 homo,
2635 835 2731 890 per
2752 835 2911 890 quem
2944 830 3279 876 restaurtetur
3307 838 3478 892 genus

1895 913 2046 968 Δάαι.
2080 912 2173 945 ²⁶⁹⁰
2203 913 2327 990 Bos.
2382 910 2438 967 Si
2470 911 2734 966 rationem
2776 911 3073 980 sequimur,
3117 912 3257 966 sicut
3284 901 3492 982 prope?

1898 1003 2128 1068 suimus,
2161 1002 2265 1057 hoc
2297 1001 2680 1056 inevitabiliter
2709 1010 2922 1072 oportet
2958 1016 3100 1056 esse.
3148 1002 3276 1057 Axs.
3330 1004 3482 1058 luve-

1898 1081 2159 1166 stigemus
2204 1109 2346 1149 nunc
2367 1101 2547 1148 utrum
2593 1093 2913 1149 assumenda
2959 1093 3084 1147 sita
3136 1094 3246 1147 Deo
3279 1105 3472 1148 natura

1899 1187 2134 1243 hominis
2159 1185 2225 1240 de
2252 1194 2406 1254 patre
2446 1193 2500 1239 et
2535 1184 2603 1239 de
2661 1193 2834 1238 matre
2888 1183 3014 1250 κει,
3047 1184 3188 1238 sicut
3225 1185 3314 1238 alii
3353 1195 3482 1239 sunt

1898 1276 2150 1332 homines
2181 1275 2307 1340 m’;
2340 1283 2433 1329 aut
2465 1276 2532 1330 de
2581 1274 2698 1330 viro
2729 1274 2847 1330 sine
2901 1274 3119 1341 femina,
3166 1265 3259 1328 aut
3289 1277 3354 1330 de
3405 1275 3484 1330 fe-

1898 1367 2045 1421 mina
2075 1366 2193 1421 sine
2217 1365 2353 1420 viro.
2389 1363 2522 1418 Nam
2550 1380 2874 1434 quocunque
2904 1366 3063 1420 modo
3092 1381 3155 1418 ex
3199 1366 3283 1419 his
3309 1366 3482 1421 tribus

1899 1458 2075 1512 modis
2100 1458 2190 1523 sit,
2231 1457 2296 1511 de
2331 1457 2502 1512 Adam
2527 1465 2582 1511 et
2604 1455 2712 1511 Eva
2738 1457 2864 1522 erit,
2889 1457 2954 1512 de
2975 1457 3172 1526 quibus
3197 1465 3281 1511 est
3303 1457 3482 1511 omnis

1900 1549 2064 1602 homo
2085 1547 2368 1616 utriusque
2403 1559 2595 1610 sexus;
2645 1560 2743 1601 nec
2774 1546 2968 1615 aliquis
2997 1547 3188 1601 modus
3215 1561 3280 1602 ex
3308 1547 3481 1603 tribus

1899 1637 1983 1690 his
2019 1636 2230 1690 facilior
2275 1647 2358 1691 est
2386 1636 2494 1691 Deo
2521 1651 2683 1705 quam
2721 1635 2810 1689 alii
2854 1635 2970 1700 ’3",
3003 1647 3061 1689 ut
3103 1650 3168 1690 eo
3195 1637 3353 1690 modo
3387 1651 3483 1706 po-

1902 1728 2006 1782 tias
2031 1727 2228 1782 debeat
2259 1725 2484 1782 assumi.
2539 1727 2664 1782 Bos.
2719 1727 2863 1782 Bene
2907 1727 3176 1796 procedis.
3221 1728 3350 1781 Aus.
3382 1727 3483 1781 Ve-

1831 1801 1872 1856 Β
1900 1836 2018 1875 rum
2077 1834 2182 1873 non
2209 1827 2292 1873 est
2316 1833 2450 1888 opus
2480 1818 2649 1872 multo
2677 1818 2880 1882 labore,
2916 1826 2974 1871 ut
3016 1818 3336 1871 ostendatur
3356 1817 3482 1887 quia

1903 1910 2153 1965 mundius
2215 1920 2271 1965 et
2320 1909 2599 1964 honestius
2646 1909 3022 1978 procreahitur
3077 1909 3239 1962 homo
3279 1908 3366 1962 ille
3415 1908 3482 1962 de

1898 2003 2014 2057 solo
2062 2003 2179 2057 viro
2239 2001 2321 2055 vel
2373 2000 2594 2066 femina,
2632 2017 2796 2069 quam
2846 2002 2913 2054 de
2958 1999 3052 2031 ³⁸⁸³
3104 1999 3482 2054 commistione

1899 2095 2200 2163 utriusque,
2237 2093 2376 2146 sicut
2401 2107 2590 2146 omnes
2615 2092 2704 2146 alii
2741 2091 2830 2145 filii
2871 2091 3168 2145 hominum.
3208 2090 3330 2144 Bos.
3358 2089 3486 2144 Suf-

1899 2186 2032 2239 ficit.
2055 2186 2180 2239 Axs.
2210 2183 2316 2238 Aut
2338 2198 2465 2250 ergo
2480 2168 2552 2237 de
2582 2183 2698 2238 solo
2722 2184 2858 2248 viro,
2894 2191 2987 2235 aut
3019 2183 3085 2236 de
3129 2181 3241 2236 sola
3273 2181 3476 2236 fetniua

1899 2276 2256 2330 assumendus
2315 2283 2417 2328 est.
2475 2273 2600 2329 Bos.
2671 2274 2901 2328 Aliunde
2936 2288 3042 2328 non
3105 2282 3297 2338 potest.
3351 2273 3481 2326 Axs.

1897 2365 2139 2432 Quatuor
2173 2365 2345 2419 modis
2390 2375 2568 2435 potest
2602 2365 2742 2419 Deus
2780 2364 2960 2419 facere
2991 2364 3301 2428 hominem;
3336 2363 3484 2416 vide-

1897 2457 2022 2512 licet
2049 2466 2142 2510 aut
2169 2457 2236 2511 de
2263 2457 2381 2510 viro
2411 2455 2558 2510 etde
2592 2455 2812 2521 femina,
2861 2456 3004 2510 sicut
3056 2455 3308 2509 assiduus
3357 2469 3485 2508 usus

1897 2556 2165 2602 monstrat
2188 2563 2202 2612 ;
2227 2556 2318 2601 aut
2342 2563 2441 2601 nec
2467 2549 2532 2601 de
2562 2546 2678 2601 viro
2700 2561 2799 2602 nec
2826 2547 2892 2601 de
2919 2543 3143 2609 femina,
3168 2545 3307 2598 sicut
3330 2559 3485 2600 crea-

1897 2639 1972 2692 vit
2030 2637 2232 2701 Adam;
2287 2643 2382 2690 att'.
2431 2634 2500 2691 de
2548 2636 2663 2690 viro
2711 2635 2828 2690 sine
2885 2633 3110 2695 femina,
3165 2633 3306 2687 sicut
3358 2633 3487 2687 fecit

1896 2728 2096 2793 Evam;
2132 2726 2310 2781 autde
2331 2725 2532 2782 femina
2563 2724 2679 2780 sine
2715 2725 2860 2795 viro},
2897 2724 3040 2794 quod
3069 2723 3306 2777 nondum
3331 2721 3480 2777 fecit.

1897 2811 1970 2879 Ut
2022 2824 2186 2894 igitur
2229 2822 2373 2876 hunc
2419 2837 2635 2892 quoque
2673 2821 2891 2876 modum
2949 2821 3142 2890 probet
3169 2833 3282 2874 sua!
3307 2819 3484 2888 subja-

1897 2931 2023 2972 cere
2051 2915 2331 2985 potestati,
2359 2922 2414 2969 et
2443 2915 2511 2968 ad
2550 2915 2652 2968 hoc
2683 2915 2856 2983 ipsum
2901 2927 3038 2981 Opus
3077 2909 3298 2965 dilatum
3327 2925 3480 2973 esse;

1897 3008 2031 3064 nihil
2081 3006 2498 3062 convenientius
2541 3021 2702 3075 quam
2743 3014 2800 3059 ut
2842 3006 2907 3059 de
2959 3002 3159 3057 femina
3206 3003 3323 3057 sine
3366 3001 3486 3056 viro

1895 3110 2136 3156 assumat
2191 3100 2341 3154 illum
2379 3098 2653 3154 hominem
2709 3113 2871 3168 quem
2915 3096 3227 3166 qumrimus.
3289 3093 3482 3150 Utrum

215 3193 439 3253 peccato
472 3184 750 3238 hominum
797 3183 1112 3240 satisfacere
1147 3185 1324 3238 debet.
1355 3184 1620 3250 Quoniam
1661 3199 1792 3254 ergo
1820 3171 1861 3229 (ἶ
1895 3199 2074 3245 autem
2107 3189 2173 3244 de
2197 3189 2428 3258 virgine,
2477 3197 2570 3243 aut
2613 3187 2680 3242 de
2717 3205 2822 3242 tton
2866 3187 3074 3258 virgine
3121 3187 3336 3256 dignius
3376 3187 3480 3240 hoc

213 3272 283 3325 illi
312 3283 612 3342 nequeunt,
657 3287 882 3328 necesse
905 3283 991 3329 est
1033 3283 1088 3328 ut
1128 3274 1195 3329 de
1225 3273 1330 3327 illis
1361 3275 1431 3328 sit
1461 3275 1550 3343 qui
1584 3275 1686 3329 hoc
1714 3275 1793 3328 fa-

213 3364 335 3416 ciet.
365 3362 616 3431 Amplius
645 3381 660 3416 :
687 3363 1032 3427 sicutAdam,
1059 3372 1114 3418 et
1147 3372 1321 3418 totum
1347 3379 1516 3433 genus
1538 3363 1654 3432 ejus
1677 3363 1790 3431 ⁸⁸⁸⁵,

211 3465 303 3520 per
355 3469 414 3508 se
447 3455 687 3508 stetisset
719 3454 836 3509 sine
863 3455 1260 3508 sustentatioue
1308 3455 1536 3509 alterius
1579 3464 1794 3510 creatu-

213 3561 298 3598 ne.
333 3545 381 3599 si
408 3561 515 3599 non
545 3554 862 3614 peccasset:
909 3545 982 3600 ita
1006 3555 1220 3616 oportet
1263 3558 1320 3601 ut
1351 3547 1397 3601 si
1430 3548 1569 3602 idem
1622 3562 1794 3618 genus

213 3636 448 3706 resurgit
474 3637 566 3667 ²υ⁸⁷
592 3644 711 3707 post
736 3651 945 3703 casum,
999 3652 1184 3707 per-sc
1217 3646 1465 3707 resurgat
1503 3647 1559 3692 et
1589 3639 1794 3693 releve-

213 3737 316 3784 tur.
345 3728 481 3783 Nam
522 3744 619 3800 per
647 3745 1025 3799 quemcunque
1065 3729 1114 3784 in
1164 3738 1367 3784 statum
1425 3747 1582 3785 suum
1633 3731 1795 3785 resti-

211 3828 416 3887 tuatur,
452 3835 550 3890 per
596 3819 767 3884 illum,
799 3821 984 3889 utique
1034 3821 1221 3887 stabit,
1271 3836 1367 3890 per
1397 3836 1557 3890 quem
1591 3830 1790 3876 statum

207 3926 368 3964 suum
416 3911 777 3980 recuperabit.
817 3912 960 3966 Deus
995 3912 1186 3978 etiam,
1239 3913 1454 3982 quando
1497 3913 1790 3968 humanam

208 4012 464 4056 naturam
499 4003 752 4072 primitus
775 4000 901 4057 fecit
923 4003 974 4057 in
1005 4002 1120 4058 solo
1150 4003 1354 4068 Adam,
1383 4017 1483 4058 nec
1509 4002 1791 4069 feminam,

206 4103 262 4147 ut
295 4094 365 4148 de
393 4103 624 4163 utroque
653 4109 784 4149 sexu
807 4094 1581 4164 multiplicarenturhomines,
1613 4095 1794 4150 facere

204 4187 378 4239 Voluit
402 4187 504 4240 nisi
538 4187 604 4241 de
633 4186 749 4257 ipso
769 4227 784 4253 ,
808 4195 994 4256 aperte
1021 4187 1117 4219 ’⁸⁸⁸
1147 4187 1470 4242 monstravit
1491 4200 1549 4241 se
1580 4187 1792 4242 nonnisi

202 4279 272 4330 de
325 4277 496 4332 Adam
527 4278 762 4334 voluisse
809 4279 994 4336 facere
1039 4279 1181 4350 quod
1227 4280 1293 4334 de
1330 4280 1566 4334 lmmana
1597 4287 1792 4334 natura

203 4367 458 4423 facturus
485 4377 621 4424 erat.
645 4368 989 4442 Quapropter
1010 4372 1056 4426 si
1079 4386 1250 4443 genus
1274 4371 1400 4426 Adae
1432 4385 1529 4442 per
1556 4371 1790 4441 aliquem

205 4458 486 4514 rclevatur
512 4461 805 4528 hominem,
835 4463 926 4534 qui
959 4477 1071 4521 non,
1115 4463 1185 4518 sit
1233 4462 1298 4518 de
1339 4462 1526 4519 eodem
1558 4477 1785 4536 genere;

1899 3282 2014 3344 fiat,
2043 3294 2150 3334 non
2178 3288 2262 3334 est
2285 3294 2424 3348 opus
2449 3279 2760 3347 disputare;
2806 3276 2899 3331 sed
2943 3276 3060 3330 sine
3088 3275 3235 3330 omni
3265 3275 3482 3328 dubita-

1897 3374 2043 3428 tione
2068 3372 2162 3404 ’θη
2195 3371 2552 3427 asserendum
2581 3379 2664 3425 est
2687 3371 2812 3440 quia
2853 3369 2918 3423 de
2948 3367 3158 3436 virgine
3187 3367 3356 3421 Deum
3381 3367 3478 3420 ho-

1895 3463 2096 3516 minem
2122 3461 2218 3493 ’⁸³⁸
2257 3461 2407 3516 nasci
2437 3469 2669 3530 oportet.
2702 3459 2826 3513 Bos.
2874 3457 3183 3512 Secundum
3221 3457 3479 3527 placitum

1896 3553 2074 3608 cordis
2105 3554 2206 3609 mei
2247 3552 2508 3622 loqueris.
2557 3551 2684 3606 Aas.
2716 3551 2878 3606 Estne
2927 3551 3158 3605 solidum
3189 3551 3290 3605 hoc
3336 3551 3482 3619 quod

1896 3643 2158 3708 diximus;
2207 3651 2300 3696 aut
2351 3659 2550 3697 vanum
2593 3641 2817 3711 aliquid,
2871 3641 3013 3696 sicut
3063 3640 3275 3694 nubes:
3335 3640 3478 3708 quod

1894 3733 2078 3788 dixisti
2113 3735 2270 3789 nobis
2301 3733 2544 3789 infideles
2587 3731 2860 3801 objicere?
2894 3732 3015 3788 Bos.
3056 3730 3202 3786 Nihil
3229 3729 3475 3786 solidius.

1894 3824 2020 3878 Aas.
2057 3823 2227 3892 Pinge
2258 3823 2424 3894 igitur
2470 3837 2578 3878 non
2624 3837 2788 3893 super
2834 3823 3015 3878 fictam
3043 3822 3338 3876 vanitatem
3360 3822 3476 3884 "'7,

1895 3910 1988 3970 Sed
2017 3930 2182 3984 super
2210 3912 2436 3968 solidam
2468 3913 2778 3979 veritatem,
2802 3922 2855 3968 et
2884 3913 2972 3968 dic
2996 3911 3126 3980 quia
3160 3911 3316 3965 valde
3345 3926 3478 3965 cou—

1893 4006 2123 4066 venitut
2166 4005 2618 4075 quemadmodum
2648 4004 2884 4058 hominis
2909 4011 3187 4073 peccatum
3219 4011 3275 4056 et
3312 4016 3479 4056 causa

1894 4103 2094 4152 nostra:
2120 4093 2482 4149 damnationis
2499 4075 2710 4147 initium
2733 4091 3070 4160 sumpsit“"
3089 4109 3116 4144 a
3145 4089 3374 4154 femina;
3402 4090 3474 4142 ita

1894 4183 2158 4238 medicina
2209 4182 2443 4252 peccati,
2472 4192 2528 4238 et
2563 4197 2728 4238 causa
2777 4189 2978 4236 nostra:
3014 4179 3332 4236 salvationis
3381 4178 3476 4210 “9'

1895 4289 2151 4336 nascatur
2181 4280 2249 4337 de
2279 4279 2522 4334 femina:
2571 4294 2635 4334 ac
2673 4295 2741 4335 ne
2789 4277 3044 4334 mulieres
3086 4278 3375 4348 desperent
3420 4293 3478 4331 se

1893 4372 2168 4445 pertinere
2197 4373 2264 4428 ad
2294 4383 2496 4428 sortem
2543 4373 2850 4440 beatorum,
2879 4372 3136 4442 quoniam
3181 4372 3247 4426 de
3277 4369 3480 4425 femina

1895 4472 2106 4538 tantum
2157 4465 2355 4520 malum
2392 4464 2678 4535 processit,
2721 4471 2932 4535 oportet
2976 4473 3036 4520 ut
3074 4463 3140 4518 ad
3171 4461 3472 4520 reformari-

1532 4594 1762 4651 VARIIE
1798 4593 2090 4674 LECTION
2099 4596 2200 4652 ES.

266 4710 392 4786 f”_‘_
434 4707 571 4776 Quia
643 4725 751 4786 non
809 4709 1081 4786 ροιθιίι,Δ
1120 4719 1178 4786 ut
1247 4726 1564 4786 ergo_mss.
1625 4711 1790 4782 Joly,
1841 4711 2009 4786 ﬁrm.
2079 4713 2202 4766 Bec.
2282 4713 2339 4766 S.
2411 4711 2574 4786 dficit.
2634 4725 2691 4786 et
2755 4713 2902 4768 Edit.
2958 4712 3112 4786 Colit.
3184 4717 3309 4786 quia
3374 4735 3485 4771 non

194 4781 466 4845 debebit;
537 4789 593 4853 et
665 4779 825 4834 homo
883 4798 988 4853 non
1038 4779 1449 4853 Afaeiet;fquia
1513 4797 1618 4835 non
1681 4779 1899 4853 poterit.
1966 4783 2033 4838 Ut
2087 4799 2215 4853 ergo
2252 4801 2349 4836 ins.
2383 4781 2549 4853 gVict.
2626 4784 2709 4839 l9.
2776 4786 2920 4853 quod
2978 4785 3157 4841 facere
3203 4779 3326 4840 ἰιοιι
3387 4789 3479 4840 de—

194 4854 373 4926 hehit,
439 4851 718 4926 etmltnmo
747 4868 883 4926 _not_t
949 4851 1145 4916 faciet,
1179 4852 1337 4926 _qnia
1397 4867 1502 4906 non
1568 4851 1797 4926 poter_it_.
1849 4851 1953 4926 Ut“
1976 4869 2106 4923 ergo
2157 4851 2190 4926 Ἀ
2249 4854 2339 4884 ’⁸⁷⁷
2378 4852 2488 4906 Nisi
2529 4853 2600 4926 sit
2629 4851 2809 4909 verus'
2842 4855 2981 4926 Deus
3003 4873 3136 4926 mss.
3169 4856 3270 4909 nisi
3320 4871 3477 4908 verus

193 4922 356 4992 Deus,
441 4920 587 4992 ’Ψξ
640 4920 775 4992 Nisi,
827 4922 898 4975 sit
962 4936 1120 4976 verus
1179 4922 1341 4976 homo
1403 4938 1536 4992 mss.
1593 4932 1641 4975 et
1697 4922 1840 4977 Edit.
1910 4920 2069 4992 Goth'.
2142 4923 2240 4978 nisi
2307 4939 2469 4978 verus
2543 4924 2704 4977 homo
2847 4925 2940 4956 “7’
3001 4924 3177 4978 Deum
3229 4935 3480 4992 oporteat

203 4991 499 5060 Victimss.
526 4991 612 5045 15.
642 5001 688 5044 et
722 4991 806 5046 l9.
835 4992 1001 5045 Deum
1029 4993 1313 5060 oportebat
1386 4991 1480 5023 ’⁵⁸⁸
1517 4990 1745 5046 Sumere
1770 5010 1894 5047 mss.
1928 5003 1976 5048 et
2005 4991 2151 5046 Edit.
2214 4993 2370 5048 Gotlt.
2402 5008 2681 5047 assumere
2823 4994 2914 5025 ¹⁶⁸¹
2948 4995 3075 5048 Eam
3130 4990 3296 5046 Adam
3348 5010 3473 5048 mss.

190 5073 239 5116 et
268 5062 426 5116 Edit.
457 5059 617 5132 Goth.
641 5075 761 5115 eam
795 5061 864 5116 de
885 5059 1077 5116 Adam,
1123 5061 1226 5132 7""
1255 5059 1538 5132 Hominem
1589 5061 1754 5117 faciet
1797 5079 1923 5117 mss.
1981 5061 2118 5117 Vict.
2176 5062 2331 5118 Gem.
2365 5063 2492 5118 Bec.
2519 5079 2567 5116 et
2588 5063 2711 5132 Jon
2743 5065 3012 5118 hominem
3042 5063 3171 5118 facit
3243 5063 3338 5095 ³⁸⁸³
3360 5064 3479 5117 Non

189 5132 422 5187 debebit
449 5147 548 5184 ms.
577 5131 768 5202 Cister.
798 5147 903 5202 non
939 5131 1160 5202 habebit
1235 5132 1330 5164 “3’
1357 5133 1434 5186 De
1462 5131 1550 5185 illo
1580 5149 1678 5189 ms.
1707 5133 1898 5187 Cister.
1923 5133 1989 5188 de
2011 5147 2079 5188 eo
2151 5134 2244 5166 ’⁸⁸⁸
2268 5133 2578 5187 Satisfaciet
2599 5131 2698 5202 pro
2723 5149 2780 5188 se
2807 5151 2932 5189 mss.
2977 5132 3107 5185 Vict.
3135 5133 3482 5192 satisfaceret

188 5217 290 5274 pro
327 5217 394 5256 se
470 5201 566 5234 ’⁸⁸⁸
601 5201 793 5257 Genus
810 5201 928 5274 ejus
953 5219 1053 5274 m_s.
1075 5199 1264 5274 Cister.
1300 5216 1474 5274 genus
1503 5203 1796 5274 humanum
1838 5204 1973 5274 η³⁶⁸⁷τ
2002 5203 2184 5260 Genus
2225 5199 2850 5274 resurgetumssngenus
2890 5204 3122 5274 resurgit
3195 5203 3289 5234 ³⁸⁸³
3327 5204 3481 5259 Unde

185 5271 309 5394 iésse
341 5282 537 5340 aperte
566 5288 691 5326 mss.
725 5281 776 5324 et
803 5271 947 5325 Edit.
976 5271 1134 5326 Goth.
1160 5273 1330 5326 omitt.
1357 5273 1499 5326 unde
1523 5272 1637 5342 ipse
1710 5275 1805 5306 ’σθ’
1833 5273 2128 5328 Habitnms
2167 5283 2286 5328 erat
2311 5271 2434 5328 mss.
2477 5271 2613 5326 Vict.
2643 5271 2765 5326 Bcc.
2792 5273 2938 5327 Gem.
3054 5271 3226 5326 ’Mich.
3255 5284 3301 5327 et
3334 5273 3477 5328 Edi'.

236 5344 357 5394 01h.
392 5341 704 5394 habiturum
727 5350 846 5394 erat
919 5343 1012 5374 ⁹⁸⁹⁰
1043 5342 1464 5394 Restauraretur
1483 5357 1654 5394 uenus
1684 5343 1812 5394 Atla!
1845 5361 1971 5394 mss.
2000 5346 2414 5394 restaurandum
2443 5351 2522 5394 est
2553 5357 2720 5394 aeuus
2748 5343 2876 5394 Adae
2907 5341 3051 5394 Edtt.
3082 5341 3240 5394 Goth.
3272 5354 3477 5394 restau-

236 5344 357 5397 oth.
392 5341 704 5412 habiturum
727 5350 846 5395 erat
919 5343 1012 5374 ”'°
1043 5342 1464 5398 Restauraretur
1483 5341 1654 5412 genus
1684 5343 1812 5399 Adae
1845 5361 1971 5398 mss.
2000 5346 2414 5399 restaurandqu
2443 5351 2522 5396 est
2553 5357 2720 5412 genus
2748 5343 2876 5395 Adae
2907 5341 3051 5394 Edit.
3082 5341 3240 5397 Goth.
3272 5354 3480 5399 restau-

185 5411 731 5494 retnr‘genus'Adm.
783 5413 872 5443 ²⁶⁹¹
1008 5421 1160 5494 patre
1181 5421 1235 5466 et
1260 5421 1433 5494 matre
1450 5411 1758 5494 mss.AVict.
1789 5415 2036 5494 d_e_patre
2061 5424 2116 5494 et
2147 5415 2214 5494 de
2238 5423 2411 5469 matre
2483 5412 2577 5494 ff”
2609 5411 2762 5494 Sicut
2793 5412 2882 5494 alii
2917 5413 3162 5494 homines
3184 5431 3310 5468 mss.
3340 5414 3476 5494 V_ir_t.

185 5481 320 5536 Bec.
357 5480 508 5535 Gem.
532 5480 659 5555 .1on
686 5482 949 5555 sic_ut_alii
981 5480 1106 5555 sunt
1129 5483 1376 5538 homines
1401 5483 1544 5555 “im
1576 5482 1749 5555 Quam
1782 5480 1896 5555 alii,
1931 5501 2029 5555 ms.
2071 5483 2422 5555 λυριᾉιιιιιιιῐιΔ
2453 5482 2600 5555 alius
2645 5481 2756 5555 ff“
2787 5482 2961 5555 Quam
2989 5493 3072 5555 ut
3111 5485 3178 5555 de
3230 5503 3326 5539 ms.
3353 5486 3478 5554 .1on

181 5568 366 5619 quam
399 5553 544 5620 quod
571 5553 637 5622 de
711 5553 814 5622 mf
836 5553 1209 5622 Disputatione
1237 5569 1363 5607 mss.
1401 5551 1534 5622 Vict.
1575 5553 1719 5622 Joly,
1771 5553 1892 5610 Bcc.
1940 5552 2086 5609 Gem.
2120 5550 2186 5607 εἰ
2200 5550 2348 5622 Edit_._
2381 5550 2539 5622 (ἱοιιιξ
2569 5551 2906 5607 dubitatione
2981 5553 3073 5584 ⁸⁸⁸⁸
3105 5554 3271 5609 Deum
3301 5565 3355 5610 et
3381 5550 3479 5610 lto—-

180 5623 406 5676 minem
433 5639 558 5675 mss.
589 5621 734 5692 Joly,
777 5620 908 5692 Vict.
931 5620 994 5678 ’5.
1017 5635 1063 5677 et
1099 5625 1184 5678 15.
1215 5633 1265 5678 et
1294 5623 1438 5678 Edit.
1465 5620 1619 5677 Goth.
1651 5620 1812 5680 [lcum
1856 5626 2126 5679 hominem
2169 5641 2266 5676 ms.
2313 5620 2444 5676 Vict.
2483 5621 2568 5692 l9.
2606 5622 2876 5692 hominem
2909 5623 3073 5677 Deum
3149 5627 3241 5658 ’⁸⁸⁷
3268 5626 3477 5681 Fictant

182 5690 768 5767 vastitatetnumsL'S.
827 5690 988 5767 Mich.
1015 5695 1747 5767 Δι’»ἱειιιιιιι’.ιτειιιίιιιιιειῐιΜ’⁸⁸⁸
1788 5695 2002 5767 Initium
2039 5694 2266 5767 sumpsit
2308 5708 2454 5767 mss.
2482 5691 2615 5744 Vict.
2659 5691 2783 5763 Jolg
2829 5703 2877 5767 et
2929 5693 3114 5748 Cister.
3153 5697 3476 5767 principium

181 5764 435 5833 sumpsit
509 5761 601 5792 “9’
631 5760 838 5818 Nostrae
871 5761 1059 5818 salutis
1084 5781 1205 5820 mss.
1244 5762 1372 5819 Vict.
1401 5763 1542 5833 Joly,
1574 5762 1760 5820 Cister.
1810 5766 1866 5822 S.
1900 5765 2056 5820 Mich.
2091 5775 2136 5818 et
2165 5760 2306 5818 Edit.
2335 5761 2491 5820 Goth.
2533 5772 2732 5820 nostra:
2755 5760 3099 5822 salvationis.
