4050 6294
557 335 666 391 407

1071 335 1128 390 S.
1160 333 1460 390 ANSELMI
1504 331 1860 389 CANTUAR.
1898 329 2223 392 ARCillEP.
2256 330 2410 388 OPP.
2461 333 2712 405 PARS]:
2756 367 2823 375 —
2865 333 3283 392 DOGMATICA.

3722 341 3820 400 103

557 455 682 511 dam
718 469 865 524 spem
917 468 1126 520 earum,
1180 456 1247 510 de
1283 455 1508 510 muliere
1541 464 1763 510 tantum-
1794 452 1992 507 bonum
2020 463 2148 519 prna
2174 452 2220 510 Α
2252 463 2376 511 nam
2420 448 2541 504 Filii
2588 461 2997 521 peccaverunt,
3026 451 3116 522 qui
3149 467 3273 507 vera
3323 452 3503 507 Patris
3535 453 3821 513 similitudo
3915 449 3918 452 ’

557 548 735 605 cedat.
775 547 941 617 Pinge
980 555 1034 600 et
1064 546 1166 601 hoe
1192 548 1287 580 ’7”
1319 566 1330 599 :
1364 547 1421 603 Si
1456 548 1609 618 virgo
1649 554 1786 612 erat,
1819 562 1939 616 qua:
1967 559 2133 600 causa

559 638 665 692 fuit
686 640 924 693 humano
949 638 1133 707 generi
1166 639 1333 693 totius
1372 639 1537 706 mali;
1573 640 1743 697 multo
1778 639 1951 708 magis
1979 638 2136 693 decet

556 738 619 784 ut
647 729 803 799 virgo
824 728 917 793 sit,
945 744 1064 798 quae
1087 745 1248 784 causa
1272 731 1377 785 erit
1407 731 1571 786 totius
1599 730 1749 785 boni.
1784 730 1899 785 Hoc
1920 742 2136 800 quoque

531 819 756 889 .pinge:
789 817 846 873 Si
890 819 1105 885 mulier,
1144 835 1304 889 quam
1338 819 1465 874 fecit
1497 818 1635 874 Deus
1666 820 1731 874 de
1756 819 1873 873 viro
1903 818 2023 874 sine
2059 816 2139 875 fe-

556 910 724 975 mina,
750 910 893 965 facta
920 920 1000 964 est
1030 910 1099 966 de
1125 911 1362 980 virgine;
1397 910 1651 965 convenit
1672 910 1765 942 ’τοι
1795 909 1952 966 valde
1979 908 2140 963 utvir

556 1022 799 1076 quoque,
823 1008 913 1077 qui
941 1008 1032 1061 ﬁet
1059 1008 1126 1063 de
1154 1005 1376 1073 femina,
1401 1008 1520 1063 sine
1548 1007 1667 1062 viro
1694 1006 1788 1061 ﬁat
1816 1005 1883 1062 de
1905 1005 2132 1077 virgine.

558 1098 665 1152 Sed
695 1100 763 1155 de
794 1101 1020 1170 picturis
1042 1101 1159 1166 ’7“,
1204 1114 1324 1170 quas
1352 1110 1586 1170 possunt
1627 1100 1774 1171 pingi
1823 1114 1987 1169 super
2011 1100 2138 1164 hoc,

558 1190 684 1259 quia
727 1191 869 1247 Deus
915 1193 1089 1247 homo:
1121 1195 1187 1247 de
1226 1193 1438 1265 virgine
1487 1191 1715 1248 muliere
1749 1191 1899 1247 nasci
1946 1192 2136 1254 debet,

560 1282 661 1336 ista
700 1298 844 1337 nunc
871 1284 1157 1338 sufﬁciant.
1195 1284 1321 1339 Bos.
1364 1284 1531 1338 Valde
1558 1283 1795 1354 pulchra:
1822 1293 1875 1337 et
1907 1284 2150 1346 rationa-.

560 1372 697 1428 biles
728 1385 853 1429 sunt
882 1375 994 1428 istic
1016 1377 1260 1445 pieturzn.
1444 1360 1450 1367 ’

1084 1468 1196 1537 39
1233 1465 1464 1523 CAPUT
1503 1466 1596 1521 1x.

563 1580 718 1647 Quod
749 1599 951 1637 necesse
972 1584 1037 1636 sit
1066 1584 1291 1666 Verbum
1315 1585 1509 1646 solum.
1538 1595 1583 1638 et
1608 1583 1869 1637 hominem
1900 1583 1953 1635 in
1978 1597 2145 1641 unam.

1051 1670 1322 1708 convenire
1350 1670 1649 1722 personam.

627 1739 755 1794 ANS.
797 1739 950 1795 Nune
973 1756 1187 1811 quoque
1210 1742 1558 1812 quaerendum
1586 1749 1672 1795 est
1694 1741 1747 1793 in
1776 1753 1883 1808 qua
1909 1754 2136 1808 persona

556 1831 731 1895 Deus,
772 1832 862 1902 qui
907 1841 991 1887 est
1041 1841 1151 1888 tres
1199 1849 1480 1904 personae,
1538 1832 1811 1886 hominem
1873 1840 2135 1885 assumat.
2171 1818 2213 1874 Β

554 1919 744 1975 Plures
786 1921 930 1975 enim
977 1932 1220 1992 per-sonte
1251 1930 1526 1994 nequeunt
1571 1936 1733 1974 unum
1778 1920 2136 1989 cumdetnquc

554 2011 827 2066 hominem
855 2027 1135 2067 assumere
1161 2014 1213 2068 in
1254 2015 1515 2069 unitatem
1546 2011 1924 2083 persoumm".
1958 2011 2138 2078 Quare

557 2100 611 2153 in
645 2116 748 2154 una
780 2117 1009 2170 persona
1043 2112 1251 2157 tantum
1284 2104 1385 2158 hoc
1408 2104 1521 2159 ﬁeri
1554 2121 1773 2160 necesse
1801 2116 1903 2162 est.
1941 2103 2048 2161 Sed
2074 2106 2139 2160 de

558 2191 661 2245 hac
692 2193 898 2246 unitate
935 2209 1177 2261 personae
1227 2195 1318 2249 Dei
1366 2205 1422 2251 et
1473 2197 1707 2253 hominis
1723 2198 1818 2230 ’τοι
1851 2206 1904 2252 et
1945 2198 1995 2252 in
2033 2212 2136 2266 qtta

555 2295 790 2346 persona
821 2280 911 2334 Dei
946 2286 1048 2337 hoc
1089 2284 1260 2352 magis
1301 2284 1417 2339 ﬁeri
1449 2295 1727 2355 oporteat,
1760 2286 1810 2340 in
1845 2285 1920 2358 Iv,
1953 2286 2026 2341 al.
2061 2284 2136 2358 tv]

555 2371 781 2438 epistola
811 2373 877 2427 de
907 2372 1284 2430 lncarnatione
1312 2375 1472 2431 Verbi
1521 2379 1587 2432 ad
1630 2378 1906 2432 dominum
1946 2392 2138 2447 papam

559 2460 838 2516 Urbanum
869 2464 1071 2518 directa
1093 2506 1109 2532 ,
1137 2477 1399 2536 quantum
1446 2469 1511 2523 ad
1559 2479 1880 2539 praesentem
1912 2468 2139 2523 investi—

559 2553 831 2623 gationem
859 2555 1105 2613 sullicere
1132 2570 1262 2629 puto
1280 2602 1294 2625 ,
1337 2562 1547 2617 locutus
1573 2578 1691 2617 sum
1708 2560 1824 2616 ⁷⁷⁰⁸.
1859 2563 1983 2618 Bos.
2009 2560 2142 2617 Bre-

557 2648 700 2701 viter
731 2654 906 2702 tamen
940 2649 1027 2705 hic
1074 2654 1343 2723 tange’m
1391 2670 1488 2710 cur
1520 2655 1698 2725 potius
1743 2671 1971 2726 persona
2016 2655 2139 2710 Filii

558 2736 749 2791 debeat
788 2738 1053 2794 incarttari
1073 2741 1189 2806 ⁸⁷⁰⁷,
1216 2759 1378 2812 quam
1420 2744 1598 2800 Patris
1627 2755 1718 2800 aut
1749 2745 1984 2817 Spiritus
2012 2760 2141 2800 san-

560 2828 777 2882 cti’m?
800 2830 928 2884 Axs.
958 2830 1012 2885 Si
1038 2833 1290 2902 quaelibet
1322 2835 1426 2889 alia
1448 2851 1676 2904 persona
1708 2837 2139 2902 iuearneturm’,

561 2926 721 2970 ertmt
747 2921 851 2974 duo
884 2920 977 2976 lil'i
1008 2922 1061 2977 in
1100 2921 1364 2980 Trinitate
1384 2968 1398 2992 ,
1427 2926 1599 2981 Filius
1635 2927 1844 2982 scilicet
1888 2928 1979 2984 Dei
2006 2969 2020 2994 ,
2049 2928 2139 2998 qui

563 3017 620 3060 ct
663 3015 788 3062 ante
832 3010 1265 3068 incarnationem
1303 3014 1472 3071 Filius
1500 3026 1615 3084 est;
1665 3028 1719 3073 et
1765 3019 1882 3084 ille,
1917 3022 2006 3091 qui
2048 3035 2144 3089 per

563 3099 995 3156 incarnationem
1045 3102 1189 3160 ﬁiius
1223 3107 1326 3161 erit
1352 3108 1591 3179 Virginis
1619 3126 1631 3162 :
1667 3110 1850 3165 eterit
1878 3111 1927 3165 in
1958 3126 2142 3180 ρει-ευρ

563 3190 649 3245 nis
669 3232 684 3255 ,
721 3206 840 3262 qua:
873 3207 1088 3265 semper
1115 3198 1351 3266 aequales
1395 3215 1517 3255 esse
1546 3200 1772 3267 debent,
1804 3203 2142 3274 inaequalitas
2168 3173 2213 3234 Ο

563 3281 857 3337 secundum
889 3283 1202 3355 dignitatem
1237 3291 1605 3346 nativitatum.
1647 3291 1957 3362 Digniorem
1991 3311 2143 3349 nam-

561 3385 665 3439 quc
692 3371 1030 3429 nativitatem
1061 3375 1280 3432 habebit
1311 3388 1468 3435 natus
1494 3395 1559 3435 ex
1608 3381 1749 3447 Deo,
1779 3398 1945 3452 quam
1984 3394 2142 3440 natus

561 3477 628 3514 ix
659 3461 899 3531 Virgine.
929 3464 1060 3550 item
1100 3485 1112 3521 :
1142 3469 1187 3523 si
1230 3468 1389 3524 Pater
1419 3470 1582 3526 fuerit
1612 3471 1955 3538 incarnatus,
1985 3484 2145 3530 erunt

562 3555 668 3607 duo
693 3565 913 3622 nepotes
959 3556 1012 3615 in
1043 3558 1338 3637 Trinitate:
1371 3563 1496 3632 quia
1528 3563 1690 3619 Pater
1721 3565 1827 3619 erit
1857 3580 2021 3636 nepos
2052 3583 2142 3637 pa-

562 3655 776 3701 rentqu
802 3645 1042 3718 Virginis
1069 3664 1166 3718 per
1197 3636 1469 3709 hominem
1511 3664 1889 3727 assumptum;
1933 3668 1987 3713 et
2016 3636 2145 3714 Ver-

563 3740 725 3811 bum,
758 3760 887 3799 eum
931 3742 1069 3798 nihil
1115 3744 1313 3800 habeat
1357 3747 1423 3800 de
1470 3748 1718 3813 homine,
1766 3766 1931 3821 nepos
1964 3762 2142 3807 tamen

563 3836 668 3890 erit
697 3835 967 3907 Virginis,
993 3838 1120 3908 quia
1134 3838 1231 3871 ’m
1258 3838 1352 3894 ﬁlii
1376 3838 1493 3908 ejus
1521 3841 1624 3896 erit
1663 3842 1805 3896 ﬁlius
1839 3861 1852 3896 :
1889 3858 2009 3913 quae
2029 3858 2146 3897 om-

564 3927 650 3981 nia
681 3929 1114 3985 inconvenientia
1144 3940 1309 3999 sunt,
1334 3947 1437 3988 nec
1475 3934 1527 3988 in
1574 3934 1952 3990 incarnatione
1983 3934 2143 3992 Verhi

564 4018 906 4089 contingunt.
942 4018 1038 4075 Est
1062 4028 1117 4074 et
1146 4019 1289 4075 aliud
1319 4036 1419 4076 cur
1449 4021 1622 4092 magis
1651 4024 1940 4078 conveniat
1969 4024 2148 4079 incar-

562 4109 682 4164 nari
723 4109 890 4176 Filio,
918 4126 1079 4181 quam
1106 4112 1226 4167 aliis
1251 4114 1500 4182 personis
1531 4132 1543 4167 :
1576 4113 1700 4183 quia
1733 4116 2144 4173 convenientius

563 4209 723 4255 sonat
765 4201 958 4256 Filium
1010 4204 1316 4273 supplicare
1354 4203 1541 4270 Patri,
1574 4220 1736 4272 quam
1768 4207 1927 4262 aliam
1961 4224 2146 4281 perso-

565 4308 690 4346 nam
724 4294 940 4350 alii'i“.
974 4297 1106 4352 Item
1141 4316 1153 4352 :
1208 4297 1411 4366 Homo,
1442 4313 1541 4368 pro
1567 4314 1674 4370 quo
1715 4309 1833 4356 erat
1860 4311 2140 4371 oraturus;

565 4381 843 4453 diabolus,
890 4403 1048 4458 quem
1097 4399 1219 4445 erat
1261 4399 1696 4460 expugnaturus;
1725 4393 1910 4448 'ambo
1954 4394 2142 4452 falsam

2239 539 2480 595 creditur
2499 541 2614 596 '7“.
2647 542 2726 597 Illi
2766 536 2982 612 itaque,
3027 544 3113 597 cui
3162 542 3451 612 specialius
3482 543 3543 599 ﬁt
3601 547 3818 617 injuria,

2239 632 2650 689 convenientius
2674 635 2993 690 attribuitur
3019 635 3198 705 culpa:
3222 634 3462 691 vindicta
3481 677 3495 700 ,
3530 648 3624 693 aut
3652 639 3823 695 indul-

2238 725 2446 797 gentia.
2480 726 2846 798 Quapropter,
2882 742 3004 782 cum
3055 728 3193 782 ratio
3221 742 3321 783 nos
3354 726 3678 786 inevitabilis
3706 746 3825 802 per-

2239 816 2455 872 duxerit
2476 818 2542 872 ad
2573 819 2697 881 hoc,
2729 826 2788 872 ut
2815 803 3042 874 necesse
3078 818 3150 874 sit
3174 819 3419 879 divinam
3451 829 3507 875 et
3536 822 3822 878 humanam

2239 918 2492 963 naturam
2528 909 2583 964 in
2619 925 2783 965 unam
2832 910 3125 966 convenire
3169 924 3458 980 personam
3512 930 3525 966 :
3575 929 3676 969 nec
3727 913 3824 970 hoc

2241 999 2357 1055 ﬁeri
2388 1000 2560 1070 possit
2604 1001 2658 1056 in
2689 1001 2936 1073 pluribus
2975 1003 3224 1073 personis
3251 1001 3381 1069 Dei,
3409 1012 3465 1058 et
3499 1003 3603 1060 hoc
3633 1019 3824 1061 conve-

2241 1094 2483 1150 nientius
2507 1095 2623 1151 ﬁeri
2648 1104 2834 1165 pateat
2857 1096 2910 1151 in
2932 1109 3163 1166 persona
3184 1094 3376 1161 Verbi,
3403 1111 3564 1164 quam
3589 1097 3644 1151 in
3666 1097 3786 1153 aliis
3806 1140 3822 1163 ,

2242 1199 2465 1241 necesse
2493 1195 2578 1240 est
2627 1184 2865 1241 Verbum
2907 1185 3078 1241 Deum
3132 1193 3189 1239 et
3235 1184 3513 1241 hominem
3561 1186 3617 1240 in
3664 1202 3825 1242 unam

2243 1276 2534 1331 convenire
2562 1289 2872 1344 personam.
2912 1274 3038 1330 Bos.
3074 1273 3168 1329 Sic
3197 1283 3281 1329 est
3323 1274 3444 1339 via,
3475 1291 3581 1345 qua
3607 1290 3698 1331 me
3728 1276 3825 1331 du-

2243 1368 2355 1432 cis,
2388 1367 2629 1437 undique
2682 1367 2891 1422 munita
2938 1365 3182 1429 ratione,
3217 1373 3275 1422 ut
3309 1380 3485 1436 neque
3528 1367 3596 1420 ad
3645 1367 3830 1423 dexte-

2243 1473 2386 1523 ram,
2436 1472 2613 1528 neque
2659 1457 2724 1512 ad
2751 1458 3029 1512 sinistram
3062 1456 3275 1511 videam
3310 1471 3396 1512 me
3431 1457 3500 1512 ab
3534 1457 3625 1511 illa
3670 1472 3829 1529 posse

2240 1548 2535 1604 declinare.
2572 1549 2699 1604 Axs.
2730 1548 2847 1603 Non
2878 1561 2980 1619 ego
3017 1556 3071 1603 te
3117 1548 3296 1613 duco;
3338 1548 3434 1603 sed
3467 1548 3557 1603 ille
3577 1588 3593 1613 ,
3624 1549 3693 1604 de
3725 1564 3828 1618 quo

2241 1638 2534 1708 loquimur,
2568 1638 2686 1693 sine
2716 1654 2825 1708 quo
2854 1635 2990 1692 nihil
3031 1650 3358 1706 possumus,
3391 1652 3491 1695 nos
3523 1637 3673 1696 ducit
3713 1637 3829 1693 ubi-

2244 1743 2457 1809 cunque
2484 1728 2628 1784 viam
2661 1728 2907 1783 veritatis
2938 1738 3207 1784 tenemus.

2865 1862 3094 1920 CAPUT
3132 1862 3200 1917 X.

2243 1978 2398 2045 Quod
2418 1979 2555 2032 idem
2582 1978 2737 2030 [tanta
2751 1976 2845 2017 ‘7’“
2867 1991 2972 2029 non
2995 1990 3061 2045 ex
3098 1974 3269 2045 detrito
3306 1973 3565 2028 moriatur
3586 1988 3607 2028 :
3628 1984 3676 2027 et
3705 1988 3840 2045 quos

2313 2049 2467 2101 modo
2496 2048 2660 2116 possit
2686 2046 2768 2116 ivel
2797 2062 2899 2116 non
2921 2044 3081 2116 possit
3100 2043 3197 2116 '_"“‘
3219 2057 3477 2116 peccaret
3506 2052 3554 2095 et
3587 2059 3685 2096 cur
3712 2042 3828 2106 ille,

2314 2118 2389 2171 re!
2415 2112 2632 2185 angelus
2660 2115 2723 2197 de
2752 2132 2847 2169 sua
2860 2114 3072 2184 justitia
3102 2112 3400 2167 laudandus
3433 2112 3499 2169 sit
3517 2129 3536 2176 ;
3563 2127 3681 2166 cum
3713 2128 3828 2183 pec-

2315 2203 2433 2240 care
2455 2202 2560 2240 non
2579 2195 2801 2255 possint.

2314 2297 2442 2352 Axs.
2472 2296 2668 2351 Utrum
2701 2305 2883 2352 autem
2916 2295 3076 2350 homo
3104 2293 3193 2349 ille
3221 2294 3292 2349 sit
3320 2294 3619 2348 moriturus
3646 2309 3715 2347 es
3743 2293 3831 2346 de-

2243 2389 2383 2454 bito,
2436 2388 2578 2443 sicut
2620 2401 2810 2441 omnes
2860 2386 3062 2440 alii'm
3093 2385 3340 2440 homines
3366 2400 3431 2439 ex
3470 2384 3656 2438 debito
3709 2400 3825 2438 mo-

2244 2481 2479 2547 riuntur,
2511 2496 2613 2534 non
2643 2478 3082 2549 investigare’m
3113 2478 3371 2532 debemus
3404 2494 3418 2530 :
3456 2475 3549 2530 sed
3576 2474 3622 2531 si
3659 2475 3841 2529 Adam.

2243 2564 2541 2625 moriturus
2568 2585 2671 2625 non
2697 2585 2847 2634 crat,
2881 2570 2926 2623 si
2955 2585 3060 2623 non
3091 2576 3401 2638 peccasset,
3443 2567 3613 2627 multo
3661 2566 3837 2636 magis

2245 2666 2346 2720 iste
2376 2673 2609 2720 mortem
2631 2663 2743 2733 pati
2768 2678 2873 2718 non
2899 2662 3136 2727 debebit,
3165 2661 3218 2714 iu
3249 2675 3359 2729 quo
3385 2667 3670 2729 peccatum
3706 2673 3827 2714 esse

2244 2774 2349 2812 non
2380 2756 2612 2826 poterit,
2645 2755 2768 2824 quia
2800 2754 2944 2809 Deus
2972 2752 3205 2807 erit‘m.
3237 2751 3363 2808 Bos.
3393 2752 3449 2806 lu
3483 2752 3587 2807 hoc
3628 2752 3756 2807 volo
3782 2760 3835 2806 te

2244 2845 2642 2918 aliquantulum
2671 2844 2904 2909 morari;
2939 2844 3055 2899 sive
3082 2844 3226 2899 enim
3266 2841 3481 2898 dicatur
3506 2854 3698 2911 posse,
3725 2841 3837 2897 sive

2246 2956 2351 2995 non
2384 2953 2546 3010 posse
2577 2951 2840 3008 peccare,
2867 2935 2919 2990 in
2949 2945 3180 3005 utroque
3208 2933 3338 2988 mihi
3382 2948 3490 2988 non
3526 2947 3699 3013 parva
3745 2948 3840 3000 na:

2245 3033 2413 3087 scitur
2439 3031 2697 3102 quaestio.
2738 3029 2874 3084 Nam
2907 3029 2952 3083 si
2984 3042 3091 3083 non
3124 3040 3284 3097 posse
3329 3040 3558 3097 peccare
3607 3025 3835 3089 dicitur,

2244 3122 2462 3179 dilhcile
2489 3122 2641 3178 credi
2680 3121 2880 3177 debere
2903 3119 3120 3174 videtur
3150 3135 3164 3171 :
3199 3127 3259 3172 ut
3291 3116 3550 3174 enim'm
3583 3116 3836 3187 aliquan-

2247 3215 2416 3268 tulum
2445 3213 2636 3283 loquar
2665 3226 2772 3269 non
2802 3210 2963 3280 quasi
3008 3209 3078 3264 de
3120 3207 3242 3274 illo,
3271 3209 3364 3279 qui
3394 3223 3675 3277 nunquam
3726 3206 3850 3262 fue-.

2245 3307 2443 3371 rit’m,
2492 3305 2635 3360 sicut
2678 3304 2946 3358 hactenus
2978 3299 3250 3367 fecimus,
3289 3299 3384 3354 scd
3433 3298 3579 3354 velut
3623 3299 3696 3353 de
3741 3312 3837 3361 eo,

2244 3412 2405 3467 quem
2428 3403 2484 3451 et
2506 3393 2661 3464 cujus
2690 3392 2829 3448 facta
2852 3391 3124 3455 novimus,
3150 3389 3275 3460 quis
3307 3398 3469 3460 neget
3490 3388 3640 3443 illutn
3668 3387 3839 3442 multa

2244 3486 2486 3558 potuisse
2512 3483 2729 3547 facere,
2761 3496 2881 3552 quae
2920 3489 3144 3551 peccata
3192 3477 3457 3534 dicimus?
3485 3477 3734 3548 Quippe,
3783 3488 3843 3532 ut

2244 3578 2347 3637 alia
2382 3585 2626 3640 taceam,
2675 3571 2948 3642 quomodo
2991 3570 3239 3625 dicemus
3283 3584 3405 3624 eum
3454 3583 3559 3623 non
3592 3569 3845 3640 potuisse

2245 3664 2466 3722 mentiri
2501 3681 2515 3717 :
2545 3662 2687 3732 quod
2716 3673 2932 3728 semper
2959 3661 3243 3728 peccatum
3269 3658 3393 3714 est?
3421 3655 3555 3713 Cum
3586 3658 3739 3713 enim
3769 3659 3836 3713 di-

2245 3763 2336 3812 cat
2371 3750 2574 3807 Judaeis
2605 3750 2672 3804 de
2696 3748 2858 3802 Patre
2889 3765 2901 3800 :
2935 3746 2996 3799 Si
3035 3746 3217 3801 dixero
3248 3748 3373 3818 quia
3416 3763 3519 3801 non
3544 3748 3658 3802 scio
3685 3765 3841 3811 eum,

2246 3864 2334 3903 ero
2363 3844 2551 3902 similis
2570 3843 2665 3874 ¹⁷²⁰
2696 3842 2832 3895 vobis
2863 3838 3087 3892 mendax
3126 3840 3308 3910 (Joan.
3340 3856 3470 3907 vm,
3493 3840 3587 3911 55)
3620 3860 3633 3895 :
3663 3854 3723 3898 et.
3760 3844 3845 3898 in-

2249 3947 2330 3993 ter
2357 3939 2470 3992 luce
2499 3936 2662 3991 verba
2690 3934 2836 3988 dicat
2874 3950 2887 3986 :
2940 3952 3043 3990 non
3088 3936 3196 3989 scio
3238 3950 3357 3989 eunt
3390 3947 3409 3985 :
3438 3934 3560 4003 quis
3609 3949 3741 3988 eum
3773 3934 3847 3988 di-

2246 4028 2436 4086 cat"“
2478 4028 2696 4082 easdem
2731 4036 2841 4082 tres
2872 4026 3184 4096 nequivisse
3233 4024 3481 4096 proferre
3526 4024 3805 4080 dictiones
3830 4063 3846 4085 ,

2244 4121 2359 4177 sive
2384 4119 2505 4173 aliis
2541 4118 2749 4183 verbis,
2800 4126 2858 4172 ut
2887 4119 2965 4174 sic
2994 4119 3234 4181 diceret,
3283 4132 3389 4170 non
3419 4115 3527 4170 scio
3565 4115 3859 4169 cunt'm?

2245 4210 2398 4281 Quod
2445 4209 2488 4264 si
2521 4208 2755 4274 faceret,
2790 4216 2848 4261 ut
2894 4207 3007 4278 ipse
3051 4208 3158 4271 ait,
3193 4213 3341 4260 esset
3389 4203 3660 4271 mendax,
3695 4204 3849 4273 quod

2244 4313 2328 4360 est
2381 4317 2502 4359 esse
2551 4310 2915 4371 peccatorem.
2960 4300 3162 4367 Quare,
3207 4298 3466 4368 quoniam
3498 4297 3607 4352 hoc
3632 4296 3853 4367 potuit,

2243 4406 2473 4465 peccare
2526 4391 2720 4460 potuit.
2767 4388 2898 4444 Ans.
2956 4388 3021 4443 Et
3088 4388 3192 4443 hoc
3256 4386 3436 4443 dicere
3502 4387 3721 4455 potuit;
3793 4394 3853 4439 et

564 4471 975 4532 similitudinem
1026 4475 1122 4533 Dei
1163 4494 1261 4549 per
1303 4479 1576 4549 propriam
1626 4482 1959 4539 voluntatem
2008 4501 2144 4555 prae-
2178 4498 2475 4581 I)peccare
2531 4497 2636 4536 non
2678 4480 2907 4559 potuit.
2965 4480 3085 4533 llos.
3145 4477 3254 4533 Hoc
3307 4475 3671 4533 ostende’m.
3709 4476 3850 4531 Axs.

564 4576 931 4634 sumpserant.
964 4568 1116 4625 Unde
1151 4570 1303 4638 quasi
1350 4571 1636 4640 specialius
1665 4573 1928 4638 adversus
1952 4590 2137 4646 perso-
2178 4568 2220 4581 “’
2257 4575 2447 4637 Omnis
2506 4581 2747 4645 potestas
2795 4572 3039 4642 sequitur
3092 4570 3444 4626 voluntatem.
3496 4568 3637 4624 Cum
3696 4569 3853 4625 enim

1864 4770 1951 4826 VA
1960 4770 2097 4827 ῐίῐᾸῧ
2132 4769 2532 4827 LECTIONES.

635 4877 907 4956 '7°°Pin_ge
925 4885 979 4956 et
1006 4876 1122 4956 hic:
1153 4893 1277 4932 mss.
1301 4889 1348 4932 et
1379 4878 1714 4956 Editstiptlt.
1735 4884 1905 4956 pinge
1935 4894 1995 4956 et
2018 4885 2123 4941 hoc
2175 4884 2526 4956 "_’_°‘F(emina
2553 4883 2693 4939 facta
2715 4892 2818 4956 est,
2840 4883 2914 4956 de
2935 4882 3144 4956 virgine
3177 4882 3540 4956 convenitms.
3565 4880 3703 4954 Joly
3740 4884 3853 4941 fc-

563 4948 1429 5029 mina-estdervirgine{convenit
1471 4948 2140 5029 "°'Sed_depicturi_sms_.
2187 4954 2376 5009 Cister.
2419 4955 2678 5029 sedente
2724 4948 2949 5029 picturis
2990 4948 3176 5029 _‘7"ltt
3200 4948 3691 5029 unitatepersonté
3711 4971 3852 5009 mu.

560 5030 606 5073 et
633 5018 777 5089 Edit.
804 5017 959 5074 Goth.
995 5019 1048 5070 in
1081 5018 1342 5089 unitatem
1368 5036 1609 5089 personae
1670 5024 1765 5054 "°‘
1795 5017 2077 5081 Hominis:
2108 5025 2162 5079 in
2192 5041 2316 5078 mss.
2363 5034 2410 5078 et
2434 5024 2577 5077 Edit.
2612 5017 2766 5077 Catii.
2802 5022 3036 5078 hominis
3069 5041 3083 5077 :
3116 5033 3170 5077 et
3198 5023 3250 5076 in
3324 5017 3700 5079 ml“Locutus
3720 5039 3859 5080 sum

560 5105 677 5165 ms._
705 5088 840 5143 Vict.
874 5089 961 5165 l9_.
989 5103 1117 5165 quae
1135 5088 1341 5144 locutus
1360 5106 1539 5165 _5ttnt__
1563 5092 1657 5165 ’ξ’
1685 5092 1796 5165 [loc
1824 5103 1982 5165 tange
2009 5111 2131 5150 mss.
2176 5092 2304 5149 Vict.
2349 5094 2473 5165 [aly
2504 5104 2567 5165 ειΔ
2600 5093 2763 5165 Edit_._
2784 5093 2946 5165 Galli:
2969 5092 3067 5165 hic
3086 5104 3256 5165 tange
3329 5093 3424 5165 "ﬁ"
3450 5091 3623 5165 Debet
3652 5094 3859 5151 incar-

561 5160 833 5232 narimss.
867 5158 1060 5212 debeat
1104 5159 1386 5232 incarnari
1436 5162 1560 5232 7’7"“
1588 5162 1656 5216 Et
1700 5158 1945 5232 Spiritus
1975 5165 2149 5220 sancti
2185 5180 2310 5218 mss.
2337 5158 2485 5217 Gem.
2539 5163 2660 5218 Bec.
2721 5162 2857 5217 Vict.
2906 5162 2970 5217 S.
3016 5158 3326 5232 Miclifaut
3371 5160 3610 5231 Spiritus
3656 5167 3855 5221 sancti

562 5227 656 5261 ’⁷⁸⁸
680 5228 1059 5304 lncarnaretur
1097 5239 1301 5304 insse!
1342 5229 1483 5285 Edit.
1519 5230 1679 5304 Gate.
1709 5227 2020 5304 incarnetttr
2162 5235 2261 5266 ³⁷¹⁰
2308 5233 2582 5304 Virginis,
2622 5233 2747 5303 quia
2786 5250 2884 5287 ms.
2932 5231 3058 5304 Jolg
3106 5233 3361 5302 Virginis,
3413 5227 3510 5304 per
3549 5232 3856 5304 hominem

563 5309 921 5371 assumptum,
948 5301 1073 5367 quia
1147 5299 1564 5371 '“ngersonam
1590 5301 1705 5356 alii.
1741 5303 1870 5357 Item
1902 5320 2001 5358 ms.
2042 5304 2176 5358 Vict.
2210 5303 2295 5361 19.
2331 5299 2654 5371 personam.-
2675 5304 2870 5357 lterum
2945 5299 3041 5371 ’ἷξε
3073 5299 3316 5357 creditur
3342 5299 3439 5356 ms.
3473 5302 3600 5371 1on
3626 5303 3860 5360 dicitur

561 5365 658 5397 ³⁷⁸³
690 5365 1025 5443 ﬂetnqident
1053 5368 1355 5443 νησιωνίοι.
1379 5381 1429 5424 et
1467 5371 1611 5443 ﬁdit.
1642 5370 1800 5443 69th.
1834 5373 1976 5427 idem
2004 5374 2165 5429 homo
2314 5365 2410 5406 "7“
2442 5373 2555 5429 Non
2592 5374 2763 5443 possit
2799 5390 2924 5428 mss.
2965 5369 3095 5426 Vict.
3140 5372 3243 5443 19.
3263 5384 3310 5443 et
3343 5365 3695 5443 Edit.G'oth.
3735 5391 3853 5430 non

561 5438 773 5504 possint
845 5438 938 5469 ’⁷⁸⁸
970 5440 1120 5494 Sicut
1143 5439 1230 5492 alii
1260 5456 1383 5493 mss.
1414 5452 1461 5494 et
1491 5441 1637 5495 Edit.
1665 5439 1823 5496 Gotlt.
1855 5443 1995 5497 sicut
2018 5459 2207 5499 omnes
2235 5443 2325 5499 alii
2402 5445 2494 5477 ³⁷³⁸
2526 5438 2678 5500 Nunc
2712 5444 3039 5512 investigare
3076 5458 3175 5497 ms.
3212 5442 3336 5511 Jon
3364 5457 3470 5497 non
3498 5442 3860 5516 investigare

562 5505 655 5539 ’7"
687 5506 828 5561 Deus
853 5508 957 5561 erit
979 5525 1072 5561 ms.
1116 5508 1251 5562 Vict.
1278 5510 1364 5566 19.
1396 5512 1545 5565 omit.
1573 5512 1696 5565 erit.
1847 5513 1940 5548 ³⁷⁸³
1971 5512 2176 5568 Dicitur
2202 5536 2241 5570 ..ο
2262 5527 2319 5568 ut
2358 5515 2502 5569 enim
2537 5531 2665 5569 mss.
2704 5524 2752 5568 et
2798 5513 2942 5567 Edit.
2988 5510 3143 5567 Galli.
3179 5512 3397 5570 dicitur.
3438 5508 3658 5570 dillieile
3684 5517 3859 5570 credi

917 5525 957 5561 ιι
979 5525 1072 5561 ms.
1121 5525 1251 5562 VtCl.
1278 5525 1364 5566 ιν.
1396 5525 1545 5565 omit.
1573 5525 1696 5565 erit.
1848 5525 1940 5548 '"'
1971 5525 2176 5566 Dicitur
2202 5536 2241 5566 ,δ
2262 5527 2319 5566 ut
2358 5525 2502 5566 enim
2537 5531 2665 5566 mss.
2704 5525 2752 5566 et
2798 5525 2942 5566 ιιάιι.
2988 5525 3143 5566 ιιουι.

562 5517 653 5539 ³⁷η
687 5517 828 5561 Deus
853 5517 957 5561 erit
979 5525 1072 5561 ms.
1120 5517 1251 5562 Vict.
1278 5517 1364 5566 t9.
1396 5517 1545 5565 omit.
1573 5517 1696 5565 erit.
1847 5517 1940 5548 ³⁷⁸³
1971 5517 2176 5568 Dicitur
2202 5536 2241 5580 ,δ
2262 5527 2319 5568 ut
2358 5517 2502 5569 enim
2537 5531 2665 5569 mss.
2704 5524 2752 5568 et
2798 5517 2942 5567 Edit.
2988 5517 3143 5567 Galli.
3179 5517 3397 5575 dicitur,
3438 5517 3658 5570 ditlieile
3684 5517 3859 5570 credi

560 5576 761 5653 debere
789 5577 1020 5653 videtur.
1059 5578 1127 5653 Ut
1156 5580 1299 5653 enim
1329 5582 1487 5653 Af“:
1507 5582 1790 5652 Nunquam
1835 5581 2030 5653 fuisset
2076 5601 2200 5653 mss.
2234 5597 2279 5639 et
2337 5583 2480 5637 Edit.
2514 5582 2670 5638 Colit.
2704 5597 2977 5653 nunquam
3008 5582 3170 5653 fuerit
3240 5583 3335 5614 ’⁷³⁸
3372 5582 3433 5637 Ei
3460 5582 3657 5637 similis
3706 5601 3853 5640 mss.

559 5646 786 5735 ethEdit.
819 5645 1298 5735 Gothzqqmittsei‘
1322 5651 1416 5735 7’“:
1448 5651 1581 5705 Eum
1615 5645 1758 5735 dicat
1784 5669 1911 5735 nias.
1937 5652 2061 5735 Joly
2093 5651 2224 5735 Vict.
2281 5654 2332 5710 5.
2383 5666 2429 5707 ct
2474 5654 2557 5709 l9.
2608 5670 2731 5709 eum
2779 5645 2921 5711 dicet
2995 5654 3090 5685 ²¹¹²⁸
3128 5652 3243 5710 Non
3281 5654 3393 5709 scio
3422 5666 3545 5707 eum
3575 5666 3683 5711 ms.
3713 5655 3869 5735 ,ιρις

560 5718 743 5775 nemo
766 5734 889 5774 eum
964 5718 1058 5750 ²⁷²³
1090 5716 1203 5773 lloc
1220 5721 1443 5776 ostende
1474 5735 1568 5775 ms.
1616 5719 1745 5776 Vict.
1782 5722 1865 5778 l9.
1901 5716 2050 5778 omit:
2093 5723 2193 5781 hoc
