4050 6294
196 373 304 431 ιοςι

1361 368 1499 425 LUR
1543 365 1724 423 DEUS
1762 362 1974 421 HOMO.
2005 396 2076 409 --
2103 364 2230 421 ΜΒ.
2264 364 2326 420 ll.

3359 369 3464 424 4ἰο

197 488 326 545 dico
373 482 499 553 quia
547 485 772 552 possunt
836 479 981 551 loqui
1025 478 1111 535 vel
1156 477 1465 542 ambulare,
1523 476 1777 533 subaudi-
1806 481 1853 538 Α
1883 475 1972 531 ille
2008 476 2242 530 maxime
2277 477 2578 533 laudandus
2607 485 2689 533 est
2729 480 2797 534 de
2830 478 2987 534 bonis
3037 493 3159 547 qua:
3206 479 3369 536 habet
3413 493 3468 536 et

199 585 313 642 tur,
340 575 385 629 si
415 570 557 628 volo.
595 571 653 627 Si
689 572 834 626 enim
872 585 981 626 non
1025 569 1449 639 subintelligitur
1494 569 1777 634 voluntas,

196 682 309 723 non
355 673 441 719 est
483 671 746 733 potestas,
793 663 887 718 sed
933 661 1255 717 necessitas.
1304 660 1436 715 Nam
1491 676 1615 716 cum
1664 661 1785 715 dico

197 758 332 829 quia
376 755 569 812 nolens
611 770 835 824 possum
885 754 1027 811 trahi
1076 764 1171 809 aut
1227 753 1504 818 vinci‘m,
1546 768 1653 808 non
1701 760 1786 808 est

197 846 321 902 hac
359 859 480 899 mea
496 843 595 876 ’7”
635 853 910 912 potestas,
955 842 1050 899 sed
1094 842 1414 907 necessitas,
1452 853 1506 897 et
1548 852 1788 912 potestas

199 936 459 992 alterius.
508 933 716 1005 Quippe
768 950 874 989 non
924 941 1009 989 est
1053 933 1229 995 aliud,
1261 948 1482 1002 possum
1532 933 1671 987 trahi
1702 932 1787 987 vel

195 1029 381 1093 vinei,
415 1042 580 1097 quam
603 1067 620 1091 ,
654 1025 794 1082 alius
839 1040 927 1081 me
967 1027 1186 1081 trahere
1214 1025 1298 1081 vel
1342 1027 1561 1081 vincere
1587 1033 1785 1095 potest.

200 1118 500 1175 PuSsumus
523 1119 708 1187 itaque
727 1118 909 1174 dicere
930 1119 996 1173 de
1018 1116 1260 1182 Christo,
1283 1117 1409 1186 quia
1436 1118 1608 1187 potuit
1636 1132 1788 1171 men.

201 1208 329 1272 tiri,
359 1208 406 1262 si
433 1207 808 1272 subaudiatur,
853 1208 899 1261 si
945 1207 1148 1265 vellet:
1180 1217 1234 1261 et
1271 1207 1526 1276 quoniam
1571 1206 1789 1261 mentiri

200 1312 310 1353 non
346 1297 519 1366 potuit
545 1297 889 1362 nulensﬁnec
912 1298 1086 1367 potuit
1115 1298 1251 1353 velle
1279 1298 1528 1363 mentiri;
1559 1313 1662 1352 non
1687 1298 1791 1351 mi-

200 1390 419 1445 nus'i“
464 1390 571 1446 dici
613 1399 792 1459 potest
820 1390 1129 1459 nequivisse
1179 1391 1422 1445 mentiri.
1473 1391 1565 1446 Sic
1609 1392 1791 1461 itaque

200 1483 410 1552 potuit,
445 1491 500 1536 et
531 1496 637 1537 non
676 1481 852 1551 potuit
880 1481 1119 1536 mentiri.
1156 1481 1280 1537 Bos.
1320 1481 1475 1537 Nunc
1507 1482 1792 1536 redeamus

203 1572 273 1627 ad
312 1572 754 1639 investigandum
799 1571 866 1625 de
911 1570 1004 1626 illo
1049 1571 1204 1639 quasi
1250 1572 1487 1628 nondum
1518 1571 1618 1638 sit,
1650 1570 1794 1626 sicut

201 1664 553 1734 inempimus.
588 1663 720 1719 Dico
752 1663 939 1735 igitur,
984 1664 1028 1718 si
1069 1679 1301 1733 peccare
1323 1681 1430 1720 non
1462 1664 1789 1734 poterit'm,

203 1757 332 1824 quia
354 1755 501 1810 sicut
530 1754 699 1821 dicis,
749 1770 855 1810 non
905 1755 1106 1824 poterit
1144 1755 1309 1819 velle;
1355 1772 1423 1812 ea
1468 1756 1794 1813 necessitate

1885 576 2098 630 servat,
2126 581 2231 619 non
2265 567 2367 620 ulla
2406 565 2761 632 necessitate;
2791 567 2884 622 sed
2906 609 2920 632 ,
2950 568 3093 623 sicut
3122 582 3283 636 supra
3315 570 3424 624 dixi
3449 612 3464 637 ,

1884 659 2100 727 propria
2145 667 2200 712 et
2238 669 2438 712 aeterna
2488 657 2945 713 itntnutabilitate.
2998 657 3089 713 Sic
3135 674 3262 729 ergo
3305 659 3468 715 homo

1887 734 1998 814 ille,
2025 751 2116 819 qui
2144 750 2284 804 idem
2311 749 2425 818 ipse
2454 750 2595 803 Dens
2624 751 2751 810 erit.
2778 751 3033 819 quoniam
3071 766 3231 806 omne
3263 751 3463 808 bonum

1886 842 2027 913 quod
2073 842 2186 911 ipse
2214 841 2463 905 habebit,
2492 857 2521 895 a
2563 855 2621 895 se
2660 842 2913 908 habebit,
2959 857 3063 897 non
3113 844 3467 910 necessitate,

1888 935 1981 993 sed
2011 934 2390 997 libertate’m,
2420 942 2475 987 et
2506 948 2535 986 a
2566 933 2746 1003 seipso
2786 931 2997 1001 justus,
3026 943 3080 988 et
3123 935 3326 989 idcirco
3351 934 3470 988 lau-

1888 1026 2096 1082 dandus
2120 1026 2244 1081 erit.
2273 1024 2532 1092 Quamvis
2557 1024 2700 1079 enim
2724 1012 2960 1079 humana
2992 1034 3185 1080 natura
3225 1043 3254 1079 a
3287 1026 3472 1081 divina

1888 1120 2086 1175 habeat
2131 1118 2273 1188 quod
2324 1117 2577 1183 habebit,
2629 1116 2770 1172 idem
2825 1126 3004 1170 tamen
3053 1117 3169 1186 ipse
3220 1132 3250 1169 a
3297 1118 3472 1186 seipso

1890 1208 2167 1280 (quoniam
2215 1208 2335 1260 dum
2369 1217 2579 1259 natura:
2615 1220 2721 1259 una
2749 1219 2979 1274 persona
3021 1205 3202 1273 erunt)
3234 1204 3474 1260 habebit.

1889 1300 2012 1354 Bos.
2047 1297 2371 1353 Satisfecisti
2402 1297 2531 1351 mihi
2580 1312 2644 1351 ex
2677 1297 2809 1361 hoc;
2841 1304 2896 1350 et
2941 1304 3126 1365 aperte
3159 1296 3314 1349 video
3345 1294 3473 1361 quia

1889 1399 1943 1446 et
1964 1403 2193 1459 peccare
2223 1403 2328 1443 non
2362 1388 2595 1458 poterit;
2625 1397 2680 1442 et
2711 1396 2891 1442 tamen
2932 1384 3238 1440 laudandus
3278 1385 3383 1439 erit
3408 1385 3476 1439 de

1885 1482 2097 1555 justitia
2139 1496 2257 1537 sua.
2313 1478 2418 1535 Sed
2466 1493 2610 1534 nunc
2656 1478 3005 1549 quaerendum
3056 1478 3296 1539 mstimo;
3354 1491 3476 1529 cum

1892 1573 2036 1627 Deus
2062 1571 2221 1627 talem
2251 1569 2543 1640 posset'm
2573 1568 2750 1623 facere
2787 1568 3061 1623 hominem
3084 1606 3100 1633 ,
3130 1582 3227 1621 cur
3260 1581 3363 1620 non
3400 1575 3483 1618 ta-

1893 1665 1971 1720 les
1996 1664 2125 1719 fecit
2155 1662 2375 1730 angelos
2401 1670 2454 1715 et
2484 1661 2619 1716 duos
2641 1659 2848 1729 primos
2876 1658 3128 1713 homines
3148 1696 3162 1721 ,
3194 1666 3254 1710 ut
3277 1654 3480 1723 isimili—
3517 1729 3521 1738 ι

1896 1765 2076 1813 ιρι-ἐι
2119 1769 2351 1826 peccare
2396 1769 2501 1809 non
2547 1760 2800 1824 possent,
2830 1757 2885 1803 et
2913 1750 2978 1803 de
2998 1748 3207 1816 justitia
3241 1762 3335 1800 sua
3364 1745 3482 1799 Ian-

202 1844 447 1904 servabit
481 1846 757 1916 justitiam
788 1864 803 1901 :
850 1861 1022 1917 quare
1050 1862 1157 1902 non
1184 1862 1252 1903 ex
1297 1848 1550 1904 libertate
1573 1847 1788 1904 arbitrii
1823 1825 1865 1887 Β
1894 1847 2056 1902 dandi
2081 1846 2304 1901 essent?
2333 1844 2460 1898 Ans.
2496 1842 2756 1911 lntelligis
2790 1854 2909 1909 quae
2934 1836 3213 1892 dicis'm?
3240 1834 3362 1890 Bos.
3388 1832 3482 1887 Vi-

202 1933 381 2009 jnstus
424 1935 557 1989 erit.
602 1934 733 2002 Qua:
765 1934 929 2006 igitur
957 1935 1131 2003 gratia
1179 1936 1255 1991 illi
1300 1950 1397 2006 pre
1431 1935 1644 2005 iustitia
1691 1951 1791 1992 sua

204 2023 525 2079 debebitur?
573 2021 825 2078 Solemus
873 2037 1112 2093 namque
1139 2024 1322 2081 dicere
1365 2024 1536 2081 Deum
1591 2025 1796 2082 idcirco

204 2116 400 2173 fecisse
425 2115 683 2186 angelum
709 2125 765 2172 et
792 2117 1066 2175 hominem
1103 2117 1237 2174 tales
1282 2119 1373 2188 qui
1406 2133 1637 2188 peccare
1671 2134 1797 2190 pos-

205 2213 356 2271 sent;
387 2215 677 2274 quatenus
705 2220 828 2262 cum
860 2216 1082 2277 possent
1126 2209 1377 2265 deserere
1411 2207 1716 2276 justitiam,
1742 2219 1798 2266 et

206 2312 270 2353 ex
302 2298 562 2353 libertate
601 2296 812 2353 arbitrii
856 2309 1172 2364 servarent,
1203 2300 1435 2369 gratiam
1483 2308 1539 2355 et
1580 2300 1792 2356 laudem

209 2397 579 2453 mererentur,
631 2403 753 2457 qua:
796 2387 934 2449 illis,
966 2388 1011 2444 si
1057 2389 1386 2447 necessitate
1420 2389 1553 2458 justi
1582 2402 1796 2458 essent,

210 2495 314 2535 non
342 2480 699 2537 deberentur.
726 2479 857 2536 Ans.
890 2479 1081 2535 Nonne
1110 2480 1286 2551 angeli
1304 2521 1319 2546 ,
1345 2481 1437 2551 qui
1483 2482 1646 2538 modo
1673 2498 1799 2552 pec-

211 2584 335 2625 care
375 2577 694 2639 nequeunt,
742 2568 999 2625 laudandi
1047 2578 1193 2624 sunt.
1231 2569 1357 2625 Bos.
1406 2568 1548 2625 Sunt
1585 2570 1800 2640 utique;

213 2660 338 2738 quia
376 2660 485 2714 hoc
507 2699 523 2724 ,
555 2660 700 2728 quod
744 2660 907 2714 modo
939 2674 1044 2714 non
1077 2673 1337 2731 possunt,
1368 2670 1686 2716 meruerunt
1709 2677 1806 2732 per

215 2753 314 2807 hoc
343 2750 492 2820 quod
524 2758 820 2820 potuerunt
846 2759 903 2806 et
929 2750 1237 2806 noluerunt.
1264 2752 1393 2807 Aus.
1422 2751 1558 2818 Quid
1585 2752 1721 2808 dicis
1742 2753 1807 2807 de

215 2841 339 2904 Deo,
364 2839 463 2910 qui
487 2855 715 2910 peccare
744 2855 850 2895 non
876 2849 1052 2910 potest
1078 2859 1092 2894 :
1120 2854 1219 2896 nec
1242 2842 1347 2897 hoc
1374 2841 1573 2897 meruit
1599 2856 1694 2910 per
1714 2856 1809 2911 po-

214 2940 470 2987 testatem
496 2931 776 3001 peccandi,
798 2946 904 3000 qua
928 2947 1032 2986 non
1060 2931 1301 3000 peccavit
1331 2951 1343 2986 :
1379 2947 1557 2988 nonne
1583 2932 1804 2987 laudan-

216 3022 314 3077 dus
338 3032 430 3076 est
458 3037 557 3092 pro
573 3020 782 3091 iustitia
807 3022 938 3078 sua?
965 3021 1090 3078 Bos.
1124 3021 1221 3077 Hic
1251 3023 1369 3078 volo
1399 3031 1456 3076 ut
1483 3022 1809 3092 respondeas

216 3128 311 3183 pro
336 3104 427 3168 ine
460 3130 473 3167 :
508 3129 630 3167 nam
660 3114 705 3168 si
741 3112 863 3168 dico
890 3127 1012 3168 eum
1037 3128 1143 3168 non
1164 3129 1284 3170 esse
1312 3114 1662 3179 laudandum,
1692 3114 1808 3169 scio

1896 1940 2030 1995 deor
2055 1938 2186 1992 mihi
2214 1936 2519 2006 intelligere
2537 1975 2550 1999 ,
2578 1945 2632 1988 et
2662 1933 2867 1987 idcirco
2897 1944 3082 2001 quam
3107 1944 3207 1982 cur
3226 1940 3321 1983 eos
3347 1925 3482 1980 tales

1895 2045 2003 2087 non
2041 2028 2204 2085 fecit?
2249 2028 2382 2082 Ans.
2437 2024 2703 2092 Quoniam
2751 2037 2853 2077 nec
2899 2022 3108 2092 potuit,
3153 2034 3253 2074 nec
3299 2017 3484 2072 debuit

1898 2120 2014 2176 ﬁeri
2044 2129 2101 2176 ut
2130 2119 2242 2191 9o
2269 2116 2640 2187 unusquisque
2656 2112 2750 2146 ³⁷³⁸
2791 2126 2977 2167 eorum
3006 2117 3149 2165 esset
3199 2107 3340 2161 idem
3369 2105 3484 2172 ipse

1899 2215 1991 2284 qui
2024 2216 2199 2277 Deus,
2227 2212 2370 2267 sicut
2412 2212 2478 2263 de
2493 2207 2587 2240 ⁸⁷³⁸
2615 2204 2835 2261 homine
2884 2203 2989 2257 isto
3035 2201 3264 2256 dicimus
3293 2211 3308 2251 :
3341 2205 3397 2251 et
3440 2192 3488 2249 si

1902 2304 2105 2374 qmeris
2141 2318 2240 2357 cur
2272 2316 2379 2355 non
2417 2299 2484 2353 de
2521 2309 2601 2353 ιοι
2640 2294 2877 2366 ιιιιοι²¹¹³⁶
2906 2302 3033 2349 sunt
3075 2304 3321 2363 persona:
3359 2287 3486 2353 Dei,

1904 2393 1987 2449 vel
2013 2392 2209 2448 saltem
2241 2390 2308 2445 de
2342 2402 2450 2442 uno
2478 2387 2584 2442 hoc
2613 2383 2773 2451 fecit,
2811 2380 3114 2453 respondeo
3143 2396 3157 2433 :
3193 2376 3316 2448 quia
3343 2376 3485 2431 ratio

1904 2497 2032 2541 tunc
2062 2483 2179 2538 fieri
2211 2463 2520 2535 nullatenus
2536 2480 2640 2531 hoc
2662 2474 2937 2544 exigebat,
2968 2473 3062 2528 sed
3090 2470 3310 2526 omnino
3342 2465 3488 2536 (quia

1905 2578 2048 2631 Deus
2077 2571 2211 2628 nihil
2240 2573 2358 2627 sine
2390 2570 2601 2625 ratione
2632 2567 2785 2635 facit)
2819 2562 3165 2635 prohibebat.
3200 2556 3323 2615 Bos.
3356 2556 3491 2611 Eru-

1904 2668 2070 2723 besco
2098 2665 2224 2734 quia
2253 2664 2356 2719 hoc
2382 2661 2606 2733 (ιιιωείνί
2638 2675 2654 2712 :
2682 2656 2769 2712 die
2802 2655 3028 2726 qum'm
3073 2653 3317 2708 dicturus
3345 2662 3488 2704 eras.

1906 2758 2036 2814 Ans.
2067 2758 2318 2811 Dicamus
2353 2767 2483 2824 ergo
2509 2752 2636 2821 quia
2669 2748 2810 2803 mori
2835 2762 2941 2801 non
2965 2744 3211 2805 debebit,
3236 2739 3492 2812 quoniam

1909 2865 2015 2905 non
2046 2848 2151 2904 erit
2180 2855 2453 2918 peccator.
2485 2844 2610 2898 Bos.
2637 2841 2949 2896 Concedere
2992 2851 3078 2891 me
3106 2839 3342 2904 oportet.

2520 2952 2748 3011 CAPUT
2787 2951 2879 3006 XI.

1915 3049 2069 3117 Quod
2120 3050 2381 3102 moriatur
2405 3064 2468 3100 ea:
2506 3058 2603 3099 sua
2654 3052 2959 3117 potestate:
2994 3049 3038 3117 et
3082 3037 3220 3117 quod
3258 3031 3497 3089 mortali-

1984 3120 2173 3174 tas’m
2197 3122 2299 3172 non
2320 3119 2574 3187 pertineat
2598 3109 2666 3167 ad
2689 3129 2874 3182 purum
2897 3109 3121 3163 hominis
3154 3117 3420 3160 naturam.

216 3219 302 3260 me
327 3205 572 3263 mentiti.
617 3204 674 3261 Si
716 3212 895 3259 autem
919 3203 1042 3259 dico
1065 3203 1421 3272 laudandum,
1451 3208 1613 3262 timeo
1662 3178 1881 3262 inﬂroc
1987 3213 2111 3265 Axs.
2160 3178 2534 3263 Nunc'antem
2585 3178 2752 3259 rest-at
2802 3202 3061 3271 indagare
3109 3207 3287 3252 utrum
3327 3193 3502 3264 possit

218 3310 369 3350 mare
399 3295 670 3351 rationem
683 3295 804 3361 πη,
838 3308 999 3363 quam
1023 3294 1131 3349 dixi
1152 3295 1218 3350 de
1232 3295 1597 3365 angelis.ANs.
1622 3294 1810 3365 Angeli

218 3401 322 3440 non
347 3395 480 3441 sunt
502 3386 754 3443 laudandi
777 3386 844 3441 de
858 3386 1068 3456 justitia
1091 3401 1210 3451 sua,
1236 3388 1361 3457 quia
1388 3402 1611 3457 peccare
1624 3397 1814 3457 potuc-

221 3487 378 3543 runt;
397 3482 493 3533 sed
510 3479 634 3549 quia
648 3493 746 3548 per
772 3480 875 3534 hcc
900 3474 1299 3549 quodammodo
1319 3495 1351 3534 a
1373 3493 1431 3534 se
1455 3479 1653 3535 habent
1670 3480 1814 3549 quod

220 3584 460 3639 peccare
485 3578 760 3639 nequeunt
791 3588 806 3625 :
835 3570 889 3626 in
915 3586 1024 3641 quo
1072 3571 1414 3640 aliquatenus
1450 3570 1654 3628 similes
1688 3581 1814 3628 sunt

224 3656 373 3720 Deo,
419 3658 515 3727 qui
561 3673 592 3712 a
620 3674 682 3715 se
709 3659 873 3715 habet
902 3659 1179 3730 quidquid
1221 3658 1402 3715 habet.
1433 3660 1643 3716 Dicitur
1669 3662 1813 3716 enim

224 3747 358 3803 dare
399 3749 640 3818 aliquid,
674 3751 768 3821 qui
812 3766 918 3807 non
950 3749 1238 3806 aul'ert’m
1266 3751 1485 3821 quando
1522 3760 1731 3822 potest;
1761 3761 1815 3807 et

222 3838 413 3894 facere
437 3853 562 3894 esse
597 3839 830 3909 aliquid,
860 3841 953 3912 qui
992 3857 1114 3897 cum
1144 3842 1318 3914 possit
1353 3842 1588 3912 idipsum
1634 3842 1815 3900 facere

222 3943 335 3983 non
366 3943 521 3994 esse,
550 3945 658 3985 non
689 3928 842 3987 facit.
878 3931 970 3987 Sic
1011 3932 1197 4002 itaque
1238 3949 1362 3989 cum
1393 3932 1616 4003 angelus
1644 3936 1818 4004 potuit

222 4018 451 4075 auferre
484 4020 593 4076 sibi
613 4019 912 4089 justitiam,
956 4030 1010 4077 et
1041 4038 1148 4095 ItOp
1175 4023 1428 4091 abstulit;
1457 4035 1514 4082 et
1543 4026 1726 4081 facere
1757 4040 1817 4081 se

225 4129 341 4168 non
369 4128 493 4170 esse
516 4111 723 4183 justum
743 4154 759 4181 ,
790 4123 849 4170 et
892 4129 999 4170 non
1039 4114 1197 4182 fecit;
1230 4122 1378 4172 recte
1409 4116 1673 4174 asseritur
1702 4118 1818 4187 ipse

226 4202 339 4257 sibi
358 4203 587 4258 ‘dedisse
620 4203 916 4274 justitiam,
968 4211 1023 4259 et
1067 4204 1305 4275 seipsum
1343 4203 1549 4272 justum
1599 4205 1818 4263 fecisse.

226 4292 355 4349 lloc
380 4292 543 4364 igitur
584 4295 745 4352 modo
773 4296 938 4351 habet
965 4311 996 4350 a
1026 4294 1369 4365 sejustitiam
1396 4298 1543 4369 (quia
1569 4306 1819 4357 creatura

225 4400 365 4441 eam
393 4385 545 4441 aliter
567 4401 598 4441 a
620 4401 681 4443 se
705 4387 907 4444 habere
933 4388 1142 4459 nequit)
1168 4407 1182 4443 :
1207 4397 1260 4445 et
1293 4388 1495 4446 idcirco
1521 4389 1820 4446 laudandus

226 4484 324 4529 est
361 4473 428 4528 de
450 4490 543 4530 sua
559 4476 796 4541 justitia.
821 4492 920 4533 nec
943 4478 1266 4534 necessitate
1283 4478 1404 4546 ’7“,
1437 4480 1530 4536 sed
1571 4479 1820 4536 libertate

222 4565 417 4628 iustus
443 4576 573 4621 est:
620 4568 747 4639 quia
795 4569 1089 4640 improprie
1130 4571 1328 4626 dicitur
1357 4572 1694 4639 necessitas,
1732 4572 1820 4628 ubi

224 4672 345 4713 nee
385 4659 599 4721 coactio
647 4660 754 4714 ulla
801 4671 910 4728 est,
964 4678 1064 4719 nec
1111 4663 1425 4733 prohibitio.
1482 4663 1824 4736 Quapropter

224 4751 494 4819 quoniam
526 4752 668 4809 Deus
695 4752 937 4822 perfecte
981 4754 1145 4810 habet
1183 4770 1213 4810 a
1240 4771 1299 4812 se
1323 4757 1584 4835 quidquid
1624 4756 1819 4822 habet;

1911 3301 2047 3358 mori
2076 3300 2373 3354 secundum
2405 3299 2696 3351 humanam
2724 3301 2977 3349 naturam
3007 3309 3019 3343 :
3047 3303 3171 3343 nam
3197 3285 3498 3342 secundum

1912 3391 2152 3446 divinam
2199 3386 2625 3458 incorruptibilis
2673 3399 2887 3454 semper
2920 3382 3045 3437 erit.
3098 3381 3218 3434 Bos.
3271 3378 3348 3432 De
3396 3377 3501 3432 hoc

1913 3480 2117 3537 curm”
2163 3479 2417 3532 dubitare
2463 3477 2722 3531 debemus
2739 3493 2757 3540 ,-
2808 3489 2930 3528 cum
2984 3472 3097 3542 ipse
3136 3479 3295 3525 vetus
3339 3469 3502 3523 homo

1913 3572 2130 3626 futurus
2160 3570 2230 3625 sit
2254 3578 2349 3634 ,σθι
2375 3568 2555 3622 omnis
2582 3566 2745 3620 homo
2772 3562 3090 3619 naturaliter
3119 3558 3366 3616 mortalis
3396 3556 3502 3611 sit?

1913 3661 2044 3716 Axs.
2074 3658 2191 3715 Non
2225 3667 2354 3729 puto
2386 3655 2776 3711 mortalitatem
2805 3654 2871 3708 ad
2898 3666 3124 3723 puram,
3157 3644 3249 3705 sed
3281 3647 3348 3702 ad
3378 3662 3502 3702 cor-

1915 3760 2131 3821 ruptam
2161 3750 2400 3804 hominis
2429 3756 2681 3802 natnram
2718 3745 3009 3816 pertinere.
3044 3741 3252 3811 Quippe
3285 3739 3331 3794 si
3362 3753 3503 3792 nun.—

1915 3857 2077 3913 qnam
2110 3849 2393 3912 peccasset
2438 3840 2633 3906 homo,
2677 3846 2733 3891 et
2783 3834 3166 3891 immortalitas
3207 3832 3378 3902 ipsius
3407 3829 3504 3882 im-

1918 3929 2250 3985 mutabiliter
2272 3930 2483 3983 lirmata
2505 3924 2783 3989 esset'm;
2810 3939 2916 3979 non
2940 3933 3121 3978 tamen
3144 3921 3323 3975 minus
3343 3919 3511 3972 homo
3582 3918 3590 3933 ’

1917 4031 2065 4078 esset
2086 4034 2250 4075 verus
2276 4038 2291 4074 :
2315 4029 2367 4073 et
2395 4019 2613 4089 quando
2636 4015 2895 4072 mortales
2918 4015 2970 4069 in
2994 4008 3510 4080 incorruptibilitate

1922 4119 2243 4181 resurgant,
2277 4126 2384 4166 non
2421 4110 2601 4164 minus
2629 4116 2789 4163 erunt
2832 4107 2948 4161 veri
2993 4104 3238 4159 homines
3272 4114 3435 4155 :nam
3462 4099 3511 4153 si

1919 4204 2218 4275 pertineret
2238 4202 2309 4258 ad
2330 4201 2616 4256 veritatem
2643 4199 2907 4252 humanm.
2942 4200 3151 4250 natura!
3182 4189 3511 4256 mortalitas,

1920 4311 2260 4367 nequaquam
2293 4301 2474 4366 posset
2498 4305 2620 4348 esse
2648 4292 2833 4357 homo,
2863 4288 2953 4360 qui
2985 4296 3130 4342 esset
3158 4280 3507 4339 immortalis:

1923 4406 2031 4446 non
2079 4402 2210 4459 ergo
2242 4388 2484 4458 pertinet
2513 4386 2581 4440 ad
2629 4383 3001 4439 sinceritatem
3032 4381 3283 4434 humana:
3310 4381 3513 4428 natura:

1928 4479 2384 4550 corruptibilitas,
2453 4477 2571 4533 sive
2636 4471 3122 4544 incorruptibilitas
3191 4486 3203 4523 :
3258 4465 3513 4538 quoniam

1931 4581 2118 4628 neutra
2152 4570 2284 4625 facit
2324 4579 2419 4624 aut
2447 4567 2681 4623 destruit
2712 4565 3023 4628 hominem;
3052 4562 3145 4618 sed
3177 4560 3344 4614 altera
3372 4556 3515 4609 valet

1928 4664 1994 4719 ad
2019 4662 2137 4732 ejus
2169 4661 2461 4725 miseriam,
2479 4659 2650 4715 altera
2678 4657 2747 4713 ad
2769 4656 3186 4714 beatitudinem.
3217 4651 3346 4716 Sed,
3381 4664 3517 4719 quo-

1928 4753 2071 4808 niam
2104 4752 2283 4809 uullus
2328 4752 2492 4807 homo
2520 4758 2637 4815 est,
2667 4747 2760 4819 qui
2797 4762 2904 4802 non
2961 4746 3223 4801 moriatur
3254 4758 3269 4796 :
3316 4739 3517 4795 idcirco

1530 4907 1620 4963 VA
1629 4908 1767 4963 [{le
1808 4907 2212 4963 LECTIONES.

307 5054 410 5086 ’κδ
438 5052 603 5108 Trahi
657 5061 715 5108 et
769 5052 909 5106 vinci
978 5068 1106 5106 mss.
1152 5062 1201 5105 et
1277 5050 1419 5106 Edit.
1482 5050 1640 5106 Goth.
1718 5035 2249 5119 trahihautvmcii
2351 5043 2612 5119 Ῐτιε-Νοῃ
2642 5050 2745 5119 est,
2810 5056 2918 5119 nec
2965 5053 3082 5093 mea
3114 5042 3337 5119 urguet
3365 5033 3519 5119 gilii;

226 5125 403 5179 Galli.
445 5102 1211 5179 idfesilueedieawvﬁ
1234 5102 1925 5189 Necuniinvuswntss;Vict.
1978 5102 2056 5173 ὅ(
2094 5128 2141 5172 et
2174 5118 2281 5189 _l9.
2341 5116 2399 5189 S_.
2434 5115 2620 5189 _Mich.
2675 5102 2821 5189 gent.
2873 5111 3027 5189 Bac."
3051 5120 3101 5189 et
3158 5104 3309 5189 Egit:
3360 5102 3522 5161 Goth.

223 5174 681 5257 ﬁtfniiiihsw
711 5174 1091 5248 "’ml’eccare
1155 5174 1685 5263 nionrvpotuitqmss.
1761 5188 1889 5244 Vict.
1943 5189 2102 5263 _(_.‘_em.
2140 5187 2304 5263 [fect
2351 5185 2478 5263 {aly
2661 5182 2824 5263 dtuli.
2864 5190 2929 5263 et
2978 5176 3124 5263 Erit“.
3184 5174 3337 5263 [6‘9th
3395 5189 3521 5263 pec:

225 5244 391 5321 25%;.
414 5244 592 5318 '66s"
610 5264 826 5334 poterit,
861 5244 879 5247 ἡ
905 5244 1087 5334 F’i’iv
1111 5244 1431 5334 Inlirmarre:
1452 5244 1721 5334 rationem
1782 5276 1882 5334 ms.
1943 5257 2081 5334 Vict.
2132 5244 2557 5334 l9._i_inliru't'ari
2619 5252 2883 5334 rationem
3029 5248 3153 5334 mf“
3182 5244 3513 5334 QttqtiL-ltou

232 5314 591 5393 Gratias.
611 5314 942 5403 Ἧὶἱξζιοιυ,
963 5314 1347 5389 ϐεηιξῦὲίίέι
1370 5314 1523 5387 iEdit.
1551 5314 1708 5386 Goth.
1731 5330 1823 5399 qui
1840 5345 1957 5403 Anon
1981 5314 2186 5403 aufert
2233 5329 2328 5362 ’⁷³⁸
2357 5328 2426 5383 Ει
2444 5339 2550 5403 non
2573 5323 2901 5403 peccssitate
2928 5336 3053 5403 mss.
3094 5316 3235 5403 Vict;
3269 5314 3525 5403 Jolyrrtec

224 5383 591 5462 Eéééééiiﬁé'
642 5383 1704 5459 "—7?"Sedvvolunt'ate'etlibertatein“.
1744 5383 1995 5461 omittunt
2022 5383 2302 5454 voluntate
2323 5406 2378 5453 et
2448 5396 2543 5466 '7’?
2573 5390 2757 5446 Talem
2790 5400 2971 5466 posset
2999 5405 3124 5443 mss.
3193 5384 3342 5466 Geni.
3367 5383 3520 5466 pec.

235 5454 634 5547 21361;,
665 5454 1705 5547 talem'possitf“Silium—dicas?uta.
1735 5469 1862 5547 {on
1883 5460 2004 5547 quae
2024 5471 2222 5547 dicis}
2276 5468 2393 5547 ’7’:
2405 5465 2569 5547 Fieri.
2621 5472 2682 5545 ut
2707 5454 3078 5547 unusqqisqne
3103 5475 3202 5547 tua.
3234 5455 3358 5547 {etp

230 5529 642 5615 Unusquisque
715 5544 811 5576 ⁸⁷⁸⁵
840 5529 983 5600 Deus
1011 5544 1159 5615 sicut
1181 5529 1374 5615 denu.
1397 5541 1523 5615 July
1556 5542 1718 5615 Deus.
1748 5529 1916 5598 Nunc.
1936 5542 2122 5615 deme.
2158 5540 2295 5615 Vict.
2329 5538 2418 5593 l9.
2448 5537 2589 5615 Deus
2608 5535 2687 5589 sic
2706 5533 2773 5586 dc
2988 5529 3077 5615 vel
3101 5537 3519 5615 lui-tllit‘ll‘ltuf:

224 5596 661 5674 ἂεὶιῖιῖὀῦῐιῖ.
684 5616 752 5672 de
784 5596 865 5671 tot
893 5596 1033 5684 £1?th
1043 5596 1319 5670 "’V'i'irDie
1336 5596 1642 5684 quadrum.
1663 5596 1897 5684 diequze
1963 5612 2059 5684 7",“
2085 5611 2265 5684 Quod
2277 5607 2586 5684 mortalitas
2632 5619 2758 5658 mss.
2817 5600 3049 5684 Vict...“
3093 5596 3525 5684 ξξάξιίϐηοιιιιςι

433 5669 744 5743 mortalitas
791 5669 1017 5744 757V”'De
1047 5684 1151 5744 hoc
1168 5700 1267 5744 cur
1296 5669 1420 5742 mis.
1452 5680 1588 5743 Yict.
1626 5682 1711 5741 l9.
1737 5669 1806 5740 dé
1834 5682 1936 5742 hoc
1963 5683 2053 5739 hic
2096 5669 2219 5715 ‘7”
2249 5680 2431 5737 Firma
2458 5684 2606 5733 esset
2635 5690 2757 5732 mu.
2801 5682 2849 5729 et
2897 5669 3037 5761 Edit.
3092 5669 3251 5725 Cum.
3310 5669 3527 5737 tit-mata

225 5769 373 5809 esse
3322 5782 3329 5789 -

224 5769 398 5819 esset
3322 5782 3329 5789 .

1718 5049 1862 5104 trahi
1880 5035 1901 5040 θ
1924 5036 2027 5103 aut
2077 5046 2217 5102 vinci
