4050 6294
208 341 304 399 613

778 452 1004 509 CAPUT
1042 451 1179 506 XIII.

210 565 353 633 Quod
415 579 534 617 cum
564 561 683 616 aliis
721 561 1114 683 inﬁrmitqtillt’us
1155 560 1346 613 nostris
1416 558 1772 628 ignorantiam

810 648 915 683 non
969 649 1019 683 ια
1056 640 1159 683 ent.

810 648 915 685 non
952 640 1159 683 habent.

266 727 386 780 Bos.
415 722 617 780 Verum
646 722 698 777 in
730 721 829 775 hac
860 720 1234 784 similitudine,
1274 733 1433 788 quam
1460 718 1661 773 habere
1684 717 1776 771 de-

205 820 287 873 bet
318 832 444 871 cum
473 814 783 869 hominibus
804 852 819 875 ,
844 812 932 867 dic
960 820 1139 866 utrum
1168 809 1528 880 ignorantiam
1561 823 1770 878 quoque

207 909 305 971 ’⁷⁸⁶,
342 907 485 960 sient
512 905 649 959 alias
681 903 1023 958 inﬁrmitates
1050 914 1284 962 nostras.
1331 902 1612 955 habiturus
1671 902 1776 955 sit?

208 998 317 1051 Aris.
349 995 493 1061 Quid
524 994 746 1049 dubitas
777 993 844 1048 de
884 994 1014 1059 Deo,
1045 1002 1224 1047 utrum
1253 992 1326 1047 sit
1350 993 1531 1047 omnia
1558 992 1773 1047 sciens?

204 1088 315 1142 Bos.
342 1087 478 1153 Quia
510 1087 758 1155 quamvis
780 1086 849 1139 sit
878 1085 1201 1140 immortalis
1229 1085 1441 1140 futurus
1485 1097 1551 1138 ex
1593 1086 1773 1141 divina

205 1188 405 1241 natura,
459 1177 704 1232 mortalis
753 1189 932 1230 tamen
962 1177 1068 1231 erit
1103 1192 1169 1233 ex
1207 1178 1462 1231 humana.
1504 1176 1638 1231 Nam
1679 1195 1778 1233 cur

205 1283 298 1323 non
322 1268 576 1323 similiter
595 1266 795 1337 poterit
858 1266 953 1298 ³⁷⁵⁷
989 1266 1095 1320 illis
1143 1266 1306 1321 homo
1332 1281 1455 1322 esse
1472 1281 1599 1321 vere
1631 1267 1777 1336 igno-

206 1375 335 1423 rans,
372 1358 517 1414 sicut
559 1372 683 1412 vere
742 1357 987 1412 mortalis
1026 1358 1164 1412 erit?
1210 1358 1340 1413 Aus.
1385 1357 1477 1412 illa
1542 1358 1776 1413 hominis

208 1449 497 1516 assumptio
549 1448 605 1503 in
636 1447 901 1503 unitatem
948 1446 1053 1518 91
1086 1463 1330 1516 personae
1378 1448 1473 1481 ’⁷³⁸
1526 1450 1615 1504 Dei
1669 1466 1773 1505 non

205 1541 292 1595 nisi
320 1540 597 1611 sapienter
622 1554 883 1594 asumma
933 1540 1197 1610 sapientia
1228 1540 1350 1606 flet;
1407 1552 1461 1596 et
1496 1541 1614 1596 ideo
1669 1558 1774 1596 non

206 1642 429 1688 assumet
452 1632 504 1687 in
529 1632 751 1687 homine
772 1634 916 1701 quod
947 1633 1093 1688 nullo
1134 1634 1295 1689 modo
1322 1634 1473 1701 utile,
1502 1634 1594 1689 sed
1620 1634 1776 1690 valde

204 1725 406 1781 noxium
437 1732 523 1780 est
559 1724 626 1779 ad
655 1739 789 1794 opus
826 1725 968 1794 qttod
1007 1726 1147 1781 idem
1188 1726 1351 1782 homo
1383 1726 1622 1781 facturus
1664 1734 1767 1782 est.

1328 312 1500 396 cun
1545 338 1723 395 usus
1768 336 1981 395 nono.
2024 372 2091 381 -
2124 341 2250 395 LIB.
2293 341 2354 396 ιι.
3026 414 3029 417 _

1806 451 1852 506 Α
1880 447 2002 504 Bos.
2032 452 2288 517 Quamvis
2327 455 2424 510 hoc
2458 457 2740 514 inChristo
2771 476 2981 529 semper
3011 458 3175 515 fuisse
3218 475 3321 515 non
3356 463 3456 516 dn-

3351 349 3451 404 Ml

1877 538 2245 607 bitarem'm,
2271 544 2389 598 ideo
2444 554 2621 602 tamen
2671 550 2890 618 quzesivi
2924 559 2981 603 ut
3010 550 3076 604 de
3100 551 3202 605 hoc
3245 567 3459 621 quoque

1878 630 2140 684 rationem
2174 632 2437 689 audirem.
2473 636 2629 707 Stepe
2652 655 2884 709 namque
2920 640 3119 710 aliquid
3178 657 3297 697 esse
3325 644 3456 699 certi

1876 736 2093 787 sumus;
2120 731 2171 777 et
2206 732 2380 780 tamen
2424 728 2523 782 boe
2550 730 2760 785 ratione
2802 732 3032 801 probare
3058 733 3348 789 nescimus.

2464 837 2692 894 CAPUT
2722 837 2858 894 XIV.

1879 920 2150 985 Quomodo
2182 940 2319 977 mors
2346 925 2460 993 ejus
2481 928 2761 991 prmoaleat
2791 945 3007 1001 numero
3029 939 3076 983 et
3110 932 3459 1001 magnitudini

2371 1005 2697 1064 peccatorum
2720 1000 2971 1052 omnium.

1946 1081 2099 1137 Nunc
2133 1098 2260 1153 rogo
2285 1092 2341 1137 ut
2367 1085 2564 1139 doceas
2591 1101 2678 1140 me
2701 1089 2972 1155 quomodo
3011 1104 3155 1143 mors
3178 1088 3296 1158 ejus
3320 1104 3459 1160 pra:-

1877 1174 2052 1228 valeat
2079 1190 2303 1229 numero
2327 1184 2379 1230 et
2406 1178 2760 1246 magnitudini
2814 1179 2909 1211 ²⁷⁷¹
2952 1190 3293 1250 peceatorum
3351 1198 3461 1237 om-

1878 1270 2022 1323 nium
2049 1285 2065 1336 ;
2098 1285 2219 1324 cum
2245 1286 2408 1324 unum
2465 1271 2628 1342 (quod
2650 1281 2901 1342 putamus
2952 1274 3307 1344 levissimum)
3338 1292 3462 1347 pee-

1876 1368 2053 1415 catum
2086 1368 2195 1413 tam
2217 1359 2483 1414 infinitum
2507 1371 2795 1429 monstres,
2824 1372 2884 1419 ut
2912 1365 2957 1420 si
2983 1381 3240 1420 numerus
3266 1368 3459 1421 obten-

1877 1450 2037 1504 datur
2067 1448 2307 1502 intlnitus
2374 1450 2469 1484 "7'
2523 1451 2869 1522 mundorum,
2913 1455 3006 1524 qui
3056 1455 3135 1510 sic
3171 1455 3310 1524 pleni
3354 1456 3463 1510 sint

1875 1541 2161 1603 creaturis,
2188 1542 2327 1596 sicut
2353 1549 2453 1597 Iste
2476 1554 2579 1607 est,
2602 1559 2701 1600 nec
2731 1546 2942 1613 possint
2988 1547 3194 1602 servari
3219 1548 3346 1617 quin
3372 1563 3459 1603 rc-

1876 1632 2208 1703 diganturin
2257 1631 2503 1696 nihilum,
2558 1634 2659 1689 nisi
2713 1634 2874 1689 faciat
2918 1636 3117 1707 aliquis
3180 1650 3459 1707 aspectum

1876 1736 2040 1776 unum
2070 1730 2256 1777 contra
2276 1721 2603 1776 voluntatem
2631 1723 2747 1788 Dei,
2774 1730 2878 1779 non
2904 1732 3083 1779 tamen
3107 1726 3220 1780 fieri
3244 1726 3459 1788 debeat.

202 1818 489 1886 Ignorantia
523 1832 756 1887 namque
780 1816 845 1870 ad
870 1819 1095 1873 nihilum
1116 1818 1191 1873 illi
1217 1819 1364 1875 utilis
1393 1829 1556 1883 esset,
1586 1819 1678 1874 sed
1701 1822 1768 1873 ad
1804 1790 1845 1850 Β
1874 1800 2001 1868 Axs.
2034 1811 2090 1867 Si
2113 1828 2349 1883 praesens
2374 1825 2518 1867 esset
2544 1814 2705 1869 homo
2734 1815 2842 1879 ille,
2868 1825 2923 1872 et
2949 1818 3071 1887 quis
3101 1826 3247 1872 esset
3269 1819 3458 1886 scires,

207 1908 347 1961 muita
378 1908 540 1962 noxia
572 1922 586 1960 :
613 1909 881 1976 quomodo
902 1910 1043 1963 enim
1080 1920 1155 1964 tot
1188 1918 1239 1966 et
1263 1918 1407 1965 tanta
1433 1926 1619 1981 opera,
1651 1926 1771 1980 qutc

205 1998 426 2054 futurus
449 2008 554 2065 est,
580 1998 740 2054 faciet
783 2001 900 2056 sine
929 2017 1138 2056 summa
1190 2004 1456 2071 sapientia
1510 2004 1629 2068 ³⁷⁸⁸,
1678 2012 1771 2057 aut

204 2090 455 2156 quomodo
490 2090 562 2144 illi
603 2091 850 2147 homines
894 2093 1140 2153 credent,
1189 2094 1233 2148 si
1287 2108 1409 2149 eum
1462 2096 1631 2150 scient
1676 2112 1773 2151 ne-

205 2180 516 2235 sc’um'm?
541 2180 597 2236 Si
625 2192 805 2240 autem
848 2184 1095 2239 nesciunt
1137 2185 1254 2249 "",
1319 2186 1383 2239 ad
1429 2186 1557 2255 quid
1586 2185 1690 2240 erit
1719 2187 1768 2241 ei

203 2272 330 2325 utilis
352 2272 661 2341 ignorantia
707 2273 829 2327 illa?
876 2275 1095 2338 Deinde,
1155 2276 1199 2330 si
1247 2276 1376 2331 nihil
1424 2287 1636 2331 amatur
1667 2278 1770 2333 nisi

202 2362 323 2428 quod
368 2363 921 2431 cognosciturzsicut
976 2366 1107 2420 nihil
1138 2368 1242 2420 erit
1301 2368 1425 2421 boni
1468 2368 1611 2437 quod
1664 2385 1768 2424 non

204 2462 346 2519 amet,
380 2455 456 2508 ita
489 2455 693 2508 nullum
723 2456 919 2511 bonum
961 2458 1054 2490 ’7”
1082 2458 1188 2514 erit
1227 2460 1370 2528 quod
1416 2459 1643 2530 ignoret.
1671 2461 1770 2513 Bo-

200 2558 310 2595 num
362 2554 546 2597 autem
616 2561 774 2601 nemo
822 2548 1065 2616 perfecte
1118 2550 1551 2621 novit,nisiqui
1585 2551 1710 2606 illud
1740 2569 1770 2606 a

201 2636 320 2687 ntalo
378 2636 486 2690 scit
539 2637 1053 2695 discernere:hanc
1108 2656 1323 2711 quoque
1384 2641 1768 2697 discretionem

199 2742 226 2780 n
264 2727 355 2782 llrs
386 2730 494 2783 scit
514 2728 715 2793 facere,
752 2731 844 2799 qui
877 2731 971 2764 ’⁷⁸³
1019 2732 1215 2786 malum
1246 2734 1457 2805 ignorat
1479 2736 1591 2789 ’7“.
1620 2736 1773 2791 Sicut

198 2816 342 2879 igitur
371 2818 483 2882 ille,
510 2819 577 2873 de
603 2834 711 2887 quo
740 2820 1033 2890 loquimur,
1058 2838 1221 2879 omne
1250 2824 1491 2893 perfecte
1514 2827 1650 2883 seiet
1680 2828 1773 2882 bo-

196 2922 307 2960 num
340 2925 353 2959 :
387 2908 461 2961 ita
490 2909 695 2963 nullum
742 2910 1011 2980 ignorabit
1058 2914 1281 2968 malum.
1328 2914 1555 2971 Omnem
1613 2918 1773 2988 igitur

196 2996 397 3053 habebit
418 3000 728 3065 scientiam,
753 3003 999 3069 quamvis
1014 3018 1131 3057 eam
1163 3004 1378 3074 publice
1406 3006 1459 3060 in
1484 3007 1767 3064 hominum

194 3088 595 3144 οηηνυισςιιιίοηθ
616 3104 719 3143 non
743 3092 1009 3145 ostendat.
1030 3091 1154 3146 Bos.
1179 3092 1293 3148 lloc
1321 3095 1373 3148 in
1404 3095 1593 3165 majori
1616 3107 1771 3152 aetate

194 3177 257 3228 ita
289 3178 523 3243 vid-tur,
555 3179 690 3234 sicut
721 3180 853 3235 dicis
880 3198 895 3235 :
927 3182 1022 3237 sed
1083 3182 1136 3237 in
1187 3182 1410 3240 infantia
1432 3227 1446 3249 ,
1500 3188 1639 3242 sicut
1666 3203 1772 3245 non

193 3269 279 3321 erit
308 3279 521 3338 tempus
551 3286 875 3342 congruum,
907 3278 967 3327 ut
994 3272 1048 3327 in
1080 3273 1172 3329 illo
1208 3278 1771 3348 appareatsapientia,

193 3358 255 3411 ita
284 3377 385 3415 non
410 3362 518 3416 erit
553 3378 709 3430 opus,
731 3372 784 3417 et
813 3363 933 3419 ideo
972 3379 1071 3420 nec
1100 3380 1394 3436 congruum
1413 3377 1470 3421 ut
1508 3368 1652 3423 illam
1686 3370 1772 3423 ha-

194 3450 322 3505 beat.
349 3454 483 3508 Axs.
518 3453 706 3510 Nonne
729 3454 839 3510 dixi
893 3456 1017 3527 quia
1050 3460 1325 3528 sapienter
1352 3458 1444 3514 ﬁet
1481 3460 1565 3514 illa
1595 3462 1773 3516 incar-

192 3545 372 3599 natio?
399 3545 691 3615 Sapienter
718 3563 951 3618 namque
993 3560 1234 3606 assumet
1278 3552 1421 3607 Deus
1473 3554 1772 3608 mortalita-

194 3640 325 3699 tem;
354 3651 461 3705 qua
488 3637 785 3707 sapienter,
833 3638 958 3710 quia
996 3638 1153 3696 valde
1196 3641 1402 3695 utiliter
1426 3643 1541 3707 ⁸⁷⁸⁸,
1575 3653 1777 3698 utetur.

191 3719 545 3789 ignorantiam
576 3741 708 3782 vero
756 3743 865 3784 non
927 3729 1128 3799 poterit
1158 3744 1437 3786 assumere
1461 3733 1734 3800 sapienter
1763 3751 1776 3787 :

191 3814 306 3878 quia
348 3831 629 3885 nunquam
672 3827 759 3872 est
810 3818 989 3882 utilis.
1040 3820 1135 3875 sed
1180 3835 1394 3892 semper
1443 3823 1642 3877 noxia:
1676 3823 1778 3877 nisi

188 3901 324 3962 forte
352 3923 475 3962 cum
514 3924 614 3979 per
633 3926 752 3966 eam
786 3912 881 3944 ⁸⁷⁸⁸
908 3912 1050 3968 mala
1076 3913 1346 3979 voluntas,
1371 3930 1490 3985 qua:
1504 3931 1776 3986 nunquam

187 3997 237 4053 in
262 4000 353 4054 illo
372 4003 497 4070 erit,
536 4005 603 4059 ab
633 4004 826 4060 effectu
881 4007 1229 4078 restringitur
1278 4008 1394 4063 "'".
1458 4008 1618 4075 Nam,
1669 4012 1771 4064 etsi

186 4090 475 4160 aliquando
497 4094 563 4149 ad
585 4095 728 4149 aliud
786 4112 890 4152 non
953 4106 1143 4163 nocet,
1188 4098 1290 4153 hoc
1334 4098 1449 4154 solo
1473 4109 1648 4153 tamen
1680 4101 1773 4133 ³⁷⁸⁸

184 4192 368 4247 nocet,
396 4184 523 4255 quit
566 4188 807 4242 sc'entia:
845 4186 1046 4242 bonum
1080 4187 1259 4244 aufert
1289 4198 1381 4245 :et
1429 4197 1487 4242 ut
1537 4188 1775 4244 breviter

183 4274 459 4327 absolvam
492 4277 635 4345 quod
664 4278 862 4346 quaeris
895 4296 908 4331 :
939 4292 1005 4332 ex
1034 4292 1143 4348 quo
1182 4278 1345 4333 homo
1392 4277 1479 4333 ille
1502 4283 1634 4341 erit,
1662 4278 1776 4347 ple-

186 4378 292 4416 nus
320 4365 433 4419 Deo
460 4382 690 4438 semper,
718 4376 777 4421 ut
814 4369 993 4439 seipso
1020 4369 1126 4425 erit
1174 4370 1291 4437 '7",
1334 4370 1475 4425 unde
1500 4386 1771 4441 nunquam

1872 1916 1925 1962 et
1951 1906 2223 1962 diceretur
2244 1906 2339 1960 tibi
2368 1924 2381 1960 :
2419 1902 2531 1962 Nisi
2570 1908 2834 1964 occideris
2863 1909 2957 1940 ’⁷⁷³
2986 1910 3259 1965 hominem
3287 1910 3457 1974 illum,

1868 2002 2064 2075 peribit
2098 2006 2329 2061 mundus
2351 2006 2451 2061 iste
2477 2013 2640 2073 totus,
2662 2014 2716 2061 et
2738 2006 2996 2076 quidquid
3022 2005 3160 2061 Deus
3190 2020 3295 2060 non
3320 2014 3402 2061 est
3435 2020 3451 2060 :

1874 2093 2079 2150 faceres
2103 2098 2204 2150 hoc
2235 2111 2333 2166 pro
2376 2097 2747 2152 conservanda
2787 2096 2935 2153 omni
2998 2096 3102 2150 alia
3159 2097 3462 2151 creatura?

1870 2184 1997 2240 Bos.
2022 2184 2137 2241 Non
2162 2185 2436 2252 facerem;
2489 2187 2706 2243 etiamsi
2736 2187 2866 2242 mihi
2919 2187 3159 2241 infinitus
3207 2202 3463 2242 numerus

1874 2275 2192 2330 mundorum
2213 2277 2598 2332 ohtenderetur
2624 2278 2739 2331 ⁸⁷⁷³.
2774 2277 2905 2332 Aus.
2933 2276 3058 2342 Qui,
3089 2278 3133 2332 si
3173 2276 3369 2331 iterum
3394 2276 3461 2329 ti-

1872 2366 1922 2421 bi
1962 2367 2233 2422 diceretur
2260 2384 2273 2420 :
2303 2366 2412 2421 Aut
2440 2382 2562 2421 eum
2591 2367 2811 2422 occidas
2851 2368 2969 2433 "7',
3002 2366 3294 2421 automnia
3335 2380 3461 2435 pee-

1871 2464 1990 2511 cata
2022 2454 2205 2509 mundi
2235 2455 2453 2510 venient
2486 2472 2652 2526 super
2679 2457 2763 2511 te?
2784 2455 2908 2511 Bos.
2936 2455 3338 2527 Respondercm
3375 2469 3461 2509 me

1872 2544 2048 2614 potius
2084 2543 2186 2597 alia
2208 2544 2389 2598 omnia
2433 2546 2528 2576 ’⁷⁷⁸
2552 2555 2774 2615 peccata
2804 2546 2942 2602 velle
3000 2546 3299 2615 suscipere,
3349 2560 3458 2600 non

1872 2635 2045 2689 solum
2111 2635 2270 2704 hujus
2303 2636 2510 2703 mttndi,
2574 2652 2695 2709 qua:
2748 2636 3065 2699 fueruntet
3100 2653 3221 2706 qua
3280 2639 3459 2705 futura

1871 2735 2017 2790 sunt,
2048 2726 2140 2781 sed
2163 2734 2219 2781 et
2243 2740 2576 2795 quaecunque
2630 2742 2793 2797 super
2822 2728 2937 2782 hare
2960 2726 3187 2797 cogitari
3212 2734 3458 2795 possunt,

1873 2833 2036 2888 quam
2073 2817 2215 2873 istud
2243 2816 2439 2873 solum.
2481 2817 2635 2885 Quod
2702 2833 2806 2873 non
2855 2817 3031 2873 solum
3081 2819 3148 2871 de
3188 2816 3401 2872 occisio'
3429 2830 3461 2870 e

1872 2908 2010 2979 ejus,
2043 2909 2136 2964 sed
2172 2917 2227 2964 et
2272 2909 2337 2963 de
2382 2908 2626 2979 qualibet
2670 2922 2839 2978 parva
2892 2906 3110 2963 laesione
3138 2922 3259 2977 qua:
3310 2905 3461 2960 illum

1875 3008 2155 3070 tangeret,
2220 2998 2550 3068 respondere
2597 3011 2685 3054 me
2735 2996 2987 3053 existimo
3049 2995 3267 3050 debere.
3329 2995 3460 3048 Aus.

1873 3092 2040 3148 Recte
2059 3092 2374 3147 existimas:
2415 3091 2506 3146 sed
2528 3090 2617 3145 die
2636 3090 2765 3145 mihi
2808 3104 2909 3145 cur
2942 3088 3019 3144 ita
3073 3102 3170 3142 cor
3204 3099 3349 3141 tnum
3374 3085 3465 3152 ju-

1881 3185 2047 3250 dicat,
2070 3193 2130 3238 ut
2166 3183 2286 3253 plus
2313 3183 2533 3238 horreat
2555 3182 2648 3213 ’⁷⁷⁷
2680 3196 2845 3236 unum
2866 3187 3146 3250 peccatum
3172 3178 3466 3234 inltesione

1883 3278 2043 3348 hujus
2064 3276 2321 3339 hominis,
2346 3290 2508 3345 quam
2542 3274 2643 3329 alia
2689 3273 2872 3329 omnia
2920 3287 3037 3342 quae
3086 3272 3309 3342 cogitari
3342 3285 3466 3340 pos-

1880 3379 2007 3427 sunt
2035 3388 2048 3425 :
2077 3386 2197 3425 cum
2229 3369 2410 3422 omnia
2440 3382 2774 3437 quacunque
2823 3364 2957 3421 ﬁunt
3001 3372 3244 3434 peccata.
3275 3372 3462 3417 contra

1881 3459 2030 3515 illum
2069 3457 2216 3514 sint?
2243 3456 2371 3512 Bos.
2403 3456 2667 3523 Quoniam
2700 3461 2981 3526 peccatum
3003 3452 3144 3522 quod
3168 3453 3219 3506 in
3234 3466 3461 3522 persona

1878 3548 1994 3617 ejus
2034 3548 2092 3603 fit
2118 3589 2132 3613 ,
2182 3545 2677 3616 incomparabiliter
2716 3552 2936 3617 superat
2974 3543 3154 3598 omnia
3194 3541 3303 3606 illa,
3342 3556 3465 3610 qua:

1883 3650 2037 3697 extra
2079 3655 2365 3711 personam
2388 3639 2533 3695 illius
2580 3638 2804 3709 cogitari
2854 3641 3101 3708 possunt.
3166 3634 3297 3687 Ana.
3324 3631 3464 3698 Quid

1883 3733 2030 3788 dices
2052 3732 2146 3763 ’⁷⁷⁸
2179 3732 2245 3785 ad
2275 3731 2395 3794 hoc,
2421 3729 2544 3800 quia
2568 3744 2711 3800 saepe
2745 3728 2977 3783 libenter
3015 3724 3210 3796 aliquis
3264 3724 3466 3792 patitur

1882 3824 2141 3892 quasdam
2171 3823 2222 3876 in
2253 3837 2349 3877 sua
2378 3836 2607 3891 persona
2638 3820 2934 3884 molestias,
2997 3833 3063 3872 ne
3106 3816 3336 3887 majores
3370 3815 3469 3844 ’7"

1884 3916 2121 3985 patiatur
2161 3916 2211 3967 in
2245 3914 2408 3969 rebus
2432 3913 2546 3967 suis
2566 3913 2588 3965 ?
2611 3912 2734 3966 Bos.
2759 3911 2893 3978 Quia
2927 3910 3068 3965 Deus
3093 3924 3196 3962 non
3222 3914 3343 3977 eget
3363 3906 3467 3960 hac

1883 4007 2137 4079 patientia
2162 4004 2278 4072 ⁸⁷⁸⁸,
2306 4003 2460 4073 cujus
2490 4004 2741 4073 potestati
2769 4002 2951 4057 omnia
3006 3998 3302 4067 subjaceut,
3325 3998 3466 4052 sicut

1880 4111 1935 4154 tu
1968 4113 2126 4167 supra
2160 4097 2372 4153 cuidam
2403 4111 2536 4150 mea:
2563 4096 2655 4127 '7'”
2686 4091 3093 4163 interrogationi
3122 4089 3462 4159 respondisti.

1880 4190 2007 4243 Axs.
2038 4187 2183 4242 Bene
2205 4187 2533 4257 respondes;
2569 4184 2813 4239 videmus
2860 4196 2989 4252 ergo
3017 4181 3142 4250 quia
3189 4178 3465 4233 violationi

1879 4280 2003 4333 vita:
2026 4278 2321 4347 corporalis
2356 4275 2519 4345 hujus
2549 4276 2787 4331 hominis
2840 4274 2984 4329 nulla
3016 4273 3351 4327 immensitas
3381 4270 3466 4326 vel

1887 4369 2178 4427 multitudo
2200 4378 2544 4438 peccatorum
2570 4377 2721 4424 extra
2751 4382 3035 4439 personam
3062 4364 3156 4420 Dei
3188 4377 3467 4433 compara-

183 4456 295 4511 erit
320 4456 440 4513 sine
463 4458 575 4530 ejus
595 4460 863 4531 potentia,
918 4470 974 4517 et
1017 4461 1359 4528 fortitudine,
1393 4470 1449 4517 et
1492 4462 1774 4532 sapientia.
1813 4451 1856 4506 Ι)
1885 4460 1927 4515 ri
1956 4459 2118 4514 valet.
2172 4458 2295 4513 Bos.
2342 4457 2755 4527 Apertissimum
2783 4467 2864 4512 est
2890 4455 3004 4507 ω’.
3044 4453 3170 4508 Aas.
3193 4452 3466 4520 Quantum

484 4558 489 4561 ’
1470 4575 1701 4632 vanus:
1739 4572 2149 4631 LECTIONES.
2366 4564 2367 4567 ‘
2950 4554 2953 4557 '

253 4670 357 4701 ⁸⁷⁸⁸
417 4670 784 4740 lgnorantiam
838 4685 1055 4739 quoque
1107 4670 1247 4726 sicut
1304 4687 1405 4725 ms.
1465 4669 1611 4741 Ιοιυί
1654 4671 2014 4741 ignorantiam
2064 4668 2205 4721 sicut

1447 4732 1861 4800 "’steronae,
1909 4754 2012 4793 non
2048 4754 2170 4790 mss.
2234 4749 2478 4805 persona:
2529 4732 2643 4798 Dei,
2692 4732 2802 4805 non
2853 4750 2951 4787 ms.
2994 4732 3081 4805 8.7
3122 4732 3282 4785 Mich.
3339 4746 3464 4799 per-

185 4758 314 4795 mss.
366 4756 494 4795 nam
520 4756 619 4796 cur
660 4758 766 4797 non
815 4741 1064 4796 similiter
1103 4741 1300 4805 poterit

180 4826 331 4865 some
379 4810 591 4866 Divina:
620 4851 636 4873 ,
693 4827 797 4865 non

188 4950 284 4984 ’π’
312 4950 533 5023 Nullum
556 4952 758 5023 bonum
778 4949 1202 5023 ms.716ly.llih“
1227 4950 1428 5023 δοηειηι

945 4812 1039 4843 ’⁷⁵⁵
1090 4808 1313 4865 Summa
1367 4810 1630 4880 sapientia
1684 4827 1812 4863 mss.
1854 4810 2145 4880 immensa
2174 4806 2437 4877 sapientia

184 4877 336 4935 Edit.
370 4880 532 4935 Gotlz.
557 4872 731 4936 scient
762 4882 1003 4937 nescium
1037 4898 1135 4935 ms.
1177 4880 1309 4934 Vict.
1342 4872 1446 4935 13:
1488 4881 1668 4935 sciunt
1698 4880 1939 4934 nescium
1980 4877 2073 4909 ²⁷⁶¹
2121 4872 2313 4929 Aniem
2358 4875 2562 4929 nesciet
2592 4892 2713 4927 mss.
2739 4884 2786 4928 et
2819 4874 2960 4926 Erlit.
2995 4872 3148 4926 Colit.

1541 4949 1637 4982 ⁸⁷η
1666 4949 1882 5007 Facere.
1920 4948 2023 5002 nisi
2054 4947 2145 5015 qui
2176 4962 2300 5015 mss.
2332 4944 2656 5015 facerc,iqui

2343 4665 2436 4695 """
2466 4661 2576 4733 cur
2621 4678 2751 4733 ergo
2814 4678 2918 4717 non
2972 4662 3224 4733 similiter
3270 4664 3468 4730 poterit

2578 4805 2672 4836 ’⁷⁸⁸⁵
2698 4804 3177 4881 Sciant__ne§eit_tm
3234 4817 3366 4881 mss.
3416 4810 3464 4853 et

3225 4881 3465 4924 llBSi‘lCllI

2770 4944 2861 4975 ’7“
2892 4943 3085 4996 Malum
3113 4957 3218 4994 non
3253 4941 3465 5007 ignoret

180 5032 397 5093 mss._et
430 5021 578 5075 Fdit.
609 5019 767 5075 Goth.
794 5010 1235 5093 malnmvignorat
1306 5020 1401 5053 ἠδ
1438 5010 2087 5093 δδρῖεηιςξῂρψιίειχοιᾱὲ
2116 5014 2350 5093 utiliter)
2373 5032 2472 5069 ms.
2515 5010 2653 5093 Vict:
2689 5014 2979 5093 sapienter:~
2996 5011 3212 5093 et_v:tlet
3262 5010 3464 5093 utiliter

179 5091 277 5123 ’⁷⁵⁸
306 5090 476 5146 Forte
499 5106 596 5159 per
619 5106 737 5146 eam
761 5109 885 5147 mss.
913 5078 1206 5148 fortevcum
1251 5106 1346 5158 per
1366 5106 1489 5146 eam
1514 5078 1527 5091 ’
1640 5091 1737 5122 ’⁷⁸⁷
1758 5078 1841 5145 Ab
1871 5088 2063 5159 aﬂ‘eetn
2082 5085 2437 5159 restringitur
2459 5102 2583 5139 mss.
2608 5078 2904 5159 Camilla}
2940 5082 2997 5137 S.
3033 5080 3275 5159 Mich._et
3314 5078 3461 5159 Edit.

183 5160 354 5215 Both.
386 5162 457 5215 ab
483 5150 678 5216 éﬂ‘cctu
710 5163 1054 5233 restringitur
1129 5161 1224 5194 ’⁷⁸⁸
1242 5150 1365 5233 line
1388 5161 1502 5217 solo
1528 5170 1712 5215 tamen
1742 5157 2121 5233 ms._S_._Mich.
2156 5157 2259 5210 hoc
2283 5150 2454 5211 solum
2486 5165 2666 5233 tamen
2743 5154 2836 5185 ’⁷⁸³
2868 5151 3174 5233 Setnper'in
3206 5150 3321 5219 ipso
3359 5150 3465 5233 erit

179 5248 313 5301 mss.
348 5245 591 5300 semper,
625 5240 685 5285 ut
702 5220 1040 5301 seipsoferit
1113 5233 1209 5264 ²⁷⁷⁰
1240 5231 1432 5287 Fuisse
1459 5246 1673 5301 semper
1698 5229 2282 5301 nondubitaremntss.
2337 5242 2565 5301 semper
2594 5222 2761 5301 fuisse
2823 5239 2926 5275 non
2979 5223 3293 5301 dubitarem
3324 5289 3346 5301 ν
3368 5220 3459 5301 ’ξω

178 5299 432 5375 ljnmero
455 5289 1014 5375 ét_m_agn_itudiniims.
1040 5301 1109 5375 AS.
1136 5301 1302 5375 Mich.
1337 5289 1638 5375 numero'et
1659 5298 1992 5375 multitudini
2070 5298 2162 5330 ⁸⁷⁷³
2193 5289 2521 5375 Οειειξειθιῇφ
2553 5294 2794 5375 inﬁnitus
2818 5310 2943 5375 mss.
2972 5289 3460 5375 QemZ-Eecz‘loly,

180 5367 387 5442 Cister.
420 5380 468 5424 et
494 5360 657 5442 Edit:
675 5368 829 5442 Goth.
858 5372 1181 5428 obtendatur
1207 5371 1456 5442 inﬁnitus
1533 5372 1627 5442 ’1"
1659 5369 2019 5442 Nisiroccidas
2046 5386 2171 5422 mss.
2200 5365 2422 5442 etjfdit.
2454 5363 2618 5442 Goth._
2645 5365 2744 5442 nisi
2778 5362 3043 5442 oeeidrris
3110 5362 3203 5394 ‘7“
3261 5360 3459 5442 Osten-

178 5440 373 5498 detur.
396 5457 525 5495 mss.
555 5441 700 5511 Joly,
748 5440 882 5499 Vict.
921 5443 1010 5497 15.
1039 5443 1230 5497 Cister.
1262 5452 1312 5497 et
1341 5441 1488 5496 Edit.
1539 5439 1694 5494 Cotlt.
1747 5439 2131 5511 obtenderetnr
2204 5437 2299 5468 ⁸⁷⁷⁸
2322 5436 2455 5489 Eum
2484 5432 2719 5511 _o_ccid_t:s
2767 5451 2862 5511 ms.
2895 5432 3032 5511 _.Ioly
3060 5432 3461 5511 etttn__gctgitl:}s

181 5513 289 5582 "7.?
325 5511 424 5564 Illa
456 5500 771 5582 om_niavms.
794 5513 919 5582 Joly
941 5524 988 5567 et
1014 5511 1157 5566 Edit.
1185 5511 1344 5567 Goth.
1370 5512 1679 5582 aliagomnia
1827 5510 1919 5582 1"?
1952 5508 2077 5582 Plus
2107 5508 2327 5582 horjegtt
2351 5523 2447 5582 "ts.
2484 5503 2615 5557 Vid-
2758 5504 2872 5582 Ιιξξιδ
2895 5503 3117 5582 heri-1'35
3189 5502 3281 5532 ’⁷⁷⁸
3322 5500 3460 5582 (ξιιῖά

177 5581 332 5637 dicis
360 5598 488 5654 mss.
520 5578 811 5654 GennBee.
836 5570 984 5654 Ιόιῃε
1020 5582 1156 5654 Vict.
1189 5584 1241 5639 5.
1266 5583 1433 5654 et_13.
1558 5581 1717 5654 Miclt.
1744 5577 2151 5654 et_Edit:_(-'o_llt.
2183 5576 2321 5643 Quid
2354 5575 2500 5630 dices
2634 5574 2728 5605 ’⁷⁷³
2753 5570 3149 5654 .'.Nc“'.llaj0t'cs
3208 5570 3459 5654 πώλων

176 5666 288 5708 nec
314 5650 542 5722 majora
603 5652 695 5684 ²⁷⁸⁰
736 5652 848 5707 llac
876 5639 1134 5722 patientia
1167 5670 1265 5707 ms.
1304 5652 1428 5719 1on
1475 5652 1576 5722 hac
1626 5650 1847 5705 scientia
1925 5650 2017 5722 ’7“
2061 5639 2234 5715 Supra
2287 5661 2418 5702 nica:
2476 5663 2596 5701 mss.
2630 5655 2671 5700 ct
2701 5646 2823 5700 cdit.
2870 5639 3019 5698 (lolii.
3053 5660 3216 5714 supra
3245 5639 3459 5697 cuidam

178 5736 329 5779 mea:
407 5723 498 5755 '7"
525 5719 987 5794 Sapientissimum
1022 5731 1103 5781 est
1132 5740 1254 5779 mss.
1281 5733 1328 5779 et
1358 5722 1479 5777 Edit
1509 5719 1661 5776 Colit.
1701 5720 2100 5791 apertissimum
2128 5727 2209 5773 est
