4050 6294
218 342 316 397 117

1376 322 1517 387 CUR
1560 328 1737 385 DEUS
1777 322 1992 384 HOMO.
2032 357 2102 370 -
2130 322 2256 384 LIB.
2291 328 2357 385 11.

3382 334 3485 392 418

220 460 342 513 nino
364 454 480 509 sine
509 461 731 524 peccato
771 450 865 484 ’⁸η
889 464 1011 506 esse
1044 466 1056 502 :
1094 448 1196 505 hoc
1221 455 1402 503 autem
1432 460 1552 501 esse
1576 459 1683 500 non
1708 458 1800 497 va-
1828 447 1872 505 Α
1904 439 2115 505 venire,
2147 443 2393 498 concedit
2415 457 2528 509 rex,
2568 450 2790 515 propter
2814 442 3240 515 magnitudinem
3281 437 3488 502 servitii

218 551 308 613 let,
341 544 445 600 nisi
477 544 680 612 absque
709 549 935 613 peccato
962 540 1028 593 de
1071 553 1247 592 massa
1285 535 1590 606 peeeatriee
1628 534 1695 588 sit
1719 549 1804 588 as-

219 644 483 705 sumptus.
506 632 623 701 Qua
644 647 775 688 vero
814 631 1023 686 ratione
1047 630 1139 661 ¹⁸¹¹
1165 628 1427 697 sapientia
1480 627 1571 681 Dei
1598 627 1699 680 hoc
1724 625 1801 679 fe-

216 720 308 792 cit,
346 726 391 780 si
424 740 532 779 non
563 739 846 793 possumus
894 721 1212 791 intelligere,
1270 734 1372 774 non
1402 718 1657 773 debemus
1709 715 1805 772 mi-

218 816 353 879 rari;
385 814 483 868 sed
508 828 631 867 cum
665 811 1011 865 veneratione
1058 796 1289 863 tolerare
1327 806 1534 875 aliquid
1591 820 1715 861 esse
1748 805 1802 859 in

220 904 441 961 secretis
465 912 627 956 tanta:
651 901 726 956 rei
757 901 898 970 quod
928 900 1256 971 ignoremus.
1279 896 1485 967 Quippe
1506 895 1804 951 mirabilius

218 995 357 1050 Deus
385 991 482 1023 '3"
511 991 838 1053 restauravit
884 989 1173 1045 humanam
1235 996 1482 1042 naturam
1512 1001 1671 1056 quam
1724 985 1805 1039 in.

218 1078 482 1136 stauravit
514 1095 529 1130 :
565 1077 845 1147 aequaliter
867 1078 1011 1133 enim
1034 1088 1329 1146 utrumque
1359 1078 1466 1131 Deo
1497 1075 1653 1131 facile
1683 1084 1801 1140 est;

220 1169 305 1224 sed
331 1169 500 1222 homo
531 1176 819 1235 antequam
853 1175 997 1221 esset
1026 1182 1132 1220 non
1179 1166 1440 1234 peccavit,
1465 1174 1523 1217 ut
1556 1164 1667 1217 fieri
1699 1180 1803 1217 non

222 1261 460 1315 deberet.
493 1257 786 1327 Postquam
811 1273 936 1312 vero
959 1256 1131 1311 factus
1164 1263 1267 1320 est,
1301 1255 1572 1324 peccando
1608 1255 1805 1310 meruit

220 1354 439 1423 utquod
466 1364 521 1409 et
542 1353 607 1408 ad
635 1353 779 1423 quod
804 1352 975 1405 factus
997 1358 1109 1405 crat
1132 1349 1405 1419 perderet:
1431 1347 1676 1417 quamvis
1700 1361 1801 1398 non

220 1445 514 1515 perdiderit
540 1444 762 1499 omnino
789 1443 931 1513 quod
967 1441 1141 1496 factus
1165 1449 1300 1500 erat,
1322 1447 1538 1494 utesset
1580 1438 1668 1507 qui
1710 1453 1803 1507 pn-

223 1538 427 1590 niretur
458 1537 576 1602 πη,
624 1546 715 1589 aut
755 1535 843 1590 cui
887 1534 1030 1587 Deus
1096 1530 1487 1586 misereretur:
1554 1537 1804 1582 neutrum

217 1627 357 1682 enim
397 1627 593 1681 horum
619 1626 733 1680 ﬁeri
760 1631 961 1695 posset.
1014 1622 1137 1678 siin
1180 1621 1406 1675 nihilum
1437 1619 1689 1675 redactus
1719 1635 1807 1674 es-

222 1726 314 1774 set.
348 1716 529 1772 Tanto
550 1731 678 1784 ergo
706 1715 1002 1770 mirabilius
1038 1714 1181 1768 Deus
1208 1712 1356 1766 illum
1373 1711 1606 1767 restituit
1640 1726 1803 1782 quam

224 1806 453 1860 instituit
485 1823 497 1859 :
542 1814 745 1873 quanto
777 1806 877 1859 hoc
897 1805 963 1859 de
984 1810 1266 1875 peccatore
1288 1811 1476 1859 contra
1508 1801 1797 1868 meritum;
1834 1778 1878 1834 Β

218 1894 344 1948 illud
379 1910 489 1948 non
521 1895 589 1948 de
616 1902 927 1964 peccatore,
956 1908 1057 1947 nec
1118 1900 1304 1947 contra
1357 1892 1609 1946 meritum
1654 1889 1798 1945 fecit.

212 1985 493 2050 ⁸ριιίιιιιιιιῐι
528 1984 691 2038 etiam
718 1993 796 2039 est
846 1984 1012 2039 Deum
1057 1991 1112 2037 et
1140 1982 1413 2039 hominem
1442 1982 1520 2038 sic
1551 1982 1605 2036 in
1635 1997 1801 2037 unum

210 2078 532 2140 ‘couvenirc,
562 2086 639 2141 ttt,
672 2086 887 2132 servata
923 2075 1232 2146 integritate
1260 2076 1541 2143 utriusque
1569 2082 1798 2141 naturae,

214 2167 354 2221 idem
385 2168 463 2222 sit
492 2168 652 2221 homo
691 2167 782 2236 qui
833 2167 992 2220 Deus.
1050 2165 1181 2233 Quis
1214 2180 1344 2236 ergo
1394 2174 1683 2235 praesumat
1716 2164 1803 2220 vel

198 2258 461 2326 )cogitare
487 2257 632 2326 quod
679 2258 945 2311 humanus
988 2253 1083 2287 ⁸⁸η
1107 2254 1411 2311 intellectus
1443 2256 1617 2309 va'eat
1642 2267 1802 2324 pene-

226 2358 359 2400 trare
391 2361 559 2416 quam
581 2346 884 2416 sapienter,
909 2362 1070 2415 quatn
1100 2344 1419 2400 mirabiliter
1446 2354 1553 2400 tam
1596 2345 1805 2400 inseru-

213 2436 378 2491 labile
407 2452 549 2505 Opus
589 2435 760 2492 factus
820 2436 923 2490 sit?
976 2435 1099 2490 Bos.
1153 2435 1434 2491 Assentior
1454 2437 1582 2505 quia
1627 2435 1804 2491 nullus

214 2526 377 2583 homo
399 2537 585 2595 potest
626 2526 677 2581 in
728 2528 828 2581 hac
872 2528 979 2580 vita
1023 2535 1230 2581 tantum
1283 2536 1548 2581 secretum
1593 2527 1804 2596 penitus

222 2618 428 2686 aperire
459 2633 475 2667 :
508 2631 607 2672 nec
627 2627 750 2686 peto
774 2626 832 2670 ut
861 2617 1028 2672 facias
1052 2658 1067 2683 ,
1106 2618 1249 2685 quod
1304 2615 1479 2669 nullus
1537 2616 1697 2670 homo
1727 2615 1805 2669 fu-

222 2724 339 2764 cere
367 2717 585 2777 potest;
622 2713 714 2763 sed
759 2718 988 2772 tantum,
1013 2717 1275 2777 quantum
1302 2716 1473 2777 potes.
1506 2705 1632 2761 Plus
1658 2709 1802 2763 enim

215 2801 574 2870 persuadebis
590 2799 810 2855 altiores
838 2799 890 2854 in
914 2801 1013 2855 hac
1062 2814 1120 2852 re
1145 2798 1379 2852 rationes
1418 2798 1604 2865 latere,
1628 2800 1671 2852 si
1706 2799 1805 2853 ali-

214 2906 380 2961 quam
420 2900 475 2945 te
506 2889 892 2945 monstravcris
937 2889 1133 2950 videre.
1160 2902 1323 2957 quam
1354 2887 1399 2943 si
1430 2896 1481 2942 te
1522 2887 1721 2942 nullam
1751 2887 1804 2942 in

213 2998 280 3037 ea
310 2981 582 3035 rationem
625 2980 944 3051 intelligere,
996 2979 1126 3034 nihil
1166 2979 1413 3044 dicendo,
1468 2977 1802 3047 probaveris.

1906 534 2069 599 illius,
2113 545 2173 589 ut
2224 535 2810 605 qnicunquevelante,
2865 535 2949 590 vel
2981 544 3101 607 post
3126 536 3267 592 diem
3317 537 3488 604 illam,

1904 626 2132 681 confessi
2159 625 2381 690 fuerint,
2413 642 2470 681 se
2499 628 2634 681 velle
2662 641 2759 694 per
2786 625 2917 680 illud
2957 641 3113 697 opus,
3139 628 3281 698 quod
3309 643 3373 683 ea
3403 629 3491 686 die

1905 717 2015 780 ﬁet,
2052 718 2265 773 veniam
2296 719 2612 786 impetrare,
2663 728 2717 772 et
2766 722 2832 774 ad
2858 727 3076 788 pactum
3108 719 3180 773 ibi
3219 719 3489 774 constitu-

1906 814 2018 862 tum
2045 808 2303 863 accedere
2321 849 2335 871 ,
2360 810 2427 862 ab
2450 809 2596 862 ontni
2620 808 2776 878 culpa
2792 810 2902 864 sint
2933 809 3161 864 absoluti
3181 814 3446 880 praeterita
3470 830 3486 866 :

1901 911 1958 956 et
1986 902 2031 957 si
2063 902 2345 971 contigerit
2372 910 2432 956 ιιι
2460 910 2579 972 post
2617 902 2756 957 hanc
2777 903 2987 957 veniam
3018 906 3209 957 iterum
3241 912 3486 973 peccent,

1903 990 1948 1044 si
1979 989 2137 1061 digne
2160 990 2252 1021 ³⁸⁸⁷
2277 989 2590 1044 satisfacere
2613 998 2669 1044 et
2697 989 2892 1060 corrigi
2921 990 3174 1060 deinceps
3193 991 3487 1053 voluerint,

1905 1095 2001 1150 per
2029 1081 2266 1148 ejusdem
2319 1080 2460 1150 pacti
2502 1078 2794 1134 ellieaciam
2846 1081 3037 1134 iterum
3085 1083 3296 1136 vcn’am
3352 1084 3490 1138 reei-

1901 1172 2055 1240 piant
2083 1189 2096 1224 :
2123 1172 2201 1225 sic
2222 1180 2425 1234 tamen,
2483 1180 2542 1224 ttt
2578 1171 2755 1224 nullus
2785 1170 3044 1241 palatium
3081 1169 3198 1235 eius
3224 1173 3489 1243 ingredia-

1907 1263 2216 1326 tur;donec
2242 1263 2444 1315 factum
2494 1262 2569 1315 sit
2610 1262 2711 1315 hoc
2739 1261 2880 1315 unde
2932 1262 3101 1330 culpa:
3129 1262 3490 1317 "'relaxen-

1908 1361 1995 1407 tur
2028 1353 2143 1407 ’9".
2206 1352 2510 1408 Secundum
2558 1353 2698 1407 hanc
2735 1353 3139 1408 similitudinem
3169 1395 3184 1421 ,
3235 1354 3488 1423 quoniam

1903 1456 2011 1496 non
2059 1451 2348 1512 potuerunt
2402 1441 2495 1474 ’⁸³⁸
2541 1457 2730 1498 omnes
2781 1444 3030 1499 homines
3090 1446 3178 1512 qui
3241 1445 3488 1501 salvandi

1882 1541 2083 1598 erant,
2112 1542 2403 1601 praesentes
2447 1547 2507 1587 es
2536 1547 2586 1596 e,
2618 1532 2834 1600 quando
2888 1535 3309 1603 redemptionem
3343 1535 3379 1588 il
3401 1551 3488 1588 am

1904 1622 2153 1679 Christus
2181 1622 2343 1690 fecit;
2375 1632 2522 1677 tanta
2550 1622 2652 1677 fuit
2681 1623 2761 1677 vis
2791 1623 2843 1676 itt
2866 1624 2983 1693 eius
3014 1634 3205 1691 morte,
3247 1632 3305 1679 ut
3327 1626 3488 1680 etiam

1908 1713 1959 1767 in
1985 1711 2235 1767 absentes
2268 1711 2351 1767 vel
2381 1712 2517 1779 loco,
2549 1711 2629 1766 vel
2659 1720 2918 1781 tempore,
2975 1712 3090 1779 ejus
3122 1715 3482 1782 protendatur

1903 1803 2146 1860 effectus.
2175 1804 2291 1870 Quo
2317 1816 2497 1859 autem
2551 1819 2654 1859 non
2670 1805 2842 1859 solum
2872 1807 3229 1875 prtesentibus
3257 1808 3347 1839 ’8“
3365 1822 3491 1878 pro-

1904 1897 2061 1949 desse
2100 1896 2316 1957 debeat,
2350 1895 2475 1949 hinc
2510 1894 2667 1949 facile
2695 1896 3068 1965 cognoscitur;
3100 1898 3226 1965 quia
3268 1914 3373 1952 non
3413 1906 3492 1953 tot

1902 1994 2195 2056 prtesentes
2244 2000 2365 2040 esse
2390 1985 2505 2056 ejus
2549 1985 2708 2039 morti
2757 1994 3050 2053 potuerunt
3090 1987 3205 2053 ’9“,
3253 1997 3383 2057 quot
3420 1990 3488 2042 ad

1903 2093 2150 2149 supernae.
2197 2078 2432 2132 civitatis
2485 2077 2941 2132 constructionem
2992 2080 3283 2134 necessarii
3319 2090 3487 2144 sunt;

1903 2169 2115 2225 etiamsi
2133 2184 2342 2234 omnes,
2381 2169 2472 2238 qui
2504 2169 2743 2240 ejusdem
2781 2169 2971 2223 mortis
3000 2180 3241 2241 tempore
3266 2174 3493 2228 ubicun-

1904 2275 2010 2332 que
2065 2270 2240 2323 erant,
2288 2261 2355 2314 ad
2382 2261 2529 2317 illam
2578 2258 3001 2328 redemptionem
3052 2262 3488 2316 admitterentur.

1903 2353 2094 2408 Plures
2113 2353 2255 2407 enim
2278 2360 2405 2406 sunt
2422 2349 2714 2416 daemones,
2739 2365 2923 2419 quam,
2954 2349 3022 2404 de
3046 2352 3243 2421 quibus
3275 2364 3487 2407 restau-

1904 2444 2107 2497 randus
2133 2452 2216 2498 est
2238 2458 2495 2497 numerus
2521 2456 2729 2503 eorum,
2754 2456 2816 2495 ea
2841 2442 2927 2497 die
2950 2442 3191 2497 viverent
3220 2444 3291 2499 lto
3313 2444 3419 2498 nim
3439 2457 3491 2497 ι.

1903 2532 2013 2589 Nec
2041 2533 2365 2588 credendum
2394 2543 2507 2594 est,
2540 2545 2604 2585 ex
2632 2547 2740 2601 quo
2787 2530 2958 2587 factus
2985 2540 3071 2587 est
3101 2533 3277 2609 homo,
3322 2534 3488 2588 ullum

1907 2633 2113 2692 tempus
2160 2623 2346 2690 fuisse,
2375 2639 2482 2693 quo
2532 2623 2764 2676 mundus
2794 2623 2896 2678 iste
2926 2625 3341 2679 cumvcreaturis
3369 2641 3488 2693 qua:

1905 2715 1999 2747 ²⁸²³
2019 2713 2172 2769 facta:
2201 2721 2326 2768 sunt
2349 2713 2414 2765 ad
2445 2728 2576 2765 usus
2599 2712 2878 2767 hominum
2901 2754 2914 2779 ,
2941 2716 3018 2768 sic
3049 2729 3248 2768 vacuus
3280 2714 3490 2782 fuisset,

1904 2815 1963 2861 ut
1993 2805 2170 2860 nullus
2218 2813 2361 2859 esset
2408 2805 2459 2857 itt
2503 2804 2590 2860 illo
2632 2822 2695 2860 ex
2743 2805 2982 2859 humano
3030 2820 3227 2876 genere
3270 2806 3337 2861 ad
3390 2807 3491 2860 hoc

1904 2895 2202 2964 pertinens,
2233 2902 2452 2963 propter
2507 2896 2649 2965 quod
2693 2893 2865 2949 factus
2907 2906 2990 2948 est
3019 2897 3198 2948 homo.
3265 2894 3491 2951 Videtur

1902 2983 2048 3039 enim
2078 2983 2460 3036 inconveniens
2482 2984 2622 3053 quod
2652 2981 2789 3037 Deus
2821 2983 2898 3037 vel
2923 3000 3029 3036 ttno
3072 2994 3342 3039 momento
3371 3001 3493 3055 per-

216 3076 348 3131 Ass.
382 3071 552 3128 Video
574 3087 659 3127 me
685 3072 753 3126 ab
781 3071 1184 3140 importunitate
1213 3081 1299 3122 tua
1351 3084 1454 3124 non
1492 3084 1649 3137 posse
1676 3068 1807 3125 libe-
1832 3112 1874 3170 ϐ
1909 3076 2118 3130 miserit
2160 3074 2454 3128 humanum
2488 3088 2684 3145 genus,
2716 3084 2769 3128 et
2805 3090 2869 3129 ea
2923 3091 3043 3145 qua:
3093 3076 3219 3131 fecit
3270 3088 3492 3147 propter

217 3167 321 3220 rari
374 3182 390 3218 :
447 3164 544 3219 sed
598 3163 643 3219 si
699 3163 1039 3232 aliquatenus
1100 3169 1289 3231 potero
1349 3162 1490 3231 quod
1564 3162 1805 3230 postulas

216 3256 529 3321 ostendere,
556 3254 752 3324 gratias
783 3267 1009 3322 agamus
1032 3253 1163 3308 Deo.
1206 3250 1265 3306 Si
1294 3266 1424 3306 vero
1455 3267 1560 3304 non
1593 3261 1802 3320 potero,

218 3345 490 3400 sulliciant
532 3359 595 3398 ea
652 3360 771 3413 quae
820 3357 983 3411 supra
1021 3343 1247 3412 probata
1299 3352 1444 3400 sunt.
1489 3342 1623 3395 Cum
1661 3349 1803 3398 enim

216 3446 439 3492 constat
472 3435 638 3495 Deum
658 3436 929 3493 hominem
957 3435 1069 3490 fieri
1114 3444 1387 3506 oportere,
1433 3439 1651 3492 dubium
1700 3455 1804 3491 non

218 3536 301 3580 est
323 3525 653 3595 sapientiam
675 3534 730 3579 et
774 3523 1073 3593 potentiam
1121 3523 1195 3579 illi
1229 3540 1332 3578 non
1378 3525 1585 3589 deesse,
1617 3536 1675 3582 nt
1706 3528 1809 3581 hoc

218 3616 337 3668 sine
398 3624 625 3682 peccato
673 3612 787 3667 fiat.
841 3612 968 3668 Bos.
998 3614 1090 3669 Sic
1132 3613 1362 3669 libenter
1409 3617 1635 3685 accipio.
1680 3618 1805 3671 Axs.

219 3704 680 3773 Oportuitutique
709 3704 803 3735 ²⁸¹⁸
833 3713 890 3758 ιιι
922 3703 1011 3758 illa
1065 3706 1385 3776 redemptio,
1433 3722 1595 3776 quam
1650 3709 1808 3763 Chri-

218 3804 339 3849 stus
367 3795 518 3857 fecit,
549 3795 829 3863 prodesset
863 3810 967 3849 non
1015 3795 1186 3849 solum
1216 3796 1321 3850 illis
1348 3798 1439 3866 qui
1470 3814 1536 3852 eo
1568 3809 1808 3867 tempore

218 3886 469 3950 fuerunt,
498 3884 591 3938 sed
620 3893 676 3938 et
697 3883 836 3938 aliis.
871 3882 953 3939 Sit
982 3885 1125 3939 enim
1171 3901 1263 3940 rex
1290 3887 1511 3955 aliquis,
1550 3891 1633 3943 cui
1669 3899 1809 3942 totus

214 3975 458 4046 populus
478 3990 590 4029 sua:
607 3974 885 4043 cujusdam
910 3976 1148 4031 civitatis
1174 3979 1253 4031 sic
1276 3979 1542 4046 peccavit,
1584 3991 1810 4049 excepto

217 4079 334 4119 uno
362 4063 501 4129 solo,
534 4065 624 4134 qui
654 4073 830 4120 tamen
874 4074 956 4119 est
983 4066 1047 4120 de
1075 4064 1286 4120 illorttm
1340 4082 1567 4137 genere;
1606 4075 1661 4120 ut
1693 4068 1811 4139 nul-

218 4152 335 4207 lttm
359 4168 548 4209 eorum
597 4153 778 4209 facere
821 4154 989 4223 possit
1033 4154 1173 4209 unde
1199 4157 1386 4209 mortis
1412 4156 1808 4210 damnationem

213 4246 428 4300 evadat
456 4263 472 4298 :
498 4245 589 4300 ille
631 4256 832 4308 autem,
858 4246 948 4315 qui
982 4247 1128 4301 solus
1148 4258 1231 4301 est
1275 4247 1565 4313 innocens,
1606 4257 1809 4302 tantam

220 4338 377 4409 apud
401 4352 576 4405 regem
624 4339 821 4391 habeat
858 4324 1108 4406 gratiam,
1164 4347 1223 4392 ut
1273 4339 1480 4410 possit;
1513 4348 1567 4394 et
1608 4350 1809 4393 tantam

1908 3181 2061 3218 usum
2095 3180 2305 3227 eorum,
2337 3164 2402 3216 de
2450 3165 2648 3233 quibus
2697 3179 2927 3233 superna
2954 3166 3143 3221 civitas
3167 3167 3493 3235 perlitieuda

1906 3242 2175 3326 est,quasi
2209 3255 2404 3309 frustra
2436 3257 2733 3312 exstitisse.
2762 3256 2894 3311 Nam
2937 3257 3280 3328 aliquatenus
3309 3260 3358 3313 in
3394 3277 3489 3313 Vu-

1906 3363 2031 3401 num
2070 3360 2189 3401 esse
2217 3345 2552 3411 viderentur,
2609 3347 2845 3416 qnandin
2875 3363 2980 3401 non
3026 3349 3090 3401 ad
3120 3349 3241 3415 hoc,
3273 3360 3494 3419 propter

1907 3435 2045 3505 quod
2077 3435 2308 3489 maxime
2342 3434 2481 3488 facta
2518 3444 2693 3490 essent
2721 3436 2841 3501 "",
2874 3438 3187 3493 viderentur
3228 3441 3490 3496 subsiste.

1907 3544 1982 3582 re.
2020 3526 2142 3582 Bos.
2167 3527 2492 3598 Congruenti
2522 3529 2756 3595 ratione,
2813 3539 2868 3583 et
2918 3530 3004 3584 cui
3035 3530 3166 3585 nihil
3194 3547 3493 3603 repugnare

1907 3619 2137 3681 videtur,
2166 3629 2436 3674 monstras
2465 3619 2668 3673 nullum
2699 3634 2937 3690 unquam
2972 3631 3183 3692 tempus
3213 3624 3397 3688 fuisse,
3426 3641 3493 3680 ex

1908 3725 2014 3779 quo
2064 3709 2239 3764 factus
2264 3719 2353 3764 est
2396 3709 2578 3774 homo,
2628 3713 2831 3780 absque
2882 3710 3092 3781 aliquo,
3138 3714 3228 3783 qui
3257 3715 3322 3768 ad
3369 3730 3489 3769 eam

1912 3802 2201 3871 pertineret
2230 3791 2369 3872 (sine
2394 3817 2500 3871 qua
2528 3801 2704 3856 factus
2744 3811 2889 3858 esset
2914 3818 3047 3857 vane
3093 3807 3270 3861 omnis
3308 3806 3492 3871 homo)

1911 3891 2403 3946 tecottcilEationem
2438 3909 2451 3944 :
2489 3893 2633 3961 quod
2680 3908 2785 3945 non
2810 3893 2982 3947 solum
3024 3897 3372 3955 conveniens.
3399 3898 3492 3950 sed

1911 3983 2074 4034 etiam
2106 3980 2471 4035 necessarium
2517 3997 2635 4036 esse
2677 3983 2773 4015 ’⁸³⁸
2822 3998 3109 4053 possumus
3151 3984 3493 4039 concludere.

1914 4072 1968 4124 Si
2053 4072 2196 4124 enim
2249 4068 2661 4126 convenientius
2716 4080 2771 4127 et
2816 4072 3188 4126 rationabilins
3212 4081 3298 4127 est
3368 4076 3493 4139 hoc,

1912 4148 2071 4231 qnam
2101 4162 2387 4231 aliquando
2416 4162 2618 4217 nullum
2674 4162 2863 4227 fuisse,
2889 4160 2956 4214 de
2985 4176 3092 4231 quo
3118 4161 3346 4216 intentio
3375 4162 3491 4224 Dei,

1911 4268 2016 4322 qna
2072 4254 2343 4307 hominem
2398 4255 2544 4316 fecit,
2587 4255 2968 4325 perliceretur;
3013 4268 3112 4307 nec
3159 4261 3243 4307 est
3294 4252 3496 4322 aliqn'd

1913 4345 2054 4414 quod
2079 4346 2203 4400 huic
2233 4346 2415 4401 obviet
2464 4345 2657 4399 rationi
2693 4360 2960 4402 :uecesse
3017 4354 3099 4400 est
3137 4360 3353 4415 semper
3405 4344 3499 4398 ali-

216 4426 578 4481 dilectionem
610 4444 737 4497 erga
761 4443 903 4493 reos,
951 4437 1009 4480 ιιι
1036 4428 1163 4482 velit
1195 4443 1404 4496 omnes,
1454 4431 1544 4499 qui
1591 4431 1811 4486 credent
1845 4464 1888 4518 Β
1914 4452 2071 4505 quem
2111 4438 2175 4489 ad
2213 4437 2520 4506 praedictam
2550 4434 3070 4513 reconciliationem
3130 4438 3493 4506 pertinentem

216 4519 328 4551 ¹⁸¹⁶
355 4533 456 4573 suo
482 4519 726 4585 consilio,
783 4519 1132 4575 reconciliare
1189 4521 1420 4592 quodam
1463 4524 1683 4576 servitio
1708 4524 1807 4595 ipsi

218 4611 341 4680 regi
374 4610 529 4665 valde
557 4610 842 4680 placitura,
868 4613 1011 4680 quod
1038 4611 1277 4666 facturus
1300 4622 1380 4667 est
1403 4613 1488 4668 die
1513 4614 1807 4668 secundum

217 4699 566 4753 voluntatem
600 4701 741 4770 regis
790 4708 1008 4753 statuto.
1042 4701 1105 4754 Et
1156 4703 1408 4770 quoniam
1469 4718 1572 4756 non
1624 4718 1813 4757 omnes

216 4801 476 4864 possunt,
502 4792 595 4861 qui
623 4793 1003 4849 reconciliandi
1027 4802 1172 4858 sunt,
1211 4795 1281 4848 ad
1307 4796 1446 4849 diem
1488 4794 1631 4851 illam
1675 4810 1809 4848 cou-

1913 4527 2099 4583 fuisse.
2164 4526 2315 4583 Unde
2362 4529 2530 4583 Adam
2584 4539 2637 4582 et
2688 4528 2850 4582 Evam
2874 4527 2938 4583 ad
2974 4528 3116 4582 illam
3168 4529 3495 4598 pertinuisse

1917 4617 2334 4685 redemptionem
2391 4619 2742 4672 dubitandum
2795 4634 2899 4673 non
2950 4629 3051 4681 est,
3087 4619 3333 4689 quamvis
3388 4619 3493 4673 hoc

1916 4711 2208 4763 auctoritas
2239 4710 2419 4763 divina
2451 4720 2635 4779 aperte
2667 4728 2772 4765 non
2802 4711 3132 4780 pronuntiet.
3156 4711 3287 4766 Aus.
3312 4711 3494 4765 locre-

1920 4797 2080 4851 dibile
2115 4812 2331 4866 quoque
2383 4799 2615 4857 videtur.
2643 4786 2857 4855 quando
2912 4800 3054 4856 Deus
3101 4797 3220 4853 illos
3268 4798 3416 4865 fecit,
3440 4808 3496 4853 et

1558 4904 1792 4960 VABIIE
1821 4905 2224 4962 LECTIONES.

290 5021 396 5054 ’⁸³⁸
435 5021 749 5092 Ειιιῐιυείιιθ
803 5032 1025 5091 peccato
1084 5039 1209 5077 mss.
1276 5021 1424 5092 Gem.
1484 5019 1609 5074 Bec.
1667 5019 1813 5090 Joly,
1876 5018 2013 5092 Vict.
2048 5022 2222 5087 3.313
2263 5032 2311 5076 et
2366 5022 2511 5077 Edit.
2563 5023 2721 5079 Gotlt.
2782 5040 2904 5077 eum
2951 5023 3169 5077 omnino
3212 5021 3329 5077 sine
3360 5037 3493 5092 pec-

213 5103 350 5144 cato
402 5108 504 5143 ms.
582 5089 714 5143 Vict.
783 5089 867 5147 1‘9.
932 5108 1056 5147 eum
1110 5094 1227 5145 sine
1276 5091 1420 5145 omni
1479 5101 1702 5158 peccato
1768 5089 1771 5090 ⁷
1845 5091 1935 5121 ²⁸¹¹
1984 5090 2098 5157 Qua
2150 5092 2357 5147 ratione
2410 5109 2538 5149 vero
2602 5112 2698 5147 ms.
2773 5092 2902 5146 Vici.
2967 5095 3022 5147 ὅ.
3074 5094 3200 5159 quia
3252 5089 3494 5147 veruin-

216 5162 476 5231 tentione
556 5230 571 5231 γ
618 5160 711 5191 ’⁸³⁸
760 5161 1020 5217 Miraltilis
1072 5162 1213 5216 Deus
1259 5159 1580 5231 ms._Vjct._
1612 5169 1659 5212 et
1712 5159 1813 5213 Ed.
1867 5159 2025 5214 Colit.
2085 5161 2384 5231 mirabilius
2442 5163 2583 5218 Deus
2704 5164 2799 5195 ²⁸¹³
2852 5162 3003 5228 Quod
3036 5162 3317 5231 puniretur
3368 5180 3492 5216 nm.

211 5244 264 5282 et
327 5230 480 5284 Edit.
531 5230 687 5285 Gatlt.
743 5233 832 5301 qui
889 5234 1169 5302 puniretur
1261 5299 1270 5302 Α
1311 5228 1405 5261 ²⁸¹⁴⁵
1434 5229 1586 5302 Quod
1646 5230 1911 5302 humanus
1951 5246 2049 5302 tua.
2113 5228 2256 5301 July.
2284 5234 2441 5302 unis
2469 5235 2609 5302 quod
2638 5228 3051 5302 ltuznanusims.‘
3091 5229 3223 5285 Vict.
3267 5229 3351 5286 15.
3412 5233 3496 5286 vel

209 5302 351 5368 quis
379 5302 649 5382 Ennianus
714 5371 726 5382 .
762 5298 1383 5382 ⁷²⁸¹ξΟροςιιιιιιηιιιί-ᾳιιθ
1405 5317 1502 5354 ms.
1543 5298 1667 5382 λένῃ
1692 5300 1933 5382 oportuit
1963 5300 2155 5382 itaque
2186 5298 2353 5382 “1’3”
2377 5298 2737 5382 Qni'credent
2764 5321 2859 5355 ms.
2904 5301 3029 5382 {aly
3060 5302 3150 5382 qui
3196 5305 3489 5382 credet-ene.

211 5317 351 5368 quis
379 5317 649 5353 numanus
794 5317 885 5333 ’δι’
915 5317 1166 5369 Uporunt
1198 5317 1383 5368 uuque
1405 5317 1502 5354 ms.
1543 5317 1611 5351 ,ιο
1633 5317 1667 5420 γ
1692 5317 1933 5369 oportuu
1964 5317 2145 5368 Itaque
2254 5317 2346 5332 ὀυ’
2377 5317 2476 5368 unt
2515 5317 2737 5356 creuent
2764 5321 2859 5355 ms.
2904 5317 3029 5382 δρψ
3060 5317 3150 5369 qut
3204 5317 3489 5357 crederent

211 5388 331 5441 ms.
381 5368 513 5441 Vict.
550 5370 603 5423 5.
636 5371 729 5438 qui
752 5372 982 5426 credunt
1054 5371 1144 5403 ³⁸³⁷
1174 5370 1229 5423 Si
1252 5373 1410 5439 digne
1434 5387 1530 5425 ms.
1553 5367 1628 5441 [ο
1653 5387 1682 5438 y
1710 5370 1802 5441 sgd
1830 5370 1987 5441 digne
2060 5371 2157 5403 ²⁸¹⁸
2185 5369 2286 5433 Sit,
2316 5372 2650 5441 utuleieulpm
2678 5390 2801 5425 mss.
2828 5383 2874 5425 ct
2905 5370 3237 5441 Eduab'otlt.
3273 5373 3357 5426 Sit
3393 5374 3493 5426 huc

212 5440 376 5493 unde
399 5440 571 5509 culp-.e
644 5437 736 5472 ¹⁸¹⁹
771 5441 1104 5497 Relaxantur
1134 5457 1258 5493 mss.
1306 5437 1431 5493 Vict.
1465 5450 1511 5493 et
1541 5437 1685 5510 Egit.
1719 5437 2213 5510 Gothfrelaxeutnr
2285 5440 2379 5473 ²⁸²⁰
2432 5440 2545 5496 Non
2570 5437 2853 5510 potuerunt
2904 5458 2998 5494 ms.
3065 5440 3195 5494 Vict.
3251 5441 3336 5497 l9.
3387 5458 3493 5495 non

209 5506 504 5576 poterant
561 5510 655 5541 ²⁸²¹
685 5509 801 5581 Non
832 5511 1006 5581 solum
1040 5510 1392 5581 prtesentibus
1417 5506 1718 5581 nissaloly,
1756 5507 1891 5563 Vict.
1999 5510 2081 5565 19.
2116 5530 2218 5566 non
2244 5511 2372 5565 solis
2396 5506 2750 5580 prtesentibus
2824 5511 2915 5543 ’δ”
2963 5511 3095 5581 Ejus
3152 5526 3273 5567 esse
3326 5510 3489 5565 morti

207 5589 530 5653 potuerunt
557 5596 682 5653 nm.
728 5579 862 5653 Vict.
892 5591 937 5635 et
963 5580 1087 5653 Joly
1114 5597 1252 5653 esse
1266 5579 1382 5647 ejus
1407 5579 1563 5633 morti
1590 5588 1840 5646 poterant
1880 5581 2008 5653 si”
2033 5583 2306 5653 creaturis
2337 5583 2449 5635 suis
2471 5597 2589 5649 qua:
2640 5600 2760 5636 mss.
2802 5582 2948 5653 Joly,
3006 5579 3146 5637 νισι.
3203 5583 3391 5636 Cister.
3447 5590 3497 5634 et

209 5648 420 5702 Editio
449 5648 671 5703 Gothica
701 5652 872 5703 omitt.
903 5652 1017 5723 suis
1056 5648 1185 5682 ’ωδ
1214 5649 1391 5723 Facta:
1417 5658 1601 5703 essent
1628 5665 1750 5723 ntus.
1781 5659 1827 5702 et
1867 5648 2013 5702 Edit.
2072 5650 2230 5723 quin.
2264 5651 2399 5705 facta
2430 5648 2613 5707 essent
2687 5654 2781 5684 ’³⁸⁸
2826 5648 3131 5710 (Iohvenire
3176 5654 3271 5708 sed
3324 5662 3492 5707 ettam

206 5732 461 5773 necesse
487 5733 605 5773 esse
628 5736 750 5773 mss.
780 5720 1109 5775 conveniens
1141 5723 1233 5775 sed
1264 5722 1426 5774 etiam
1462 5720 1822 5775 necessarium
1854 5734 1972 5774 esse
