4050 6294
207 352 291 411 m
1285 344 1422 406 cun
1479 340 1659 408 usus
1695 339 1907 399 nono.
1940 375 2005 384 —
2040 345 2168 408 Lm.
2209 348 2271 406 ιι.

3340 356 3447 415 622

208 465 336 522 nulla
365 461 688 539 necessitate
719 461 845 518 facit
876 459 1103 532 aliquid,
1141 461 1234 516 sed
1262 475 1358 518 sua
1383 469 1654 531 potestate
1691 468 1771 546 et,
1801 463 1847 526 Α
1877 460 1962 527 Et,
1991 461 2131 516 sicut
2173 477 2292 516 cum
2335 461 2475 519 Deus
2499 461 2628 519 facit
2654 462 2890 535 aliquid,
2926 472 3211 537 postquam
3247 465 3447 525 factum

209 556 439 612 voluntas
490 552 635 608 illius
667 552 770 608 fuit
796 552 1045 608 voluntas
1086 553 1199 617 Dei,
1253 552 1399 608 nulla
1441 554 1766 609 necessitate
1815 581 1818 584 ~

208 653 432 701 mortuus
457 653 566 710 est,
605 644 700 699 sed
742 643 855 698 sola
880 659 973 698 sua
1001 653 1287 714 potestate.
1313 643 1440 699 Bos.
1468 645 1766 715 Argument-

212 731 487 792 tationibus
536 736 643 790 tuis
669 736 891 790 obviare
921 751 1133 805 nequeo
1164 753 1178 789 :
1221 751 1348 790 nam
1388 751 1488 792 nec
1517 737 1765 807 proposi-

209 827 363 882 tiones
394 841 530 896 quas
577 828 880 896 praemittis,
937 843 1035 884 nec
1073 829 1484 897 consequentias
1521 843 1656 898 quas
1684 829 1765 883 in-

211 917 324 982 fers,
347 915 615 971 ullatenus
646 915 925 972 infirmare
949 917 1123 972 valeo.
1151 917 1257 972 Sed
1297 926 1474 974 tamen
1498 919 1600 974 hoc
1629 920 1762 974 mihi

208 1020 402 1076 semper
431 1004 526 1038 ’⁸⁵⁷
576 1006 838 1073 occurrit,
873 1006 1018 1076 quod
1050 1007 1162 1062 dixi
1191 1007 1287 1040 ³⁸⁸⁸
1320 1024 1334 1061 :
1368 1009 1494 1079 quia
1526 1009 1574 1065 si
1608 1009 1766 1065 vellet

209 1111 298 1150 non
341 1090 506 1163 mori,
549 1110 656 1151 non
709 1092 882 1168 magis
934 1098 1036 1154 hoc
1082 1109 1280 1168 posset,
1310 1114 1471 1169 quam
1507 1115 1612 1155 non
1648 1116 1767 1158 esse

207 1185 328 1251 quod
350 1193 499 1248 erat;
528 1197 652 1239 vere
672 1184 765 1216 ’m
795 1201 1029 1255 namque
1069 1189 1362 1242 moriturus
1405 1198 1524 1243 erat
1574 1208 1588 1244 :
1634 1206 1766 1260 quo-

208 1274 328 1324 niam
374 1271 420 1324 si
464 1287 592 1327 vere
621 1289 726 1328 non
774 1273 966 1330 fuisset
1006 1278 1301 1333 moriturus
1331 1319 1346 1344 ,
1409 1295 1514 1334 non
1575 1281 1768 1337 fuisset

206 1378 312 1416 vera
363 1363 500 1417 fides
554 1361 750 1418 futurae
805 1368 996 1420 mortis
1044 1368 1182 1437 ejus,
1233 1383 1332 1438 per
1375 1385 1538 1438 quam
1578 1382 1636 1427 et
1675 1373 1764 1426 illa

205 1450 348 1534 ~Virgo
384 1453 453 1508 de
477 1469 580 1522 qua
610 1463 769 1510 natus
794 1465 896 1519 est,
919 1464 974 1510 et
1002 1457 1094 1511 alii
1123 1458 1275 1513 multi
1316 1461 1557 1514 mundati
1579 1471 1706 1517 sunt
1732 1477 1763 1516 a

205 1552 430 1609 peccato.
476 1541 614 1598 Nam
663 1543 709 1599 si
744 1559 871 1600 vera
919 1561 1025 1602 non
1073 1547 1285 1613 fuisset,
1338 1549 1470 1604 nihil
1508 1553 1766 1620 prodesse

204 1633 473 1700 potuisset.
503 1633 845 1705 Quapropter
876 1637 920 1691 si
952 1637 1239 1706 potuit’m
1271 1655 1374 1694 non
1412 1641 1570 1707 mori,
1592 1644 1766 1712 potuit

205 1719 360 1777 facere
387 1739 494 1778 non
523 1739 644 1780 esse
667 1740 852 1781 verum
879 1728 1019 1797 quod
1051 1745 1235 1785 verum
1257 1741 1400 1788 erat.
1426 1732 1553 1788 Aus.
1585 1733 1764 1802 Quare

1871 562 1973 616 est,
1991 552 2102 623 jam
2133 571 2238 610 non
2283 565 2460 625 potest
2504 571 2608 611 non
2650 572 2773 613 esse
2819 557 3056 626 factum,
3098 558 3192 616 sed
3234 575 3450 633 semper

1872 660 2055 699 verum
2083 655 2166 700 est
2207 645 2404 700 factum
2433 662 2572 713 esse,
2598 663 2698 703 nec
2729 655 2907 702 tamen
2947 659 3093 704 recte
3118 650 3314 704 dicitur
3343 650 3450 706 im-

1869 733 2129 802 possibile
2158 735 2265 790 Deo
2289 750 2408 790 esse
2431 745 2487 790 at
2516 737 2675 792 faciat
2704 737 2846 807 quod
2867 737 3201 808 praeteritum
3228 747 3312 794 est
3339 755 3446 794 non

1866 839 1988 880 esse
2019 827 2353 897 praeteritum
2377 827 2471 859 ³⁸⁸⁸
2501 846 2514 880 :
2546 828 2677 882 nihil
2702 829 2847 883 enim
2873 828 2946 883 ibi
2974 838 3232 897 operatur
3256 843 3447 886 neces-

1866 915 1999 968 sitas
2026 930 2134 969 non
2180 915 2432 981 faciendi,
2482 926 2576 970 aut
2604 917 3008 986 impossibilitas
3043 918 3309 986 faciendi;
3349 920 3446 976 sed

1866 1005 1960 1059 Dei
1996 1004 2109 1059 sola
2154 1005 2422 1072 voluntas,
2472 1007 2560 1075 qui
2607 1008 2888 1062 veritatem
2908 1008 3002 1041 ³⁸⁸⁵
3035 1024 3251 1081 semper
3295 1011 3446 1082 (quia

1867 1095 1980 1163 ipse
2003 1095 2200 1150 veritas
2233 1095 2337 1166 est)
2362 1095 2775 1164 immutabilem,
2816 1087 2956 1152 sicut
2999 1107 3103 1165 est,
3133 1114 3254 1156 esse
3284 1100 3394 1157 vult
3428 1119 3442 1154 :

1871 1184 1942 1238 ita
1972 1185 2014 1239 si
2042 1187 2298 1254 proponit
2329 1200 2387 1240 se
2424 1185 2626 1255 aliquid
2682 1187 3094 1243 immutabiliter
3129 1189 3444 1255 facturum;

1865 1275 2111 1345 quamvis
2150 1279 2293 1345 quod
2339 1275 2612 1346 proponit,
2645 1285 2933 1346 antequam
2967 1276 3080 1340 fiat,
3127 1294 3232 1334 non
3277 1279 3450 1348 possit

1866 1383 1972 1422 non
2005 1382 2124 1422 esse
2150 1367 2424 1433 futurum;
2458 1384 2562 1422 non
2593 1377 2768 1422 tamen
2797 1368 2900 1423 ulla
2933 1378 3018 1423 est
3040 1370 3092 1423 in
3120 1384 3186 1424 eo
3211 1367 3447 1425 faciendi

1865 1459 2181 1523 necessitas,
2225 1468 2317 1512 aut
2365 1474 2471 1513 non
2530 1458 2762 1513 faciendi
2828 1459 3236 1529 impossibilitas
3274 1477 3288 1513 :
3321 1460 3446 1529 quia

1863 1548 1976 1603 sola
2003 1556 2260 1617 operatur
2288 1533 2439 1602 ineo
2472 1546 2738 1602 voluntas.
2794 1545 3022 1614 Quoties
3044 1562 3280 1617 namque
3315 1548 3450 1602 dici-

1866 1651 1955 1694 tur
1982 1640 2122 1693 Deus
2167 1654 2272 1692 non
2313 1654 2492 1708 posse,
2523 1638 2666 1693 nulla
2709 1647 2938 1709 negatur
2986 1638 3040 1693 in
3071 1653 3136 1694 eo
3165 1647 3445 1709 potestas;

1865 1733 1960 1789 sed
1992 1731 2370 1803 insuperabilis
2407 1733 2746 1804 signiﬁcatur
2794 1731 3033 1801 potentia
3057 1731 3152 1763 ’⁸⁸⁸
3197 1740 3253 1787 et
3293 1733 3446 1786 forti-

201 1825 368 1866 verum
417 1822 560 1879 erat,
599 1823 894 1900 antequam
936 1830 1259 1886 moreretur,
1303 1824 1426 1892 quia
1471 1825 1764 1881 IIIOI‘illIl‘IIS
1796 1848 1839 1902 Β
1867 1825 2012 1880 tudo.
2047 1823 2165 1879 Non
2204 1824 2348 1878 enim
2395 1823 2540 1878 aliud
2585 1822 2922 1894 intelligitur,
2981 1822 3085 1877 nisi
3128 1822 3254 1891 quia
3299 1821 3444 1876 nulla

205 1901 343 1954 erat?
392 1902 517 1958 Bos.
550 1898 818 1971 Quoniam
861 1907 963 1963 hoc
993 1909 1086 1950 ι⁸⁸¹
1115 1911 1230 1979 ipse
1273 1921 1468 1981 sponte
1512 1913 1679 1969 voluit
1708 1926 1763 1970 et

206 1995 508 2051 immutabili
547 1997 840 2056 voluntate.
870 2001 1000 2057 Aus.
1042 2002 1096 2057 Si
1125 2018 1276 2074 ergo,
1320 2004 1462 2058 sicut
1492 1990 1650 2073 dicis,
1685 2007 1762 2062 id-

204 2084 329 2139 circo
351 2101 462 2140 non
485 2089 656 2157 potuit
679 2104 783 2145 non
812 2091 969 2156 mori,
998 2093 1121 2162 quia
1145 2108 1270 2148 vere
1291 2095 1587 2149 moriturus
1610 2106 1757 2151 erat:

201 2182 248 2228 et
271 2176 382 2230 ideo
413 2193 542 2232 vere
568 2188 686 2234 erat
711 2183 1020 2244 moriturus,
1055 2183 1178 2252 quia
1211 2183 1314 2238 hoc
1345 2183 1462 2254 ipse
1492 2195 1682 2256 sponte
1707 2194 1762 2240 et

203 2264 592 2322 immutabiliter
638 2269 803 2326 voluit
837 2287 852 2324 :
886 2272 1128 2341 sequitur
1168 2272 1318 2326 illum
1367 2289 1472 2328 non
1517 2277 1587 2330 ob
1618 2275 1760 2331 aliud

198 2367 290 2408 non
317 2356 559 2436 potuisse
587 2372 693 2412 non
729 2360 884 2422 mori,
925 2361 1026 2415 nisi
1057 2362 1182 2432 quia
1215 2362 1538 2419 immutabili
1571 2367 1760 2420 volun-

200 2453 294 2498 tate
309 2445 488 2500 voluit
531 2447 687 2503 mori.
720 2447 845 2505 Dos.
879 2450 956 2505 Ita
987 2459 1114 2506 est:
1148 2454 1243 2508 sed
1275 2468 1608 2524 quotcunque
1643 2455 1760 2512 fue-

202 2537 259 2590 rit
282 2553 466 2606 causa,
503 2555 688 2596 verum
734 2550 819 2598 est
867 2544 1205 2615 tamenquia
1262 2561 1366 2600 non
1425 2548 1598 2616 potuit
1649 2565 1756 2604 non

199 2629 317 2680 mori
351 2638 407 2684 et
431 2643 658 2684 necesse
686 2629 787 2685 fuit
823 2631 972 2686 illum
1005 2634 1163 2688 mori.
1206 2633 1336 2688 Aas.
1379 2633 1552 2693 Nimis
1583 2636 1758 2692 haeres

197 2716 243 2768 in
266 2717 427 2773 nihilo
459 2736 472 2772 :
503 2729 562 2774 et
590 2724 670 2791 (ut
699 2720 802 2776 dici
839 2721 996 2789 solet)
1027 2724 1228 2793 quaeris
1254 2725 1453 2780 nodum
1477 2726 1530 2780 in
1555 2728 1756 2796 scirpo.

197 2808 302 2865 Bos.
333 2813 417 2868 An
469 2829 530 2869 es
559 2814 756 2870 oblitus
793 2816 921 2885 quid
954 2816 1247 2887 objecerim
1273 2816 1368 2850 ’⁸⁸³
1395 2818 1758 2874 excusationi-

194 2899 280 2956 bus
307 2904 416 2959 tuis
461 2904 515 2958 in
566 2905 725 2978 hujus
769 2905 1147 2977 disputationis
1195 2915 1394 2963 nostra:
1438 2909 1754 2979 principio:

191 2992 322 3059 quia,
361 2994 636 3062 videlicet,
685 2997 828 3067 quod
866 2998 1228 3068 postulabam,
1267 3015 1387 3053 non.
1425 2999 1634 3056 faceres
1663 3000 1759 3056 do-

191 3082 311 3147 ctis;
344 3083 443 3140 sed
495 3085 648 3152 mihi,
689 3095 747 3142 et
783 3086 887 3143 hoc
928 3087 1104 3157 ipsum
1149 3102 1360 3143 mecum
1411 3088 1758 3160 petentibus?

1867 1932 1954 1970 res
1972 1924 2153 1988 potest
2177 1913 2386 1970 efIicere
2421 1924 2480 1971 ut
2517 1927 2642 1987 agat
2678 1916 2767 1969 ille
2816 1915 2958 1984 quod
3008 1924 3233 1984 negatur
3258 1929 3438 1985 posse.

1863 2005 1997 2060 Nam
2030 2007 2255 2061 multum
2289 2008 2485 2061 usitata
2513 2017 2595 2062 est
2626 2005 2934 2076 bujusmodi
2967 2006 3184 2069 locutio,
3211 2015 3271 2060 nt
3298 2007 3444 2060 dica-

1865 2109 1952 2153 tur
1978 2114 2064 2154 res
2088 2099 2268 2168 aliqua
2306 2113 2492 2168 posse;
2514 2113 2630 2166 non
2660 2100 2785 2168 quia
2823 2099 2875 2152 in
2910 2099 3020 2165 illa,
3051 2097 3143 2154 sed
3186 2099 3442 2169 quoniam

1861 2189 1914 2243 in
1948 2189 2052 2243 alia
2103 2203 2161 2243 re
2201 2198 2284 2244 est
2313 2197 2594 2259 potestas:
2624 2197 2678 2243 et
2703 2204 2807 2242 non
2834 2192 3022 2258 posse;
3049 2202 3154 2242 non
3185 2188 3441 2258 quoniam

1859 2277 1915 2334 in
1944 2278 2056 2343 illa,
2084 2278 2178 2334 sed
2204 2279 2331 2348 quia
2379 2279 2432 2332 in
2481 2279 2684 2346 aliare
2713 2287 2794 2332 est
2834 2278 3169 2347 impotentia.
3203 2277 3447 2331 Dicimus

1859 2386 2093 2441 namque
2124 2387 2140 2424 :
2171 2370 2277 2426 Iste
2310 2370 2472 2426 homo
2496 2379 2674 2440 potest
2697 2369 2863 2434 vinci,
2885 2384 3003 2438 pro,
3034 2368 3244 2437 Aliquis
3270 2375 3446 2438 potest

1859 2477 1983 2518 eum
2019 2462 2237 2517 vincere
2268 2478 2281 2515 :
2323 2471 2397 2526 el,
2429 2460 2522 2515 Ille
2555 2476 2660 2514 non
2689 2468 2868 2529 potest
2905 2459 3077 2525 vinci;
3109 2473 3226 2528 pro,
3251 2457 3445 2512 Nullus

1857 2568 1981 2610 eum
2012 2555 2228 2608 vincere
2277 2562 2470 2623 potest.
2523 2552 2637 2605 Non
2690 2552 2834 2606 enim
2879 2559 3118 2619 potestas
3155 2558 3240 2606 est
3283 2565 3444 2618 posse

1858 2643 2020 2707 vinci,
2060 2642 2153 2698 sed
2189 2641 2506 2711 impotentia
2543 2658 2555 2693 :
2589 2657 2690 2694 nec
2717 2640 2859 2694 vinci
2907 2654 3012 2693 non
3041 2654 3200 2712 posse
3259 2639 3432 2710 impo-

1859 2734 2154 2799 tentia-est,
2189 2736 2282 2789 sed
2327 2741 2585 2804 potestas.
2629 2731 2738 2787 Nec
2769 2733 2998 2787 dicimus
3049 2732 3216 2787 Deum
3255 2747 3443 2787 neces-

1857 2824 2019 2880 sitate
2052 2823 2231 2878 facere
2275 2823 2498 2893 aliquid,
2532 2838 2599 2877 eo
2632 2822 2857 2892 quod'in
2893 2821 2984 2876 illo
3011 2821 3082 2876 sit
3117 2821 3221 2876 ulla
3252 2837 3442 2876 neces-

1857 2917 2019 2982 sitas;
2052 2917 2145 2970 sed
2192 2916 2449 2986 quoniam
2481 2925 2565 2971 est
2602 2916 2654 2970 in
2692 2912 2799 2970 alio
2832 2931 2844 2967 :
2872 2915 3012 2968 sicut
3037 2914 3147 2968 dixi
3178 2915 3243 2968 de
3269 2913 3444 2982 impo-

1861 3008 2025 3061 tentia
2049 3007 2163 3072 '3",
2194 3007 2410 3076 quando
2437 3007 2634 3061 dicitur
2676 3022 2780 3061 non
2823 3019 2999 3076 posse.
3027 3002 3219 3060 Omnis
3243 3005 3443 3075 quippe

1860 3097 2154 3152 necessitas
2175 3105 2260 3150 est
2295 3106 2387 3150 aut
2413 3096 2644 3162 coactio,
2668 3094 2769 3150 aut
2798 3095 3096 3166 prohibitio
3130 3112 3144 3148 :
3175 3109 3295 3164 quae
3323 3093 3442 3148 dua:

191 3169 395 3228 Sustine
432 3173 614 3244 igitur,
646 3183 705 3228 ut
732 3190 829 3246 pro
863 3176 1117 3232 tarditate
1143 3185 1197 3232 et
1224 3177 1547 3234 hebetudine
1584 3177 1751 3232 nostri
1785 3197 1826 3253 ο
1860 3185 2211 3239 necessitates
2257 3193 2645 3238 convertuntur
2691 3184 2921 3238 invicem
2949 3182 3258 3248 contrarie;
3303 3181 3446 3236 sicut

193 3261 381 3331 ingenii
455 3279 716 3334 quaeram,
768 3275 1032 3336 quatenus
1077 3269 1210 3322 mihi
1246 3278 1301 3322 et
1345 3268 1448 3323 illis
1498 3269 1659 3324 etiam
1706 3270 1756 3325 in

184 3353 472 3418 puerilibus
500 3357 908 3424 quaestionibus,
946 3357 1087 3413 sicut
1113 3357 1404 3429 incoepisti,
1433 3359 1755 3414 satisfacias.

495 3465 722 3523 CAPUT
759 3467 921 3525 xvm
959 3469 1053 3541 [aL
1095 3467 1258 3541 xvu]
1284 3469 1404 3524 ιειι.

183 3572 313 3638 Quid
352 3578 429 3650 in_
458 3577 571 3650 Deo
612 3595 715 3632 non
757 3581 824 3634 sit
877 3580 1178 3646 necessitas,
1206 3580 1282 3634 vel
1321 3581 1713 3650 impossibilitas
1737 3602 1756 3637 :

243 3656 289 3697 et
335 3647 467 3718 quid
507 3648 576 3702 sit
616 3652 894 3704 necessitas
954 3666 1140 3720 cogens
1171 3690 1186 3716 ,
1225 3660 1274 3704 et
1327 3647 1606 3705 necessitas
1653 3669 1757 3706 non

243 3733 454 3784 cogens.

245 3828 372 3883 Aus.
404 3827 525 3884 Jam
553 3830 788 3887 diximus
810 3832 933 3902 quia
959 3832 1099 3887 Deus
1121 3832 1413 3903 improprie
1435 3833 1632 3888 dicitur
1658 3833 1755 3888 ali-

173 3920 296 3986 quid
328 3936 440 3975 non
471 3937 650 3991 posse,
677 3933 770 3980 aut
799 3925 1122 3980 necessitate
1149 3925 1349 3980 facere.
1380 3924 1569 3980 Omnis
1598 3926 1754 3994 quip-

174 4023 238 4075 pe
267 4011 592 4078 necessitas,
615 4024 668 4068 et
698 4014 1123 4084 impossibilitas,
1150 4016 1266 4087 ejus
1293 4016 1540 4086 subjacet
1561 4016 1753 4071 volun-

177 4099 302 4164 tati;
340 4100 484 4156 illius
523 4111 700 4157 autem
726 4103 977 4160 voluntas
1007 4104 1138 4160 nulli
1169 4105 1415 4160 subditur
1440 4107 1752 4162 necessitati

170 4198 265 4244 aut
301 4190 744 4261 impossibilitati.
775 4194 917 4250 Nihil
946 4195 1091 4250 enim
1133 4203 1219 4250 est
1264 4188 1627 4252 necessarium
1659 4205 1754 4250 aut

175 4280 528 4350 impossibile,
561 4284 663 4340 nisi
692 4285 817 4354 quia
862 4287 974 4358 ipse
1004 4286 1077 4341 ita
1101 4285 1215 4340 vult
1245 4303 1260 4340 :
1295 4287 1471 4356 ipsum
1509 4300 1638 4343 vero
1659 4295 1756 4341 aut

171 4370 312 4424 velle
334 4380 429 4424 aut
452 4372 590 4428 nolle
617 4373 821 4443 aliquid
845 4383 1069 4445 propter
1109 4375 1492 4431 necessitatem
1517 4384 1611 4430 aut
1647 4376 1750 4430 im-

170 4459 610 4528 possibilitatem,
646 4463 882 4518 alienum
912 4473 997 4520 est
1038 4480 1069 4520 a
1099 4465 1350 4522 veritate.
1384 4466 1584 4533 Quare,
1615 4481 1750 4536 quo-

1864 3289 2103 3342 uecesse,
2153 3285 2206 3329 et
2244 3275 2594 3345 impossibile.
2632 3273 2904 3344 Quidquid
2947 3287 3182 3343 namque
3231 3272 3444 3342 cogitur

1860 3383 2000 3434 esse,
2025 3367 2340 3436 prohibetur
2371 3382 2474 3420 non
2500 3381 2654 3432 esse;
2681 3374 2736 3421 et
2765 3366 2908 3436 quod
2938 3365 3150 3436 cogitur
3171 3379 3276 3418 non
3295 3377 3435 3427 esse,

1861 3457 2178 3526 prohibetur
2210 3470 2330 3509 esse
2376 3473 2391 3509 :
2434 3456 2886 3526 quemadmodum
2928 3453 3069 3524 quod
3096 3466 3321 3522 necesse
3357 3463 3443 3507 est

1858 3559 1998 3609 esse,
2030 3543 2359 3612 impossibile
2384 3555 2467 3598 eSt
2496 3557 2601 3598 non
2636 3543 2800 3598 esse?
2847 3553 2900 3598 et
2932 3543 3075 3612 quod
3102 3555 3324 3597 necesse
3358 3548 3442 3596 est

1859 3653 1966 3693 non
2017 3651 2160 3703 esse,
2205 3635 2316 3707 95.
2351 3635 2678 3706 impossibile
2719 3644 2802 3691 est
2832 3649 2982 3701 esse;
3015 3643 3072 3690 et
3107 3635 3436 3691 'conversim.

1855 3727 1992 3782 Cum
2021 3737 2199 3781 autem
2245 3727 2474 3782 dicimus
2522 3726 2728 3797 aliquid
2784 3740 3010 3781 necesse
3035 3739 3157 3781 esse
3199 3733 3293 3780 aut
3327 3713 3436 3779 non

1855 3835 1976 3877 esse
2002 3820 2054 3876 in
2086 3821 2213 3886 Deo,
2244 3837 2352 3876 non
2383 3820 2698 3891 intelligitur
2719 3820 2862 3890 quod
2891 3820 2964 3874 sit
2991 3820 3044 3874 in
3081 3820 3173 3874 illo
3200 3821 3440 3875 necessi-

1857 3921 1940 3966 tas
1963 3921 2058 3965 aut
2081 3925 2280 3981 cogens
2313 3920 2406 3964 aut
2434 3912 2768 3980 prohibens:
2795 3910 2888 3964 sed
2920 3910 3256 3980 significatur
3290 3911 3438 3978 quod

1855 4003 1908 4057 in
1941 4003 2192 4057 omnibus
2217 4001 2336 4056 aliis
2385 4001 2546 4056 rebus
2581 4011 2661 4055 est
2701 4001 2997 4055 necessitas
3022 4000 3317 4070 prohibens
3343 4014 3440 4053 cas

1854 4094 2054 4156 facere,
2083 4103 2136 4146 et
2164 4107 2360 4162 cogens
2411 4105 2517 4146 on
2567 4091 2785 4145 facere:
2816 4100 3004 4145 contra
3051 4091 3152 4145 hoc
3190 4090 3332 4158 quod
3367 4091 3435 4143 de

1847 4171 1963 4238 'Deo
2007 4183 2222 4237 dicitur.
2273 4180 2579 4246 N;uu,cum
2629 4179 2858 4234 dicimus
2902 4180 3045 4249 quod
3087 4193 3307 4234 necesse
3352 4188 3436 4231 est

1854 4274 2020 4328 Deum
2073 4288 2289 4341 semper
2332 4287 2518 4326 verum
2568 4270 2771 4335 dicere,
2820 4278 2876 4324 et
2918 4284 3136 4326 necesse
3172 4278 3255 4324 est
3309 4285 3435 4324 cum

1853 4377 2127 4432 nunquam
2152 4361 2247 4393 ’⁸⁸³
2285 4360 2520 4422 mentiri,
2562 4374 2667 4414 non
2711 4357 2913 4414 dicitur
2946 4357 3112 4423 aliud,
3160 4359 3261 4412 nisi
3306 4359 3433 4428 quia

1851 4462 2000 4508 tanta
2041 4462 2125 4507 est
2159 4453 2210 4506 in
2246 4451 2336 4507 illo
2381 4451 2682 4507 constantia
2732 4449 2986 4505 servandi
3021 4450 3328 4516 veritatem,
3376 4460 3434 4504 ut

170 4548 319 4600 uiam
354 4549 536 4604 omnia
566 4566 686 4621 qua:
714 4552 847 4622 vult,
890 4562 945 4608 et
985 4569 1091 4609 non
1126 4554 1229 4610 nisi
1259 4569 1378 4625 qum
1407 4554 1546 4620 νυιι,
1577 4553 1746 4610 [ειεξιτ
1778 4537 1830 4598 D
1858 4555 2078 4597 necesse
2110 4541 2180 4596 sit
2218 4539 2415 4594 nullam
2458 4554 2571 4595 rem
2619 4538 2799 4594 facere
2821 4552 3000 4608 posse,
3031 4545 3091 4592 ut
3116 4552 3300 4592 verum
3327 4554 3431 4590 non

169 4637 310 4691 sicut
333 4638 480 4693 nulla
515 4643 829 4710 necessitas,
875 4644 988 4698 sive
1017 4643 1452 4715 impossibilitas,
1500 4643 1754 4715 praecedit

166 4727 282 4793 ejus
318 4729 463 4784 velle
490 4740 583 4786 aut
617 4731 788 4799 nolle;
823 4733 894 4788 ita
937 4748 1035 4790 nec
1060 4733 1175 4802 ejus
1203 4733 1383 4790 facere
1404 4741 1500 4788 aut
1531 4747 1640 4789 non
1669 4732 1749 4786 fa-

167 4832 286 4873 cere
319 4837 332 4873 :
368 4821 620 4889 quamvis
649 4821 816 4876 multa
856 4823 986 4878 velit
1012 4824 1442 4889 immutabiliter,
1481 4831 1537 4879 et
1560 4821 1746 4878 faciat.

1858 4634 2021 4698 dicat,
2035 4639 2128 4688 aut
2139 4639 2196 4686 ut
2208 4631 2500 4686 mentiatur
2515 4630 2609 4702 [aL
2626 4646 2740 4701 cap.
2762 4628 2946 4702 XVIII]
2962 4628 3077 4685 ηδ’.
3091 4628 3434 4700 QuaprOptev

1857 4739 1978 4779 cum
2001 4723 2230 4779 dicimus
2254 4724 2377 4793 quia
2406 4723 2570 4777 homo
2596 4721 2823 4792 ille,.qui
2849 4722 3141 4777 secundum
3169 4721 3432 4776 unitatem

1856 4829 2102 4886 personae
2129 4814 2292 4885 (sicut
2325 4829 2487 4884 supra
2523 4814 2722 4870 dictum
2746 4813 2867 4885 .est)
2918 4813 3059 4868 idem
3087 4812 3201 4884 ipse
3229 4822 3312 4867 est
3338 4813 3428 4878 qui

1447 4964 1681 5020 VARIIE
1717 4963 2007 5020 LECTION
2015 4961 2117 5018 ES.

229 5095 324 5127 ⁸⁸³⁷
362 5094 660 5166 Hoc__mihi
717 5070 1074 5166 semper-ms.
1110 5093 1240 5149 Vict.
1277 5096 1364 5150 I9.
1393 5097 1482 5151 hic
1518 5095 1648 5149 mihi
1680 5109 1896 5162 semper

2026 5093 2118 5124 "‘3
2147 5091 2296 5158 Quod
2357 5089 2540 5145 dixisti
2597 5105 2701 5144 mss
2759 5097 2809 5140 et
2854 5084 3012 5158 Edit.
3071 5081 3236 5158 Goth._
3282 5083 3426 5150 quod

159 5165 267 5218 dixi
351 5166 450 5196 ⁸⁸⁵⁸
476 5163 589 5218 Νοη
616 5167 773 5228 mori,
802 5153 906 5220 non
939 5166 1106 5235 magis
1131 5167 1234 5220 hoc
1261 5176 1459 5235 posset,
1489 5181 1650 5235 quam
1681 5153 1864 5234 posset
1891 5178 1994 5219 non
2022 5153 2313 5235 essequod
2340 5173 2458 5215 erat
2489 5174 2616 5235 vere
2645 5157 2896 5235 φησιν
2948 5171 3051 5208 non
3103 5153 3259 5233 mori,
3320 5166 3426 5204 non

156 5244 306 5289 esset
336 5235 515 5304 magis
537 5235 640 5290 hoc
666 5226 842 5305 posse,
870 5226 1165 5304 quam-non
1194 5226 1315 5290 esse
1340 5226 1482 5304 quod
1507 5226 1627 5290 erat
1656 5226 1831 5305 z'vere
1876 5249 2001 5305 mss.
2022 5231 2153 5288 Vict.
2189 5226 2456 5305 Cister.‘et
2484 5227 2606 5282 Edit
2651 5226 2805 5305 got/2.
2834 5226 2960 5305 [non
2989 5226 3145 5304 mori,
3176 5237 3281 5305 non
3313 5237 3431 5274 uita-

155 5305 234 5370 gis
260 5305 373 5376 hoc
400 5293 583 5376 posset
603 5293 764 5374 quam
794 5293 903 5360 noti
923 5321 1047 5360 esse
1074 5306 1217 5376 quod
1246 5293 1405 5376 erat-5
1437 5319 1562 5360 vere
1635 5305 1728 5376 ’θὲθ
1759 5304 1825 5376 Si
1845 5301 2399 5376 potuisset‘_non_tnori
2429 5316 2553 5376 ms_s.
2578 5308 2624 5352 et
2654 5297 2798 5376 Edit:
2827 5293 2983 5376 (lotis.
3040 5294 3082 5376 si
3111 5293 3284 5376 potuit
3317 5305 3425 5344 non

155 5360 293 5444 inori
326 5443 341 5444 γ
378 5360 475 5404 ’δδι
513 5360 793 5444 Quomodo
823 5376 922 5431 hoc
949 5392 1073 5429 mss.
1092 5360 1144 5429 let
1170 5376 1335 5428 Edit.
1349 5374 1504 5430 Goth.
1532 5375 1787 5444 quoniam
1817 5360 1920 5428 h'oc
1980 5365 2086 5405 ‘3"
2116 5372 2255 5438 Quid
2283 5369 2572 5438 objecerim
2625 5384 2733 5444 ms.
2766 5365 2890 5434 Joly
2940 5366 3081 5444 (ιιιριι
3113 5360 3425 5444 lobjeeer'nn

152 5443 248 5476 ³⁸³³
310 5443 387 5498 In
413 5461 513 5497 ms.
545 5443 680 5499 Vict.
714 5445 800 5500 I9.
827 5443 996 5513 Caput
1024 5446 1111 5498 18.

1259 5445 1352 5476 ’⁸⁸³
1379 5430 1567 5500 Faciat
1591 5448 1731 5514 quod
1760 5445 2094 5514 praeteritum
2123 5430 2207 5514 Est
2235 5430 2978 5514 non'csse_;)rm1erittliil'nts:
3004 5432 3274 5514 Skutch.
3331 5430 3423 5514 ﬁt;

150 5515 260 5586 ciat
287 5515 442 5584 quod
469 5515 800 5586 praeteritum
821 5500 948 5586 est:
1024 5513 1120 5586 ’δέ’
1142 5512 1272 5586 Quae
1295 5515 1578 5569 veritatem
1607 5500 1732 5570 inss.
1760 5500 1909 5586 TVict.
1938 5515 2085 5586 July,
2119 5511 2307 5586 Cister.
2344 5521 2391 5564 et
2425 5500 2769 5586 Edit‘.__(.'otit.
2799 5506 2926 5586 .qui.
2971 5504 3254 5586 veritatem
3311 5500 3426 5586 A'm

151 5574 426 5654 Signatur
469 5574 692 5638 'otentia
721 5601 818 5638 ms.
845 5584 1030 5638 Cister.
1059 5574 1394 5655 significatur
1423 5586 1658 5654 potentia
1733 5585 1826 5616 ’⁸⁵⁷
1856 5585 1995 5648 Dixi,
2029 5574 2342 5652 ititpotentia
2366 5596 2490 5634 mss.
2518 5577 2661 5630 Edit.
2689 5576 2843 5628 (infit.
2878 5574 2986 5630 dixi
3036 5574 3102 5628 de
3157 5574 3424 5642 impoten-

151 5657 224 5705 tia
308 5654 414 5690 ⁸⁸⁸⁸
446 5600 675 5705 gecesse
703 5669 827 5705 eum
856 5669 1127 5705 nulmuam
1156 5670 1257 5705 ms.
1281 5654 1469 5705 Cister.
1493 5666 1540 5705 et
1566 5655 1714 5705 Edit.
1743 5653 1900 5705 Gnth.
1932 5669 2156 5705 necesse
2182 5662 2259 5705 cst
2284 5665 2556 5704 nutu'uatn
2631 5647 2724 5678 ²⁸³⁹
2750 5664 2872 5700 mss.
2904 5647 3240 5700 continuatur
3267 5650 3421 5705 caput

148 5657 224 5708 tia
308 5654 414 5690 ³⁸⁸⁸

491 5668 675 5708 ecesse
703 5669 827 5708 eum
856 5653 1130 5722 minquani
1156 5670 1257 5707 ms.
1281 5653 1469 5709 Cister.
1493 5666 1540 5708 et
1566 5655 1714 5709 Edit.
1743 5653 1900 5709 Goth.
1932 5669 2156 5710 necesse
2182 5662 2259 5707 est
2284 5665 2556 5704 mnu-nam

2631 5647 2724 5678 ’⁸³⁵⁸
2750 5664 2872 5700 mss.
2904 5647 3240 5700 continuatur
3267 5650 3421 5710 caput

147 5723 484 5789 pnecedens.
521 5724 609 5778 Vel
638 5739 745 5779 non
778 5740 902 5779 mss.
938 5722 1072 5778 Vict.
1103 5723 1186 5778 l9.
1221 5734 1267 5778 et
1294 5722 1436 5778 Edit.
1462 5722 1616 5780 Cotti.
1650 5726 1717 5781 Et
1749 5743 1850 5780 non
