4050 6294
571 250 691 309 433

1104 250 1164 307 S.
1206 251 1513 309 AMSELMI
1550 249 1906 307 CANTUAR.
1958 242 2280 303 ARCHIEP.
2335 244 2487 303 OPP.
2537 247 2792 309 PARSJ
2842 285 2884 296 -
2914 256 3333 319 DOGMATICA.

3728 273 3823 353 ut

570 365 743 423 Filius
771 365 863 420 Dei
893 365 1054 432 Deus,
1090 381 1197 421 non
1220 367 1395 438 potuit
1428 381 1535 422 non
1570 365 1729 430 mori,
1763 372 1856 418 aut
1876 362 2012 461 velle
2042 378 2148 461 non
2179 367 2227 427 Α
2258 352 2561 419 cessitatem
2589 381 2729 422 esse.
2779 368 2876 424 Est
2902 386 3136 445 namque
3182 377 3480 435 necessitas
3509 386 3830 461 precatam“

576 458 738 520 mori,
772 466 1055 527 postquam
1099 458 1167 512 de
1197 456 1414 528 Virgine
1457 466 1617 511 natus
1642 466 1726 511 est
1759 473 1772 510 :
1806 471 1912 509 non
1944 454 2153 525 signifi-

575 559 730 604 catur
778 549 832 603 in
862 548 949 601 illo
989 548 1095 602 ulla
1136 547 1452 617 impotentia
1493 546 1770 609 servandi,
1804 554 1899 599 aut
1944 544 2155 600 volendi

575 654 797 695 servare
826 640 990 691 vitam
1030 653 1184 693 suam
1238 637 1633 702 immortalem;
1675 636 1770 691 sed
1804 633 2155 691 immutabili-

577 737 660 784 tas
688 727 977 783 voluntatis
1012 725 1152 796 ejus,
1183 743 1288 798 qua
1313 742 1374 782 se
1395 735 1587 797 sponte
1613 726 1740 781 fecit
1770 726 2044 782 hominem
2084 722 2154 777 ad

572 821 698 888 hoc,
725 821 862 875 utin
889 821 1078 874 eadem
1109 819 1389 876 voluntate
1421 832 1776 889 perseverans
1808 825 2148 880 moreretur;

571 922 627 966 et
650 893 774 982 quia
820 911 964 965 nulla
1010 925 1099 966 res
1138 911 1311 980 potuit
1347 909 1491 964 illam
1536 908 1869 963 voluntatem
1924 916 2153 960 mutare.

570 1004 698 1060 Plus
727 1004 869 1061 enim
898 1012 1044 1060 esset
1068 1003 1389 1079 impotentia
1420 1016 1583 1072 quam
1609 1000 1870 1069 potentia,
1899 999 1942 1053 si
1975 1006 2157 1068 posset

569 1095 710 1151 velle
742 1096 985 1160 mentiri,
1019 1104 1114 1150 attt
1157 1096 1364 1159 fallere,
1400 1105 1495 1149 aut
1545 1102 1756 1147 mutare
1800 1090 2155 1153 voluntatem,

571 1201 734 1257 quam
766 1188 916 1257 prius
958 1185 1346 1242 immutabilem
1383 1199 1504 1240 esse
1534 1182 1720 1238 voluit.
1754 1180 1821 1234 Et
1864 1181 1910 1235 si
1944 1179 2155 1251 (quem-

572 1278 863 1332 admodum
907 1291 1069 1347 supra
1101 1277 1235 1346 dixi)
1286 1290 1408 1330 cum
1457 1273 1653 1343 aliquis
1685 1280 1875 1341 sponte
1930 1284 2000 1341 se.
2030 1286 2155 1340 pro-

580 1370 734 1440 ponit
773 1368 1042 1423 facturum
1074 1369 1270 1423 bonum
1309 1365 1553 1435 aliquod,
1574 1373 1629 1419 et
1662 1365 1850 1419 eadem
1882 1364 2155 1418 voluntate

573 1458 1020 1530 postea’perlicit
1066 1459 1209 1529 quod
1248 1458 1340 1491 ³⁸⁸⁸
1369 1458 1683 1530 proposuit;
1740 1457 1989 1526 quamvis
2034 1459 2153 1526 cogi

572 1548 789 1619 possit,
823 1548 866 1602 si
912 1547 1044 1602 nolit
1083 1547 1403 1617 promissum
1436 1546 1672 1611 solvere;
1719 1561 1824 1600 non
1859 1554 2038 1598 tamen
2071 1545 2154 1598 di-

578 1637 784 1692 cendus
828 1646 910 1691 est
960 1637 1284 1692 necessitate
1339 1635 1520 1692 facere
1562 1636 1704 1707 quod
1745 1635 1903 1702 facit;
1945 1636 2037 1691 sed
2067 1650 2149 1697 ca,

2258 466 2379 522 quae
2404 465 2674 544 causaest
2705 466 2763 512 ut
2799 459 2868 514 sit
2906 474 3025 516 res:
3060 470 3115 518 et
3143 473 3229 519 est
3256 468 3553 525 necessitas
3586 459 3825 544 sequens,

2258 556 2417 610 quam
2440 558 2528 599 res
2556 543 2706 601 facit.
2731 546 3046 606 Pmcedens
3069 560 3126 607 et
3150 550 3385 611 eﬂiciens
3416 560 3708 617 necessitas
3733 543 3826 637 est,

2257 650 2378 690 cum
2402 635 2598 691 dicitur
2646 638 2842 694 cmlum
2883 640 3054 709 volvi;
3086 644 3211 713 quia
3243 662 3465 703 necesse
3500 661 3606 717 est,
3637 663 3696 708 ut
3728 635 3830 712 voL

2256 731 2435 777 vatur.
2478 722 2721 795 Sequens
2764 742 2918 794 vero,
2965 740 3020 785 et
3065 746 3185 801 quae
3234 735 3367 789 nihil
3402 735 3587 805 efﬁcit,
3636 743 3730 797 sed
3760 744 3828 812 ﬁt,

2255 823 2338 868 est
2357 812 2452 846 ’⁸⁸⁸
2482 830 2604 870 cum
2636 816 2756 872 dico
2785 825 2836 873 te
2862 833 2930 874 ex
2956 823 3280 880 necessitate
3308 825 3477 895 loqui,
3497 830 3626 897 quia
3654 831 3832 902 loque-

2257 904 2351 958 ris.
2374 904 2509 959 Cum
2536 906 2682 961 enim
2709 908 2811 965 hoc
2839 910 2981 978 dico,
3008 912 3255 982 significo
3286 916 3416 972 nihil
3448 915 3630 975 facere
3656 936 3827 992 posse,

2256 1001 2335 1058 ut,
2368 995 2492 1048 dum
2520 995 2758 1067 loqueris
2782 1014 2887 1055 non
2915 1000 3175 1072 loquaris,
3208 1020 3316 1058 non
3344 1008 3485 1076 quod
3517 1008 3656 1066 alius
3681 1012 3832 1066 tem'

2254 1093 2413 1152 cogat
2438 1085 2504 1140 ad
2530 1085 2875 1156 loquendum.
2905 1088 3039 1146 Nam
3065 1092 3322 1149 violentia
3354 1097 3616 1153 naturalis
3648 1100 3829 1157 condi-

2254 1172 2419 1231 tionis
2467 1179 2610 1249 cogit
2653 1179 2849 1235 coelum
2895 1182 3066 1250 volvi;
3101 1194 3151 1241 te
3195 1199 3324 1242 vero
3362 1187 3509 1243 nulla
3549 1193 3835 1251 necessitas

2256 1260 2380 1318 facit
2412 1264 2552 1336 loqui
2577 1268 2690 1324 ⁸⁸⁸⁸.
2718 1271 2823 1327 Sed
2855 1271 3159 1342 ubicunque
3186 1285 3269 1330 est
3304 1278 3615 1347 praecedens
3655 1298 3834 1339 neces-

2257 1353 2413 1419 sitas,
2451 1366 2533 1412 est
2576 1369 2631 1413 et
2667 1375 2936 1430 sequens;
2988 1377 3094 1416 non
3141 1375 3320 1420 autem
3370 1366 3458 1423 ubi
3487 1385 3746 1441 sequens,
3771 1372 3836 1429 ibi

2256 1443 2439 1499 statim
2470 1454 2523 1500 et
2552 1450 2884 1516 praecedens.
2918 1450 3211 1507 Possumus
3244 1470 3477 1526 namque
3506 1458 3715 1526 dicere,
3747 1474 3833 1515 ne-

2255 1551 2408 1593 cesse
2441 1546 2524 1593 est
2553 1538 2749 1594 ct'elum
2777 1539 2938 1607 volvi,
2962 1541 3087 1612 quia
3117 1543 3353 1599 volvitur
3382 1560 3398 1598 :
3426 1548 3519 1602 sed
3556 1564 3666 1604 non
3690 1550 3837 1607 simi-

2254 1626 2382 1682 liter
2409 1636 2494 1683 est
2514 1643 2723 1695 verum,
2766 1629 2968 1686 idcirco
3000 1639 3050 1686 te
3082 1631 3248 1702 loqui,
3279 1635 3405 1705 quia
3433 1650 3656 1693 necesse
3678 1650 3765 1695 cst
3784 1649 3835 1696 ut

575 1741 684 1797 qua
721 1727 1023 1796 proposuit,
1055 1727 1222 1782 libera
1258 1726 1545 1783 voluntate.
1587 1725 1703 1781 Non
1745 1725 1889 1780 enim
1920 1725 2158 1780 necessi-
2189 1719 2233 1774 Β
2255 1716 2515 1787 loquaris.
2559 1718 2665 1773 lsta
2711 1733 2944 1790 sequens
2976 1722 3272 1778 necessitas
3321 1725 3491 1780 ευιτῖῑ
3520 1741 3620 1797 De?
3661 1728 3837 1793 omnia

575 1824 689 1870 tate
733 1824 827 1869 aut
866 1814 1180 1884 impetenlia
1220 1816 1366 1879 ﬁeri,
1404 1816 1509 1870 vel.
1533 1831 1636 1871 non
1689 1815 1806 1870 fieri
1858 1815 1963 1870 diei
1995 1816 2157 1871 debet

575 1904 804 1974 aliquid,
868 1903 958 1957 ubi
994 1918 1168 1972 neque
1230 1906 1547 1971 necessitas,
1597 1920 1772 1975 neque
1835 1904 2154 1976 impotentia

578 1997 873 2066 quidquam
903 2007 1215 2067 operantur,
1242 1997 1334 2052 sed
1362 1996 1609 2053 voluntas
1645 2014 1658 2050 :
1689 1998 1757 2061 si,
1810 1998 2051 2068 inquam,
2082 1999 2157 2053 ita

574 2092 662 2139 est
707 2085 761 2138 in
800 2086 1037 2151 homine,
1086 2085 1255 2139 multo
1285 2085 1456 2157 magis
1501 2086 1820 2148 necessitas,
1852 2093 1945 2140 aut
1988 2085 2158 2156 impo-

575 2177 742 2231 tentia
776 2191 1115 2248 nequaquam
1145 2177 1486 2232 nominandae
1508 2184 1633 2232 sunt
1659 2177 1712 2233 in
1732 2176 1863 2243 Deo,
1886 2178 1979 2248 qui
1998 2178 2155 2241 nihil,

575 2267 679 2322 nisi
710 2270 853 2338 quod
883 2269 1016 2333 vult,
1065 2268 1340 2337 facitm‘;
1374 2278 1428 2325 et
1464 2269 1616 2338 cujus
1648 2269 1981 2324 voluntatem
2014 2269 2156 2324 nulla

576 2356 663 2412 vis
689 2371 906 2427 cogere,
958 2367 1052 2413 aut
1081 2359 1368 2429 prohibere
1396 2358 1557 2414 valet.
1583 2359 1666 2413 Ad
1695 2359 1799 2413 hoc
1819 2358 1965 2413 enim
1991 2358 2158 2414 valuit

574 2446 630 2501 in
663 2446 879 2505 Christo
932 2446 1218 2503 diversitas
1245 2458 1562 2502 naturarum
1604 2455 1658 2503 et
1687 2449 1866 2503 unitas
1887 2464 2153 2519 personae,

575 2544 657 2601 ut,
681 2537 823 2606 quod
846 2552 982 2607 opus
1010 2546 1128 2592 erat
1152 2537 1265 2593 fieri
1290 2539 1356 2592 ad
1376 2538 1652 2592 hominum
1682 2521 2154 2607 restaurationem,

571 2627 619 2681 si
647 2628 879 2683 humana
917 2636 1024 2683 non
1062 2637 1246 2701 posset
1274 2639 1490 2692 natura,
1520 2628 1724 2684 faceret
1766 2629 1981 2693 divina;
2026 2639 2080 2683 et
2111 2631 2156 2684 si

570 2715 770 2771 divinae
810 2717 1032 2774 minime
1091 2717 1437 2783 conveniret,
1473 2718 1754 2773 exhiberet
1792 2719 2061 2784 humana;
2102 2725 2159 2773 et

571 2821 682 2861 non
723 2805 865 2862 alius
904 2817 1076 2876 atque
1131 2806 1290 2875 alius,
1361 2808 1454 2863 sed
1505 2808 1647 2862 idem
1691 2812 1806 2878 ipse
1859 2819 2021 2875 esset,
2064 2808 2155 2878 qui

573 2904 866 2967 utrumque
893 2900 1134 2954 existens
1166 2899 1404 2969 perfecte
1441 2916 1537 2969 per
1564 2901 1856 2955 humanam
1900 2902 2155 2968 solveret,

574 2988 719 3058 quod
732 2988 820 3043 illa
848 2988 1110 3055 debebat;
1139 2999 1192 3044 et
1216 3006 1313 3060 per
1339 2990 1573 3044 divinam
1597 3000 1798 3060 posset,
1826 2993 1968 3060 quod
1996 3008 2157 3062 clipeo

2258 1815 2523 1878 tempora,
2581 1809 2684 1865 hoc
2744 1811 2904 1865 modo
2938 1828 2951 1864 :
2985 1811 3255 1883 Quidquid
3310 1813 3434 1880 fuit,
3492 1832 3724 1874 necesse
3766 1831 3841 1876 est

2257 1895 2443 1953 fuiSse.
2500 1896 2770 1968 Quidquid
2818 1909 2923 1967 est,
2988 1917 3209 1958 necesse
3251 1913 3335 1959 est
3378 1919 3518 1961 esse.
3570 1906 3839 1980 Quidquid

2257 1986 2497 2042 futurum
2538 1997 2638 2054 est,
2671 2003 2892 2045 necesse
2921 2001 3006 2045 est
3028 1991 3265 2048 futurum
3293 1992 3477 2051 fuisse.
3508 1995 3637 2053 Haec
3661 2000 3837 2054 est"m

2257 2078 2348 2133 illa
2388 2079 2702 2148 necessitas,
2748 2096 2868 2151 quae
2909 2082 3021 2152 (ubi
3073 2090 3269 2140 tractat
3289 2087 3385 2119 ""
3415 2088 3743 2146 Aristoteles
3778 2089 3841 2151 de

2256 2167 2714 2240 propositionibus
2787 2171 3150 2241 singularibus
3223 2182 3278 2229 et
3349 2174 3568 2250 futuris)
3637 2181 3844 2237 videtur

2258 2257 2573 2314 utrumlibet
2603 2259 2901 2329 destruere,
2939 2271 2993 2317 et
3017 2265 3193 2317 omnia
3238 2280 3359 2321 esse
3386 2282 3458 2321 ex
3479 2269 3575 2300 ³⁸⁷⁸
3608 2273 3844 2327 necessi-

2259 2352 2370 2402 tate
2409 2358 2668 2403 astruere.
2701 2347 2813 2403 llae
2853 2352 3096 2420 sequenti
3124 2361 3179 2408 et
3203 2353 3338 2408 nihil
3374 2354 3624 2412 ellicieuti
3656 2375 3844 2415 ncces-

2258 2436 2438 2505 sitate,
2476 2440 2728 2508 quoniam
2758 2454 2883 2495 Vera
2913 2441 3011 2496 fuit
3042 2442 3195 2509 fides,
3239 2443 3326 2500 vel
3351 2448 3638 2516 prephetia
3652 2450 3754 2481 "7'
3778 2453 3842 2505 de

2258 2527 2494 2596 Christo,
2528 2530 2654 2599 quia
2680 2546 2746 2592 ex
2778 2532 3073 2601 voluntate,
3127 2551 3231 2590 non
3261 2550 3325 2590 ex
3366 2538 3695 2596 necessitate
3731 2557 3846 2598 mo-

2260 2620 2466 2675 riturus
2491 2619 2588 2653 "‘7‘
2639 2624 2786 2687 erat,
2848 2639 3073 2680 necesse
3113 2625 3236 2694 fuit,
3275 2636 3333 2682 ut
3387 2628 3467 2684 sie
3514 2639 3667 2686 esset
3699 2648 3717 2686 :
3751 2634 3846 2688 hac

2261 2712 2421 2768 homo
2451 2713 2626 2769 factus
2666 2723 2749 2771 est
2779 2734 2791 2769 :
2823 2715 2923 2769 hac
2954 2714 3101 2779 fecit,
3129 2726 3183 2773 et
3216 2733 3407 2788 passus
3444 2730 3550 2787 est,
3584 2724 3850 2794 quidquid

2262 2798 2388 2856 fecit
2435 2813 2490 2857 et
2537 2818 2728 2872 passus
2757 2813 2839 2859 est
2871 2822 2886 2860 :
2918 2804 3019 2859 hac
3058 2805 3246 2872 voluit,
3278 2822 3618 2878 quaecunque
3658 2813 3846 2866 voluit.

2259 2889 2383 2946 Ideo
2406 2892 2548 2948 enim
2577 2895 2900 2950 necessitate
2931 2894 3169 2962 fuerunt,
3204 2898 3330 2967 quia
3360 2897 3539 2953 futura
3562 2912 3727 2957 erant
3755 2922 3769 2957 :
3799 2912 3854 2958 ct

2264 2982 2443 3039 futura
2486 2995 2660 3051 erant,
2715 2988 2839 3057 quia
2887 2986 3103 3045 fuerunt
3133 3002 3150 3042 :
3181 2974 3247 3045 et,
3280 2989 3523 3058 fuerunt,
3550 2994 3682 3063 quia
3737 2994 3851 3050 fuc-

576 3052 780 3141 diebat.
812 3079 1058 3150 Denique
1087 3052 1270 3151 Virgo,
1301 3097 1436 3164 quae
1458 3097 1555 3152 per
1594 3052 1751 3136 iidem
1784 3052 1981 3137 inimus
2015 3052 2156 3138 fama
2185 3052 2232 3114 (ἶ
2264 3084 2388 3129 runt
2420 3094 2434 3131 :
2467 3087 2519 3131 et
2558 3077 2603 3133 si
2634 3052 3025 3145 vis-omnium,
3067 3095 3188 3150 qua:
3234 3081 3365 3138 fecit
3411 3092 3467 3138 et
3504 3052 3628 3153 qua:
3660 3101 3852 3156 passus

577 3176 684 3235 est,
733 3170 884 3231 utde
926 3169 1016 3235 illa
1070 3180 1254 3240 posset
1303 3171 1529 3236 assumi,
1567 3186 1901 3241 nequaquam
1933 3173 2161 3228 credidit

577 3249 838 3314 illum'm
867 3274 989 3315 esse
1002 3261 1320 3316 moriturum
1348 3260 1465 3327 ⁸⁸⁸⁸,
1493 3260 1594 3315 nisi
1620 3260 1745 3331 quia
1767 3260 2160 3331 velletzquem-

571 3350 866 3406 admodum
901 3365 999 3421 per
1051 3351 1388 3422 prophetam,
1421 3351 1513 3421 qui
1566 3351 1631 3406 de
1663 3349 1753 3406 illo
1786 3351 1919 3406 dixit
1953 3370 1966 3406 :
2000 3350 2162 3406 Obla-

575 3448 666 3495 tus
710 3449 804 3506 est,
832 3432 973 3511 "quia
1020 3442 1127 3510 ipse
1171 3439 1330 3495 voluit
1390 3440 1527 3511 (Isa.
1571 3455 1687 3505 Lm,
1742 3440 1820 3512 7),
1877 3439 2157 3495 didicerat.

578 3529 920 3600 Quapropter
967 3532 1220 3602 quoniam
1260 3547 1386 3587 vera
1430 3532 1533 3586 fuit
1571 3532 1703 3588 fides
1744 3533 1883 3604 ejus,
1939 3547 2161 3589 necesse

575 3629 701 3683 erat
725 3621 798 3677 ita
830 3619 1069 3675 futurum
1104 3636 1244 3686 esse,
1282 3622 1423 3676 sicut
1445 3622 1695 3676 credidit.
1725 3620 1873 3688 Quod
1907 3622 2028 3678 site
2058 3623 2160 3677 ite-

580 3725 702 3765 rum
748 3712 1056 3780 perlurbat,
1093 3712 1217 3782 quia
1249 3711 1511 3779 dieo'm,
1559 3729 1782 3768 necesse
1826 3722 1943 3768 erat
1985 3731 2001 3768 :
2048 3728 2160 3768 mc-

578 3809 767 3856 mento
795 3801 923 3872 quia
956 3802 1153 3855 veritas
1196 3801 1317 3856 ﬁdei
1349 3801 1585 3871 Virginis
1616 3818 1719 3857 nou
1758 3801 1860 3856 fuit
1893 3818 2075 3868 causa,
2102 3810 2162 3856 ut

578 3892 670 3948 ille
707 3903 897 3965 sponte
934 3903 1280 3959 moreretur:
1316 3896 1412 3950 sed
1441 3895 1566 3965 quia
1605 3894 1706 3950 hoc
1746 3895 1984 3949 futurum
2013 3904 2157 3961 erat,

578 4001 709 4041 vera
743 3986 843 4040 fuit
882 3986 1032 4042 ﬁdes.
1062 3986 1422 4052 Quamobrem
1448 3987 1493 4041 si
1533 3987 1748 4050 dicitur,
1795 4001 2016 4042 necesse
2046 3994 2162 4040 erat

578 4087 643 4133 ut
672 4076 944 4133 voluntate
983 4077 1097 4132 sola
1134 4062 1476 4145 moreretur;
1525 4078 1651 4147 quia
1695 4091 1823 4131 vera
1861 4075 1964 4130 fuit
2003 4074 2160 4144 fides,

579 4170 695 4225 sive
729 4169 1031 4240 prophetia,
1056 4184 1177 4238 quae
1219 4169 1284 4223 de
1320 4169 1422 4224 hoc
1458 4176 1850 4239 praecesserant
1878 4167 2014 4233 “6';
2054 4183 2161 4223 non

579 4268 664 4314 est
700 4260 865 4323 aliud,
898 4276 1061 4329 quam
1091 4259 1135 4321 si
1168 4259 1317 4314 dicas
1360 4274 1581 4314 necesse
1614 4258 1785 4314 fuisse
1815 4259 1887 4312 ita
1920 4256 2161 4339 futurum

2263 3176 2367 3231 est,
2414 3182 2598 3222 veram
2647 3169 2788 3225 scire
2818 3170 3226 3238 necessitatem;
3259 3172 3399 3227 scito
3440 3174 3623 3229 omnia
3656 3191 3726 3231 ex
3759 3192 3853 3230 ne-

2263 3258 2515 3314 cessitate
2541 3259 2725 3325 fuisse,
2741 3260 2863 3330 quia
2889 3261 3005 3330 ipse
3028 3260 3214 3317 voluit.
3238 3262 3585 3320 Voluntatem
3612 3282 3749 3323 vero
3760 3267 3854 3300 ’³⁷⁸

2260 3348 2380 3417 ejus
2425 3349 2571 3405 nulla
2623 3351 2901 3422 praecessit
2931 3353 3245 3409 necessitas.
3276 3354 3475 3421 Quare,
3506 3355 3553 3410 si
3586 3373 3699 3413 non
3743 3359 3861 3412 fue-

2264 3449 2389 3495 runt
2417 3441 2517 3496 nisi
2544 3442 2668 3512 quia
2697 3441 2812 3511 ipse
2833 3441 3028 3508 voluit;
3060 3442 3105 3497 si
3133 3458 3237 3497 non
3266 3443 3547 3513 voluisset,
3584 3462 3697 3501 non
3722 3447 3859 3502 fuis-

2263 3543 2405 3588 sent.
2429 3535 2520 3589 Sic
2546 3534 2731 3603 itaque
2750 3533 2848 3566 ³⁸⁷⁸
2878 3549 3035 3590 nemo
3061 3534 3181 3589 tulit
3211 3535 3451 3590 animam
3480 3537 3601 3607 ejus
3630 3540 3706 3593 ab
3734 3538 3857 3604 illo;

2262 3624 2357 3679 sed
2394 3624 2505 3705 ipse
2539 3624 2719 3694 posuit
2746 3639 2888 3690 eam,
2925 3634 2981 3679 et
3026 3625 3220 3680 iterum
3260 3626 3492 3696 sumpsit
3533 3641 3659 3682 eam
3686 3648 3703 3683 ε
3731 3630 3860 3699 quia

2263 3724 2582 3782 potestatem
2609 3714 2794 3769 habuit
2829 3716 3058 3784 ponendi
3088 3716 3324 3770 animam
3356 3731 3534 3784 suam,
3566 3727 3619 3773 et
3652 3721 3865 3773 iterum

2265 3805 2509 3859 sumendi
2556 3819 2701 3869 eam,
2746 3804 2889 3860 sicut
2938 3805 3053 3874 ipse
3103 3806 3239 3861 dixit
3264 3806 3360 3838 ³⁸⁷⁸
3411 3805 3596 3877 (Joan.
3640 3825 3701 3875 ι,
3746 3808 3861 3877 18).

2264 3893 2389 3947 Βοε.
2425 3891 2742 3947 Satisfecisti
2793 3892 2926 3946 mihi
2974 3893 3122 3947 illum
3153 3909 3259 3947 non
3301 3909 3461 3964 posse
3488 3896 3718 3965 probari
3756 3898 3868 3952 ulla

2265 3983 2588 4037 necessitate
2635 3991 2864 4038 mortem
2903 3983 3160 4050 subiisse;
3205 4000 3305 4040 nec
3353 4000 3444 4039 me
3488 3988 3753 4057 paenitet,
3808 3999 3871 4042 ut

2265 4073 2367 4129 hoc
2396 4072 2622 4138 faceres,
2657 4075 3021 4145 importunum
3048 4075 3143 4129 tibi
3167 4076 3462 4131 exstitisse.
3496 4076 3632 4131 Axs.
3658 4077 3874 4134 Osten-

2266 4164 2465 4228 dimus,
2518 4174 2576 4218 ut
2608 4175 2757 4233 puto.
2807 4175 3013 4221 certam
3072 4166 3357 4229 rationem,
3408 4168 3687 4234 quomodo
3721 4168 3873 4222 Dens

2266 4253 2619 4323 assumpserit
2647 4253 2915 4309 hominem
2947 4255 3064 4310 sine
3093 4263 3314 4325 peccato
3340 4258 3407 4310 de
3436 4270 3616 4311 massa
3656 4273 3872 4326 pecca-

578 4364 726 4446 εεεξι
752 4351 1006 4419 quoniam
1053 4351 1132 4404 sic
1168 4349 1407 4405 futurum
1459 4361 1614 4405 erat:
1651 4351 1955 4421 hujusmodi
1978 4358 2159 4405 autem
2197 4391 2241 4446 Β
2268 4345 2437 4410 trice;
2477 4346 2570 4400 sed
2609 4358 2946 4413 nequaquam
2993 4346 3297 4416 negandum
3331 4346 3545 4401 aestimo
3566 4346 3743 4401 aliam
3774 4346 3875 4380 ⁸³⁵⁷

544 4471 548 4475 ‹
582 4418 877 4493 ιιεὲεεεὶιειε
912 4450 1018 4492 non
1053 4438 1194 4508 cogit
1218 4454 1328 4491 rem
1355 4454 1501 4505 esse;
1534 4437 1627 4493 sed
1657 4453 1776 4493 esse
1803 4440 1876 4494 rei
1914 4439 2042 4494 facit
2071 4454 2165 4494 ne-

2273 4450 2392 4491 esse
2421 4443 2618 4506 praeter
2646 4435 2828 4500 iStam,
2864 4449 3023 4504 quam
3052 4437 3325 4502 diximus;
3360 4446 3584 4507 eacepto
3606 4438 3712 4472 ³⁸⁷⁸
3739 4440 3880 4505 hoc,

1835 4598 2064 4654 VARIA‘I
2087 4597 2491 4655 LECTIONES.

658 4717 751 4748 sese
802 4712 1037 4771 pel-fecit
1099 4712 1420 4782 quod'mxs.
1472 4712 1633 4782 July.

584 4859 761 4917 credit
813 4857 960 4911 illum

1706 4711 1841 4766 Vict.
1912 4709 1970 4767 S.
2024 4713 2186 4767 Mich.
2239 4712 2427 4766 Cister.
2478 4723 2522 4764 et
2574 4709 2724 4763 Edit.
2772 4708 2926 4764 Coth.

582 4789 733 4865 vult,
773 4785 900 4865 fecit
951 4800 1074 4840 nm.
1109 4780 1308 4865 λείῃ).
1348 4781 1483 4865 ιξξει.
1530 4780 1588 4836 Si
1629 4782 1793 4836 Mich.
1857 4793 1935 4865 et.
1965 4781 2318 4865 Edit‘.”G_oth.
2366 4782 2519 4847 Quod
2569 4780 2701 4865 vult,
2757 4781 2888 4836 facit

1108 4850 1240 4885 ’⁸⁸³⁷
1263 4855 1578 4908 Moriturum
1647 4869 1805 4923 mssa
1844 4851 2010 4923 Jolgj,
2080 4850 2253 4923 Vict.“
2277 4867 2398 4905 esse
2421 4852 2789 4923 _moriturum

3001 4711 3207 4780 perlicit
3256 4711 3398 4780 quod
3545 4710 3639 4744 ²⁸⁶¹
3709 4710 3887 4779 Quod

3027 4782 3123 4814 ιη’
3164 4781 3469 4836 Crediderit
3516 4780 3668 4834 illum
3737 4799 3884 4835 ηαδ.

2935 4850 3030 4883 ³⁸⁸⁵
3092 4850 3243 4918 Quod
3318 4851 3440 4904 dico
3503 4866 3630 4903 mss.
3728 4848 3888 4905 Vict.

582 4930 730 5001 July,
761 4928 887 4998 quia
915 4923 1208 5001 dico
1233 4924 1597 5001 Praecesserat
1620 4938 1746 4976 mss.
1775 4922 1924 5001 .loly'1
1940 4918 2181 5001 'VirtLS.
2212 4920 2361 5001 gent.
2412 4918 2984 5001 Becmprlocesserantn
3000 4936 3113 5001 ms.
3159 4920 3348 4974 Cister.
3388 4919 3634 5001 ςεηιςιίίξε
3698 4918 3887 5001 (ξρετε.

524 5046 535 5059 ,
584 4987 980 5073 praecesserant
1050 4994 1146 5028 ““
1309 4994 1393 5073 sic
1414 5002 1519 5073 est,
1546 5008 1667 5073 cum
1728 4987 2032 5073 nuntiem.
2057 4990 2189 5073 'Bec.
2219 4989 2435 5073 ῑξὶειεξι
2463 4987 2607 5073 ﬁdit.
2635 4987 2790 5073 (ἔρρε.
2822 4991 2916 5073 sed
2955 4991 3034 5053 tit,
3065 5001 3149 5044 est
3198 5005 3323 5073 cum
3400 4989 3514 5073 'ff'.
3547 4988 3892 5073 Aliqui-due

585 5058 684 5129 ius.
726 5068 859 5124 Vict.
892 5067 1029 5122 alius
1052 5073 1106 5121 te
1182 5063 1278 5144 ’θξθ
1309 5062 1459 5117 Facit
1483 5062 1624 5144 loqui
1676 5077 1773 5144 ηεξ.
1804 5061 1928 5129 Joly
1954 5063 2097 5129 cogit
2123 5060 2436 5144 loquinm’
2465 5058 2730 5144 Quicquid
2756 5069 2870 5144 εει..
2890 5073 3112 5114 necesse
3134 5069 3217 5114 est
3243 5073 3386 5114 esse.
3417 5058 3689 5144 Quicquid
3726 5059 3896 5111 futu-

585 5126 705 5196 runt
727 5150 835 5204 est,
872 5151 1094 5193 necesse
1118 5144 1203 5190 est
1231 5133 1472 5204 futurum
1499 5126 1682 5186 fuisse.
1721 5126 1953 5204 ιιηιυλίει
2008 5126 2105 5183 εἴτε.
2130 5126 2257 5183 mss.
2281 5127 2428 5183 Gem.
2453 5126 2585 5204 βενε.
2618 5128 2872 5204 quicquid
2898 5139 2981 5183 est
3006 5139 3332 5204 net-esseest
3357 5143 3479 5182 esse
3498 5144 3534 5204 ἐ
3550 5137 3605 5204 ει
3633 5142 3899 5204 necesse

584 5192 934 5265 estfu'turum
963 5192 1128 5261 fuisse
1159 5204 1412 5274 quicquid
1442 5202 1680 5255 fututum
1717 5211 1818 5252 cst.
1851 5200 1977 5255 llaec
2002 5209 2087 5274 est
2126 5210 2226 5252 etc.
2256 5213 2383 5274 mss.
2437 5196 2583 5274 Jolg,
2605 5192 2780 5274 _Vict_.:
2810 5198 2996 5274 Cister.
3055 5196 3113 5252 S.
3164 5197 3325 5251 Miclt.
3385 5208 3434 5250 et
3486 5195 3633 5249 Edit.
3662 5273 3667 5274 γ
3702 5192 3893 5274 (ξολλ.

588 5276 855 5345 Quicquid
892 5289 992 5339 est,
1020 5266 1240 5330 necesse
1265 5266 1347 5327 est
1375 5287 1492 5345 esse
1507 5281 1611 5345 ;_et
1642 5284 1863 5324 necesse
1892 5279 1975 5321 cst
2001 5268 2241 5345 futurum
2296 5266 2782 5345 fui_s_s_q,AQuicquid
2840 5269 3076 5322 futurum
3099 5277 3252 5345 "est,
3271 5338 3284 5345 _
3302 5281 3546 5345 necesse
3593 5273 3681 5316 est
3724 5266 3902 5345 tutu:

586 5335 707 5402 ﬁnn
734 5335 917 5402 fuisse.
949 5335 1071 5401 [lace
1099 5356 1179 5400 est
1206 5355 1304 5398 etc.
1380 5342 1473 5373 ’⁸⁷⁸
1507 5341 1569 5396 Ut
1604 5348 1799 5394 tractat
1826 5354 1951 5390 mss.
1983 5340 2070 5392 ubi
2097 5345 2298 5392 tractat
2368 5337 2460 5368 ⁸³⁷⁵
2486 5335 2677 5390 Omnia
2709 5351 2828 5390 esse
2849 5352 2914 5391 ex
2968 5354 3066 5391 ms.
3099 5336 3237 5389 Vict.
3264 5336 3351 5391 l9.
3399 5335 3583 5389 omnia
3612 5348 3689 5387 ex
3785 5335 3902 5370 ³³η

590 5416 684 5486 γει
715 5417 1001 5486 Prophetia
1031 5432 1127 5468 ms.
1158 5413 1280 5486 Jqoly
1306 5421 1361 5467 et
1385 5411 1672 5486 Prophetia
1920 5406 2034 5486 :Non
2087 5408 2407 5462 necessitate
2460 5406 2754 5486 moriturus
2803 5423 2935 5486 mss.
2980 5406 3123 5486 Joly_,
3157 5406 3294 5486 Vict.
3355 5403 3547 5459 Cister.
3598 5403 3901 5486 antidit.

589 5485 745 5540 Goth.
771 5472 875 5540 ndn
903 5501 969 5539 ex
999 5472 1321 5538 necessitate
1346 5472 1640 5535 moriturus
1714 5478 1811 5511 ’⁸⁷⁸
1840 5478 2180 5532 Volnntatem
2205 5490 2335 5544 ergo
2360 5492 2485 5529 mss.
2543 5484 2592 5528 et
2627 5474 2771 5544 Edit.
2813 5474 2971 5530 Goth.
3020 5472 3352 5531 voluntatem
3407 5489 3541 5544 vero
3608 5472 3724 5504 ’⁸⁷³
3787 5475 3900 5529 Sic

590 5557 778 5624 utique
804 5564 989 5608 mmet
1020 5551 1337 5624 Edit.GotIt.
1356 5553 1630 5624 sicitaque
1703 5549 1799 5581 ⁸⁸⁷⁸
1826 5547 1978 5602 Sicut
2005 5548 2117 5616 ipse
2137 5542 2686 5624 ιιίεἰιῆξεδϋξζεζ.
2708 5544 2872 5624 dficit.
2892 5546 3304 5624 sicutipsedixit
3375 5545 3469 5576 ’⁸⁸η
3490 5542 3906 5624 Εεψιειαιιθω

588 5612 893 5693 negandum
923 5625 1151 5693 mstimo,
1177 5622 1335 5676 aliam
1362 5637 1469 5676 mss
1494 5612 1637 5690 Joly.
1668 5631 2007 5689 nequaquam
2024 5612 2243 5672 'mstimo
2271 5615 2429 5669 aliam
2505 5616 2599 5647 ³⁸⁷⁸
2621 5614 2790 5681 Quam
2821 5612 3078 5682 diximus,
3105 5623 3332 5685 excepto
3357 5631 3460 5669 ms.
3482 5612 3672 5669 Cister.
3700 5628 3914 5683 quam

585 5692 845 5762 diximus,
874 5692 1162 5757 rationem,
1186 5700 1408 5760 excepto
2466 5700 2481 5715 -
