4050 6294
565 315 676 377 455

1122 317 1178 373 S.
1223 317 1520 374 ANSELMI
1557 316 1906 374 CANTUAR.
1935 315 2252 373 AllCl‘lll'lP.
2296 316 2447 373 Ol’l”.
2489 316 2669 373 PARS
2706 317 2745 371 l.
2784 347 2853 369 -.—-
2885 316 3304 374 DOGMATICA.

3523 193 3568 270 V

3701 321 3830 382 ,436

569 432 748 489 eiendi
830 445 926 502 pro
988 431 1164 501 primo
1217 437 1477 499 peccato,
1546 430 1688 499 quod
1763 443 1981 498 semper
2056 443 2146 482 ca-
2175 430 2219 486 Α
2248 437 2304 482 et
2329 430 2592 500 originale
2622 440 2900 500 peccatum
2927 441 3004 485 est
3047 432 3291 486 absolute
3341 443 3618 502 peccaturo
3647 453 3662 488 :
3689 438 3832 493 unde

567 539 696 580 vere
711 524 804 566 ⁸⁶⁰⁰
825 524 994 594 potuit
1015 523 1129 585 ³οοι,
1149 531 1343 576 et-eum
1369 522 1557 576 debito
1576 521 1802 576 habendi
1825 520 2142 589 originalem

561 616 851 687 justitiam,
879 630 1042 689 quam
1077 627 1292 684 semper
1320 629 1541 668 servare
1567 613 1734 666 vabiit
1761 614 1874 665 3°”.
1907 611 2016 666 Nec
2047 613 2146 664 im-

566 697 810 777 potentia
829 714 1194 762 excusateatn
1221 704 1275 758 in
1299 703 1428 772 ipsis
1457 703 1776 766 infantibus,
1807 703 1932 771 quia
1959 703 2010 755 in
2039 701 2146 756 illis

566 814 672 854 non
701 797 862 853 solvit
890 796 1030 865 quod
1064 795 1246 859 debet,
1279 795 1533 865 quoniam
1573 795 1687 863 ipsa
1739 793 1841 847 sibi
1888 793 1983 824 ³⁰⁰³
2014 793 2144 846 facit

563 884 1042 960 eama‘deserendo
1081 883 1345 954 justitiam
1385 884 1652 955 inprimis
1689 883 2007 952 parentibus
2027 881 2142 946 “0",

565 977 844 1046 inquibus
880 983 990 1028 tota
1021 981 1138 1028 erat
1173 991 1187 1026 :
1219 983 1272 1026 et
1317 988 1531 1042 semper
1566 972 1797 1026 debitrix
1835 981 1918 1025 est
1947 969 2146 1024 habere

561 1077 908 1139 potestatem,
958 1081 1119 1135 quam
1160 1065 1226 1118 ad
1257 1064 1576 1118 servandam
1623 1079 1836 1132 semper
1875 1061 2143 1130 justitiam

557 1157 794 1227 aeri-pit;
835 1159 935 1211 hoc
973 1171 1093 1211 esse
1133 1155 1302 1209 videri
1347 1163 1525 1222 potest
1563 1155 1615 1207 in
1657 1152 1954 1207 infantibus
1981 1152 2145 1222 origi-

557 1250 679 1304 nale
703 1257 1002 1318 peccatum.
1024 1246 1303 1300 Addamus
1329 1245 1491 1300 etiam
1523 1252 1742 1314 peccata
1767 1243 2141 1324 proximorum

556 1357 866 1415 parentum,
915 1357 1036 1411 quae
1088 1341 1388 1407 redduntur
1442 1340 1494 1394 in
1541 1339 1756 1413 tertiam
1809 1346 1860 1392 et
1893 1339 2143 1407 quartam

555 1435 980 1506 generationem.
1007 1433 1264 1499 (laturis
1292 1433 1436 1484 enim
1461 1432 1628 1499 quaeri
1655 1430 1824 1500 possit
1844 1430 1938 1462 3°"
1964 1439 2142 1494 utrum

557 1528 673 1582 inec
705 1527 884 1579 onmia
935 1516 1282 1593 intelligenda
1331 1523 1440 1576 sint
1477 1523 1528 1576 in
1581 1522 1827 1592 originali
1893 1531 2142 1591 peccato,

555 1634 624 1672 an
661 1633 798 1671 non:
838 1627 1039 1679 tamen,
1070 1632 1135 1669 ne
1165 1623 1386 1683 propter
1415 1615 1518 1668 hoc
1565 1614 1710 1682 quod
1745 1629 1930 1682 qiuero
1959 1612 2145 1666 videar

556 1709 795 1780 lerigare
841 1707 1004 1770 illud,
1062 1721 1258 1776 ponam
1313 1707 1454 1760 istud
1494 1720 1614 1760 esse
1661 1705 1784 1770 tale,
1828 1715 1886 1759 ut
1933 1720 1962 1759 a
1998 1704 2143 1758 nullo

553 1801 777 1872 gravius
797 1799 1005 1854 ostendi
1036 1799 1224 1867 possit.

1172 1889 1399 1945 CAPUT
1441 1888 1524 1943 ιιι.

618 1980 770 2047 Quod
801 1997 900 2036 non
921 1982 987 2035 sit
1014 1990 1284 2049 pet-ratum
1315 1983 1415 2034 nisi
1448 1981 1500 2034 in
1524 1979 1789 2034 voluntate
1818 1980 2097 2034 rationali;-

629 2075 828 2129 V'erum
873 2076 988 2128 sive
1034 2074 1136 2128 hoc
1191 2083 1359 2126 totum
1413 2075 1482 2128 sit
1525 2073 1787 2142 miginale
1838 2081 2138 2141 peccaturo,

562 2167 676 2220 sive
707 2166 910 2235 aliquid
941 2165 1119 2219 minus
1147 2165 1240 2196 ³⁰⁰⁶
1267 2183 1279 2217 :
1317 2178 1447 2234 puzo
1479 2165 1784 2220 nullatenus
1820 2165 1948 2219 illud
1987 2180 2142 2235 posse

553 2257 724 2311 asseri
755 2272 874 2310 esse
900 2257 952 2309 iu
985 2255 1193 2310 infante
1217 2264 1507 2325 antequam
1542 2256 1739 2310 haheat
1773 2256 2008 2310 animam
2054 2273 2141 2310 ra-

555 2349 840 2413 tionalem;
874 2349 1013 2404 sicut
1039 2363 1139 2402 nec
1175 2347 1226 2402 in
1257 2347 1426 2401 Adam
1456 2347 1620 2402 fuisse
1643 2348 1937 2418 justitiam,
1965 2348 2142 2418 prius-

551 2456 714 2510 quam
744 2440 896 2494 fieret
934 2440 1094 2495 homo
1131 2441 1430 2496 rationalis.
1491 2441 1623 2494 Nam
1663 2442 1706 2495 si
1737 2442 1908 2496 Adam
1953 2452 2006 2514 et
2031 2443 2139 2498 Eva

551 2538 900 2600 generassent
929 2531 1046 2586 sine
1077 2533 1171 2563 ³θ⁰⁷
1201 2532 1520 2601 praecedenti
1553 2543 1795 2601 peccato,
1822 2548 1926 2587 non
1955 2542 2137 2588 tamen
2177 2573 2179 2575 ι

550 2631 694 2677 esset
725 2623 778 2674 io
807 2623 1010 2677 semine
1027 2621 1261 2692 justitia,
1305 2639 1403 2678 nec
1433 2639 1556 2678 esse
1586 2615 1768 2694 posict
1823 2625 2137 2695 priusquam

550 2709 913 2766 formarentur
937 2711 990 2766 in
1013 2711 1279 2766 viventem
1303 2713 1592 2768 hominem.
1620 2713 1676 2768 Si
1695 2730 1823 2785 ergo
1839 2730 2024 2770 semen
2049 2718 2141 2771 ho-

550 2801 711 2856 minis
734 2816 840 2857 non
869 2810 954 2857 est
1011 2803 1357 2872 susceptibile
1397 2803 1644 2871 justitiaa,
1692 2803 2005 2874 priusquam
2047 2805 2141 2859 ﬁat

510 2908 520 2914 ·
550 2891 742 2954 homo,
769 2906 872 2944 non
897 2900 1073 2960 potest
1094 2893 1370 2961 suscipere
1395 2894 1659 2964 originale
1677 2907 1958 2964 peccatum
1987 2907 2139 2952 ante-

549 2996 707 3046 quam
725 2981 884 3035 homo
902 2983 971 3036 sit
987 2981 1100 3035 ³⁰⁰⁸.
1122 2982 1321 3052 Nempe
1339 2985 1601 3053 originale
1623 2995 1903 3055 peccatum
1928 3001 2048 3042 esse
2064 2988 2138 3042 in-

545 3070 808 3139 iustitiam
834 3072 1068 3127 dubitari
1098 3089 1201 3128 non
1225 3075 1403 3129 debet.
1432 3074 1567 3129 Nam
1603 3077 1646 3130 si
1677 3093 1838 3132 omne
1858 3085 2134 3147 peccatum

2249 522 2494 590 sequitur
2534 523 2658 592 quia
2703 532 2788 576 est
2841 522 3100 592 injustitia
3139 523 3253 578 "".
3287 523 3418 577 ltem
3451 525 3494 578 si
3543 525 3680 581 Deus
3719 544 3829 582 non

2249 609 2470 666 damnat
2494 613 2592 666 nisi
2619 611 2711 644 ‘°“
2735 622 2952 683 propter
2981 613 3328 682 injustitiam,
3386 613 3605 668 damnat
3649 626 3832 671 autem

2247 703 2486 772 aliquem
2513 713 2735 773 propter
2768 704 3034 774 originale
3067 708 3346 774 peccatum
3398 723 3410 758 :
3449 722 3578 776 ergo
3615 723 3719 761 non
3747 718 3831 763 est

2246 794 2387 850 aliud
2440 795 2704 865 originale
2736 807 3016 864 peceatum
3047 812 3211 866 quam
3265 796 3547 866 injustitia.
3599 799 3752 865 Quod
3783 801 3831 853 si

2247 881 2320 940 ita
2349 896 2454 950 est,
2484 896 2538 940 et
2570 885 2822 954 injustitia
2851 904 2957 941 non
2983 898 3066 942 est
3093 888 3238 941 aliud
3270 905 3430 957 quant
3458 891 3704 943 absentia
3734 871 3832 945 de-

2247 978 2372 1032 bita:
2421 979 2646 1048 justitia:
2667 979 2793 1033 3°”’:
2823 996 2926 1033 nou
2957 981 3102 1034 enim
3131 981 3346 1035 videtur.
3368 996 3490 1035 esse
3546 981 3832 1050 injustitia,

2247 1071 2350 1124 nisi
2395 1070 2448 1129 in
2497 1080 2715 1135 natura,
2768 1085 2907 1140 qum,
2961 1087 3083 1124 runt
3113 1072 3271 1124 debet
3316 1073 3536 1137 habere,
3567 1073 3831 1139 iustitiam

2245 1177 2356 1216 non
2400 1162 2561 1216 habet
2590 1179 2616 1227 ;.
2670 1163 2856 1231 tuique
2906 1163 3166 1232 originale
3221 1176 3503 1234 peceatum
3561 1166 3832 1219 clauditur

2245 1255 2347 1308 sub
2377 1253 2571 1308 eadem
2604 1253 2920 1308 deﬁnitione
2978 1253 3274 1324 injustithe.
3320 1255 3387 1307 At
3417 1255 3458 1308 si
3513 1256 3723 1325 justitia
3751 1268 3832 1312 est

2239 1340 2514 1400 reetitudo
2544 1344 2836 1398 voluntatis
2865 1355 3168 1414 propterse
3201 1355 3434 1408 servata,
3469 1361 3567 1399 nee
3605 1347 3706 1400 ista
3745 1341 3828 1400 re-
3862 1340 3890 1372 ν

2220 1437 2454 1493 νειίιιιιιό
2499 1445 2676 1506 potest
2724 1450 2848 1492 esse
2901 1436 3002 1491 nisi
3033 1437 3089 1490 in
3118 1436 3372 1490 rationali
3433 1448 3624 1491 natura
3654 1453 3669 1492 :
3702 1455 3833 1510 ergo

2247 1537 2353 1582 non
2383 1539 2468 1584 est
2521 1529 2663 1582 nulla
2716 1537 2907 1582 natura
2935 1527 3455 1596 debitrixjustitiaz,
3512 1529 3613 1584 nisi
3656 1531 3830 1584 ratio—

2247 1619 2418 1684 nalis;
2452 1620 2595 1674 sicut
2646 1618 2750 1672 ulla
2805 1628 2999 1672 natura
3053 1620 3433 1688 susceptibilis-
3464 1629 3550 1674 est
3577 1621 3831 1689 justitize,

2249 1721 2448 1780 praeter
2498 1710 2820 1765 rationalem
2850 1710 2966 1764 ⁸⁰¹⁶.
3018 1710 3198 1776 Quare
3255 1711 3512 1780 quoniam
3566 1699 3834 1781 injustitia

2089 1854 2092 1857 .
2175 1797 2217 1851 B
2241 1819 2349 1858 non
2376 1813 2554 1872 potest
2579 1819 2696 1859 esse
2723 1803 2827 1858 nisi
2858 1803 2946 1858 ubi
2968 1803 3178 1871 justitia
3206 1803 3365 1857 debet
3393 1817 3532 1865 esse,
3563 1805 3835 1874 originale

2243 1902 2546 1962 peccaturo,
2577 1892 2835 1962 quodest
2888 1892 3171 1962 injustitia,
3223 1908 3328 1946 non
3355 1902 3441 1947 est
3493 1894 3596 1947 nisi
3657 1896 3712 1948 in
3740 1911 3835 1948 na-

2245 1993 2367 2038 tura
2403 1982 2674 2036 rationali.
2717 1981 3018 2036 ltationalis
3048 1992 3226 2036 autem
3267 1992 3460 2036 natura
3493 1997 3596 2036 non
3619 1992 3705 2037 est
3731 1984 3832 2038 nisi

2245 2073 2408 2138 Deus,
2459 2073 2787 2142 otangelos,
2851 2081 2906 2125 et
2964 2072 3144 2126 anima
3207 2073 3441 2127 hominis
3507 2087 3601 2142 per
3665 2089 3832 2144 quam

2244 2163 2404 2218 homo
2431 2163 2630 2218 dicitur
2668 2162 2971 2225 rationaiis,
3009 2173 3064 2215 et
3102 2163 3219 2217 sine
3247 2179 3353 2232 qua
3390 2177 3495 2217 non
3527 2173 3611 2218 est
3639 2147 3830 2222 humo.

2246 2257 2518 2324 Quoniam
2548 2271 2679 2325 ergo
2712 2273 2814 2309 non
2838 2255 3199 2323 estrriginale
3227 2265 3506 2325 peceatum
3537 2256 3711 2311 ncciu
3727 2259 3835 2311 Deo

2244 2362 2340 2404 nec
2373 2348 2424 2401 in
2449 2347 2654 2417 angelo,
2695 2363 2798 2400 non
2830 2357 2910 2398 est
2951 2347 3052 2398 nisi
3096 2346 3147 2400 in
3180 2347 3415 2402 hominis
3450 2347 3632 2400 anima
3667 2348 3837 2402 ratio-

2245 2441 2371 2494 nali.
2422 2439 2712 2493 Sciendum
2741 2454 2956 2506 quoque.
2993 2448 3072 2489 est
3103 2438 3226 2505 quia
3261 2435 3473 2504 justitia
3507 2452 3614 2492 non
3646 2447 3827 2506 potest

2241 2545 2362 2586 esse
2409 2531 2507 2585 nisi
2557 2531 2609 2583 in
2649 2529 2944 2590 Voluptate,
2994 2529 3034 2581 si
3081 2529 3296 2597 justitia
3321 2537 3404 2582 est
3436 2529 3704 2584 rectitndo
3742 2546 3836 2582 vo-

2243 2616 2474 2677 luntatis
2504 2630 2724 2692 propter
2771 2636 2831 2674 se
2883 2631 3095 2674 servata
3136 2634 3364 2688 :'qnare
3408 2619 3826 2689 uecinjustitia.

2241 2712 2358 2767 Non
2395 2715 2538 2767 enim
2571 2722 2793 2766 vocatur
2817 2711 2908 2742 ³⁰¹⁷
2939 2710 3186 2764 absentia
3221 2709 3450 2778 justitia:
3477 2751 3490 2773 ,
3533 2710 3833 2778 injustitia;

2243 2801 2347 2856 nisi
2403 2801 2492 2855 ubi
2546 2800 2708 2855 debet
2755 2814 2873 2854 esse
2915 2798 3148 2865 justitia.
3201 2798 3344 2852 Nihil
3396 2799 3577 2867 itaque
3626 2811 3833 2868 prznter

2242 2893 2411 2962 ipsam
2453 2890 2724 2960 justitiam
2763 2889 2846 2944 vel
2886 2889 3206 2958 injustitiaut
3247 2889 3451 2943 dicitur
3489 2886 3638 2955 justu
3667 2909 3700 2940 ιι
3750 2889 3838 2942 vel

2243 2983 2520 3052 injustam,
2552 2983 2653 3036 nisi
2685 2981 2952 3042 voluntas.
2990 2990 3083 3034 aut
3123 2991 3345 3050 propter
3372 2979 3708 3034 voluntatem
3751 2980 3838 3048 ju-

2241 3081 2380 3129 stam
2403 3073 2486 3126 vel
2514 3071 2792 3140 iujustam.
2823 3071 2924 3125 Per
2955 3072 3095 3125 hanc
3133 3069 3364 3124 dicimus
3385 3071 3600 3138 justum
3627 3069 3714 3122 vel
3748 3072 3836 3124 in-

547 3172 632 3218 est
683 3161 970 3230 injustitia,
1015 3173 1070 3218 et
1102 3165 1362 3234 originale
1392 3177 1670 3235 peccatmn
1703 3178 1783 3222 est
1813 3177 2126 3237 peccatmn;
2163 3171 2205 3230 (ἶ
2237 3166 2444 3235 jnstttm
2478 3164 2777 3227 hominem,
2802 3162 2884 3218 vel
2918 3161 3206 3232 angelum;
3229 3159 3428 3230 justam
3456 3161 3544 3214 vel
3575 3161 3842 3231 injustam

545 3256 732 3324 utique
753 3267 836 3310 est
863 3269 917 3312 et
949 3255 1234 3326 injustitia.
1274 3258 1380 3313 Sed
1409 3259 1452 3313 si
1479 3259 1607 3314 dicit
1635 3260 1832 3328 aliquis
1859 3279 1872 3314 :
1902 3260 2018 3315 Non
2047 3269 2132 3316 est

544 3364 706 3403 «tuine
735 3360 1010 3419 peccatum
1046 3349 1337 3420 injustitia,
1398 3352 1543 3406 dicat
1579 3368 1736 3420 posse
1761 3353 1923 3407 simul
1949 3354 2000 3407 in
2031 3353 2119 3408 ali-

545 3455 655 3508 quo
701 3448 757 3493 et
798 3455 921 3496 esse
955 3441 1175 3512 aliquod
1214 3450 1495 3509 peceatum
1521 3443 1639 3504 ³⁰⁰⁹.
1675 3451 1726 3496 et
1775 3443 1974 3497 nullam
2012 3458 2132 3500 e:se

546 3531 873 3599 injustitiam
911 3551 922 3585 :
976 3536 1120 3602 quod
1161 3535 1375 3589 videtur
1403 3534 1736 3589 incredibile.
1790 3535 1855 3590 Si.
1888 3551 2020 3588 vero
2051 3537 2131 3590 di-

545 3622 687 3678 citur
711 3623 973 3693 originale
1000 3635 1279 3694 peccatum
1310 3642 1420 3678 non
1436 3641 1558 3680 esse
1579 3625 1822 3679 absolute
1844 3626 2130 3680 dicendum

544 3725 850 3785 peccatum,
871 3718 963 3771 sed
985 3733 1107 3771 cum
1129 3718 1511 3776 additamenta.
1540 3717 1800 3786 originale
1819 3726 2128 3785 peccatum;

545 3807 688 3861 sicut
721 3808 894 3875 pictus
935 3809 1098 3862 homo
1137 3824 1243 3863 non
1273 3825 1402 3864 vere
1431 3819 1512 3864 est
1540 3811 1701 3864 homo
1732 3810 1850 3872 3°”,
1879 3811 1971 3864 sed
2001 3825 2131 3866 vere

545 3905 633 3950 est
655 3897 816 3950 homo
839 3898 1017 3966 pictus
1049 3899 1170 3965 8°“;
1213 3900 1464 3968 profecto
1490 3901 1735 3968 sequitur
1762 3900 1888 3970 quia
1924 3899 2126 3965 istiuas,

543 3987 636 4054 qui
675 3987 885 4044 nullum
919 3990 1081 4045 habet
1110 4001 1396 4060 peccatum
1436 3991 1538 4046 nisi
1579 3991 1860 4062 originale.
1896 3992 2130 4045 nmndus

544 4086 628 4130 est
670 4094 698 4131 a
729 4089 998 4146 peccato:
1038 4097 1138 4137 nec
1184 4081 1285 4136 fuit
1330 4082 1474 4137 solus
1515 4083 1656 4137 inter
1701 4083 1948 4136 homines
1986 4082 2128 4136 titius

543 4169 780 4239 Virginis
808 4171 858 4225 in
896 4180 1052 4226 utero
1092 4173 1304 4237 matris,
1337 4183 1390 4228 et
1422 4189 1650 4228 nascens
1691 4173 1756 4227 de
1788 4182 1979 4238 matre,
2013 4175 2132 4231 sine

544 4273 809 4326 peccato:
841 4272 1017 4318 ctant
1068 4281 1174 4319 non
1220 4266 1510 4320 damnatur
1563 4265 1738 4320 infans
1766 4267 1856 4336 qui
1902 4268 2134 4322 moritur

545 4353 666 4406 sine
689 4354 970 4423 baptismo,
999 4357 1201 4410 nullum
1231 4358 1437 4412 habens
1465 4367 1748 4426 peccatum
1787 4369 1984 4427 przeter
2024 4360 2142 4414 ori-"

548 4441 756 4509 ginale;
798 4452 892 4497 aut
920 4445 1037 4499 sine
1058 4456 1281 4513 peccato
1307 4448 1612 4502 damnatur.
1645 4448 1752 4502 Sed
1777 4449 1908 4502 nihil
1937 4451 2130 4504 horum

2247 3256 2505 3320 animam,
2532 3253 2646 3308 sive
2669 3253 2962 3308 actionem.

2819 3341 3048 3398 CAPUT
3089 3339 3152 3395 IV
3182 3341 3294 3394 3°”.

2243 3457 2398 3524 Quod
2432 3457 2564 3510 nihil
2595 3472 2688 3524 per
2715 3471 2770 3509 se
2805 3454 2873 3508 sit
2902 3455 3104 3523 justum
3144 3465 3234 3507 aut
3275 3455 3548 3523 injustam.
3585 3455 3692 3508 nisi
3723 3455 3847 3522 ἔνθα

2305 3528 2546 3597 justitia,
2589 3526 2668 3580 vel
2697 3526 2962 3593 injustitia
3006 3524 3124 3592 3°”,
3155 3535 3202 3578 et
3236 3525 3376 3596 quod
3408 3525 3539 3577 nihil
3578 3525 3840 3594 puniatur

2312 3598 2414 3653 nisi
2438 3597 2695 3651 voluntas.

2311 3711 2462 3766 Nihil
2479 3710 2646 3778 enim,
2671 3710 2787 3765 sive
2811 3710 3136 3775 substantia,
3161 3711 3272 3764 sive
3296 3711 3457 3777 actio,
3486 3711 3601 3765 sive
3627 3709 3838 3779 aliquid

2239 3804 2380 3862 aliud
2408 3819 2505 3872 per
2534 3801 3045 3866 se-coosideratum,
3077 3812 3160 3856 est
3181 3803 3409 3872 justmu,
3451 3802 3553 3856 nisi
3579 3801 3836 3869 justitia;

2239 3906 2332 3950 aut
2359 3893 2739 3963 injustum,vel
2764 3905 3072 3963 peccatum,
3097 3894 3199 3947 nisi
3222 3893 3561 3961 injustititia;
3589 3910 3691 3947 nec
3718 3895 3839 3963 ipsa

2238 3989 2508 4055 voluntas,
2555 3989 2606 4040 in
2650 4003 2756 4057 qua
2795 3997 2880 4042 est
2921 3987 3184 4056 justitia,
3211 3988 3629 4058 siveinjnstitia.
3673 3988 3837 4040 Aliui

2235 4081 2392 4136 enim
2428 4088 2514 4134 est
2555 4079 2637 4134 vis
2681 4077 2768 4131 illa
2807 4079 3003 4134 animm
3046 4095 3152 4149 qua
3193 4080 3306 4148 ipsa
3359 4078 3542 4132 anima
3587 4078 3703 4131 vult
3741 4077 3840 4130 ali-

2235 4172 2362 4242 quid
2392 4170 2484 4201 ³⁰¹⁰
2511 4187 2522 4221 :
2555 4184 2676 4238 qua:
2703 4168 2804 4231 vis,
2836 4168 3252 4223 instrumentum
3280 4166 3489 4221 volt-udi
3523 4176 3701 4235 potest
3728 4166 3837 4219 diei

2237 4263 2401 4333 (sicut
2425 4263 2572 4315 visus
2600 4261 3016 4314 instrumentum
3042 4259 3279 4319 videndi)
3305 4275 3466 4329 quam
3496 4259 3838 4313 voluntatem

2237 4355 2582 4410 nominamus
2614 4369 2628 4406 :
2659 4361 2714 4407 et
2749 4351 2889 4405 aliud
2932 4361 3013 4406 est
3051 4350 3262 4422 justitia
3299 4370 3311 4405 :
3343 4367 3507 4421 quam
3553 4351 3836 4410 habendo,

2231 4449 2376 4518 justa
2423 4447 2706 4509 voluntas;
2768 4454 2820 4498 et
2865 4462 2969 4514 qua
3015 4445 3270 4509 carendo,
3323 4443 3518 4512 injusta
3565 4453 3834 4497 vocatur:

543 4532 858 4602 accipimus.
892 4533 1070 4602 Quare
1096 4553 1254 4593 omne
1296 4539 1390 4572 ³⁰¹¹
1417 4549 1698 4608 peccatum
1729 4550 1812 4596 cst
1851 4538 2134 4610 injustitia,
2168 4581 2215 4635 Β
2239 4538 2493 4592 dicuntur
2527 4535 2692 4590 etiam
2727 4535 2816 4566 ³⁰²¹
2851 4535 3153 4589 voluntates
3180 4535 3421 4605 ejusdem
3458 4535 3842 4596 instrumenti.

1828 4675 1913 4729 VA
1927 4675 2062 4729 RI'JE
2104 4673 2506 4732 LECTIONES.

617 4757 712 4791 ³⁰⁰⁰
770 4758 922 4834 Quoi
987 4777 1197 4830 semper
1257 4779 1457 4818 cavere
1517 4782 1613 4819 ms.
1680 4762 1811 4816 Vict.
1876 4767 1960 4820 l9.
2020 4782 2128 4833 quo
2183 4783 2396 4834 semper
2462 4781 2651 4820 carere

1641 4836 1736 4869 ³⁰⁰²
1781 4837 2010 4890 Servare
2051 4838 2216 4891 voluit
2255 4856 2352 4891 ms.
2385 4837 2518 4890 Vict.
2571 4840 2653 4891 l9.
2713 4852 2934 4892 servare
2966 4835 3134 4888 noluit

545 4827 753 4903 (loton.
781 4831 903 4903 390.
961 4827 1154 4886 cavere
1177 4850 1280 4888 non
1327 4836 1495 4903 potuit

2797 4765 2888 4798 ³⁰⁰¹
2926 4765 3130 4820 Cavere
3177 4763 3350 4833 potuit
3416 4777 3844 4832 munuscnp‘mn

3279 4834 3373 4864 ³⁰⁰³
3399 4833 3514 4900 Ipsa
3544 4835 3650 4888 sibi
3685 4835 3838 4888 Edit.

543 4898 698 4977 (iolla.
726 4917 799 4977 ett
832 4901 947 4977 ipsa
987 4898 1340 4977 A'°°‘_Primis'
1357 4907 1666 4962 hominibus
1701 4923 1826 4959 mas.
1856 4907 2042 4975 primis
2071 4910 2385 4974 parentibus
2461 4908 2555 4938 ³⁰⁰⁵
2589 4909 2764 4973 Qumri
2791 4907 2960 4977 possit
2988 4923 3084 4958 ms.
3130 4901 3261 4956 Vict.
3290 4903 3377 4959 19.
3401 4898 3636 4977 (ἰιιιιίῳζί
3660 4908 3845 4974 possit

543 4971 639 5002 8006

534 5041 642 5074 -³⁰⁰⁸
674 5043 842 5095 Ηοηιο
887 5047 996 5097 tiat.
1039 5062 1165 5100 mss.
1197 5047 1357 5101 Immo
1387 5047 1476 5101 sit.

681 4973 808 5044 Sive
855 4975 998 5028 aliud
1058 4975 1236 5028 minus
1264 4993 1391 5029 mss.
1433 4977 1545 5030 sive
1580 4977 1781 5044 aliquid
1819 4973 1997 5032 minus
2072 4973 2164 5010 ³⁰⁰⁷
2197 4977 2566 5032 Cenerasscnt
2603 4979 2720 5031 sine
2757 4973 2881 5031 mss.
2922 4975 3108 5028 Cistcr.
3151 4983 3502 5040 generassent
3535 4974 3674 5028 ﬁlios
3713 4978 3844 5029 sine

1552 5050 1647 5080 ⁸⁰⁰⁹
1679 5049 1741 5102 Et
1771 5063 1889 5100 esse
1916 5057 2197 5116 peccaturo
2249 5065 2373 5100 ηυδε.
2400 5057 2603 5101 etesse
2635 5048 2850 5117 aliquod
2879 5056 3184 5117 peccatum
3240 5044 3331 5117 '°_‘°
3365 5044 3479 5117 Non
3511 5061 3638 5100 vere
3671 5046 3849 5117 homo

539 5122 631 5187 est
654 5110 796 5187 fidit.
833 5112 994 5168 Goth.
1025 5131 1129 5168 non
1157 5133 1318 5187 verus
1355 5127 1439 5170 est
1474 5119 1634 5173 homo
1710 5117 1801 5149 m‘
1831 5110 1935 5171 Sed
1965 5134 2092 5172 vare
2129 5129 2211 5174 est
2241 5120 2400 5173 homo
2427 5118 2602 5187 pictus
2639 5110 2764 5172 mss.
2797 5110 2932 5171 Tlnt.
2965 5115 3216 5187 Vict.l9.
3247 5115 3434 5187 Cister.
3469 5115 3632 5168 homo
3657 5116 3845 5182 pictus

540 5182 828 5257 f'l’Quare
851 5199 1011 5241 autne
1029 5185 1572 5257 _ms.Vict.i9..quare
1596 5198 1648 5242 et
1668 5204 1830 5243 omne
1903 5187 1997 5218 ³⁰¹³
2025 5189 2305 5254 Sequitur,
2327 5182 2468 5257 quod
2497 5199 2576 5241 est
2605 5187 2867 5254 injustitia
2905 5203 3028 5239 mss.
3053 5184 3188 5237 l'irt.
3216 5185 3480 5257 sequitur,
3511 5187 3657 5257 quod
3680 5196 3762 5238 est
3785 5196 3846 5238 et

540 5252 825 5328 injustitia.
866 5272 990 5328 mss.
1025 5255 1166 5328 Tha.
1191 5257 1381 5328 Cister.
1407 5252 1670 5328 sequitur,
1703 5258 1828 5326 quia
1867 5267 1948 5312 est
1974 5269 2028 5312 et
2061 5252 2342 5328 injustitia.

1066 5326 1160 5359 ³⁸⁸⁵
1184 5327 1334 5394 Quod
1366 5329 1420 5382 si-
1453 5324 1523 5382 ita
1554 5339 1656 5392 cst,
1685 5324 1948 5396 originale
1976 5324 2252 5398 peccatum
2297 5345 2398 5384 non
2429 5339 2513 5383 est
2547 5329 2692 5381 aliud
2725 5343 2890 5397 quam
2935 5325 3300 5398 injustitia,_it_l
3330 5324 3694 5398 estgabseutia
3736 5328 3846 5378 tie-

541 5321 816 5376 lamninem
854 5325 953 5380 nisi

2477 5257 2572 5289 3°“
2597 5253 2827 5312 Damnat
2863 5257 2963 5310 nisi
2994 5272 3116 5308 mss.
3149 5265 3193 5308 et
3227 5253 3374 5307 Edit.
3408 5254 3563 5307 Colit.
3608 5257 3845 5309 damnat

533 5393 668 5444 .hita:
689 5393 912 5468 justitia:
946 5412 1070 5450 mss.
1105 5393 1248 5466 quod
1281 5399 1430 5468 sirita
1494 5409 1594 5463 est,
1629 5410 1684 5454 et
1713 5393 1988 5467 injustitia
2007 5415 2112 5452 non
2145 5409 2227 5454 est
2257 5400 2399 5454 aliud
2429 5415 2587 5468 quam
2626 5393 2866 5468 absentia
2895 5395 3340 5468 debitmjustitim
3418 5395 3696 5468 3""‘uErgo
3719 5412 3840 5450 non

541 5469 624 5538 est
653 5463 758 5538 ulla
802 5476 990 5538 natura
1040 5463 1401 5537 Sttsceplibilis
1433 5469 1673 5538 justitim,
1720 5463 1917 5538 praeter
1955 5470 2295 5524 rationalem.
2340 5463 2467 5523 mss:
2491 5481 2538 5523 et
2565 5469 2709 5538 Edit.
2739 5466 2894 5522 Colit.
2931 5482 3058 5533 ergo
3096 5467 3166 5519 ita
3205 5481 3310 5538 non
3345 5475 3426 5538 est
3477 5463 3841 5538 ttlla_nat._t_ir:t

541 5532 774 5608 debitrix
805 5536 1044 5604 justitize,
1076 5539 1178 5590 nisi
1202 5532 1523 5608 rationalis;
1566 5532 1879 5596 sicut-nulla
1915 5549 2106 5592 natura
2137 5540 2501 5608 susceptibilis
2523 5537 2867 5606 estjustitite,
2901 5532 3096 5606 printer
3129 5535 3469 5608 rationalem.

1142 5607 1238 5640 ⁸⁰¹⁸
1276 5607 1340 5662 In
1365 5626 1463 5661 ms.
1492 5609 1628 5664 Tim.
1653 5609 1778 5674 591,
1813 5609 1898 5662 hic
1917 5610 2096 5680 incipit
2118 5607 2362 5672 (ἱπιηιιὸ.
2471 5611 2566 5641 ³⁰¹⁹
2585 5609 2675 5663 Vel
2699 5609 2962 5677 injustitia
2989 5624 3004 5658 ι

1163 5689 1208 5734 et
1235 5678 1376 5734 Edit.
1411 5659 1568 5735 Cotti.
1631 5679 1743 5736 vult
1777 5678 1980 5736 aliquid
2125 5682 2216 5714 3°“
2253 5681 2513 5736 Dicuntur
2571 5679 2717 5734 enim
2779 5696 2906 5733 mss.
2958 5687 3004 5732 et

2298 5699 2513 5736 lClIlIlUl‘
2571 5699 2717 5734 CDllll
2779 5699 2881 5733 ωδε
2893 5719 2906 5732 ι

540 5603 685 5656 enim
711 5603 936 5660 vocatur
963 5619 1063 5660 etc.

467 5721 474 5726 .
543 5672 792 5802 lXalt
820 5659 977 5734 aliud
998 5659 1130 5733 mss.
1163 5689 1208 5734 et
1235 5659 1749 5736 Editacﬁolliiﬂvvu'lt—
1764 5659 1980 5749 aliquid

3583 5536 3674 5565 8011
3708 5534 3841 5589 Nu"

2471 5611 2566 5641 ³⁰¹⁹
2585 5604 2675 5663 Vel
2699 5604 2962 5677 injustitia
2989 5623 3116 5677 nisi.
3157 5605 3296 5677 Vict.
3317 5604 3470 5677 flent.
3495 5605 3618 5660 Bac.
3652 5607 3838 5658 omitt.

3064 5676 3246 5730 Eliitto
3300 5675 3522 5730 Gothico
3574 5677 3848 5732 dicuntur
