4050 6294
526 336 635 426 ita
694 432 702 447 ,

1085 367 1146 424 s.
1177 368 1476 424 ausum
1513 332 1863 423 curuati.
1906 320 2220 421 suculae.
2261 365 2408 421 ore.
2442 365 2619 420 rans
2657 365 2695 419 ι.
2730 397 2797 404 -
2827 345 3245 422 poenarum.

3684 338 3779 426 tit

524 467 652 542 cum
698 485 786 541 illa
821 474 969 556 prior
990 485 1082 516 ³⁵⁵³
1119 484 1443 552 peccaverit,
1466 492 1520 538 et
1550 484 1719 538 Asiam
1757 483 1852 514 “9"
1891 493 2009 551 post
2054 491 2109 535 et
2140 483 2184 541 Α
2213 489 2396 550 petere
2419 479 2533 544 3"“,
2561 479 2709 548 quod
2732 477 2842 557 jam
2886 496 3045 549 supra
3081 480 3285 535 dictum
3332 491 3414 535 est
3444 499 3457 534 :
3486 499 3612 550 cur,
3644 484 3784 539 scili-

530 596 630 649 per
662 577 826 633 illam.
864 577 999 631 Dicit
1025 576 1169 631 enim
1200 575 1490 646 Apostolus
1519 593 1531 628 :
1571 574 1673 630 Sed
1708 574 1932 643 regmrit
1973 592 2111 628 mors

531 673 598 725 ab
624 670 791 723 Adam
817 686 977 739 usque
1009 667 1079 721 ad
1105 666 1343 738 Moysen,
1368 669 1524 721 etiam
1551 668 1602 721 in
1629 685 1714 722 eos
1754 670 1841 738 qui
1875 686 1975 720 non
1998 683 2114 734 pec-

531 771 775 816 caverunt
802 760 856 813 in
877 758 1275 813 similitudinem
1304 759 1754 830 prwnurimtionis
1781 759 1908 812 Adae
1932 757 2111 825 (llam.

530 866 588 913 ν,
614 849 719 918 Η).
745 847 906 903 Multa
926 863 1142 919 quoque
1174 847 1276 902 alia
1306 847 1575 919 leguntur,
1607 863 1726 918 qua:
1748 850 1917 919 magis
1944 849 2113 902 Adam

530 926 692 1008 quam
742 937 911 992 Evam
963 938 1246 993 criminari
1295 939 1575 999 videnlur.
1637 939 1788 1007 Quod
1826 941 1944 993 ideo
2000 936 2115 993 lieri

536 1028 792 1085 existimo
839 1029 965 1098 quia
1017 1028 1104 1083 illa
1142 1029 1368 1084 duorum
1413 1027 1604 1097 copula
1638 1037 1748 1083 tota
1800 1029 2119 1098 intelligitur

532 1118 587 1175 in
619 1119 837 1174 nomine
880 1118 1197 1189 principalis
1223 1119 1424 1189 partis;
1456 1120 1596 1172 sicut
1625 1134 1771 1189 same
1791 1136 1889 1182 per
1909 1130 2116 1188 partem

532 1218 703 1265 totum
755 1208 891 1266 solet
942 1209 1241 1279 signiﬁcari
1278 1224 1293 1263 :
1330 1222 1424 1263 aut
1475 1211 1732 1276 quoniam
1771 1211 1939 1265 Adam
1996 1227 2117 1266 cum

531 1313 683 1358 eos'a
713 1318 831 1366 sua,
875 1301 1124 1373 quamvis
1172 1302 1224 1356 in
1258 1302 1534 1357 mulierem
1572 1302 1861 1367 tedilieata,
1887 1302 1989 1356 dici
2017 1319 2118 1372 po-

496 1420 500 1424 Α
536 1402 674 1445 terat
706 1392 821 1445 Atia
846 1408 900 1455 ιι,
936 1391 1073 1447 sicut
1121 1391 1318 1458 legitur
1348 1405 1363 1444 :
1395 1390 1521 1460 quia
1552 1389 1692 1447 Deus
1735 1389 2034 1446 Musonium
2071 1402 2118 1444 et

535 1474 789 1548 [antinous
836 1480 957 1549 fecit
987 1498 1095 1547 eos,
1144 1490 1192 1536 ct
1230 1481 1611 1536 benedixit'cis
1640 1478 1791 1551 (Cen.
1820 1497 1859 1546 ι,
1904 1482 2014 1553 17).
2056 1482 2123 1539 Ει

532 1573 753 1637 vocavit
778 1587 975 1627 nomen
1002 1587 1187 1633 eorum
1226 1571 1398 1626 Adam
1426 1572 1479 1627 in
1520 1573 1606 1627 die
1629 1588 1735 1643 quo
1758 1573 1926 1627 creati
1953 1582 2080 1630 sunt
2105 1592 2117 1628 :

534 1673 630 1727 au:
658 1662 881 1727 i.lcirco,
908 1663 1033 1731 quia
1057 1663 1101 1717 si
1135 1679 1238 1718 non
1272 1663 1478 1730 Adam,
1513 1663 1608 1718 sed
1634 1664 1751 1719 sola
1774 1664 1886 1719 Eva
1908 1678 2123 1735 peccas-

535 1760 649 1817 set;
702 1767 804 1805 non
862 1765 1084 1807 ncesse
1133 1760 1249 1806 erat
1299 1760 1468 1808 totum
1521 1753 1813 1808 humanum
1845 1752 2120 1823 geuus‘m

532 1845 731 1913 perire,
760 1845 852 1899 sed
884 1843 974 1917 ecl
996 1860 1063 1899 ,ιιι
1095 1845 1282 1900 Evam.
1332 1844 1553 1909 Poterat
1594 1864 1824 1917 namque
1872 1849 2013 1903 Deus
2051 1848 2119 1903 de
2151 1832 2193 1890 Β

532 1938 731 2000 Adam,“
765 1938 816 1991 in
844 1954 952 2007 qua
996 1953 1181 1992 simen
1232 1939 1471 1995 euntium
1514 1940 1789 1995 hominum
1840 1949 2121 1995 creaverat

536 2026 653 2085 ωδ.
676 2028 837 2080 aliam
870 2025 897 2082 ἰ
911 2051 936 2080 ι.
956 2043 1049 2083 ere
1071 2028 1373 2094 mulierem,
1396 2044 1493 2099 per
1517 2046 1680 2100 quam
1712 2030 1780 2084 de
1808 2031 1977 2087 Adam
2002 2046 2119 2099 pro-

534 2119 768 2188 positum
803 2119 896 2173 Dei
937 2121 1306 2189 pet-liceretur.
1336 2121 1551 2176 Eisdem
1579 2122 1881 2179 rationibus
1908 2122 2120 2193 signiti-

535 2215 773 2268 rahoml
803 2231 899 2283 per
933 2232 1125 2271 nmneo
1174 2216 1303 2270 Atla:
1349 2232 1442 2272 eos
1480 2218 1696 2284 ambos,
1728 2217 1829 2272 nisi
1857 2232 1980 2272 cum
2025 2233 2122 2273 ne-

508 2368 511 2369 ν
534 2321 691 2378 cosse
719 2307 821 2361 erit
851 2322 944 2362 eos
981 2307 1309 2362 discernere.

1160 2396 1388 2453 CAPUT
1431 2398 1503 2455 Χ.

570 2507 681 2562 Cur
724 2519 1003 2578 graventur
1033 2519 1246 2582 peccato
1285 2509 1434 2575 Adae,
1468 2513 1557 2582 qui
1593 2512 1706 2581 ejus
1753 2513 1947 2567 conscii
1984 2500 2091 2567 non

1217 2580 1450 2649 fuerunt.

536 2740 539 2743 Α
611 2669 706 2725 Est
732 2670 946 2741 quidem
991 2671 1360 2741 unusquisque
1397 2672 1539 2727 lilius
1570 2672 1698 2729 Atta:
1728 2682 1784 2728 et
1826 2675 1986 2729 homo
2029 2690 2124 2744 per

538 2761 633 2793 ³⁰⁹⁸
659 2762 1012 2825 creationem,
1038 2769 1094 2816 et
1116 2762 1284 2815 Adam
1314 2777 1409 2831 per
1429 2767 1894 2835 prepagationem,
1920 2776 1975 2821 et
2005 2782 2128 2835 per-

538 2866 670 2905 sona
702 2864 797 2919 per
820 2849 1248 2905 individuitatem
1270 2851 1388 2916 3°”,
1411 2868 1517 2921 qua
1541 2855 1870 2909 discernitur
1890 2855 1957 2908 ah
1981 2856 2124 2910 aliis.

540 2940 833 2995 NonL-nitu
867 2942 1031 2996 habet
1082 2956 1202 2997 csse
1248 2942 1409 2998 homo
1437 2943 1505 2997 ab
1552 2945 1856 3013 Adatn’m,
1889 2947 1985 3002 Sed
2032 2962 2127 3014 per

541 3033 736 3086 Adam.
764 3031 897 3086 Nam
926 3032 1066 3086 sicut
1088 3032 1261 3087 Adam
1294 3049 1398 3088 non
1428 3050 1487 3089 se
1525 3033 1651 3091 fecit
1695 3036 1966 3093 hominem
1997 3053 2010 3100 ;
2053 3038 2124 3091 ita

542 3138 652 3178 non
687 3123 811 3178 l‘rcit
841 3124 895 3178 in
932 3138 990 3178 se
1035 3130 1285 3179 naturam
1316 3127 1647 3195 propagandi
1682 3140 1695 3179 :
1723 3127 1817 3181 sed
1864 3127 2005 3183 Deus
2030 3127 2119 3195 qui
2151 3174 2192 3195 η

542 3217 892 3272 etme-cavit
915 3216 1211 3281 hominem,
1240 3217 1369 3271 feeit
1394 3217 1447 3271 in
1477 3234 1542 3271 eo
1568 3218 1708 3273 hanc
1732 3220 2115 3287 naturamm‘;
2150 3213 2191 3233 υ

543 3315 603 3359 ut
634 3307 700 3360 de
753 3307 843 3361 illo
892 3318 1322 3378 prepagarentm'
1364 3309 1629 3365 homines.
1682 3309 1911 3364 Dubium
1942 3319 2122 3369 autem

540 3412 649 3453 non
673 3407 778 3462 est,
818 3399 960 3454 unde
1003 3403 1373 3471 unusquisque
1417 3402 1664 3472 alligetur
1697 3403 1901 3467 debito,
1928 3404 1994 3458 de
2016 3420 2126 3473 quo

544 3494 895 3562 agiturmon
938 3495 1083 3550 enim
1131 3497 1292 3563 unde,
1343 3499 1469 3567 quia
1500 3500 1662 3555 homo
1703 3508 1804 3564 est,
1853 3515 1953 3554 nec
1997 3500 2123 3571 quia

543 3600 773 3654 persona
803 3596 906 3641 est.
937 3586 1074 3642 Nam
1104 3588 1147 3645 si
1185 3589 1387 3644 idcirco
1435 3591 1806 3659 unusquisque
1849 3590 2007 3660 hujus
2034 3592 2120 3645 de~

538 3677 642 3733 ltiti
674 3693 799 3733 reus
827 3688 928 3744 est,
966 3680 1093 3748 quia
1140 3689 1223 3735 est
1262 3682 1443 3745 homo,
1475 3691 1861 3752 aut~persona;
1902 3698 2127 3740 necesse

543 3781 664 3826 erat
704 3772 911 3838 Adam,
946 3771 1261 3842 priusquam
1310 3783 1625 3844 peccasset,
1658 3776 1763 3829 hoc
1810 3776 1992 3829 debito
2031 3777 2125 3813 ιη’

544 3862 826 3917 astrictum
863 3876 1005 3929 esse,
1047 3864 1175 3934 quia
1212 3874 1333 3919 erat
1386 3865 1545 3920 homo
1575 3874 1631 3919 et
1672 3880 1901 3934 persona
1935 3885 1949 3920 :
1982 3867 2125 3936 quod

541 3964 627 4008 est
655 3954 1121 4011 absurdissimum.
1157 3957 1338 4013 Restat
1368 3958 1533 4026 igitur
1560 3968 1620 4013 ut
1649 3974 1746 4028 per
1789 3960 1891 4014 hoc
1918 3969 2123 4016 tantum

541 4045 615 4099 sit
640 4044 873 4112 debitor,
902 4047 1028 4116 quia
1053 4057 1136 4102 est
1155 4048 1326 4102 Adam
1353 4050 1477 4116 ;scd
1506 4066 1613 4105 non
1635 4050 1974 4119 simpliciter,
2000 4053 2126 4123 quia

540 4148 631 4193 est
642 4138 809 4197 Adam
825 4156 840 4205 ;
859 4141 954 4194 sed
972 4139 1104 4209 quia
1126 4148 1210 4195 est
1232 4150 1490 4210 peccator
1504 4141 1694 4196 Adam.
1711 4142 1913 4211 Nempe
1934 4158 2127 4212 seque-

543 4238 694 4282 retur
713 4230 840 4299 quia
870 4232 914 4284 si
943 4247 1221 4301 nunquam
1263 4240 1541 4302 peccasset
1571 4232 1743 4286 Adam
1771 4249 1785 4298 ;
1812 4242 1991 4289 tamen
2034 4236 2124 4305 qui

542 4320 610 4373 de
639 4319 729 4374 illo
755 4328 1208 4391 prepagarentur,
1234 4339 1357 4377 cum
1391 4324 1493 4378 hoc
1518 4323 1702 4380 debito
1738 4336 2122 4381 nascerentur:

544 4406 687 4482 ‘qqu
733 4412 954 4483 impium
986 4421 1087 4468 est.
1123 4412 1239 4468 Non
1288 4415 1641 4486 incongruum
1687 4427 1770 4472 est
1790 4416 1889 4449 ³⁸⁸³
1916 4418 2005 4472 hic
2037 4433 2123 4472 re-

2213 582 2319 637 cet,
2359 569 2726 643 unusquisque
2774 584 2997 640 peccato
3024 571 3105 625 vel
3134 572 3316 626 debito
3357 570 3484 627 Adae
3513 564 3783 645 gravetur,

2213 658 2414 713 idcirco
2451 660 2578 728 quia
2611 660 2676 714 de
2723 659 2812 715 illo
2846 668 3204 730 propagatur;
3236 676 3357 716 cum
3395 660 3633 732 ejusdem
3663 679 3757 733 pec

2211 751 2319 806 cati
2346 751 2599 823 conscius
2626 766 2730 806 non
2763 752 2947 807 fuerit.
2978 752 3114 813 Cum
3148 751 3275 807 fecit
3308 752 3448 808 Deus
3478 754 3651 810 Adam
3671 752 3771 789 ⁸¹⁰¹

2214 840 2343 897 fecit
2368 842 2421 896 in
2450 857 2516 896 eo
2540 852 2789 898 naturam
2818 842 3149 915 propagandi
3185 859 3198 897 :
3225 857 3388 913 quant
3411 842 3641 913 subjecit
3675 845 3776 917 eju.

2215 933 2497 1002 potestati,
2531 942 2589 986 ut
2616 948 2677 987 ea
2704 920 2951 988 uteretur
2978 947 3078 1002 pro
3108 949 3202 989 sua
3227 933 3524 1000 voluntate,
3556 935 3775 1005 quandit

2217 1024 2331 1094 ipse
2360 1024 2519 1079 vellet
2548 1024 2800 1105 subditus
2826 1039 2952 1080 esse
2988 1025 3101 1080 Deo
3130 1044 3142 1079 :
3178 1041 3302 1080 nam
3348 1036 3469 1105 non
3498 1026 3585 1082 illa
3620 1038 3772 1089 utere

2219 1125 2308 1172 tur
2335 1116 2543 1173 bestiali
2576 1117 2669 1154 ⁸¹⁰⁶
2695 1127 2749 1173 et
2778 1098 3185 1175 irrationalim"
3209 1100 3481 1192 voluptate
3509 1162 3527 1187 ,
3581 1125 3674 1181 sed
3702 1125 3771 1181 ltu

2222 1225 2379 1263 mana
2402 1220 2456 1264 et
2493 1210 2741 1264 rationali
2778 1209 3076 1266 voluntate.
3117 1211 3269 1267 Sicut
3301 1194 3445 1269 enim
3468 1224 3553 1285 est
3596 1215 3799 1272 bestia-

2222 1318 2340 1357 rum
2372 1302 2505 1358 nihil
2530 1303 2665 1359 velle
2695 1320 2817 1361 cum
2855 1306 3090 1383 ratione;
3134 1307 3204 1360 ita
3246 1292 3689 1379 hominumesset
3710 1298 3801 1343 ³¹⁶⁶

2222 1394 2355 1448 nihil
2381 1393 2515 1448 velle
2546 1393 2662 1450 sine
2704 1395 2921 1451 ratione
2948 1414 2962 1450 :
2991 1396 3135 1467 quod
3172 1412 3391 1468 semper
3428 1400 3647 1466 debent,
3677 1403 3801 1470 quia

2218 1494 2542 1555 potestatem
2573 1486 2713 1542 hanc
2758 1489 2967 1559 accepit
2994 1488 3163 1544 Adam
3218 1476 3419 1551 etteam
3446 1507 3660 1565 semper
3686 1510 3801 1549 ser-

2221 1592 2352 1633 Varc
2389 1579 2584 1648 potuit.
2622 1578 2777 1633 Dedit
2816 1580 2980 1637 etiam
3008 1580 3083 1635 illi
3132 1581 3291 1660 ιοιλ
3323 1582 3469 1643 Deus
3506 1585 3645 1643 hanc
3680 1566 3804 1658 gra-

2220 1668 2353 1727 tiam
2372 1669 2485 1736 ³¹⁰⁹,
2518 1679 2577 1725 ιιι
2610 1672 2750 1725 sient
2792 1672 3007 1741 quando
3047 1671 3195 1727 illum
3231 1671 3473 1747 condidit
3503 1675 3643 1729 nulla
3690 1692 3808 1747 pro-

2224 1760 2455 1831 pagandi
2504 1770 2766 1830 operante
2807 1748 3025 1839 natura,
3057 1772 3151 1817 aut
3199 1744 3474 1819 voluntate
3519 1744 3804 1825 creaturn'.

2222 1850 2381 1905 simul
2427 1850 2557 1905 fecit
2583 1866 2707 1927 eum
2746 1862 2800 1910 et
2822 1853 3141 1914 rationalem
3170 1863 3223 1908 et
3242 1852 3456 1923 justum
3483 1872 3498 1909 :
3528 1856 3601 1910 ita
3646 1856 3810 1911 simul

2222 1958 2342 1997 cum
2375 1942 2693 2001 rationalem
2725 1944 2989 2000 haberent
3010 1945 3270 2011 animam,
3290 1945 3419 2016 justi
3448 1955 3649 2010 essent,
3674 1962 3809 2016 quos

2222 2045 2505 2108 generaret
2530 2044 2789 2104 operante
2825 2045 3015 2091 natura
3048 2045 3104 2093 et
3126 2036 3420 2103 voluntate,
3472 2036 3517 2092 si
3544 2053 3653 2117 non
3685 2052 3812 2107 pee-

2222 2139 2391 2185 caret.
2427 2130 2629 2187 Eadem
2665 2132 2864 2203 quippe
2913 2130 3143 2198 ratione,
3191 2145 3296 2202 qua
3345 2140 3686 2203 monstratur
3732 2147 3812 2187 rae

2224 2218 2475 2274 tionalem
2504 2228 2754 2279 naturam
2776 2220 2987 2299 justam
3003 2235 3122 2275 esse
3149 2228 3416 2284 creatam,
3437 2220 3577 2289 quod
3604 2220 3657 2273 in
3674 2226 3819 2299 saepe

2224 2306 2334 2365 l‘ato
2365 2309 2494 2368 fecit
2515 2311 2772 2379 opusculo
2795 2292 2987 2383 (lib.u;
3009 2326 3058 2366 e.
3078 2312 3153 2381 1),
3180 2312 3448 2385 probatur
3479 2312 3645 2367 etiam
3672 2292 3815 2381 quod

2224 2399 2316 2471 qui
2339 2416 2402 2456 ex
2429 2401 2663 2455 humana
2688 2410 2881 2455 natura
2905 2394 3335 2472 propagarentur
3354 2417 3458 2456 non
3474 2402 3817 2471 praecedente

2224 2498 2467 2559 peccato,
2501 2506 2568 2546 cx
2612 2491 2938 2545 necessitate
2974 2490 3244 2561 justitiam
3297 2491 3503 2562 pariter
3547 2490 3819 2545 haberent

2225 2596 2347 2636 cum
2380 2581 2762 2638 rationalitate.
2793 2581 3069 2651 Siquidem
3110 2583 3198 2652 qui
3228 2582 3434 2637 creavit
3462 2568 3707 2653 primum
3733 2582 3821 2635 lto-

2228 2671 2426 2724 minem
2459 2671 2577 2727 sine
2611 2682 2892 2741 parentum
2921 2672 3289 2742 generatione,
3332 2679 3487 2727 creat
3528 2671 3698 2723 etiam
3730 2658 3823 2724 eos

2226 2760 2425 2831 qui'“°
2460 2776 2558 2830 per
2586 2771 2825 2815 creatam
2844 2760 2932 2792 ³¹¹¹
2960 2761 3027 2816 ab
3060 2760 3148 2814 illo
3181 2759 3315 2813 liunt
3360 2755 3694 2833 propagandi
3732 2775 3827 2811 na-

2230 2863 2425 2907 turam.
2461 2853 2652 2908 Omnis
2672 2854 2835 2923 igitur
2857 2853 3038 2916 homo,
3069 2852 3112 2907 si
3140 2863 3420 2925 peccatum
3450 2868 3552 2903 non
3590 2866 3823 2921 prmces-

2227 2944 2408 3007 sisset,
2437 2944 2597 2998 simul
2625 2954 2769 3005 esset
2807 2944 2950 3000 sicut
2993 2936 3195 3009 Adam,
3219 2953 3271 2997 et
3296 2943 3474 3015 justus
3504 2953 3558 2997 et
3591 2940 3825 2995 ι·;ιιὶ‹ιιι;ι›

2229 3035 2314 3090 lis.
2354 3036 2621 3104 Quoniam
2657 3051 2785 3091 vero
2823 3036 2997 3091 Adam
3046 3037 3293 3093 subditus
3333 3035 3500 3093 noluit
3549 3050 3676 3089 esse
3732 3030 3835 3088 Dei.

2229 3130 2524 3195 voluntati;
2556 3130 2668 3200 ipsa
2703 3137 2893 3184 natura
2935 3128 3264 3200 propagandi
3290 3126 3540 3198 quamvis
3568 3142 3829 3203 remane-

2232 3230 2333 3286 ret,
2368 3238 2472 3276 non
2518 3222 2616 3277 l‘uit
2657 3223 2871 3277 subdita
2917 3221 3034 3289 ejus
3070 3221 3354 3285 voluntati,
3384 3221 3531 3276 sicut
3574 3231 3748 3284 esset,
3783 3219 3825 3273 si

2229 3329 2333 3366 non
2359 3323 2633 3383 peccasset
2664 3330 2677 3366 :
2711 3322 2766 3369 et
2799 3314 3051 3384 gratiam,
3082 3329 3243 3397 quam
3279 3312 3344 3368 de
3368 3328 3426 3367 se
3453 3311 3835 3384 propagandis

2228 3401 2322 3433 ³¹¹¹
2352 3418 2570 3457 servare
2592 3412 2825 3473 poterat,
2849 3402 3079 3473 perdidit
3109 3422 3121 3457 :
3155 3413 3317 3475 atque
3339 3417 3546 3467 omnes,
3572 3405 3665 3473 qui
3692 3420 3833 3473 ope-

2230 3505 2386 3549 rante
2434 3498 2625 3548 natura
2675 3509 2835 3564 quam
2885 3504 3204 3565 acceprrat,
3254 3500 3655 3564 propagantur,
3714 3494 3835 3562 ejus
3926 3556 3927 3563 η

2229 3587 2438 3641 astricti
2468 3586 2650 3641 debito
2688 3594 3005 3642 nascuntur.
3043 3587 3405 3654 Quamobrem
3433 3586 3699 3657 quoniam
3730 3586 3831 3639 lm-

2230 3692 2389 3732 mana
2425 3688 2616 3731 natura
2644 3677 2786 3748 (qua:
2817 3680 2893 3732 sic
2922 3689 3040 3735 erat
3066 3680 3117 3732 in
3145 3678 3315 3732 Adam
3344 3687 3478 3742 tota,
3506 3687 3563 3733 ut
3593 3674 3733 3731 nihil
3766 3679 3838 3733 de

2222 3768 2315 3823 illa
2350 3778 2503 3822 extra
2528 3769 2675 3823 illum
2706 3770 2900 3841 esset.)
2933 3771 3205 3838 peccando
3233 3770 3350 3825 sine
3380 3769 3526 3823 omni
3572 3768 3830 3823 necessi-

2229 3869 2360 3927 tate,
2385 3859 2551 3914 Deum
2584 3861 2962 3928 exhonoravit,
2991 3861 3130 3915 unde
3160 3876 3257 3931 per
3302 3876 3360 3915 se
3384 3859 3478 3939 “9
3508 3859 3835 3925 satisfacere

2230 3970 2335 4008 non
2372 3953 2546 4022 potuit
2580 3971 2593 4019 ;
2637 3954 2888 4025 gratiam,
2928 3969 3090 4023 quam
3141 3963 3419 4023 acceptam
3449 3949 3831 4025 propagandis

2229 4044 2297 4099 de
2321 4043 2495 4099 sc'm
2518 4060 2733 4117 semper
2772 4044 2949 4116 potuit
2993 4060 3232 4112 servare,
3285 4044 3519 4114 perdidit
3550 4061 3563 4097 :
3591 4052 3645 4097 et
3704 4059 3836 4114 pec.

2229 4148 2431 4203 catum,
2476 4155 2659 4194 secum
2711 4141 3008 4199 comitante
3064 4156 3225 4212 poena
3274 4139 3504 4211 peccati,
3534 4148 3836 4217 quantuni-

2229 4244 2441 4298 cunque
2478 4246 2575 4301 per
2608 4230 2785 4286 datam
2818 4231 3148 4309 propagandi
3179 4241 3425 4297 naturam
3469 4238 3841 4308 propagetur"

2231 4321 2417 4375 hab“.
3228 4322 3233 4327 ’

1837 4620 2071 4677 VARUE
2110 4617 2490 4675 LECTIONES

2046 4732 2181 4788 Viri.
2257 4742 2305 4788 ct
2366 4731 2512 4786 Edit.
2578 4729 2736 4785 Colit.
2810 4749 2932 4789 eum
2991 4734 3079 4789 illa
3137 4735 3289 4804 prior
3338 4750 3437 4789 ms.
3509 4732 3649 4790 Vict.

617 4732 714 4764 ³⁰⁹³
766 4732 899 4786 Cum
974 4734 1087 4801 ipsa
1158 4735 1310 4804 prius
1369 4751 1495 4788 mss.
1560 4733 1747 4789 Cister.
1819 4733 1955 4788 Tim.

1144 4805 1227 4859 ior
1369 4805 1464 4836 "9"
1530 4806 1597 4859 Et.
1669 4804 1838 4859 Adam
1912 4822 2037 4857 mss.
2106 4804 2239 4859 Tim.
2314 4816 2371 4857 et
2428 4805 2517 4859 ille

541 4820 855 4875 quanquam
923 4804 1010 4857 illa
1079 4805 1227 4873 prior
1369 4805 1464 4836 "9"
1530 4806 1597 4860 Et.
1669 4804 1838 4859 Adam
1896 4822 2037 4875 illitis.
2106 4804 2239 4859 Tim.
2314 4816 2371 4857 et
2428 4805 2517 4859 ille
2675 4804 2770 4836 ³⁰⁹⁵
2831 4805 3027 4875 Totum
3093 4806 3389 4875 humanum
3454 4821 3629 4875 genus
3688 4823 3831 4861 uss.

546 4875 679 4929 Tim.
740 4873 929 4928 Cisier.
996 4872 1167 4928 totum
1242 4875 1518 4930 hominum
1575 4891 1745 4946 genus
1889 4874 1989 4946 “‘1
2034 4874 2286 4946 Omnium
2343 4887 2624 4931 creaverat
2689 4885 2931 4946 mss.et
2986 4873 3129 4946 βίω.
3193 4872 3351 4930 Gotli.
3417 4872 3666 4930 omnium
3730 4877 3836 4931 ho-

544 4945 748 5015 minum
820 4954 1103 5000 creaverat
1247 4946 1338 4978 ³⁸⁸⁷
1405 4942 1734 5015 Signiﬁcatu)
1783 4961 1882 4998 ms.
1941 4942 2272 5015 Tini.”546.
2327 4946 2695 5015 signiﬁcando
2772 5014 2775 5015 ν
2839 4945 2934 4978 ³⁰⁹⁸
2986 4944 3153 4998 Filius
3181 4946 3308 5000 Adae
3371 4946 3532 5001 bene
3588 4962 3691 5013 per
3722 4962 3831 5002 ms.

552 5014 687 5069 νει.
748 5017 781 5068 5
860 5016 1027 5071 Filius
1077 5017 1166 5070 Dei
1222 5026 1277 5070 et
1319 5032 1415 5085 per
1458 5013 1582 5068 mss.
1648 5013 1785 5068 Vict.
1839 5015 1926 5069 19.
1980 5013 2039 5069 S.
2094 5013 2456 5085 Michaﬂem.
2512 5017 2633 5071 Bec.
2683 5014 2850 5070 Filius
2896 5015 3026 5085 Adte
3070 5025 3125 5068 et
3151 5015 3312 5068 homo
3356 5032 3452 5084 per
3594 5016 3697 5050 ³⁹⁹¹⁵
3720 5015 3835 5075 Per

554 5087 983 5140 itulividuitatem
1023 5104 1121 5140 ms.
1153 5086 1289 5140 Vict.
1321 5083 1411 5141 15.
1440 5101 1538 5155 per
1566 5085 2056 5138 imlividualitatem
2076 5085 2231 5155 “3‘”
2262 5083 2441 5155 liabet
2478 5087 2641 5155 hmno
2676 5101 2799 5155 esse
2833 5085 2901 5138 ab
2929 5084 3098 5155 Athon
3133 5102 3257 5155 mss.
3292 5083 3453 5139 habet
3479 5101 3605 5142 esse
3641 5088 3836 5142 homi-

547 5173 668 5209 nem
700 5157 769 5209 ab
793 5158 961 5210 Adam
1037 5156 1131 5188 ³¹⁰²
1169 5156 1317 5212 llauc
1348 5152 1653 5210 creaturam
1685 5170 1811 5209 mss.
1843 5155 2031 5207 Cistcr.
2075 5152 2209 5207 Vict.
2250 5153 2312 5209 S.
2360 5153 2524 5209 Mida.
2563 5154 2711 5210 Gem.
2766 5153 2889 5208 Bec.
2934 5166 2980 5207 ct
3015 5152 3160 5208 Edit.
3205 5153 3360 5208 Goth.
3394 5156 3531 5211 hanc
3559 5166 3839 5220 naturam

543 5227 637 5258 ³⁸⁸⁸
670 5228 749 5278 Ad
791 5227 892 5279 hoc
923 5226 1169 5281 debitum
1204 5243 1332 5280 mss.
1366 5228 1468 5281 hoc
1494 5226 1678 5295 debito
1726 5292 1753 5295 Δ
1820 5224 1931 5295 "”_
1947 5224 2463 5295 Nongincougruum
2495 5235 2582 5282 est
2631 5237 2727 5279 etc.
2781 5226 3004 5295 in_mss.
3041 5223 3191 5295 Tim.
3212 5225 3345 5295 591ἒ
3367 5226 3451 5279 hic
3481 5226 3666 5295 incipit
3712 5225 3833 5281 Ca-

543 5309 631 5367 put
666 5297 750 5351 l0.
824 5297 921 5329 ’m
959 5296 1071 5350 Hoc
1097 5307 1341 5367 repetere
1365 5312 1493 5367 mss.
1532 5292 1860 5367 VictaGem.
1896 5292 2016 5348 Bec.
2049 5292 2354 5367 Qislephic
2386 5305 2631 5367 repetere
2696 5295 2797 5367 fw
2824 5293 2966 5367 Curti
2995 5295 3140 5349 enim
3173 5294 3299 5349 fecit
3324 5294 3466 5367 Deus
3486 5292 3661 5367 Adam
3689 5313 3833 5353 mss.

542 5366 677 5419 (lum
711 5367 851 5421 Deus
882 5368 1007 5421 fecit
1032 5364 1203 5421 Adam
1280 5367 1374 5399 ³⁸⁸⁸
1402 5365 1517 5420 Non
1558 5376 1616 5419 ut
1650 5364 1745 5419 illa
1780 5373 2024 5418 uteretur
2071 5364 2282 5418 bestiali
2328 5364 2607 5420 ms.'Vict.
2654 5366 2739 5421 l9.
2774 5380 2878 5419 non
2913 5364 3002 5418 illa
3043 5373 3289 5419 uteretur
3336 5374 3395 5419 ut
3423 5366 3635 5420 bestiali
3688 5383 3833 5421 mss.

541 5436 647 5489 alia
684 5452 807 5490 nam
845 5453 946 5491 non
975 5438 1064 5490 illa
1098 5448 1345 5493 uteretur
1374 5436 1587 5492 bestiarii
1663 5436 1756 5468 ³¹⁰⁷
1801 5434 1893 5491 Vel
1923 5434 2223 5488 irrationali
2264 5449 2391 5487 mss.
2429 5434 2567 5489 Tim.
2620 5435 2811 5489 Cister.
2839 5443 2893 5487 et
2922 5434 3222 5488 irrationali
3299 5435 3394 5466 ’m
3425 5435 3499 5490 Ita
3528 5436 3836 5490 hominum

543 5517 620 5577 est
656 5523 781 5559 mss.
805 5517 851 5559 et
886 5506 1031 5561 Edit.
1057 5506 1217 5563 Colit.
1249 5509 1319 5561 ita
1352 5508 1634 5562 hominum
1663 5515 1809 5562 esset
1883 5504 1978 5537 “°'
2007 5502 2086 5557 Illi
2121 5506 2260 5577 Deus
2284 5505 2515 5577 gratiam
2546 5522 2677 5560 mss.
2706 5516 2753 5559 et
2784 5504 2928 5558 Edit.
2955 5503 3111 5577 Both.
3142 5505 3227 5577 illi
3244 5506 3384 5577 Deus
3415 5506 3553 5560 lianc
3577 5508 3836 5577 gratiam

540 5575 639 5647 if"
680 5577 841 5631 Great
872 5578 1037 5632 etiam
1072 5594 1262 5633 omnes
1294 5578 1386 5647 qui
1416 5593 1541 5631 mss.
1576 5588 1728 5633 creat
1750 5577 1916 5647 etiam
1947 5590 2043 5647 eos
2077 5574 2176 5647 qui
2240 5645 2252 5647 _
2292 5572 2414 5606 7““
2447 5574 2551 5630 Per
2588 5585 2827 5647 creatam
2862 5591 2969 5647 ms.
2989 5572 3127 5647 _Tlm.
3167 5575 3293 5647 5.5.6.
3320 5590 3444 5647 iper
3499 5572 3838 5647 creaturam

542 5644 636 5717 ff“
669 5648 743 5702 De
778 5663 838 5701 se
862 5649 1189 5717 propagandi
1225 5644 1354 5702 mss.
1384 5648 1453 5702 de
1480 5663 1537 5702 se
1561 5646 1922 5717 propagandis
1997 5645 2092 5717 “f'
2134 5644 2286 5717 Unde
2308 5653 2361 5698 et
2397 5661 2492 5713 per
2526 5662 2583 5699 se
2611 5662 2709 5700 ms.
2748 5644 3032 5717 rotasse.
3072 5645 3219 5717 uale
3242 5646 3365 5713 quia
3395 5660 3488 5714 per
3515 5661 3639 5699 mss.
3676 5644 3836 5717 γὸτι.

546 5715 682 5791 Tim.
708 5718 832 5772 591.
864 5713 910 5771 et
942 5713 1085 5791 ﬁdit.
1115 5716 1274 5791 (ioth.
1301 5720 1442 5773 unde
1479 5713 1575 5788 per
1605 5713 1787 5773 se'm's.
1841 5714 1973 5769 Vict.
2002 5714 2084 5770 19.
2122 5715 2262 5771 unde
2294 5731 2389 5784 pro
2418 5733 2482 5768 eo
2512 5734 2606 5791 per
2631 5733 2689 5770 se
2766 5714 2860 5747 ""
2889 5713 3225 5786 Propagandi
3255 5717 3320 5770 de
3345 5713 3405 5771 se
3428 5732 3551 5771 mss.
3579 5726 3625 5770 ct
3666 5716 3835 5771 Edit.

542 5787 697 5843 (Quill.
728 5788 1085 5860 propagandis
1110 5789 1168 5844 dc
1195 5806 1272 5842 se.

3740 4738 3833 4792 l9.
