4050 6294
547 352 656 408 “7

1129 350 1189 408 8.
1227 348 1530 406 ANSELMI
1565 346 1920 404 CANTUAH.
1954 344 2140 401 ARCII

2246 348 2276 398 ⁵.
2317 344 2468 401 OPP.
2501 340 2681 400 PARS
2718 334 2761 402 ῐί
2798 379 2866 388 ——
2908 348 3331 408 DOGSIA'I‘ICA.

3718 338 3829 414 'tts

547 468 677 532 cati,
709 474 763 521 ct
786 465 976 521 beatus
1004 473 1130 534 pote
1170 478 1197 519 s
1226 478 1446 519 servare
1484 475 1703 531 semper
1739 468 2015 529 acceptam
2046 457 2137 528 jn-
2167 469 2212 522 Α
2243 471 2359 510 rain
2388 454 2499 510 sola
2540 456 2757 526 propria
2793 457 3070 514 voluntate
3116 463 3184 515 de
3213 462 3462 529 materia,
3503 464 3556 520 in
3584 482 3690 537 qua
3720 469 3837 523 nul“

542 559 786 623 stitiam;
815 568 870 611 et
897 572 992 626 per
1012 555 1278 624 justitiam
1312 570 1454 620 eam,
1485 569 1649 623 quam
1669 552 1801 618 dixi,
1833 551 2142 607 libertatein

547 660 604 705 et
626 649 1037 704 beatitudinem.
1062 646 1327 714 Quoniam
1353 660 1482 716 ergo
1513 645 1707 710 Adam,
1744 660 1866 698 cum
1903 643 1997 676 ³¹⁸⁸
2029 644 2144 698 luce

548 740 836 797 lmnasine
872 740 1020 792 oumi
1070 736 1387 793 dil'llcultate
1428 744 1613 807 posset
1658 750 1877 807 semper
1924 750 2143 789 servare

548 830 642 862 ³⁸⁸⁸
659 828 784 892 sibi,
812 843 916 883 non
945 827 1210 892 servavit;
1235 841 1300 880 ea
1330 826 1430 881 sibi
1462 827 1576 896 ipse
1598 825 1842 891 abstulit,
1869 834 1924 879 et
1950 825 2140 878 horqu

548 938 608 978 se
633 920 925 976 contrariis
951 919 1200 985 snhjecit.
1240 918 1438 973 Factus
1476 927 1556 972 est
1600 917 1780 986 itaque
1807 931 1995 971 servus
2020 930 2143 985 poc-

547 1012 681 1079 cati,
715 1011 831 1067 sive
875 1010 1178 1079 iniustitiae,
1207 1019 1262 1064 et
1291 1008 1482 1075 debiti,
1507 1011 1653 1078 quod
1689 1008 1918 1064 reddere
1957 1006 2145 1078 nequit

548 1103 663 1171 ω’,
708 1114 764 1161 et
795 1105 1048 1168 miserim,
1102 1105 1167 1157 de
1215 1118 1320 1173 qua
1360 1112 1445 1158 est
1487 1101 1581 1135 ³¹⁸³
1633 1101 1950 1172 impotentia
2000 1099 2135 1156 bona

548 1195 757 1265 perdita
784 1195 1141 1264 recuperandi
1176 1194 1290 1251 ³¹’⁹.
1325 1192 1477 1249 Sicut
1505 1193 1670 1264 igitur
1710 1193 1868 1246 aliter
1897 1193 2143 1261 nequivit

548 1292 651 1349 sibi
694 1291 912 1346 auferre
953 1291 1093 1346 bona
1126 1306 1245 1358 qua:
1290 1288 1545 1353 habebat,
1591 1297 1646 1342 et
1676 1287 1953 1342 attrahere
1999 1286 2138 1342 ntala

548 1400 670 1453 quae
710 1399 814 1438 non
854 1381 1111 1445 habebat,
1157 1396 1319 1450 quam
1370 1396 1475 1435 non
1518 1378 1785 1433 servando
1832 1377 1932 1433 sibi
1975 1378 2130 1444 bona,

549 1489 673 1530 eum
721 1475 897 1544 potuit
941 1472 1075 1527 ³¹⁸⁹ε
1127 1473 1198 1526 ita
1250 1470 1378 1525 nulli
1428 1469 1517 1524 alii
1563 1469 1732 1524 Valuil
1768 1467 1955 1523 eadem
2003 1469 2138 1522 Iona

549 1565 788 1629 auferre,
817 1576 980 1635 atque
1012 1564 1149 1619 mala
1184 1563 1405 1631 inferre,
1436 1563 1540 1617 nisi
1575 1579 1678 1617 non
1707 1563 1973 1617 servando
1999 1561 2139 1616 bona

548 1656 632 1711 cui
672 1670 890 1710 servare
940 1656 1029 1688 ³¹¹¹
1061 1656 1255 1724 quivit.
1291 1655 1525 1709 Servare
1571 1662 1752 1707 autem
1799 1651 1927 1706 nulli
1970 1651 2141 1721 potuit

548 1760 613 1801 ea
648 1747 805 1812 bona,
850 1746 952 1801 uisi
989 1745 1095 1800 illis
1133 1761 1365 1815 quorum
1408 1744 1777 1814 generationis
1820 1751 2139 1813 potestatem

548 1835 813 1892 \nluntati
877 1836 1149 1905 subditam
1216 1835 1445 1903 accepit.
1505 1832 1644 1887 Nulli
1714 1848 1846 1904 ergo
1898 1847 2142 1902 personae

545 1926 797 1996 quamvis
851 1927 920 1982 de
968 1942 1029 1983 se
1073 1934 1384 1997 propagatae
1428 1925 1524 1957 ³⁸⁸³
1576 1926 1950 1979 transmittere
2001 1924 2141 1977 mala

546 2018 801 2087 praedicta
842 2019 1088 2087 potuitin
1115 2006 1273 2087 cujus
1294 2019 1644 2089 generatione
1688 2033 1787 2072 nec
1830 2025 2023 2071 natura
2066 2015 2141 2071 illi

547 2109 671 2163 dati
696 2119 781 2163 est
809 2109 902 2141 ³³⁸³
925 2111 1279 2182 propagandi,
1308 2126 1409 2166 nec
1429 2109 1679 2165 voluntas
1705 2109 1826 2180 ejus
1848 2109 2140 2179 quidquam

545 2210 767 2270 operata
799 2211 902 2264 est,
934 2213 1025 2256 aut
1049 2203 1264 2272 operari
1294 2203 1483 2258 valuit.
1511 2202 1608 2234 ““
1631 2200 1821 2268 Quare
1840 2201 1970 2256 Atla:
2003 2201 2140 2254 mala

547 2294 804 2362 praedicta
838 2295 984 2349 nulla
1024 2297 1234 2351 ratione
1275 2306 1370 2350 aut
1401 2296 1727 2351 rectitudine
1770 2293 1839 2350 ad
1867 2292 2139 2350 hominem

546 2395 866 2457 conceptum
892 2388 961 2444 de
986 2386 1205 2459 Virgine
1232 2397 1640 2460 pertranseunt.

1038 2499 1195 2573 102
1225 2499 1456 2557 CAPUT
1496 2499 1628 2556 xm.

549 2592 703 2679 Quod
722 2612 819 2664 etsi
855 2628 958 2667 non
991 2613 1084 2645 ³³⁸⁵
1113 2624 1245 2686 esset
1276 2614 1419 2670 Deus
1436 2656 1455 2686 ν,
1503 2617 1595 2670 sed
1631 2633 1798 2686 purus
1827 2618 2002 2680 homo,
2045 2634 2138 2672 ne—

616 2696 753 2758 cesse
784 2691 957 2758 tamen
1000 2697 1131 2738 esset
1173 2684 1324 2741 illum
1366 2685 1525 2741 talem
1567 2684 1700 2754 esse,
1739 2687 1911 2758 qualis
1940 2690 2143 2756 primus

618 2752 772 2805 homo
800 2754 974 2821 [actus
997 2765 1093 2808 est.
1686 2752 1693 2754 ἡ
1732 2784 1745 2794 ·

617 2844 787 2898 ltem:
821 2845 866 2899 si
911 2845 1204 2917 diligenter
1251 2848 1346 2881 ³⁸⁸⁸
1376 2862 1511 2917 puro
1544 2848 1771 2905 rationis
1814 2849 2010 2904 intuitu
2055 2866 2141 2905 sa-

548 2933 783 3006 pientem
817 2935 912 2990 Dei
944 2937 1577 3009 speculamurjustitiam
1603 2956 1619 3005 ;
1647 2939 1810 2995 nimis
1843 2940 2138 2994 absurdum

546 3024 868 3096 intelligitur
905 3038 963 3082 ut
1004 3045 1100 3098 per
1127 3031 1252 3084 illud
1294 3047 1509 3098 semen,
1551 3048 1661 3088 non
1700 3043 1883 3088 creata
1920 3043 2139 3099 natura,

546 3129 648 3170 nec
693 3116 941 3174 voluntas
970 3131 1255 3184 creatur-ar,
1313 3138 1418 3177 non
1471 3123 1561 3176 ulli
1593 3123 1716 3179 data
1763 3133 2000 3193 potestas
2046 3122 2138 3157 ³¹¹τ

548 3205 796 3275 producit
838 3218 934 3265 aut
965 3211 1233 3279 seminat;
1263 3214 1358 3268 s’ed
1403 3214 1552 3269 solus
1585 3216 1676 3269 Dei
1724 3216 1974 3271 voluntas
2013 3232 2141 3286 pro-u

548 3296 663 3365 ιιι-ἰν
695 3297 761 3352 ad
788 3301 1182 3367 procreandum
1226 3304 1523 3372 hominem,
1573 3321 1708 3360 nova
1754 3307 1955 3362 virtute
1985 3323 2142 3361 unm-

532 3394 560 3438 ἰ
588 3403 677 3443 um
719 3406 748 3444 a
790 3401 1016 3459 peccato
1047 3393 1116 3449 de
1151 3394 1371 3468 Virgine
1415 3409 1696 3470 segregat,
1730 3400 1892 3455 alieni
1931 3403 2138 3473 peccati

547 3494 643 3531 seu
674 3479 838 3535 debiti
885 3482 1002 3537 sive
1046 3500 1220 3552 parua:
1250 3488 1318 3542 ad
1362 3493 1612 3546 eumdem
1654 3491 1924 3547 hominem
1961 3509 2145 3548 neces—

549 3578 686 3627 stas
729 3570 835 3625 ulla
883 3585 1254 3644 pertranseat;
1306 3581 1517 3634 etiamsi
1571 3596 1677 3637 non
1728 3592 2039 3636 assumatur
2087 3583 2138 3636 in

549 3672 836 3732 personam
884 3664 980 3696 ³⁸⁸⁸
1028 3665 1140 3727 Dei.
1185 3672 1280 3725 sol
1327 3682 1385 3726 ut
1428 3688 1596 3741 purus
1644 3674 1804 3727 homo
1848 3672 1959 3728 liat.
2003 3671 2137 3730 Nam

549 3752 742 3808 eadem
793 3755 910 3825 ipsa
958 3759 1190 3824 ratione,
1237 3776 1343 3830 qua
1394 3779 1501 3818 non
1552 3765 1738 3820 debuit
1779 3765 1921 3821 Deus
1966 3767 2138 3823 Adam

549 3841 731 3899 facere
774 3844 875 3901 nisi
917 3846 1149 3916 justum,
1170 3862 1279 3905 ‘ncc
1325 3850 1506 3927 aliquo
1547 3854 1733 3910 debito
1773 3857 1888 3910 sive
1936 3856 2140 3913 incom-

538 3936 715 3992 modo
756 3944 1065 4009 gravatum,
1109 3952 1296 4013 aperte
1351 3959 1502 4000 mens
1550 3947 1829 4005 rationalis
1863 3950 2141 4020 cognoscit

549 4041 695 4091 eum,
746 4045 906 4099 quem
955 4033 1077 4088 simi
1105 4034 1212 4091 iter
1253 4038 1470 4108 prapria
1517 4037 1794 4094 voluntate
1839 4052 1896 4096 et
1941 4042 2142 4098 virtute

552 4136 796 4195 procreat
823 4123 940 4189 ω’,
970 4126 1128 4182 alicui
1158 4130 1299 4184 malo
1325 4130 1602 4188 subditum
1631 4133 1747 4188 lieri
1781 4149 1890 4189 non
1912 4135 2141 4194 debere:

550 4214 807 4281 quoniam
862 4218 1022 4272 nimis
1091 4219 1478 4276 inconveniens
1535 4232 1622 4279 est
1669 4225 2027 4295 omnipotenti
2087 4237 2142 4282 et.

2246 550 2357 605 lum
2388 559 2481 605 est“
2498 554 2805 620 peceatum.
2840 551 2993 620 Quod
3022 555 3114 624 qui
3159 570 3264 610 non
3297 556 3569 627 intelligit,
3609 576 3716 616 non
3744 577 3834 617 eo-

2247 645 2457 713 gnoscit
2501 645 2631 716 quid
2687 645 2794 700 Deo
2846 661 2952 701 non
3010 648 3297 702 conveniat
3358 650 3475 705 ³¹⁶⁰.
3504 643 3837 726 Quapropter

2242 736 2406 791 etiam
2432 737 2475 792 si
2504 753 2699 808 purum
2725 738 2997 793 hominem
3029 739 3108 792 sic
3136 737 3337 795 faceret
3364 741 3525 808 Deus,
3555 754 3612 798 ut
3635 745 3834 802 dictum

2243 838 2358 892 est;
2391 843 2614 884 necesse
2642 839 2786 885 esset
2829 845 2952 884 eum
3000 847 3105 883 non
3151 831 3347 888 minori
3397 834 3680 904 praeditum
3724 855 3838 894 esu.-

2237 918 2449 990 iustitia
2471 930 2524 975 et
2548 920 2901 989 beatitudine,
2929 935 3090 991 quam
3117 920 3217 976 l'uit
3239 923 3435 993 Adam,
3457 942 3579 981 eum
3606 928 3836 998 primum

2245 1012 2420 1068 factus
2457 1012 2580 1068 fuit.

2836 1106 3066 1166 CAPUT
3112 1106 3251 1165 XIV.

2245 1214 2399 1282 Quod
2433 1221 2721 1298 propositae
2760 1223 2955 1298 rationi
2982 1242 3089 1298 non
3118 1229 3414 1297 refragetur
3431 1230 3571 1298 quod
3593 1232 3835 1297 scriptum

2312 1298 2387 1369 est
2406 1302 2424 1339 :
2459 1291 2722 1344 hominem
2749 1293 2812 1346 de
2851 1295 3122 1369 immundo
3166 1291 3360 1369 sem—ine
3389 1291 3454 1353 ρι’
3473 1301 3527 1354 iu
3553 1291 3839 1369 iniquitati-

2313 1357 2408 1481 ὕες
2430 1371 2781 1430 conceptum;
2802 1366 3010 1419 etiamsi
3033 1366 3097 1420 de
3122 1367 3383 1437 aliquibus
3403 1370 3612 1440 proprie
3640 1357 3837 1423 dictum

2314 1445 2340 1481 s
2391 1468 2405 1481 .

2314 1444 2405 1482 8H.

2314 1536 2449 1591 Nam
2476 1538 2525 1594 si
2558 1538 2785 1608 alicuius
2828 1558 2983 1599 mens
3022 1560 3129 1600 non
3177 1547 3324 1617 capit
3357 1549 3502 1619 quod
3544 1549 3612 1605 de
3634 1550 3840 1608 semine

2245 1626 2480 1682 hominis
2527 1629 2660 1695 dixi,
2707 1630 2942 1696 scilicet.
2992 1649 3097 1691 non
3141 1651 3264 1692 esse
3316 1638 3370 1692 in
3423 1638 3515 1693 illo
3559 1650 3836 1710 peccatum

2243 1726 2373 1771 ante
2395 1719 2635 1774 animam
2673 1722 3017 1790 rationalem,
3045 1727 3138 1780 sed
3185 1728 3522 1783 immundum
3554 1730 3662 1785 dici
3708 1733 3856 1802 βου-⁸

2179 1807 2371 1864 Beato
2416 1819 2472 1864 et
2515 1811 2826 1882 iniquitate,
2858 1827 3081 1886 propter
3126 1818 3362 1874 futuram
3413 1821 3834 1891 immunditiam,

2243 1916 2367 1956 cum
2389 1899 2506 1971 jam
2534 1903 2642 1957 erit
2673 1903 2872 1959 homo:
2921 1916 3085 1978 atque
3125 1917 3279 1978 putat
3309 1909 3455 1965 illum
3482 1910 3573 1942 ⁸⁸⁶¹
3604 1910 3838 1967 immun-

2245 1994 2369 2048 dum
2399 2009 2522 2049 esse
2568 1994 2621 2049 in
2667 1994 2784 2066 ipsa
2837 1991 3193 2067 conceptione
3232 2010 3518 2070 propterea
3559 2002 3684 2071 quia
3724 2003 3836 2070 'm,

2244 2083 2385 2140 sicut
2419 2086 2535 2155 ipse
2565 2086 2696 2142 mihi
2722 2090 2969 2158 opposui,
3010 2090 3248 2161 legitur:
3284 2090 3415 2160 Quis
3460 2102 3628 2161 potest
3665 2094 3840 2163 facere

2244 2177 2498 2232 mundum
2534 2178 2600 2233 de
2646 2180 2920 2235 immundo
2957 2192 3258 2253 conceptum
3285 2186 3479 2238 semine
3506 2185 3531 2237 .9
3552 2184 3677 2256 (Job
3701 2186 3837 2258 ιη’.)

2245 2266 2311 2321 Et
2336 2284 2350 2320 :
2384 2265 2451 2321 In
2479 2267 2843 2337 iniquitatibus
2869 2282 3147 2341 conceptus
3167 2290 3285 2328 sum
3312 2273 3425 2336 ³⁸⁸³,
3456 2284 3505 2328 et
3533 2275 3588 2328 in
3615 2277 3841 2344 peccatis

2242 2361 2473 2428 concepit
2518 2377 2601 2414 me
2649 2373 2819 2417 mater
2859 2380 2972 2418 mea
3012 2364 3189 2436 (Psal.
3228 2367 3327 2437 1.):
3358 2382 3463 2423 non
3517 2368 3607 2424 hic
3655 2369 3839 2426 labem

2243 2452 2364 2517 ﬂ“,
2393 2453 2518 2523 quia
2548 2469 2653 2510 non
2693 2455 2931 2526 indigeo,
2984 2466 3042 2511 ut
3079 2458 3222 2528 quod
3253 2475 3359 2514 non
3401 2470 3583 2531 Ροιθει
3615 2476 3834 2533 “Pereo

2243 2543 2449 2612 capiat;
2481 2544 2575 2599 sed
2618 2554 2741 2614 peto
2774 2556 2832 2601 ut
2861 2547 3006 2616 quod
3044 2546 3284 2603 breviter
3312 2548 3510 2611 dicam.
3565 2553 3836 2607 attendat.

2242 2633 2320 2690 Illi
2350 2635 2541 2704 utique
2567 2637 2658 2706 qui
2689 2636 2804 2692 haec
2840 2639 3096 2694 dixerunt
3132 2640 3252 2706 "“,
3283 2651 3375 2696 aut
3415 2642 3708 2700 voluerunt
3747 2645 3841 2679 ⁸⁸⁸⁸

2241 2742 2307 2781 ea
2354 2726 2579 2797 intelligi
2616 2727 2682 2783 de
2726 2730 2872 2783 unmi
2909 2730 3147 2787 hominis
3195 2734 3429 2798 semine;
3486 2743 3582 2791 aut
3628 2745 3839 2794 tantum

2243 2818 2311 2874 de
2353 2818 2445 2874 illo
2489 2819 2633 2890 quod
2662 2835 2784 2875 cum
2834 2836 3000 2878 sensu
3040 2822 3135 2856 “‘7
3187 2825 3487 2880 seminatur
3526 2826 3842 2898 voluptatis,

2241 2924 2365 2979 qua:
2413 2924 2518 2964 non
2574 2920 2715 2967 esset
2768 2912 2863 2944 ³⁸⁸⁸
2915 2913 3018 2967 nisi
3074 2914 3358 2970 brutorum
3405 2916 3750 2985 animalium,
3797 2920 3840 2974 si

2229 2998 2414 3053 homo
2440 3015 2547 3054 non
2594 3014 2896 3071 peccasset.
2938 3006 3008 3058 At
3036 3006 3080 3060 si
3114 3007 3181 3061 de
3201 3008 3349 3063 omni
3377 3009 3480 3064 hoc
3516 3020 3839 3072 senserunt;

2244 3103 2375 3159 ergo
2402 3105 2591 3146 semen
2631 3093 2698 3148 de
2740 3093 2851 3149 sola
2904 3095 3124 3166 Virgine
3172 3106 3446 3167 sumptum
3502 3098 3842 3155 immundum

2170 3155 2214 3215 (ἶ
2248 3183 2385 3237 tanti
2419 3185 2521 3239 viri
2554 3199 2907 3244 asseruerunt
2948 3190 3084 3243 m":
3132 3192 3278 3261 quod
3313 3192 3541 3262 impium
3587 3202 3676 3249 est
3721 3210 3841 3249 cre-

2246 3275 2395 3330 dere.
2427 3274 2542 3331 Non
2590 3278 2774 3349 itaque
2806 3281 2911 3336 hoc
2940 3283 3006 3337 de
3038 3282 3132 3338 illo
3171 3284 3533 3355 scripserunt.
3566 3283 3675 3339 Sed
3701 3286 3746 3339 si
3779 3286 3843 3339 de

2244 3367 2425 3437 aliquo
2451 3368 2688 3426 hominis
2726 3372 2933 3427 semine
2964 3374 3065 3428 hoc
3099 3373 3255 3441 juxta
3297 3376 3441 3429 hunc
3463 3390 3691 3431 sensum
3715 3392 3843 3447 pso-

2236 3459 2485 3515 tulerunt
2519 3463 2635 3527 “7°,
2686 3480 2793 3518 non
2836 3465 2939 3520 nisi
2984 3467 3051 3521 de
3085 3467 3198 3533 illo,
3240 3467 3387 3537 quod
3426 3483 3548 3523 cum
3583 3469 3842 3536 praedicta

2245 3552 2520 3621 voluptate
2550 3556 2881 3625 concipitur,
2923 3557 3149 3627 intelligi
3182 3557 3489 3612 voluerunt.
3518 3556 3634 3613 Hoc
3660 3569 3842 3612 autem
3930 3565 3938 3571 '

2248 3642 2553 3700 nullatenus
2582 3645 2887 3719 refragatur
2926 3657 3126 3702 nostra:
3160 3647 3378 3711 rationi,
3412 3661 3535 3716 qua:
3563 3662 3754 3701 semen
3780 3647 3847 3699 de

2249 3736 2470 3806 Virgine
2524 3750 2799 3807 smuptmn
2842 3741 3037 3793 asserit
3079 3754 3200 3795 esse
3256 3740 3545 3806 mundum,
3588 3739 3847 3809 quamvis

2234 3826 2320 3883 usit
2349 3827 2415 3882 de
2439 3843 2624 3884 massa
2656 3829 2748 3860 ³ι⁷¹
2782 3831 3106 3899 peecatriee.
3268 3893 3275 3896 ,

2853 3938 3082 3995 CAPUT
3120 3937 3235 3993 XV.

2327 4045 2603 4115 Quomodo.
2631 4068 2806 4106 massa
2825 4052 3093 4123 peccatrix
3122 4068 3226 4105 nou
3253 4052 3320 4105 sit
3350 4060 3461 4104 tota
3485 4050 3776 4118 peccatrix.

2323 4140 2456 4195 Nam
2516 4141 2969 4212 quemadmodum
3020 4142 3240 4197 erecitas
3282 4156 3387 4195 non
3428 4150 3511 4195 est
3556 4141 3610 4194 in
3662 4138 3849 4208 aliqua

2253 4229 2348 4262 "7’
2376 4240 2532 4299 parte
2576 4231 2835 4296 hominis,
2879 4229 3131 4302 quamvis
3177 4230 3345 4284 homo
3382 4229 3595 4282 dicatur
3643 4242 3848 4291 ca-cus,

552 4306 782 4377 Sapienti
813 4307 907 4364 Dei
953 4311 1204 4379 bonitati,
1236 4313 1395 4370 talem
1425 4315 1607 4371 facere
1633 4317 1955 4373 rationalem
1988 4325 2115 4372 natu
2178 4328 2221 4382 ι)
2251 4321 2351 4375 nisi
2383 4322 2434 4374 in
2465 4320 2624 4375 oculo
2652 4321 2745 4376 ubi
2786 4321 2946 4377 debet
2985 4335 3113 4376 esse
3141 4318 3326 4385 visus;
3354 4333 3457 4373 non
3486 4318 3631 4373 enim
3666 4327 3753 4372 est
3795 4317 3850 4370 iu

1849 4433 1934 4489 VA
1946 4432 2081 4491 RIIE
2119 4433 2520 4492 LI‘ZCTIO‘RES.

623 4537 715 4571 ³⁸⁸⁸
754 4538 824 4594 Er

553 4610 787 4690 glegft
836 4609 989 4665 Ειιὸι.
1061 4612 1181 4669 (Jul.
1260 4630 1442 4690 posset
1502 4636 1717 4690 semper
1759 4609 1996 4679 "Servare

538 4677 648 4751 il“
703 4681 808 4751 De_
836 4697 946 4751 quo
993 4694 1077 4740 est
1124 4677 1272 4740 mss:
1315 4687 1447 4744 Vict.
1506 4677 1633 4745 19..
1665 4689 1797 4745 Tim.

555 4750 701 4805 ﬁdit.
766 4749 923 4807 60th.
988 4758 1340 4826 recuperandi

552 4839 716 4906 quam
781 4839 886 4879 non
945 4829 1213 4906 servando
1260 4828 1361 4883 sihi
1416 4830 1551 4884 bona
1607 4834 1944 4906 cum_potui_t

555 4904 698 4949 1111ιῖ
753 4906 851 4949 816.

552 4975 1123 5046 {aLpropagatagmmsm
1173 4967 1412 5046 cotidie.
1443 4969 1701 5046 Gotli._de
1730 4986 1789 5026 se
1830 4984 2143 5046 propagata:

553 5034 647 5114 '1‘"
676 5033 893 5114 huius}.
932 5035 1072 5114 Tha.
1100 5050 1146 5093 et
1184 5038 1435 5114 Vict._19.
1477 5033 2034 5114 continuaturtaqu
2047 5045 2369 5114 pra’cedms.

828 4554 1103 4621 ggncnm“
1142 4563 1241 4600 ms.
1304 4546 1441 4603 Tim.
1508 4549 1636 4606 59!.
1695 4566 1826 4621 ergo
1883 4553 2056 4608 Adam
2118 4571 2241 4608 eum

2388 4552 2484 4585 m'
2526 4551 2720 4607 Posset
2784 4568 3006 4609 servare
3056 4568 3182 4606 mss.
3240 4553 3430 4607 crater.
3489 4549 3625 4604 Vict.
3687 4547 3845 4603 Gem.

2148 4625 2241 4658 ⁸³³⁷
2310 4624 2579 4693 Reddere
2640 4624 2831 4693 nequit
2904 4640 3032 4678 mss.
3107 4621 3259 4693 Vict:
3310 4622 3538 4693 reddere
3598 4619 3850 4687 nequivit

1877 4693 2003 4748 546.
2070 4704 2117 4748 et
2180 4695 2326 4751 linit.
2380 4693 2505 4749 Gut.
2551 4692 2621 4748 de
2677 4692 2782 4763 qua
2839 4702 2924 4747 est

1485 4761 1581 4796 ³¹⁸⁰
1632 4761 1862 4817 Auferre
1911 4765 2048 4819 lmna
2111 4781 2234 4834 quas
2303 4765 2537 4834 hahehat
2591 4771 2647 4817 et
2694 4760 3193 4834 attrahere'mala
3230 4760 3367 4834 quin
3413 4776 3519 4814 non
3579 4760 3847 4818 hahelaat,

1989 4852 2002 4888 :
2063 4832 2162 4888 etc.
2222 4850 2320 4889 ms.
2378 4832 2515 4888 Tliu.
2566 4834 2694 4888 391.
2744 4833 2965 4887 auferre
3013 4835 3154 4888 bona
3188 4832 3288 4886 nisi
3319 4845 3441 4885 cum
3492 4845 3715 4885 scrvare
3747 4844 3848 4896 po.

1000 4895 1094 4928 ²¹¹⁵¹
1140 4895 1275 4953 Cum
1325 4914 1544 4955 servare
1569 4917 1695 4954 mss.
1731 4895 1866 4956 T'Im.
1896 4900 2044 4957 Gem.
2086 4904 2140 4958 Bt

2256 4903 2392 4957 Vict.
2424 4905 2475 4956 5.
2506 4917 2552 4957 et
2588 4905 2674 4957 15.
2703 4913 2751 4957 et
2784 4904 2929 4958 lt'dit.
2962 4902 3084 4958 σοι.
3138 4903 3226 4956 cui
3257 4915 3475 4957 servare

3090 4693 3184 4725 ιιι*
3234 4691 3539 4761 Reparandi
3583 4707 3737 4761 mss.
3797 4700 3847 4739 et

3619 4899 3716 4930 sm
3771 4898 3849 4951 De

2293 4974 2396 5006 ³¹⁸³
2426 4974 2504 5028 Illi
2536 4976 2660 5027 data
2690 4983 2774 5028 est
2811 4991 2937 5029 mss.
2973 4972 3108 5028 Thu.
3145 4970 3500 5025 Vict.-Cister.
3547 4969 3717 5023 omitt.
3756 4976 3850 5020 est

2456 5045 2550 5078 ³⁸⁵⁸
2577 5044 2730 5112 Quod
2762 5045 2809 5099 si
2838 5061 2941 5098 non
2967 5060 3094 5098 mss.
3123 5041 3267 5112 Vict.
3291 5038 3437 5112 G9?"-
3466 5040 3655 5112 Βειὶθι
3685 5036 3847 5112 E‘ﬁl'

543 5103 848 5182 '§9[._qt_tud
871 5107 972 5161 etsi
1011 5126 1117 5164 non
1194 5110 1289 5142 ³¹⁸⁶
1320 5110 1452 5182 Item
1486 5112 1530 5167 si
1554 5112 1842 5182 diligenter
1870 5103 1970 5167 etc.
2005 5103 2071 5169 1;.
2102 5131 2226 5169 mss.
2257 5114 2450 5169 Cister.
2476 5103 2622 5169 Tim:
2645 5113 2780 5169 Vict.
2807 5116 2865 5177 9,
2892 5113 3037 5168 Edit.
3067 5113 3225 5169 Gotli.
3248 5110 3331 5165 hic
3356 5111 3535 5179 incipit
3559 5107 3845 5182 Ο-(φιρςλεᾷ.

553 5175 648 5255 ᾖξ’
684 5175 786 5232 Ulli
818 5179 941 5233 data
974 5189 1214 5255 potestas
1244 5198 1342 5236 ms.
1370 5180 1568 5255 (Ιίειεις.Δ
1583 5175 1685 5255 ulli
1715 5183 1837 5237 data
1861 5187 2156 5255 generandi
2215 5195 2458 5255 potestas

559 5244 603 5298 Τ
604 5249 698 5321 tiu.
728 5244 1045 5321 assumatur
1076 5251 1128 5305 in
1161 5266 1452 5321 personam
1527 5252 1626 5286 ³⁸⁸⁸
1663 5244 1979 5308 Prom-cavit
2005 5272 2132 5311 mss.

553 5316 740 5372 veniat
761 5336 857 5373 ms.
892 5318 1029 5374 Vict.
1058 5316 1289 5377 l9.'Deo
1320 5340 1418 5379 nec
1451 5323 1739 5378 conveniat
1815 5323 1910 5359 ³¹⁶¹
1940 5324 2099 5379 Putat
2128 5326 2161 5379 il

2604 5185 2700 5220 ³⁸⁸⁸
2731 5176 3060 5239 Assumalur
3087 5184 3140 5237 in
3173 5176 3643 5251 persona__niss._S.
3667 5176 3847 5230 Micio.

2203 5248 2416 5311 recreat
2490 5255 2586 5288 ‘m
2631 5256 2742 5310 Deo
2768 5271 2875 5309 non
2904 5248 3196 5308 conveniat
3222 5268 3349 5306 mss.
3396 5248 3532 5304 Vict.
3565 5249 3675 5303 Deo
3705 5264 3853 5299 mn-

2205 5344 2274 5379 un
2308 5344 2436 5379 mss.
2467 5335 2622 5395 putat
2652 5324 2778 5380 illml
2852 5325 2946 5356 ³¹⁶¹
2974 5324 3218 5393 Propria,
3247 5322 3374 5395 quia
3398 5326 3849 5395 mss.propterea

553 5386 683 5463 quia
759 5388 856 5463 "'1
870 5389 1185 5463 goneeptus
1211 5410 1355 5458 sum,
1388 5395 1439 5447 in
1483 5409 1609 5463 mss.
1639 5404 1937 5463 conceptus
1963 5411 2109 5460 Sllm,
2138 5407 2191 5452 et
2228 5397 2282 5450 in
2362 5386 2603 5449 "6"Non
2647 5397 2749 5451 hoc
2785 5396 2975 5450 laboro
3000 5386 3125 5448 mss.
3164 5403 3215 5446 et
3243 5386 3391 5463 Edit.
3416 5386 3577 5447 Cotti.
3609 5403 3715 5463 non
3752 5386 3851 5444 hic

557 5456 744 5534 [ultore
816 5458 911 5491 ³⁸⁸⁸
939 5460 1041 5527 Qui
1062 5456 1175 5517 hoc
1202 5456 1457 5518 dixerunt
1487 5462 1611 5519 mss.
1644 5463 1738 5534 qui
1769 5456 1883 5519 lu'ec
1914 5456 2169 5520 dixerunt
2245 5466 2344 5500 ³¹⁶⁶
2379 5469 2485 5521 Aut
2516 5465 2808 5520 noluerunt
2839 5482 2966 5519 mss.
2992 5475 3038 5518 et
3068 5459 3520 5534 Edit._Goth._aut
3545 5458 3850 5534 voluerunt

556 5526 651 5559 ³¹⁶⁷
675 5528 810 5583 Cum
843 5526 1106 5587 consensu
1141 5549 1268 5587 mss.
1298 5551 1421 5589 eum
1452 5550 1614 5590 sensu

1768 5535 1863 5569 ⁸ι⁶⁸
1885 5536 2038 5604 Quod
2065 5551 2171 5590 non
2207 5546 2360 5592 esset
2389 5553 2517 5591 mss.
2567 5551 2688 5606 qum
2720 5552 2826 5590 non
2856 5545 3004 5591 esset
3034 5551 3133 5587 nis.
3184 5530 3320 5586 Vict.
3342 5532 3452 5606 19.
3483 5528 3666 5583 omittit
3688 5528 3849 5588 ista;

554 5601 846 5686 qoupdnuou.
868 5611 1014 5686 esset
1042 5603 1459 5686 nisihrutortun
1491 5603 1829 5674 animalium,
1860 5601 2096 5686 si'homo
2137 5624 2242 5662 non
2278 5616 2568 5686 peccasset
2587 5601 2599 5606 ⁷
2641 5606 2735 5639 ³⁸⁶⁹
2768 5606 2890 5686 Viri
2909 5616 3160 5686 asserunt
3189 5619 3316 5656 mss.
3342 5602 3453 5657 Viri

702 5671 923 5753 Seruine
970 5674 1073 5755 hoc
1138 5673 1295 5741 juxta
1364 5668 2199 5755 Intuensensini'protulerunt
2261 5668 2392 5755 utar.
2433 5679 2987 5755 SCIIlil!9_§C_(:lllltillIll
3034 5676 3189 5755 istius
3231 5688 3451 5755 sensum
3494 5668 3853 5755 Ρτοιιξιςτπξξξι

557 5741 649 5818 ξίτί
673 5743 941 5818 Quamvis
971 5743 1036 5818 de
1067 5736 1246 5818 inassa
1277 5761 1402 5802 mss.
1433 5757 1478 5799 et
1515 5745 1830 5805 Ettitliotlt.
1855 5736 2140 5818 ἰιιιίιιιιῖίδη

2246 5751 2305 5807 de
2354 5766 2532 5803 massa
2612 5749 2703 5781 3"”
2736 5745 2851 5802 Non
2881 5757 2963 5803 est
2997 5746 3099 5801 nisi
3145 5745 3196 5798 in
3241 5744 3420 5814 aliqua
3451 5736 3575 5796 mss.
3607 5748 3650 5793 et
3682 5736 3851 5795 Edit.

559 5813 715 5868 Gali.
750 5829 855 5869 nou
880 5825 959 5869 est
994 5815 1045 5869 in
1070 5813 1248 5887 aliqua
