4050 6294
574 337 679 393 alii!)

1144 338 1198 393 s.
1242 337 1539 394 ANSELMI
1577 320 1929 395 summa.
1968 332 2285 395 ARClllEP.
2333 328 2483 397 ore.
2516 338 2693 396 PARS
2733 323 2872 396 1.”:—
2904 330 3334 399 poenarias:

3733 296 3833 407 tu

571 462 846 526 nequeant
876 452 1107 517 ostendi,
1140 468 1260 505 mox
1291 460 1347 506 ιιι
1368 453 1603 506 animam
1634 452 1851 518 habent,
1881 451 2018 505 alius
2046 451 2151 505 alio
2184 457 2227 514 Α
2259 462 2368 507 tum
2396 467 2592 508 nocere
2619 453 2930 524 significare
2958 455 3051 487 ³³⁰⁶
3077 456 3306 511 videtur.
3344 454 3553 528 Quippe
3584 473 3691 514 non
3721 477 3832 516 tuo.

574 544 747 614 magis
779 543 863 598 vel
896 542 1073 597 minus
1108 541 1201 573 ³³⁰⁰
1243 541 1380 596 velle
1418 540 1560 610 quod
1605 540 1803 595 debent
1828 580 1843 605 ,
1892 549 1982 594 aut
2011 539 2152 609 quod

574 655 681 693 non
714 638 909 691 dchent
936 636 1059 700 ³⁸⁰¹;
1091 649 1248 688 nemo
1272 643 1444 704 potest
1463 633 1696 704 probare
1722 633 1862 702 quod
1892 634 1943 687 in
1975 633 2152 686 infan-

576 731 721 786 tihus
750 728 886 783 alius
916 728 1023 782 alio
1047 723 1517 793 nascaturjustior
1542 724 1622 779 vel
1649 724 1916 793 iujustior.
1946 725 2155 779 Pariter

575 835 704 891 ergo
737 835 835 874 nec
859 818 988 887 justi
1021 834 1116 870 sua
1142 817 1351 887 jnstitia
1395 816 1623 871 reddere
1660 816 1911 870 videntur
1950 817 2002 870 in
2042 816 2155 870 suis

573 910 871 965 infantibus
932 907 1251 979 originalem
1308 908 1624 979 injustitiam
1695 907 1987 973 leviorem,
2055 922 2154 963 nec

573 1000 756 1070 injuin
783 999 836 1053 in
871 999 985 1054 suis
1012 1014 1106 1053 sua
1142 998 1402 1065 injustilia
1443 998 1769 1069 graviorem.
1812 998 2154 1068 Quapropter

572 1093 616 1147 si
652 1102 904 1162 parentes
949 1091 1131 1162 injusti
1185 1105 1285 1145 nec
1324 1104 1583 1155 numero,
1636 1105 1735 1144 nec
1782 1089 2156 1161 magnitudine

575 1194 780 1257 queant
806 1183 1070 1255 originale
1114 1192 1395 1253 peccatum
1430 1184 1541 1237 suis
1578 1182 1871 1237 infantibus
1899 1198 1997 1237 suo
2029 1197 2153 1252 pec—

573 1288 697 1332 cato
738 1291 974 1347 augere,
1018 1275 1231 1351 videtur
1261 1274 1391 1329 mihi
1423 1284 1643 1345 peccata
1683 1285 2001 1344 parentum,
2036 1281 2157 1343 post

571 1372 768 1435 Adam,
814 1370 867 1425 in
916 1367 1180 1423 infantum
1230 1366 1420 1421 merita
1470 1366 1609 1421 bona
1664 1376 1979 1436 parentum,
2033 1367 2157 1421 filiis

574 1464 741 1518 multa
774 1472 827 1517 ct
872 1468 1066 1532 magna
1124 1460 1381 1515 beneficia
1428 1461 1672 1529 corporis
1709 1470 1764 1514 et
1810 1459 2004 1514 anima:
2052 1459 2156 1513 iui-

571 1553 771 1625 pendi,
804 1564 857 1609 et
884 1562 1106 1624 propter
1131 1564 1348 1623 peccata
1382 1561 1662 1621 parentum
1691 1550 1833 1607 lilios
1858 1560 1911 1606 ct
1938 1556 2159 1621 ncput'es

574 1659 747 1715 usque
778 1644 829 1700 in
864 1645 1074 1700 tertiam
1108 1654 1161 1699 et
1184 1653 1435 1715 quartam
1467 1643 1919 1712 generationem,
1962 1654 2017 1696 et
2051 1641 2159 1695 for-

576 1736 715 1789 sitan
744 1735 913 1803 ultra,
944 1734 1171 1789 diversis
1213 1733 1647 1788 tribulationibus
1683 1734 1735 1809 in
1774 1733 1876 1786 hac
1915 1733 2020 1786 vita
2066 1732 2162 1785 lla-

2264 546 2402 600 ritnr
2442 546 2536 579 ³³⁰⁷
2574 545 2753 600 anima
2797 545 2891 600 lilii
2919 556 3139 616 peccato
3166 548 3368 617 patris,
3420 549 3514 604 sed
3560 564 3694 616 suo;
3743 566 3837 609 nee

2256 646 2441 705 portat
2488 638 2611 707 quis
2660 638 3004 707 iniquitatem
3057 640 3258 709 patris,
3307 656 3428 695 cum
3464 642 3513 696 in
3546 658 3642 697 sua
3682 644 3837 699 relin-

2260 728 2463 796 quitur,
2497 729 2588 782 sed
2618 743 2804 793 suam;
2836 743 2935 783 uec
2962 744 3099 783 onus
3126 729 3384 795 alienum,
3414 732 3507 785 sed
3531 747 3723 798 suum;
3744 750 3837 791 nec

2262 817 2453 885 recipit
2475 824 2636 885 prout
2659 826 2831 886 pater,
2862 817 2954 871 sed
2987 826 3144 887 prout
3178 818 3293 887 ipse
3320 819 3487 887 gessit
3516 820 3567 874 in
3592 836 3835 889 corpore.

2261 907 2366 962 Sed
2415 908 2694 978 quoniam,
2744 918 2967 977 propter
3016 918 3236 979 peccata
3289 920 3610 978 parentum,
3663 927 3693 966 a
3731 913 3841 977 suis

2259 1000 2418 1054 malis
2449 1014 2554 1053 non
2588 1008 2672 1053 est
2704 1000 2983 1067 liberatus,
3016 1014 3078 1054 ea
3114 1016 3233 1069 qua:
3260 1010 3444 1072 portat
3478 1002 3685 1059 eisdem
3717 1017 3837 1074 pee-

2260 1092 2397 1146 catis
2425 1099 2708 1162 parentum
2743 1090 3093 1161 imputantur.

2592 1201 2823 1257 CAPUT
2851 1201 3017 1256 xxvi
3050 1200 3169 1273 pit,
3206 1201 3378 1273 XXV]
3412 1204 3529 1258 ιιοε.

2264 1293 2535 1359 Quomodo
2570 1304 2743 1347 tamen
2791 1293 2966 1347 nullus
3010 1304 3175 1359 portet
3214 1308 3480 1364 peccatum
3525 1298 3724 1365 patris,
3758 1296 3841 1350 sed

2958 1380 3131 1417 suum.

2332 1471 2401 1526 At
2428 1472 2472 1527 si
2509 1470 2763 1539 obiicitur
2789 1472 2914 1542 quia
2946 1487 3137 1527 onmes
3168 1474 3259 1542 qui
3298 1491 3404 1529 non
3442 1476 3727 1532 salvantur
3754 1492 3846 1549 per

2264 1563 2447 1628 fidem,
2475 1578 2595 1634 quae
2624 1572 2705 1618 est
2729 1563 2779 1617 in
2804 1562 3081 1618 Christum
3114 1564 3229 1630 3’”,
3256 1574 3475 1636 portant
3507 1569 3843 1637 iniquitatem

2263 1666 2316 1711 et
2346 1671 2484 1709 onus
2509 1655 2640 1709 Atla:
2661 1696 2675 1719 ,
2706 1664 2763 1708 ut
2796 1670 2894 1725 per
2921 1655 3023 1710 hoc
3052 1655 3180 1711 velit
3201 1658 3430 1727 probare
3464 1657 3731 1724 infantes,
3760 1669 3845 1713 aut

2263 1748 2490 1802 aliorum
2531 1764 2745 1818 quoque
2784 1758 3066 1819 parentum
3102 1749 3417 1821 iniquitates
3471 1754 3727 1809 similiter
3761 1758 3845 1809 de.

574 1827 785 1896 gellari,
820 1835 873 1881 et
898 1841 959 1883 ea
986 1827 1215 1897 perdere
1242 1826 1382 1880 bona
1410 1826 1573 1881 etiam
1600 1825 1652 1879 in
1681 1824 1882 1891 anima,
1908 1840 2027 1894 qum
2052 1823 2156 1878 for-

2265 1840 2388 1894 bere
2439 1850 2692 1910 portare,
2742 1851 2835 1895 aut
2899 1838 3042 1897 illius
3097 1857 3200 1897 non
3255 1845 3487 1910 debere,
3540 1847 3845 1902 consideret

576 1917 718 1970 sitan
754 1932 850 1987 per
880 1917 999 1972 illos
1031 1924 1516 1986 consequerentur,
1549 1916 1592 1970 si
1623 1913 1755 1984 justi
1784 1923 1994 1979 essent;
2024 1928 2157 1982 quo.

573 2023 695 2060 runt
747 2007 993 2077 exempla
1034 2007 1194 2062 nimis
1229 2007 1449 2077 longum
1500 2014 1584 2061 est
1627 2006 1715 2059 hic
1750 2005 2009 2060 inserere.
2051 2001 2157 2058 Sed

577 2104 699 2157 dico
726 2111 1007 2173 peccatum
1052 2101 1316 2171 originale
1342 2101 1396 2155 in
1422 2100 1676 2155 omnibus
1708 2097 2000 2152 infantibus
2025 2112 2156 2151 eou-

577 2195 752 2266 ccptis
802 2194 1125 2249 naturaliter
1183 2193 1391 2263 aequale
1442 2206 1563 2247 esse
1614 2208 1629 2246 :
1683 2194 1825 2245 sicut
1877 2199 2156 2259 peccatum

575 2287 728 2349 Adre,
753 2286 895 2355 quod
920 2295 999 2341 est
1023 2301 1185 2341 causa
1209 2301 1307 2340 cur
1331 2293 1626 2340 nascantur
1652 2283 1703 2337 in
1735 2282 1848 2348 illo,
1877 2281 1942 2335 ad
1971 2294 2160 2336 omnes

576 2381 811 2450 pertinet
839 2379 1139 2450 aequaliter.

966 2472 1196 2528 carur
1224 2471 1367 2526 xxv
1400 2460 1522 2543 [nl.,
1553 2468 1768 2540 XXIV].

580 2589 852 2656 Quomodo
895 2600 1108 2660 peccata
1160 2589 1254 2621 ²³⁰²
1291 2600 1576 2660 parentum
1622 2594 1838 2640 noceant
1885 2583 2161 2641 animabus

1239 2659 1493 2728 ﬁliorum.

649 2753 706 2808 Si
736 2762 917 2807 autem
942 2760 1163 2821 peccata
1193 2758 1480 2821 parentum
1506 2747 1797 2814 aliquando
1826 2752 2020 2800 nocent
2049 2744 2157 2797 ani-

576 2843 770 2897 malms
802 2841 1058 2903 filiorum,
1089 2840 1193 2895 hoc
1220 2820 1379 2895 modo
1406 2838 1585 2908 potius
1609 2838 1724 2892 fieri
1755 2837 2033 2901 existimo,
2057 2849 2162 2887 non

578 2935 722 3002 quod
752 2949 816 2988 ea
860 2933 968 2987 illis
994 2932 1135 2987 Deus
1167 2931 1428 3000 imputet,
1474 2938 1567 2983 aut
1596 2929 1738 2999 quod
1778 2944 1870 2983 eos
1901 2928 1952 2981 in
1985 2924 2165 2996 aliqua

578 3025 774 3079 delicta
808 3032 1030 3093 pr0pter
1055 3030 1314 3092 parentes
1358 3021 1601 3084 inducat,
1628 3019 1720 3073 sed
1745 3019 1997 3088 quoniam
2027 3018 2167 3072 sicut

580 3131 723 3184 szepe
766 3114 860 3147 ³³⁸³
900 3115 1110 3169 meritis
1138 3122 1455 3183 parentum,
1507 3111 1643 3166 lilios
1676 3111 1947 3181 justorum
1978 3125 2005 3163 a
2041 3123 2165 3178 pec—

580 3205 719 3260 catis
744 3205 905 3270 eruit,
937 3204 1010 3258 ita
1041 3203 1178 3258 filios
1198 3202 1469 3272 justorum
1497 3217 1685 3256 eorum
1718 3201 1947 3263 meritis,
1975 3200 2026 3253 in
2052 3199 2164 3253 suis
2190 3172 2238 3236 ε

580 3298 871 3369 aliquando
908 3296 1256 3366 derelinquit.
1311 3294 1580 3363 Quoniam
1629 3294 1772 3349 enim
1820 3307 1980 3348 nemo
2032 3291 2169 3346 liber

578 3401 663 3447 est
692 3408 721 3446 a
755 3400 999 3461 peccato,
1036 3390 1138 3445 nisi
1174 3390 1283 3444 Deo
1331 3389 1620 3452 liberante,
1655 3403 1778 3444 cum
1816 3404 1921 3443 non
1952 3386 2167 3451 liberat,

579 3483 780 3537 dieitur
806 3483 1061 3538 inducere
1079 3524 1093 3547 ,
1118 3490 1172 3538 et
1198 3496 1321 3537 cum
1353 3496 1456 3535 non
1480 3480 1703 3544 emollit,
1720 3481 1992 3535 indurare.
2008 3479 2169 3534 Narn-

578 3588 690 3643 que
716 3573 852 3627 satis
878 3573 1097 3627 videtur
1133 3571 1538 3642 susceptibilius
1568 3571 1685 3636 ³³⁸⁵,
1716 3570 1858 3635 quod
1886 3569 2027 3624 Deus
2053 3571 2169 3625 ani—

580 3680 727 3719 mam
752 3664 844 3695 ³³⁰⁸
861 3663 1240 3733 peccatricem,
1263 3662 1348 3717 cui
1381 3661 1513 3716 nihil
1534 3671 1732 3731 printer
1746 3675 1962 3732 poenam
1986 3661 2165 3727 debet,

581 3768 806 3829 propter
838 3766 1121 3828 parentum
1153 3764 1376 3826 peccata
1405 3756 1457 3810 in
1493 3756 1610 3811 suis
1640 3756 1878 3810 dimittat
1904 3757 2167 3825 peccatis,

581 3860 647 3905 ut
696 3866 796 3921 pro
846 3850 977 3920 ipsis
1030 3849 1318 3920 puniatur,
1370 3862 1531 3917 quam
1597 3846 1741 3917 quod
1799 3862 1920 3902 eam
1977 3847 2195 3921 alienis_

581 3952 806 4009 oneret,
842 3951 901 3996 ut
930 3956 1029 4012 pro
1059 3941 1139 3996 eis
1166 3947 1509 4009 torqueatur.
1558 3939 1634 3995 Ita
1668 3939 1833 4010 igitur
1857 3940 1975 3995 sine
2004 3955 2166 4009 repu-

534 4054 537 4055 '
586 4036 805 4103 gnantia
838 4043 893 4090 et
919 4033 1183 4104 originale
1204 4041 1487 4102 peceatum
1515 4040 1601 4087 est
1627 4032 1771 4087 idem
1798 4032 1850 4086 in
1892 4033 2165 4098 omnibus,

581 4138 639 4183 et
672 4126 815 4181 filius
859 4140 967 4179 non
1000 4122 1238 4193 portabit
1281 4122 1629 4192 iniquitatem
1676 4122 1873 4191 patris,
1907 4131 1963 4176 et
2005 4138 2170 4178 llllllS-

589 4219 815 4287 quisque
844 4232 982 4270 ouus
1008 4230 1163 4269 suum
1198 4215 1432 4283 portabit
1461 4222 1515 4268 et
1550 4213 1793 4283 recipiet,
1819 4223 1974 4282 prout
2002 4215 2171 4283 gessit

590 4309 641 4361 in
666 4322 894 4378 corpore
929 4307 1053 4360 sive
1070 4306 1292 4369 bonum,
1324 4300 1439 4359 sive
1470 4306 1669 4362 malum
1691 4348 1706 4373 ,
1737 4315 1792 4363 et
1824 4304 1998 4363 reddit
2022 4306 2170 4362 Deus

589 4410 811 4470 peccata
842 4408 1124 4470 parentum
1159 4400 1283 4456 filiis
1314 4402 1368 4455 in
1399 4402 1614 4460 tertiam
1640 4411 1694 4456 et
1726 4410 1971 4472 quartam
2001 4418 2168 4472 gene-

2262 1932 2548 2003 diligenter
2575 1933 2701 2002 quia
2751 1949 2855 1987 non
2910 1943 3129 2003 portant
3175 1935 3408 1991 infantes
3441 1949 3727 2008 peccatum
3756 1940 3846 1970 ³³⁸⁸

2259 2023 2409 2091 Adet},
2443 2025 2536 2079 sed
2561 2041 2737 2079 suum.
2762 2023 2894 2078 Nam
2923 2024 3065 2079 aliud
3089 2024 3187 2079 fuit
3207 2036 3490 2097 peccatum
3519 2030 3668 2091 Adae,
3700 2030 3846 2084 aliud

2259 2129 2341 2171 est
2365 2126 2644 2186 peccatum
2676 2116 2940 2171 infantum
2968 2118 3058 2149 ³³¹¹
3081 2135 3094 2179 ;
3115 2119 3239 2187 quia
3263 2118 3539 2184 differunt,
3567 2131 3625 2175 ut
3644 2122 3845 2176 dictum

2261 2218 2345 2263 est
2374 2228 2387 2262 :
2431 2208 2561 2263 illud
2588 2209 2731 2263 enim
2764 2208 2863 2263 fuit
2892 2224 3079 2277 causa,
3106 2210 3247 2265 istud
3274 2222 3354 2265 est
3385 2212 3642 2277 effectus;
3676 2214 3845 2268 Adam

2262 2302 2439 2357 caruit
2466 2301 2648 2357 debita
2674 2299 2908 2370 justitia,
2938 2317 3042 2355 non
3077 2302 3199 2370 quia
3233 2300 3399 2365 alius,
3432 2302 3524 2356 sed
3561 2302 3689 2371 quia
3738 2303 3849 2371 ipse

2263 2397 2354 2427 ³³¹¹
2386 2395 2643 2451 deseruit.
2671 2394 2910 2450 Infantes
2938 2407 3128 2449 carent
3167 2409 3229 2448 ea
3255 2434 3269 2459 ,
3302 2410 3408 2449 non
3432 2396 3688 2464 quoniam
3725 2395 3848 2465 ipsi,

2263 2488 2357 2542 sed
2383 2486 2637 2557 quoniam
2663 2485 2801 2540 alius
2830 2484 2921 2515 ³³¹³
2952 2484 3258 2554 dereliquit.
3288 2483 3404 2539 Non
3428 2494 3515 2538 est
3544 2499 3679 2555 ergo
3709 2484 3847 2539 idem

2264 2587 2543 2649 peccatum
2575 2578 2705 2633 Adae
2736 2587 2787 2632 et
2815 2576 3106 2631 infantum.
3143 2576 3207 2630 Et
3245 2592 3366 2631 eum
3397 2576 3529 2629 dicit
3573 2576 3851 2646 apostolus

2265 2670 2408 2740 quod
2463 2685 2627 2738 supra
2681 2669 2882 2739 posui:
2929 2667 3067 2734 Quia
3106 2685 3245 2722 mors
3291 2669 3520 2738 regnarit
3574 2668 3640 2722 ab
3680 2670 3848 2721 Adam

2266 2779 2427 2832 usque
2456 2763 2524 2814 ad
2556 2761 2801 2831 Moysen,
2846 2764 3004 2815 etiam
3041 2763 3095 2815 in
3125 2778 3211 2815 eos
3238 2763 3329 2831 qui
3367 2777 3471 2815 non
3507 2770 3849 2826 peccaverunt

2266 2855 2320 2906 in
2352 2853 2750 2906 similitudinem
2775 2852 3232 2920 prwvaricationis
3262 2852 3392 2905 Atla:
3430 2850 3611 2922 (Rom.
3649 2866 3703 2915 v,
3742 2851 3850 2915 ll).

2269 2942 2408 2996 sicut
2458 2942 2726 3012 significat
2776 2939 3060 2994 infantium
3106 2941 3283 2994 minus
3333 2956 3454 2995 esse
3506 2954 3672 3010 quam
3722 2940 3853 2993 Athe
3930 2960 3943 2977 ο

2269 3042 2552 3101 peccatum
2579 3051 2593 3085 :
2632 3031 2705 3085 ita
2731 3038 2916 3100 aperte
2946 3038 3214 3085 monstrat
3252 3030 3345 3061 ³³³⁸
3366 3029 3512 3083 aliud
3539 3044 3684 3085 esse.
3715 3029 3851 3096 Qua-

2270 3132 2490 3194 propter
2519 3135 2641 3176 cum
2669 3122 2954 3175 damnatur
2987 3120 3165 3175 infans
3194 3136 3291 3190 pro
3328 3131 3549 3190 peccato
3577 3121 3854 3190 originali,

2270 3216 2561 3269 damnatur
2586 3212 2745 3282 106
2784 3228 2888 3265 non
2927 3226 3024 3281 pro
3057 3221 3279 3281 peccato
3303 3206 3459 3275 Ad.e,‘
3478 3214 3572 3266 sed
3609 3227 3710 3281 pro
3733 3227 3852 3266 suo.

2270 3304 2403 3358 Nam
2436 3304 2480 3358 si
2509 3304 2623 3374 ipse
2650 3320 2754 3357 non
2783 3302 3006 3356 haberet
3048 3317 3204 3356 suum
3237 3311 3543 3370 peccatum,
3572 3319 3677 3358 non
3705 3303 3850 3357 dam.

2271 3406 2515 3452 naretur.
2557 3396 2631 3449 Ita
2663 3409 2795 3463 ergo
2838 3410 2942 3448 non
2977 3404 3155 3464 portat
3184 3396 3527 3464 iniquitatem
3560 3396 3717 3458 Adae,
3762 3396 3853 3448 sel

2270 3503 2445 3554 suam,
2477 3487 2727 3556 quamvis
2757 3486 2877 3539 ideo
2909 3486 3120 3540 dicatur
3153 3498 3402 3557 portare,
3438 3487 3565 3556 quia
3600 3487 3855 3555 iniquitas

2271 3581 2413 3637 illius
2442 3579 2683 3650 peccati,
2727 3579 2882 3633 istius
2912 3594 3077 3634 causa
3122 3579 3243 3634 fuit.
3280 3580 3405 3635 llaec
3448 3590 3629 3633 autem
3660 3595 3853 3640 causa.

2270 3689 2391 3745 qua:
2423 3672 2524 3727 fuit
2552 3672 2606 3726 in
2633 3671 2828 3735 Adam,
2854 3679 2912 3725 ut
2937 3670 3171 3726 infantes
3198 3672 3249 3726 in
3281 3681 3506 3742 peccato
3536 3682 3854 3730 nascantur.

2270 3781 2377 3820 non
2405 3762 2569 3820 estin
2609 3762 2728 3818 aliis
2760 3763 3077 3832 parentibus
3103 3804 3118 3829 ,
3169 3766 3297 3833 quia
3343 3780 3448 3819 non
3496 3766 3660 3819 habet
3695 3766 3750 3819 in
3778 3764 3856 3817 eis

2271 3857 2505 3911 humana
2537 3863 2730 3909 natura
2760 3864 3103 3925 potestatem,
3141 3856 3598 3925 quemadmodum
3634 3856 3769 3917 dixi.
3800 3863 3853 3906 ut

2272 3950 2365 4005 filii
2384 3948 2515 4017 justi
2543 3957 2931 4018 propagentur.
2957 3947 3138 4013 Quare
3161 3962 3265 4001 non
3296 3947 3369 4000 ita
3404 3948 3650 4016 sequitur
3674 3955 3733 3999 ut
3759 3960 3857 4014 pro

2270 4051 2493 4111 peccato
2520 4040 2732 4094 illorum
2762 4041 2830 4095 sit
2859 4040 2910 4095 in
2937 4039 3235 4095 infantibus
3261 4048 3570 4108 peccatum,
3597 4039 3733 4093 sicut
3759 4053 3859 4109 pro

2271 4142 2495 4205 peccato
2519 4133 2668 4187 Adae.

2576 4223 2805 4279 CAPUT
2836 4223 3026 4278 XXVII
3052 4221 3171 4295 ιρι..
3205 4221 3397 4293 XXVI]
3428 4222 3545 4276 ⁸³¹⁸.

2344 4336 2484 4403 Quid
2514 4336 2577 4390 sit
2606 4334 2862 4406 originale
2887 4344 3188 4455 Peccatum;
3220 4344 3266 4388 et
3300 4333 3440 4405 quod
3471 4334 3525 4386 in
3549 4330 3790 4385 omnibus

2913 4413 2979 4455 sit
3009 4420 3156 4455 (caua
3180 4421 3228 4455 e.

2913 4413 2979 4458 sit
3009 4413 3228 4473 (rquate.

588 4491 884 4557 rationem,
933 4493 1096 4547 etiam
1127 4492 1171 4547 si
1210 4492 1313 4547 hoc
1342 4492 1412 4545 sit
1458 4491 1511 4546 in
1554 4492 1763 4558 anima;
1805 4502 1863 4548 et
1910 4494 2167 4564 quidquid
2201 4518 2246 4573 ι)
2342 4496 2615 4568 Origiuale
2671 4495 2833 4563 igitur
2877 4501 3160 4564 peccatum
3212 4509 3318 4549 non
3377 4494 3520 4547 aliud
3586 4492 3858 4560 intelligo,

589 4580 733 4634 aliud
763 4581 979 4652 legitur,
1005 4582 1149 4652 quod
1171 4581 1454 4637 animabus
1476 4580 1707 4637 filiorum
1730 4593 1951 4653 peccata
1976 4600 2171 4656 paren-
2278 4603 2440 4658 quam
2485 4586 2628 4655 quod
2670 4594 2753 4641 est
2797 4584 2848 4638 in
2882 4583 3119 4646 infante.
3156 4599 3279 4639 mox
3321 4592 3379 4638 ut
3426 4583 3663 4637 animam
3700 4582 3855 4636 habet

1896 4695 1981 4751 VA
1992 4695 2127 4753 RIAE
2172 4699 2464 4758 LECTION
2472 4699 2575 4754 ES.

660 4809 760 4882 ’ὀί
783 4808 953 4882 Maius
976 4808 1061 4882 vel
1093 4807 1273 4882 minus
1289 4822 1414 4860 mss.
1447 4804 1635 4882 Cister.
1673 4806 1966 4882 Vict._TIm.
1992 4821 2041 4866 et
2080 4813 2206 4867 edit.
2239 4810 2394 4867 Goth.
2426 4812 2598 4882 magis
2624 4811 2709 4866 vel
2742 4810 2919 4865 minus
2943 4828 3067 4867 mss.
3093 4809 3242 4867 Gem.
3268 4809 3398 4882 Bac:
3411 4809 3549 4882 plus
3578 4808 3661 4864 vel
3685 4808 3857 4863 minus

535 4893 544 4901 '
587 4881 682 4952 ξέοι
721 4877 877 4952 velle
924 4877 1295 4952 quodhdebet
1322 4884 1416 4952 aut
1438 4877 1583 4946 quod
1614 4892 1721 4933 non
1750 4879 2070 4952 debetgmss.
2102 4883 2239 4939 velle
2276 4883 2418 4952 quod
2442 4877 2639 4938 debent
2662 4888 2754 4935 aut
2792 4882 2936 4950 quod
2965 4897 3070 4936 non
3110 4883 3308 4938 debent
3380 4880 3475 4952 ’ἴθ’
3504 4880 3597 4933 Est
3642 4882 3697 4933 in
3727 4894 3858 4929 mss.

595 4951 733 5006 Vict.
764 4950 902 5004 Tlm'.
936 4946 1149 5022 credit.
1174 4946 1330 5022 Cotti.
1364 4946 1592 5002 Peecata
1620 4950 2026 5022 etc.__mss.Yict.
2051 4946 2359 5022 anornodo
2400 4961 2633 5007 noceant
2690 4946 2934 5022 (peccata
2984 4952 3289 5022 parentum)
3312 4950 3858 5022 _anima_bus__eorum

589 5022 871 5094 (ﬁliorum)
947 5021 1041 5094 mf
1081 5019 1187 5074 Sed
1215 5020 1354 5094 sicut
1383 5033 1525 5094 smpe
1554 5036 1680 5073 mss.
1714 5018 1853 5094 Vict.
1881 5020 2007 5094 per.
2032 5018 2177 5076 Gem.
2204 5025 2297 5079 sel
2344 5022 2599 5094 quoniam
2626 5018 2768 5094 stupe
2817 5039 2943 5075 mss.
2991 5020 3138 5094 Υἱοὶ.
3190 5018 3278 5094 19⁷
3308 5020 3473 5094 ηερε
3498 5019 3560 5076 S.
3580 5089 3592 5094 _
3612 5018 3768 5094 Mica.
3808 5026 3858 5068 et

590 5088 714 5147 edit.
743 5090 899 5146 Goth.
946 5092 1039 5147 sed
1080 5091 1332 5145 uuouiam
1365 5088 1505 5162 sicut
1531 5104 1685 5162 _s:cpe
1757 5090 1853 5162 9“
1876 5091 2325 5162 Susceptibilibus
2345 5088 2443 5148 ms.
2498 5091 2628 5145 Vict.
2656 5088 2721 5147 19
2768 5092 3120 5162 susceptibus,
3137 5093 3252 5162 suis
3283 5091 3418 5162 77""
3441 5089 3595 5162 Quod
3622 5092 3859 5162 animam

589 5182 715 5217 mss.
756 5164 897 5232 quod
938 5162 1082 5217 Deus
1102 5162 1337 5215 animam
1413 5156 2359 5233 f'°'_l_mputari_ipeccata'parentum
2395 5162 2701 5233 significare
2738 5179 2864 5217 mss.
2882 5156 3074 5233 iCister.
3112 5161 3243 5233 l’ict.
3271 5161 3396 5233 Bec.
3430 5156 3578 5233 Gem.
3610 5158 3670 5213 S.
3692 5156 3857 5233 llic-1i.

591 5225 813 5303 pet-cata
840 5243 1353 5303 parenttun__noeere
1382 5225 1693 5303 significare
1767 5225 1858 5264 ³³⁸⁵⁷
1888 5225 2095 5303 Quippe
2127 5249 2231 5287 non
2273 5225 2498 5303 morittir
2519 5240 2617 5287 etc.
2654 5233 2707 5286 in
2741 5249 2839 5303 ms.
2877 5232 3015 5303 Tliu.
3066 5232 3164 5287 391
3219 5232 3301 5285 hic
3355 5232 3733 5303 incipit__caput
3782 5225 3859 5278 26

593 5304 685 5334 ³³⁰⁸
720 5302 808 5356 Est
834 5298 888 5358 in
932 5321 1057 5357 mss.
1124 5300 1254 5355 Vict.
1310 5309 1357 5353 et
1420 5298 1552 5371 Titii.
1581 5299 1718 5371 546,
1739 5311 1785 5354 et
1820 5298 1946 5356 edit.
1979 5298 2135 5357 Colit.
2168 5313 2321 5371 caput
2354 5302 2424 5357 26
2441 5304 2535 5356 sub
2566 5304 2665 5371 hoc
2691 5301 2843 5355 titulo
2872 5316 2886 5355 :
2916 5300 3197 5371 Quomodo
3243 5313 3420 5354 tamen
3462 5298 3647 5371 nullus
3676 5304 3861 5371 portat

560 5382 874 5447 precatum
910 5374 1099 5442 patris.
1133 5372 1226 5425 sed
1266 5387 1426 5426 suum
1503 5369 1596 5401 ³³⁰’
1620 5369 1752 5437 Qua:
1793 5381 1875 5447 est
1922 5373 1975 5447 i_n
2010 5365 2241 5447 Christo
2280 5390 2408 5427 mss.
2454 5371 2589 5447 Vict:
2634 5370 2781 5425 Gem.
2822 5365 3527 5447 BecICistephqua}.estin
3561 5365 3858 5424 Christiani

593 5439 855 5513 ""ANon
899 5439 1118 5510 portant
1156 5452 1437 5513 peccatum
1478 5450 1697 5513 mss._e_t
1738 5442 1866 5513 edit.
1910 5441 2065 5496 Galli.
2098 5460 2204 5513 non
2245 5454 2463 5513 portant
2504 5442 2737 5497 infantes
2766 5451 3046 5510 peccatum
3100 5440 3408 5513 7”“__Aliud
3442 5439 3697 5513 infantum
3720 5451 3860 5513 mss.

593 5523 647 5565 et
673 5511 817 5584 aliud
846 5504 929 5567 es't
958 5504 1237 5582 peceatum
1272 5512 1571 5584 infantum‘
1612 5510 1720 5584 ”"_
1737 5510 1853 5567 Non
1879 5529 2042 5584 quam
2073 5504 2352 5577 aliusfsed
2384 5528 2546 5584 quam
2583 5513 2697 5580 ipse
2728 5504 2851 5584 mss.
2886 5512 3141 5581 nonquia
3188 5509 3353 5584 alius,
3401 5511 3498 5584 sed
3546 5509 3665 5584 quia
3725 5504 3855 5573 ipse

592 5582 688 5653 ³ξ¹¹³
743 5578 1065 5647 Careut'ea,
1106 5598 1210 5637 non
1258 5598 1418 5652 quam
1474 5580 1596 5653 ipsi,
1630 5582 1723 5635 sed
1750 5578 1911 5653 quani
1963 5583 2103 5653 alius
2127 5601 2250 5638 mss.
2275 5578 2483 5649 carent,
2533 5578 2636 5637 non
2673 5582 2929 5652 quoniam
2962 5578 3059 5651 ipsi
3107 5582 3202 5637 sed
3250 5580 3506 5653 quoniam
3554 5578 3683 5631 alius
3742 5590 3859 5626 ms-

593 5651 782 5707 Cister.
812 5663 1023 5715 carent,
1058 5668 1162 5706 non
1193 5649 1353 5722 quam
1389 5649 1509 5722 ipsi.
1536 5654 1627 5706 sed
1656 5649 1861 5720 quain..
1925 5652 2064 5707 alius
2139 5654 2234 5686 ³³¹⁸
2262 5656 2459 5722 Aperte
2490 5649 2823 5707 monstratur
2846 5649 2989 5705 mss.
3013 5661 3061 5707 et
3124 5649 3446 5722 edit.’Cot/i.
3492 5657 3670 5719 aperte
3694 5659 3866 5697 mon-

592 5733 733 5798 strat
763 5723 901 5798 ,‘m
928 5722 1016 5798 Est
1043 5725 1094 5776 in
1120 5721 1244 5798 uias.
1288 5721 1419 5798 Vici.
1456 5721 1590 5777 Tim.
1627 5732 1675 5777 et
1723 5725 1849 5781 edit.
1903 5722 2057 5779 (iolla.
2091 5736 2242 5795 caput
2276 5721 2478 5798 27‘sub
2505 5722 2804 5779 harundo:
2839 5722 2991 5789 Quod
3033 5723 3079 5780 si
3131 5721 3393 5793 originale
3440 5728 3739 5792 peccatum;
3802 5725 3879 5767 ει

590 5794 735 5867 quod
762 5794 816 5849 in
838 5793 1086 5850 omnibus
1103 5793 1173 5849 sit
1197 5793 1398 5865 aequale
