4050 6294
288 300 395 359 469

1522 303 1795 363 DlALOG.
1838 303 1926 360 DE
1971 302 2336 361 VERITATE.

3458 318 3575 373 ιω.

288 431 396 471 non
426 411 531 469 fuit
559 412 663 468 boe
691 425 901 479 verum,
932 412 1158 481 scilicet,
1206 414 1332 486 quia
1364 416 1603 472 futurum
1632 428 1750 474 erat
1778 418 1877 473 ali-
1910 430 1954 485 Α
1984 418 2110 486 qu?a
2141 432 2265 472 cunt
2295 416 2568 490 signiﬁcat
2614 422 2706 455 ³³⁵⁸
2732 436 2870 489 esse,
2903 426 3045 495 quod
3076 433 3155 483 cs!
3183 471 3196 493 ,
3249 437 3375 485 tunc
3401 444 3479 486 est
3511 435 3562 487 in

285 508 415 577 quid
451 525 463 561 :
496 516 593 560 aut
619 506 839 575 quando
889 506 1122 573 desinet,
1152 516 1207 565 et
1250 524 1354 564 non
1399 511 1501 566 erit
1539 512 1643 568 boc
1666 527 1874 577 verum,

283 616 315 655 ς
346 599 521 664 licet,
557 599 683 668 quia
715 601 1051 668 praeteritum
1082 602 1191 656 erit
1229 602 1451 673 aliquid.
1481 604 1631 671 Quod
1660 605 1707 659 si
1741 620 1874 659 neu-

286 700 431 745 trum
463 690 694 745 istorum
731 690 959 759 cogitari
986 700 1181 762 potest,
1231 702 1287 748 et
1327 703 1614 766 utrumque
1652 695 1756 750 hoc
1783 696 1876 728 ³³⁵⁸

284 798 475 837 verum
509 784 630 837 sine
654 783 885 838 veritate
911 799 1031 840 esse
1073 801 1181 840 non
1212 795 1412 856 potest,
1439 788 1769 857 impossibile
1792 798 1890 844 est.

283 873 364 928 vel
388 874 641 943 cogitare
669 875 812 944 quod
842 876 1047 931 veritas
1072 876 1414 947 principium,
1461 887 1552 932 aut
1580 878 1740 934 ﬁnem
1780 878 1879 934 lia-

282 965 429 1018 beat.
463 965 711 1035 Denique
746 965 792 1020 si
825 967 1028 1021 veritas
1071 967 1257 1023 habuit
1284 969 1630 1038 principimu,
1661 979 1748 1024 aut
1780 970 1877 1024 lia-

278 1056 432 1111 bebit
462 1054 649 1123 ﬁnem,
681 1065 976 1128 antequam
1028 1058 1142 1127 ipsa
1198 1059 1483 1129 inciperet,
1529 1076 1715 1118 verum
1759 1070 1877 1117 erat

283 1156 409 1198 tunc
439 1146 570 1214 quia
618 1162 723 1201 non
748 1156 869 1202 erat
908 1149 1146 1215 veritas;
1186 1159 1242 1205 et
1274 1160 1557 1222 postquam
1601 1152 1750 1207 ﬁnita
1783 1152 1875 1186 ’3"

276 1236 404 1299 erit,
460 1252 648 1292 verum
693 1239 797 1293 erit
839 1240 965 1310 quia
1009 1256 1115 1296 non
1165 1242 1271 1297 erit
1311 1244 1531 1299 veritas.
1584 1244 1743 1313 Atqui
1785 1259 1876 1298 vc-

277 1341 401 1381 rum
435 1326 534 1359 ³³⁸⁸
564 1344 670 1384 nou
699 1338 876 1400 potest
903 1344 1026 1387 esse
1074 1331 1192 1387 sine
1246 1333 1511 1390 veritate:
1545 1343 1661 1388 erat
1716 1333 1877 1404 igitur

278 1420 528 1484 veritas,
581 1430 872 1491 antequam
920 1431 1067 1478 esset
1112 1424 1351 1489 veritas;
1412 1433 1468 1479 et
1523 1425 1872 1490 eritveritas,

276 1521 573 1582 postquam
602 1512 752 1567 ﬁnita
784 1513 889 1569 erit
930 1515 1134 1571 veritas
1161 1534 1172 1569 :
1203 1517 1343 1585 quod
1376 1517 1875 1573 inconvenientissi-

278 1618 426 1655 mum
460 1611 565 1656 est.
613 1602 739 1659 Sive
788 1604 955 1675 igitur
989 1605 1201 1661 dicatur
1246 1608 1445 1663 veritas
1485 1608 1708 1673 habere,
1757 1607 1874 1663 sive

276 1693 617 1764 intelligatur
637 1711 745 1750 non
784 1696 985 1751 habere
1025 1698 1350 1768 principium
1381 1699 1465 1755 vel
1506 1700 1691 1765 ﬁnem,
1726 1701 1873 1757 nullo

1982 525 2043 561 ea
2076 509 2295 575 veritas,
2328 519 2379 565 et
2405 520 2489 567 cst
2510 528 2659 569 vera.
2689 514 2829 572 MAG.
2862 516 2941 570 Ad
2972 517 3098 588 quid
3130 518 3275 579 facta
3302 531 3383 577 est
3411 524 3560 585 allii:-

1981 600 2146 654 matio
2168 600 2191 652 ?
2211 602 2356 657 Disc.
2382 604 2462 657 Ad
2498 605 2909 676 signiﬁcandum
2941 613 3254 679 esse,_quod
3280 622 3383 669 est.
3419 614 3563 670 MAG.

1980 689 2091 746 lloc
2121 704 2250 763 ergo
2279 692 2483 748 debet?
2510 695 2655 751 Disc.
2700 696 2919 753 Certum
2952 709 3052 754 est.
3102 700 3241 757 M‘AG.
3267 703 3399 758 Cum
3433 720 3565 775 ergo

1979 782 2246 853 signiﬁcat
2293 799 2433 852 esse,
2497 788 2639 857 quod
2690 798 2811 856 est,
2868 791 3138 864 signiﬁcat
3185 796 3327 865 quod
3379 797 3561 852 debet.

1979 874 2127 931 Disc.
2157 874 2341 931 Palam
2370 885 2473 933 est.
2504 877 2644 934 MAG.
2670 882 2740 935 At
2768 898 2889 937 cum
2919 884 3188 952 signiﬁcat
3210 888 3354 957 quod
3378 889 3559 954 debet,

1979 973 2127 1021 recte
2165 967 2454 1038 signiﬁcat.
2494 969 2636 1025 Disc.
2669 970 2745 1026 lla
2776 983 2881 1028 est.
2923 973 3062 1030 MAG.
3105 977 3237 1031 Cum
3271 987 3450 1033 autem
3482 979 3560 1034 si-

1978 1055 2199 1122 gniﬁcat
2224 1065 2371 1112 recte
2392 1098 2408 1124 ,
2451 1068 2596 1113 recta
2625 1068 2709 1114 est
2741 1061 3111 1131 signiﬁcatio?
3142 1065 3285 1121 Disc.
3331 1066 3451 1123 Non
3477 1077 3564 1125 est

1978 1140 2219 1195 dubium.
2264 1141 2425 1198 MAG-
2454 1141 2585 1197 Cum
2614 1159 2743 1215 ergo
2773 1146 3042 1217 signiﬁcat
3088 1164 3208 1205 esse
3266 1153 3407 1221 quod
3444 1163 3582 1218 est,

1978 1237 2126 1283 recta
2154 1238 2237 1285 est
2280 1232 2645 1303 signiﬁcatio?
2689 1236 2833 1292 Disc.
2869 1237 2944 1293 lla
2967 1241 3228 1310 sequitur.
3254 1243 3392 1301 MAG.
3427 1247 3582 1310 ltem_

1977 1334 2099 1373 cum
2152 1322 2426 1393 signiﬁcat
2456 1340 2576 1381 esse
2607 1328 2747 1397 quod
2776 1337 2888 1397 est,
2908 1346 3052 1389 ,vera
3093 1334 3563 1404 estsigniﬁcatio?

1977 1408 2122 1467 Disc.
2161 1413 2295 1469 Vere
2315 1424 2369 1470 et
2392 1427 2537 1471 recta
2569 1426 2623 1471 et
2663 1434 2790 1475 vera
2835 1430 3086 1489 est,.cum
3122 1425 3407 1496 signiﬁcat
3440 1412 3563 1485 esse

1977 1504 2119 1572 quod
2140 1512 2242 1559 est.
2267 1505 2408 1563 MAG.
2436 1507 2580 1565 ldem
2611 1510 2774 1579 igitur
2809 1522 2890 1573 est
2916 1514 3097 1583 illi,,et
3126 1527 3363 1584 rectam,
3382 1529 3439 1576 et
3470 1537 3585 1589 vc-q

1977 1608 2093 1648 ram
2139 1610 2278 1663 esse,
2324 1597 2375 1652 id
2427 1608 2535 1666 est,
2586 1602 2894 1672 signiﬁcare
2942 1606 3035 1638 ³³⁸⁷
3078 1622 3200 1663 esse
3245 1610 3389 1680 quod
3444 1614 3564 1668 est?

1978 1684 2122 1739 DISC.
2159 1684 2299 1757 Vere
2324 1687 2488 1742 idem.
2530 1687 2671 1745 MAG.
2715 1692 2859 1763 Ergo
2888 1710 2994 1751 non
3026 1706 3109 1753 est
3140 1698 3214 1751 illi
3247 1700 3389 1755 aliud
3418 1705 3563 1756 veri-

273 1786 461 1847 claudi
494 1796 673 1856 potest
703 1788 904 1842 veritas
928 1789 1195 1859 principio
1226 1790 1307 1845 vel
1354 1791 1477 1846 ﬁne.
1510 1810 1529 1844 ι
1578 1792 1703 1848 llaec
1733 1801 1787 1847 tu
1816 1794 1870 1848 iu
1907 1786 1946 1843 Β
1977 1780 2077 1838 ms:
2109 1788 2283 1843 quam
2316 1777 2605 1859 νθοιῖιυαο-
2654 1778 2799 1837 9⁸⁵⁸·
2824 1782 3023 1853 Aper“:
3052 1801 3195 1841 mm"
3226 1788 3381 1843 "ideo
3408 1792 3554 1846 ver“

274 1861 588 1948 Monologio
623 1888 733 1935 tno.
767 1880 1110 1951 Quapropter
1148 1881 1394 1938 veritatis
1440 1881 1813 1939 diﬁinitionem
1839 1901 1869 1940 a

274 1978 328 2023 te
362 1969 559 2023 audire
596 1969 688 2000 ³⁸⁸¹
721 1982 999 2040 exspecto.
1047 1971 1186 2026 MAG.
1212 1970 1329 2026 Non
1359 1973 1576 2028 memini
1609 1990 1695 2030 me
1724 1974 1872 2031 inve-

274 2059 429 2114 nisse
459 2057 836 2115 dilIinitiouem
873 2062 1121 2116 veritatis
1164 2075 1179 2115 :
1226 2063 1320 2116 sed
1350 2063 1394 2117 si
1432 2064 1532 2128 vis,
1565 2079 1872 2133 quairamus

272 2166 375 2219 per
419 2166 603 2207 rerum
633 2152 995 2220 diversitates,
1025 2154 1077 2208 in
1106 2153 1302 2223 quibus
1329 2155 1612 2212 veritatem
1641 2158 1873 2216 dicimus

268 2256 414 2304 esse,
447 2242 579 2311 quid
604 2242 671 2297 sit
703 2244 926 2299 veritas.
959 2243 1104 2301 DISC.
1139 2245 1196 2301 Si
1229 2244 1374 2301 aliud
1401 2262 1506 2303 non
1531 2256 1744 2317 potero,
1787 2249 1870 2303 vel

270 2334 554 2389 audiendo
576 2334 802 2405 juvabo.

904 2449 1133 2507 CAPUT
1175 2450 1239 2505 ll.

269 2538 347 2593 De
395 2539 615 2594 veritate
656 2538 1081 2624 signiﬁcationis,
1123 2551 1172 2625 et
1216 2542 1280 2624 de
1321 2538 1528 2613 duribus
1568 2542 1869 2599 veritatibus

881 2622 1273 2667 enuntiatiom‘s.

342 2701 492 2756 MAG.
519 2701 839 2768 Qumramus
880 2718 1011 2775 ergo
1038 2704 1269 2774 primum
1311 2707 1442 2775 quid
1473 2708 1544 2763 sit
1571 2708 1773 2765 veritas
1812 2709 1865 2765 in

270 2793 656 2848 eutmtiatione
686 2812 700 2848 :
731 2795 986 2865 quoniam
1015 2797 1157 2851 hanc
1181 2798 1378 2866 saepius
1408 2798 1636 2855 dicimus
1664 2815 1864 2867 veram,

271 2884 360 2939 vel
394 2882 613 2939 l'alsatn.
646 2884 791 2940 DISC.
852 2885 1047 2952 Quaere
1078 2896 1165 2951 tu;
1199 2896 1255 2942 et
1282 2888 1541 2958 quidquid
1572 2890 1865 2959 inveneris,

248 2978 373 3045 ego
419 2976 745 3031 observabo.
781 2977 918 3032 MAG.
965 2976 1194 3045 Quando
1230 2988 1315 3034 est
1356 2981 1657 3036 enuntiatio
1698 2986 1867 3038 vera?

266 3070 430 3124 Disc.
478 3068 704 3135 Quando
733 3080 817 3125 est
860 3073 1003 3140 quod
1051 3075 1318 3136 enuntiat,
1363 3073 1477 3129 sive
1517 3074 1860 3140 afﬁrmando,

262 3165 387 3218 sive
422 3163 669 3232 negando
700 3179 713 3215 :
747 3163 866 3218 dico
894 3164 1039 3218 enim
1070 3179 1190 3221 esse
1213 3168 1357 3236 quod
1385 3167 1657 3233 enuntiat,
1697 3168 1863 3223 etiam

260 3253 495 3322 quando
534 3253 626 3284 ³³⁵³
650 3263 809 3323 negat
836 3270 955 3309 esse
985 3257 1127 3325 quod
1159 3273 1263 3313 non
1286 3267 1402 3323 est;
1434 3259 1561 3328 quia
1591 3259 1670 3314 sic
1692 3275 1868 3314 enun-

266 3344 396 3404 tiat,
452 3342 615 3410 110
662 3344 1115 3411 quemadmodum
1147 3361 1235 3401 res
1273 3355 1377 3400 est.
1426 3346 1566 3401 MAG.
1605 3346 1687 3400 An
1736 3362 1867 3417 ergo

265 3435 369 3489 tibi
404 3432 626 3488 videtur
655 3434 797 3505 quod
843 3451 928 3491 res
977 3438 1257 3491 enuntiata
1290 3437 1360 3492 sit
1387 3438 1586 3493 Veritas
1610 3440 1865 3494 enuntia-

264 3527 483 3582 tionis?
508 3526 654 3582 DISC.
678 3526 815 3582 Non.
845 3528 982 3585 MAG.
1012 3528 1235 3596 Quare?
1263 3530 1408 3585 Disc.
1442 3530 1577 3598 Quia
1627 3533 1758 3588 nihil
1782 3542 1867 3589 est

263 3632 490 3679 verum,
544 3616 646 3669 nisi
697 3604 1071 3687 participando
1101 3620 1385 3675 veritatem
1440 3639 1453 3675 :
1499 3633 1554 3678 et
1599 3623 1721 3679 ideo
1750 3626 1865 3680 veri

264 3710 479 3763 veritas
510 3709 603 3740 ³⁸⁵³
638 3709 688 3762 in
723 3710 837 3777 ipso
864 3725 992 3765 vero
1019 3720 1128 3775 est;
1181 3728 1267 3768 res
1298 3730 1425 3769 vero
1454 3717 1731 3771 enuntiata
1756 3733 1863 3772 non

257 3811 351 3856 est
384 3800 440 3854 in
472 3800 848 3855 enuntiatione
878 3816 1030 3865 vera,
1074 3804 1215 3857 unde
1243 3819 1346 3859 non
1370 3806 1487 3876 ejus
1516 3808 1740 3871 veritas,
1770 3809 1865 3863 sed

258 3905 439 3947 causa
469 3890 715 3944 veritatis
742 3888 856 3957 ejus
883 3889 1108 3944 dicenda
1133 3900 1217 3946 est
1246 3891 1359 3946 ”“.
1390 3892 1730 3963 Quapropter
1758 3910 1863 3949 non

258 3984 375 4039 nisi
409 3985 463 4037 in
500 3983 613 4052 ipsa
639 3984 887 4038 oratione
910 3984 1200 4053 qttzereuda
1227 3984 1359 4039 mibi
1386 3986 1598 4041 videtur
1629 3985 1744 4054 ejus
1775 4002 1867 4042 ve.

260 4077 429 4130 ritas.
466 4072 608 4127 MAG.
641 4074 773 4128 Vide
800 4088 931 4145 ergo
959 4091 1027 4129 an
1061 4075 1173 4145 ipsa
1202 4076 1396 4144 oratio,
1441 4085 1534 4130 aut
1557 4077 1673 4147 ejus
1697 4078 1865 4147 signi-

258 4164 480 4230 ﬁcatio,
516 4174 607 4218 aut
645 4165 1105 4234 aliquideorum,‘
1128 4180 1247 4236 qua:
1290 4176 1416 4221 sunt
1449 4166 1501 4221 iu
1542 4168 1865 4225 dil’ﬁuitione

258 4256 686 4322 etmntiationis,
738 4259 812 4313 sit
860 4258 1004 4328 quod
1051 4259 1288 4328 qumris?
1336 4260 1485 4315 DISC.
1538 4260 1655 4316 Non
1708 4274 1859 4334 puto.

260 4348 421 4402 MAG.
463 4347 663 4412 Quare.
716 4350 862 4405 Disc.
899 4350 1042 4416 Quia
1066 4353 1109 4407 si
1141 4353 1244 4408 hoc
1290 4360 1455 4417 esset,
1485 4367 1699 4423 semper
1719 4364 1864 4411 esset

1978 1872 2139 1920 tatem
2188 1867 2328 1924 hanc
2358 1884 2480 1925 esse
2518 1872 2916 1930 rectitudinem.
2960 1876 3101 1933 MAG.
3153 1878 3413 1937 Similiter
3453 1896 3557 1950 est,

1974 1972 2098 2012 cum
2139 1958 2232 1993 ⁸³⁸⁸
2267 1961 2567 2017 enuntiatio
2610 1963 2883 2034 signiﬁcat
2932 1983 3037 2022 non
3086 1984 3210 2025 esse
3252 1956 3397 2041 quod
3453 1992 3557 2030 non

1973 2058 2076 2105 est.
2110 2050 2254 2107 Disc.
2308 2053 2473 2109 Video
2498 2055 2641 2124 quod
2666 2057 2804 2112 dicis
2848 2075 2862 2112 :
2894 2059 2987 2113 sed
3021 2061 3154 2116 docc
3188 2078 3273 2117 me
3315 2064 3441 2133 quid
3476 2083 3559 2121 rc-

1973 2149 2236 2213 spondere
2262 2146 2484 2216 possim,
2514 2148 2562 2203 si
2588 2149 2710 2219 quis
2737 2150 2881 2205 dicat
2904 2154 3047 2222 quod
3079 2154 3245 2209 etiam
3268 2172 3389 2210 cuin
3420 2160 3561 2211 ratio

1973 2232 2248 2302 signiﬁcat
2278 2250 2399 2292 esse
2450 2239 2592 2307 quod
2618 2254 2728 2295 non
2761 2249 2868 2307 est,
2898 2242 3166 2311 signiﬁcat
3188 2246 3329 2313 quod
3360 2246 3515 2301 debet
3540 2266 3555 2303 :

1874 2357 1882 2360 ‹
1972 2325 2177 2394 pariter
2201 2343 2433 2398 namque
2470 2331 2679 2400 accepit
2705 2332 3016 2403 signiﬁcare
3047 2350 3166 2390 esse
3192 2344 3246 2391 et
3286 2338 3428 2407 quod
3451 2352 3573 2407 est,

1969 2426 2026 2472 et
2052 2418 2195 2488 quod
2232 2435 2337 2474 nou
2368 2430 2470 2474 cst.
2506 2420 2638 2476 Nam
2669 2424 2714 2478 si
2763 2440 2869 2479 non
2902 2427 3206 2496 accepisset
3252 2429 3559 2498 signiﬁcare

1971 2521 2112 2574 esse,
2136 2507 2298 2562 etiam
2325 2511 2465 2579 quod
2499 2526 2601 2564 non
2634 2521 2734 2578 est,
2770 2529 2873 2567 uou
2907 2514 2959 2568 id
2986 2515 3337 2586 signilicaret.
3370 2517 3554 2584 Quare

1971 2598 2135 2651 etiam
2162 2614 2283 2654 cum
2314 2600 2580 2669 signiﬁcat
2611 2615 2731 2655 esse
2782 2603 2926 2671 quod
2957 2619 3073 2657 non.
3104 2613 3187 2673 est
3213 2646 3228 2671 ,
3280 2606 3559 2675 signiﬁcat

1970 2691 2112 2759 quod
2144 2691 2317 2745 debet.
2349 2692 2419 2745 At
2462 2691 2507 2746 si
2540 2692 2680 2762 quod
2709 2693 2864 2747 debet
2910 2693 3285 2763 signiﬁcando,
3321 2706 3464 2751 recta
3499 2708 3554 2752 et

1970 2798 2099 2837 vera
2130 2791 2212 2838 est
2238 2783 2376 2838 sicut
2406 2784 2684 2839 ostendisti
2710 2800 2724 2850 ;
2752 2799 2875 2838 vera
2907 2794 2989 2839 est
3013 2786 3208 2853 oratio,
3239 2789 3402 2842 etiam
3427 2805 3547 2845 cum

1970 2875 2217 2929 enuntiat
2246 2890 2365 2929 esse
2396 2876 2537 2946 quod
2569 2891 2674 2930 non
2704 2883 2808 2929 est.
2846 2875 2987 2931 MAG.
3026 2877 3158 2931 Vera
3203 2879 3418 2947 quidem
3445 2899 3549 2937 non

1970 2967 2111 3020 solet
2129 2965 2257 3032 dici,
2282 2982 2404 3019 Clllll
2436 2967 2705 3034 signiﬁcat
2730 2982 2853 3022 esse
2898 2970 3039 3036 quod
3070 2988 3174 3024 non
3198 2981 3319 3036 est;
3353 2973 3550 3027 verita-

1974 3065 2078 3111 tein
2114 3066 2290 3111 tamen
2325 3068 2379 3111 et
2431 3058 2815 3112 rcctitudiuem
2864 3058 3042 3124 liabet,
3073 3060 3199 3129 quia
3232 3063 3363 3117 facit
3409 3066 3553 3132 quol

1968 3149 2145 3204 debet.
2184 3148 2289 3204 Sed
2313 3164 2437 3203 cum
2466 3149 2735 3217 signiﬁcat
2783 3162 2904 3202 esse
2932 3151 3072 3219 quod
3096 3161 3178 3208 est
3200 3192 3215 3217 ,
3263 3153 3551 3223 dupliciter

1967 3238 2096 3294 facit
2116 3240 2259 3309 quod
2284 3241 2483 3294 debet:
2516 3242 2768 3309 quoniam
2800 3239 3071 3314 signiﬁcat
3094 3254 3147 3297 et
3170 3247 3311 3314 quod
3340 3251 3551 3316 accepit

1967 3332 2295 3401 signiﬁcare,
2343 3342 2396 3386 ct
2427 3333 2567 3402 quod
2600 3331 2736 3386 facta
2776 3343 2879 3389 est.
2934 3333 3039 3389 Sed
3087 3338 3380 3390 secundum
3411 3338 3549 3395 banc

1968 3422 2347 3477 rectitudinem
2380 3433 2432 3479 et
2468 3423 2772 3489 veritatem,
2806 3439 2910 3492 qua
2941 3423 3207 3495 signiﬁcat
3233 3440 3378 3491 esse,
3403 3429 3547 3496 quod

1967 3523 2051 3568 cst
2082 3530 2179 3568 usu
2213 3524 2356 3568 recta
2381 3525 2433 3568 et
2462 3528 2589 3568 vera
2620 3512 2819 3568 dicitur
2847 3516 3146 3571 enuntiatio
3174 3560 3187 3585 ,
3223 3532 3328 3571 non
3356 3534 3563 3574 secun-

1968 3606 2091 3661 dum
2120 3606 2287 3673 illaut,
2319 3623 2422 3677 qua
2464 3607 2730 3676 signiﬁcat
2774 3621 2911 3671 esse,
2941 3608 3101 3663 etiam
3129 3612 3270 3680 quod
3314 3628 3417 3667 non
3444 3624 3544 3669 est.

1966 3698 2094 3753 Plus
2141 3699 2283 3754 enim
2313 3700 2473 3755 debet
2514 3710 2731 3770 propter
2771 3699 2913 3769 quod
2944 3702 3152 3770 accepit
3193 3704 3546 3773 signiﬁcatio-

1967 3805 2114 3855 nem,
2145 3806 2307 3859 quam
2358 3804 2578 3862 propter
2608 3792 2749 3864 quod
2804 3807 2907 3845 non
2961 3794 3189 3863 accepit.
3241 3795 3355 3851 Non
3404 3799 3545 3851 enim

1967 3884 2175 3951 accepit
2224 3884 2529 3954 signiﬁcare
2561 3901 2671 3938 rem
2704 3901 2845 3954 esse,
2896 3904 3018 3945 cum
3049 3902 3153 3939 non
3186 3896 3301 3951 est,
3332 3888 3411 3939 vel
3443 3904 3546 3943 non

1965 3989 2105 4041 esse,
2137 3990 2259 4029 cum
2283 3982 2404 4040 est;
2435 3975 2535 4029 nisi
2568 3976 2695 4044 quia
2725 3992 2831 4032 non
2856 3979 3030 4048 potuit
3060 3978 3133 4031 illi
3163 3979 3276 4030 dari
3303 3988 3428 4031 tunc
3454 3980 3546 4009 ’3'”

1965 4068 2304 4124 solummodo
2345 4067 2653 4137 signiﬁcare
2687 4084 2829 4134 esse,
2880 4071 3097 4141 quando
3140 4078 3254 4135 est,
3304 4070 3387 4123 vel
3442 4085 3549 4125 nou

1964 4174 2105 4222 esse,
2135 4159 2352 4229 quando
2404 4173 2509 4212 non
2545 4165 2651 4213 est.
2684 4158 2803 4213 Alia
2852 4160 3012 4230 igitur
3058 4168 3142 4215 est
3192 4160 3460 4218 rectitude
3497 4171 3551 4214 et

1964 4254 2165 4308 veritas
2212 4251 2629 4317 enuntiatiouis,
2669 4252 2794 4321 quia
2841 4251 3114 4324 signiﬁcat
3157 4258 3222 4308 ad
3269 4254 3409 4323 quod
3454 4254 3546 4284 ³³⁸⁸

1964 4344 2373 4415 signiﬁcandum
2412 4344 2553 4399 facta
2602 4352 2731 4401 est:
2781 4346 2887 4399 alia
2932 4360 3061 4400 vero
3110 4345 3235 4416 quia
3279 4346 3548 4417 signiﬁcat

255 4457 399 4497 vera
443 4440 575 4505 33”;
603 4442 861 4510 quoniam
884 4444 1076 4498 eadem
1104 4453 1324 4500 manent
1357 4445 1562 4510 omnia,
1589 4462 1709 4517 qum
1735 4457 1861 4505 sum
1884 4458 1938 4521 υ
1965 4439 2109 4509 quod
2160 4439 2370 4508 accepit
2412 4438 2742 4509 signiﬁcare.
2794 4437 3001 4508 Quippe
3052 4437 3153 4494 ista
3199 4439 3548 4495 immutabilis

255 4537 312 4591 in
344 4535 747 4591 enuntiationis
775 4537 1128 4605 dil‘ﬁnitionc;
1159 4548 1214 4595 et
1242 4556 1365 4595 cum
1394 4550 1498 4607 est,
1524 4541 1666 4610 quod
1686 4554 1858 4596 enun-

258 4623 400 4687 tiat,
425 4629 483 4676 et
513 4636 633 4675 cum
663 4637 768 4679 non
797 4632 878 4679 est
906 4639 920 4678 :
955 4627 1145 4681 eadem
1177 4637 1259 4682 est
1287 4628 1433 4682 enim
1461 4628 1656 4691 oratio,
1683 4638 1734 4682 et
1761 4641 1856 4680 ea-

254 4712 396 4767 dem
419 4712 763 4780 signiﬁcatio,
786 4722 842 4769 et
862 4724 1055 4770 etetera
1077 4717 1346 4773 similiter.
1372 4717 1512 4773 MAG.
1536 4717 1674 4785 Quid
1697 4716 1860 4788 igitur

255 4802 361 4860 tibi
398 4802 616 4858 videtur
660 4804 732 4861 ibi
765 4804 1004 4861 veritas?
1031 4805 1176 4865 Dtsc.
1205 4805 1351 4863 Nihil
1394 4806 1539 4864 aliud
1568 4806 1705 4874 seio,
1750 4805 1856 4862 nisi

1962 4539 2046 4585 est
2075 4529 2177 4601 ipsi
2200 4529 2428 4583 orationi
2456 4545 2471 4593 ;
2508 4528 2597 4582 illa
2626 4543 2773 4599 vero,
2805 4527 3076 4583 mutabilis
3102 4544 3116 4581 :
3153 4529 3291 4582 hanc
3314 4544 3547 4598 namque

1964 4637 2180 4692 semper
2209 4622 2369 4677 habet
2394 4637 2409 4686 ;
2439 4621 2584 4675 illam
2620 4637 2750 4681 vero
2783 4637 2889 4676 non
2922 4635 3179 4691 semper:
3211 4622 3368 4675 istam
3398 4623 3545 4676 enim

1965 4714 2281 4769 naturaliter
2310 4714 2508 4775 habet;
2561 4712 2707 4768 illam
2753 4728 2903 4778 vero,
2934 4713 3339 4770 accitlcntaliter
3366 4722 3421 4768 et
3461 4730 3547 4767 se-

1968 4800 2201 4858 cundum
2233 4817 2410 4857 usum.
2455 4801 2591 4856 Nam
2620 4819 2741 4858 cum
2769 4803 2891 4859 dico
2917 4817 2930 4857 :
2967 4803 3088 4859 Dies
3117 4813 3224 4873 est,
3248 4803 3315 4858 ad
3340 4803 3546 4874 sigttillv

1526 4965 1761 5021 VARUE
1794 4962 2198 5023 LECTIONES.

313 5150 420 5184 ³³⁸³
435 5147 938 5231 Utrtunqueliorum
953 5169 1075 5206 mss.
1086 5152 1490 5231 utrumqnehoc
1547 5150 1951 5231 “"APoslquam
1970 5148 2143 5231 ﬁnita,
2160 5164 2346 5231 verum
2364 5152 2471 5205 erit
2487 5167 2584 5231 ins.
2599 5150 2657 5205 S.
2680 5150 2730 5203 Μ
2739 5153 2839 5205 icit.
2866 5162 2913 5204 ct
2941 5152 3064 5231 fait.
3084 5149 3546 5231 Cfllt-.-pQSltll_lt-\ll}

253 5223 421 5274 ﬁnita
441 5220 792 5300 erit_,“f.venrum
823 5224 925 5300 erit
955 5240 1053 5277 ms.
1078 5218 1600 5300 Bec.__t_i.'po_stquam
1629 5222 1778 5277 ﬁnita
1805 5218 1915 5300 erit
1930 5220 2129 5275 veritas
2150 5220 2303 5300 η
2316 5222 2388 5300 _At
2415 5223 2538 5291 quia
2563 5237 2745 5275 rerum
2764 5238 2902 5300 ἠως.
2942 5219 3075 5300 Vict.
3201 5218 3362 5300 Mich_.
3394 5218 3539 5285 atqui

250 5306 457 5344 verum
508 5290 625 5369 f3“
653 5292 697 5345 Α
730 5300 782 5346 te
807 5294 993 5347 audire
1031 5309 1157 5369 mss.
1196 5289 1330 5369 Vict.
1352 5289 1477 5347 Bec.
1507 5292 1695 5369 Cister.
1719 5308 1750 5347 a
1784 5292 2074 5369 te_diseere
2147 5289 2245 5369 δί’-³
2271 5292 2399 5345 Dico
2425 5289 2602 5369 autem
2635 5289 3074 5369 quod__ciit[nciat
3094 5299 3149 5345 et
3177 5289 3391 5369 quando
3414 5304 3540 5342 mss.

252 5362 407 5444 Dico_
430 5359 579 5413 enim
608 5375 730 5442 esse
758 5363 901 5443 quod
931 5363 1206 5444 enun'ciat,
1229 5363 1392 5444 etiam
1429 5364 1644 5444 quando
1669 5380 1796 5417 mss.
1826 5360 2012 5444 Βεο..
2059 5370 2115 5443 ⁸(ει
2166 5358 2356 5444 stter.
2386 5363 2555 5444 σηιξη.
2583 5358 2871 5444 esse“???
2897 5359 2964 5413 Et
3172 5359 3371 5413 veritas
3412 5374 3536 5411 nias.

254 5433 324 5511 lit
351 5431 499 5511 ideo“
520 5430 630 5511 veri
659 5429 859 5511 veritas
918 5432 1030 5511 3'"
1053 5433 1308 5511 Veritatis
1335 5429 1560 5511 dicenda
1592 5442 1675 5488 est
1708 5450 1834 5487 mss.
1857 5431 2127 5511 veritatis"
2160 5432 2277 5511 ejus
2305 5431 2530 5511 dicenda
2550 5438 2644 5511 est
2703 5429 2797 5511 ’_'"
2829 5429 3219 5511 SetitPQF,955°,
3257 5444 3381 5482 ver“
3412 5444 3539 5508 "“f-

260 5499 414 5580 Vict.
458 5498 521 5552 S.
550 5498 876 5580 {liti/LHBRC.
912 5503 945 5557 6
979 5513 1026 5557 et
1069 5503 1202 5580 edit.
1236 5502 1394 5580 Gctlt.
1424 5518 1641 5571 semper
1661 5518 1783 5558 esse
1828 5517 1958 5557 vera
2033 5502 2129 5580 ‘ff‘
2158 5498 2278 5580 Nisi
2304 5516 2428 5580 cum
2470 5500 2936 5580 signiﬁcat-mss.
2972 5498 3075 5552 nisi
3130 5500 3254 5569 quia
3296 5514 3430 5577 cum.

249 5570 496 5637 gniﬁcat
571 5570 661 5603 ³³³⁷
705 5570 1046 5644 Verainesse
1077 5582 1132 5626 et
1160 5574 1469 5644 signiﬁcare
1495 5568 1629 5644 nilisi
1652 5589 1836 5644 veram
1871 5586 2011 5644 esse,
2046 5572 2211 5644 idest
2236 5570 2548 5644 signiﬁcare
2621 5568 2716 5600 ³³⁸⁸
2742 5570 3016 5644 Similiter
3043 5568 3165 5644 cum
3219 5586 3343 5644 nias.
3391 5569 3541 5644 simi,

253 5643 393 5694 liter
417 5648 506 5713 est
542 5654 675 5713 cum
743 5642 836 5674 3m
861 5642 935 5697 Illi
965 5644 1096 5713 dare
1118 5638 1242 5699 tunc
1272 5660 1397 5697 mss.
1432 5644 1553 5697 Bec.
1587 5640 1733 5697 Gem.
1770 5642 1828 5697 S.
1868 5643 2029 5696 Mich.
2058 5642 2245 5699 Cister.
2291 5638 2377 5697 illi
2419 5639 2537 5696 dari
2590 5648 2712 5696 lttnc
2787 5639 2878 5672 ³³⁶⁰
2919 5639 3054 5707 Quia
3095 5640 3357 5711 signiﬁcat
3396 5638 3555 5713 quod

252 5710 484 5780 accepit
508 5711 835 5783 signiﬁcare,
863 5724 914 5769 et
948 5712 1010 5768 ad
1036 5713 1174 5787 quod
1202 5730 1325 5771 nm.
1361 5715 1486 5786 quia
1512 5714 1777 5787 signiﬁcat
1807 5714 1873 5770 ad
1900 5714 2041 5785 quod
2498 5764 2499 5767 η
2824 5718 2843 5728 ⁵
