4050 6294
511 335 612 390 fil

1054 337 1112 391 S.
1153 332 1455 390 ANSEUII
1497 329 1852 389 CANTHAR.
1882 330 2203 390 ARClllEP.
2235 334 2386 391 ΟΠ).
2429 331 2609 392 PARS
2649 333 2775 391 l.—
2802 333 3218 393 DOGMATICA.

3659 339 3761 398 ΗΞ

513 449 741 501 rami-tm
765 464 884 504 esse
908 450 1050 519 quod
1072 457 1174 509 est.
1206 458 1352 502 recte
1381 455 1507 502 utor
1535 446 1692 514 huius
1719 445 1984 502 orationis
2016 447 2093 503 si-
2123 456 2168 513 Α
2199 451 2340 520 quod
2364 449 2578 514 debuit;
2611 465 2883 520 nunquam
2906 461 3204 520 peccasset,
3232 452 3322 522 qui
3354 467 3482 518 non,
3517 452 3617 510 nisi
3651 471 3774 527 pec.

511 540 899 610 gniﬁcatione:
943 540 1065 611 quia
1109 540 1177 594 ad
1217 539 1318 594 hoc
1368 538 1510 594 facta
1552 545 1667 603 est,
1715 545 1772 594 et
1810 539 1930 593 ideo
1962 547 2090 595 tunc

511 642 662 687 recte
689 631 892 687 dicitur
923 631 1253 704 signiﬁcare.
1299 631 1435 686 (tum
1483 645 1611 685 vero
1635 631 1824 686 eadem
1849 625 2110 718 oratione.

512 721 757 793 significo
783 736 901 777 esse
929 721 1073 792 quod
1099 737 1204 777 non
1232 731 1334 786 est,
1363 737 1468 778 non
1496 737 1559 776 ea
1592 731 1738 776 recte
1768 730 1889 776 utor
1917 739 1930 777 :
1965 722 2095 792 quia

511 829 618 866 non
649 814 716 866 ad
749 813 850 868 hoc
877 813 1014 868 facta
1045 823 1158 881 est;
1183 824 1238 870 et
1280 815 1484 870 ideirco
1508 824 1635 870 tunc
1663 829 1769 870 non
1813 823 1954 870 recta
1977 813 2094 882 ejus

509 901 831 971 signiticatio
861 903 1063 958 dicitur
1089 919 1105 958 :
1135 907 1382 974 Quamvis
1415 906 1470 960 in
1498 906 1816 975 quibusdam
1848 906 2094 960 enuntia—

509 995 746 1052 tionibus
771 997 1294 1068 inseparabilessint
1314 1001 1428 1056 istae
1455 1003 1572 1057 diue
1603 1001 1970 1065 rectitudincs,
1998 1015 2093 1056 seu

508 1087 768 1144 veritates
795 1108 808 1142 :
850 1099 929 1156 ut,
951 1105 1073 1145 cum
1101 1091 1332 1146 dicimus
1367 1109 1380 1145 :
1422 1090 1593 1146 Homo
1619 1090 1820 1146 animal
1851 1099 1949 1155 est,
1977 1098 2090 1157 aut,
2135 1165 2143 1170 ν

509 1177 679 1233 Homo
721 1179 857 1250 lapis
899 1197 1008 1237 non
1054 1192 1155 1238 est.
1200 1181 1424 1254 Semper
1471 1183 1615 1238 enim
1661 1184 1774 1237 hate
1801 1181 2094 1238 afﬁrmatio

507 1266 774 1338 signiﬁcat
805 1283 924 1324 esse
955 1271 1098 1341 quod
1131 1280 1255 1336 est;
1305 1279 1360 1327 et
1388 1272 1501 1326 haec
1545 1273 1779 1340 negatio,
1823 1286 1926 1324 non
1972 1285 2092 1324 esse

507 1357 651 1420 quod
683 1373 786 1411 non
836 1367 921 1412 est
949 1376 960 1411 :
1011 1376 1108 1416 nec
1142 1361 1227 1415 illa
1263 1375 1547 1430 possumus
1575 1361 1648 1414 uti
1677 1360 1743 1414 ad
1785 1360 2092 1431 significan-

507 1447 634 1500 dum
667 1463 784 1504 esse
813 1452 955 1522 quod
1003 1467 1106 1505 non
1131 1461 1246 1516 est;
1280 1466 1496 1521 semper
1527 1450 1671 1504 enim
1701 1451 1861 1505 homo
1891 1437 2095 1504 animal

507 1546 622 1603 est;
658 1555 755 1594 nec
787 1540 886 1596 ista
929 1543 996 1596 ad
1024 1541 1434 1614 significandum
1463 1556 1568 1596 non
1614 1555 1753 1607 esse,
1791 1542 1931 1610 quod
1971 1551 2050 1595 est
2073 1582 2092 1607 ,

508 1628 636 1695 quia
689 1630 849 1684 homo
878 1639 1154 1700 nunquam
1195 1631 1330 1701 lapis
1375 1640 1477 1686 est.
1518 1631 1594 1686 De
1629 1631 1714 1686 illa
1747 1631 1908 1702 igitur
1951 1633 2092 1687 veri-

508 1727 640 1782 tate,
672 1735 832 1788 quam
881 1721 1042 1777 habet
1070 1723 1270 1792 oratio,
1295 1724 1592 1778 secundum
1635 1724 1776 1792 quod
1805 1723 1998 1794 aliquis
2025 1739 2087 1778 ea

2193 539 2386 604 cando,
2432 538 2713 594 veritatem
2742 540 3002 596 deseruit.
3053 541 3194 600 Mac.
3244 543 3337 598 Dic
3366 558 3495 614 ergo
3541 546 3668 614 quid
3699 547 3774 602 ibi

2192 631 2460 703 intelligas
2487 633 2764 688 veritatem
2787 633 2919 688 ""i’
2949 632 3092 688 Dtsc.
3116 633 3230 688 Non
3247 636 3348 690 nisi
3376 638 3772 700 rectitudinem.

2194 719 2327 776 Nam
2355 723 2398 777 si
2428 723 2667 791 quandiu
2697 709 2864 777 voluit
2889 725 3033 792 quod
3056 723 3265 789 debuit,
3305 726 3373 780 ad
3399 727 3542 796 (ισοά
3571 717 3778 786 εσῢεει

2195 813 2524 868 voluntatem
2546 821 2848 884 acceperat,
2881 814 2933 869 in
2955 814 3276 872 rectitudine
3299 827 3353 874 et
3377 819 3606 874 veritate
3628 813 3726 876 fuit
3753 837 3773 878 :

2193 912 2249 959 et
2275 905 2590 972 cumgveluit
2620 905 2762 974 quod
2785 906 2914 960 'nen
2947 906 3151 968 debuit.
3193 909 3572 966 rectitudinem
3603 921 3656 971 et
3679 927 3774 968 ve-

2193 996 2407 1050 ritatem
2443 995 2674 1051 deseruit
2714 1011 2732 1050 :
2765 1012 2870 1052 non
2901 997 3044 1052 aliud
3084 1008 3260 1068 potest
3299 1001 3372 1056 ibi
3416 1002 3634 1072 intelligi
3680 1019 3774 1060 ve-

2195 1087 2348 1151 ritas,
2388 1100 2550 1155 qnam
2590 1086 2895 1152 rectitude;
2936 1088 3191 1156 quoniam
3240 1089 3355 1145 sive
3395 1093 3618 1158 veritas,
3663 1094 3777 1150 sive

2195 1177 2500 1242 rectitude,
2547 1193 2652 1232 non
2701 1177 2846 1233 aliud
2889 1178 2945 1234 in
2974 1179 3090 1249 ejus
3140 1180 3420 1237 voluntate
3449 1181 3570 1251 fuit,
3613 1199 3776 1255 qnam

2195 1267 2328 1323 velle
2349 1267 2490 1338 quod
2512 1268 2716 1324 debuit.
3663 1266 3666 1269 ’

2820 1403 3047 1466 CAPUT
3081 1359 3143 1463 v.

2280 1514 2356 1569 De
2383 1515 2604 1569 actionis
2654 1515 2912 1570 naturali:
2962 1523 3010 1571 et
3040 1534 3142 1572 non
3166 1518 3424 1574 naturalis
3447 1522 3680 1578 veritate.

2262 1629 2401 1686 Mtte.
2444 1631 2587 1686 Bene
2617 1630 2889 1702 intelligis.
2947 1630 3144 1688 Verum
3198 1633 3249 1688 in
3300 1635 3512 1690 actione
3561 1649 3779 1706 quoque

2191 1720 2538 1777 nihilominus
2551 1721 2748 1776 veritas
2765 1721 3037 1776 credenda
3051 1731 3155 1786 est,
3178 1725 3316 1777 sicut
3340 1723 3598 1780 Dominus
3609 1725 3746 1780 dixit
3761 1747 3777 1781 ε

505 1817 654 1862 recte
691 1809 882 1875 utitur,
935 1813 1256 1882 incmpimus
1285 1826 1566 1883 quazrere:
1600 1813 1853 1884 quoniam
1897 1829 2089 1868 secnn-
2119 1802 2166 1862 Β
2196 1812 2328 1879 Quia
2357 1813 2446 1882 qui
2468 1811 2603 1865 male
2619 1813 2748 1881 agit,
2769 1811 2874 1865 odit
2897 1811 3199 1877 lttcem;et:
3225 1813 3328 1879 Qui
3343 1810 3782 1883 facilverilatm,

507 1899 634 1953 dum
677 1900 835 1966 hanc,
865 1917 1048 1957 veram
1080 1918 1198 1957 eam
1239 1918 1359 1958 esse
1381 1903 1592 1972 judicat
1623 1919 1749 1958 usus
1788 1905 2088 1959 communis

506 1990 811 2047 locutionis.
846 1994 921 2049 De
952 1995 1036 2048 illa
1080 2005 1260 2050 autem
1289 1997 1519 2050 veritate
1558 2012 1720 2066 quam
1754 2013 1859 2050 non
1893 1996 2090 2051 habere

506 2097 616 2137 non
648 2091 847 2152 potest,
874 2095 1059 2155 postea
1093 2087 1354 2142 dicemus.
1409 2087 1554 2143 DISC.
1586 2087 1718 2142 Redi
1752 2088 1914 2158 igitur
1939 2089 2004 2142 aJ
2038 2087 2090 2143 id

506 2176 650 2242 quod
683 2175 950 2246 incwpisti
979 2192 994 2230 :
1022 2179 1275 2248 quoniam
1299 2178 1628 2234 sufficienter
1647 2179 1774 2232 mihi
1794 2179 1933 2232 inter
1958 2178 2090 2233 duas

505 2266 765 2322 veritates
786 2269 1047 2322 orationis
1068 2269 1401 2334 discrevisti;
1433 2270 1476 2324 si
1510 2278 1692 2324 tamen
1711 2268 1942 2338 aliquam
1969 2282 2089 2322 eam

501 2357 787 2414 veritatem
817 2361 1119 2416 ostenderis
1145 2361 1367 2429 habere,
1397 2377 1518 2418 cum
1551 2361 1811 2416 mentitur
1832 2401 1846 2426 ,
1874 2360 2013 2441 sicut
2034 2371 2088 2413 tu

504 2449 658 2506 dicis.
693 2452 831 2508 ΜΑσ.
863 2453 938 2509 De
963 2455 1189 2509 veritate
1215 2455 1652 2526 significationis,
1678 2459 1743 2511 de
1772 2470 1876 2524 qua
1915 2453 2090 2508 incie-

502 2542 708 2613 pimus,
758 2546 976 2600 interim
1020 2548 1120 2601 ista
1163 2547 1460 2602 sufﬁciant.
1508 2547 1709 2603 Eadem
1759 2547 1903 2602 enim
1948 2546 2093 2600 ratio

501 2634 771 2698 veritatis,
807 2651 970 2708 quam
1005 2639 1057 2693 in
1107 2641 1473 2710 prepositione
1502 2641 1651 2697 vocis
1689 2640 2087 2712 perspeximus,

501 2728 892 2783 consideranda
924 2740 1010 2785 est
1041 2731 1093 2786 in
1122 2733 1372 2788 omnilms
1395 2733 1582 2804 signis,
1610 2747 1727 2804 quae
1755 2733 1889 2787 liunt
1921 2747 1986 2785 ao
2009 2731 2087 2786 si-

500 2817 862 2888 gnificandum
893 2821 1096 2890 aliquid
1121 2839 1266 2890 esse,
1293 2823 1377 2878 vel
1403 2840 1506 2877 non
1539 2839 1680 2888 esse,
1715 2832 1773 2878 ut
1802 2831 1928 2877 sunt
1957 2822 2093 2877 scri-

502 2917 704 2976 pturae,
748 2910 829 2964 vel
866 2912 1155 2983 digitorum
1187 2913 1420 2983 lennela.
1467 2914 1611 2969 Disc.
1658 2914 1796 2986 Ergo
1824 2914 1992 2969 transi
2023 2908 2100 2986 ad

500 2998 629 3053 alia.

1019 3155 1021 3157 ,
1129 3095 1357 3152 CAPUT
1387 3096 1468 3151 ιιι.

993 3184 1067 3241 De
1094 3189 1306 3242 veritate
1330 3189 1609 3258 opinionis.

2192 1905 2326 1958 venit
2351 1903 2419 1956 ad
2441 1903 2606 1957 lucem
2622 1904 2802 1974 (Joan.
2827 1903 3009 1970 "1,20,
3031 1905 3143 1974 21).
3181 1905 3322 1960 DISC.
3345 1894 3511 1960 Video
3527 1907 3672 1975 quod
3699 1907 3784 1961 di-

2191 1993 2289 2047 cis.
2316 1992 2457 2048 ΜΑο.
2476 1993 2767 2047 Considera
2790 1993 2954 2064 igitur
2971 1994 3098 2064 quid
3131 1996 3200 2048 ibi
3220 1996 3290 2049 sit
3309 1996 3528 2061 veritas,
3543 1997 3780 2066 sipotes.

2192 2084 2334 2138 Dtsc.
2369 2082 2480 2137 Nisi
2508 2081 2683 2150 fallor,
2714 2083 2900 2138 eadem
2928 2084 3133 2138 ratione
3158 2100 3260 2155 qua
3297 2102 3456 2156 supra
3492 2087 3781 2142 veritatem

2155 2189 2160 2192 ·
2193 2174 2245 2228 in
2291 2173 2413 2228 aliis
2431 2175 2799 2244 cognovimus,
2838 2173 2888 2228 in
2909 2176 3118 2229 actione
3133 2187 3346 2246 quoque
3365 2176 3780 2246 contemplanda

2191 2272 2294 2318 est.
2350 2262 2488 2317 MAG.
2521 2263 2595 2317 lla
2625 2272 2727 2318 est.
2757 2262 2889 2317 Nam
2926 2263 2970 2318 si
3008 2264 3146 2319 male
3174 2280 3357 2336 agere,
3388 2275 3442 2320 et
3488 2268 3781 2321 veritatem

2191 2355 2372 2409 facere
2415 2357 2661 2426 opposita
2708 2365 2853 2424 sunt,
2893 2355 3032 2409 sicut
3061 2358 3295 2411 ostendit
3349 2358 3609 2412 Dominus
3653 2372 3780 2412 cum

2192 2445 2350 2501 dicit:
2369 2447 2472 2513 Qui
2489 2446 2740 2516 maleagit
2759 2449 2865 2500 odit
2891 2447 3056 2502 lucem
3073 2449 3162 2513 ;'et
3177 2461 3194 2501 :
3209 2447 3314 2514 Qui
3337 2449 3468 2517 facit
3484 2450 3782 2514 veritatem,

2192 2539 2329 2592 venit
2351 2538 2420 2592 ad
2445 2538 2641 2604 lucem;
2669 2539 2812 2594 idem
2833 2549 2934 2604 est,
2964 2543 3228 2595 veritatem
3261 2540 3462 2602 facere,
3497 2541 3641 2609 quod
3674 2550 3780 2605 est,

2197 2629 2350 2697 ιιι
2384 2629 2522 2684 bene
2547 2629 2742 2685 facere.
2767 2629 2910 2685 Bene
2932 2645 3164 2700 namque
3189 2630 3368 2686 facere
3394 2630 3513 2696 ³³⁸⁸,
3537 2631 3607 2684 ad
3633 2630 3782 2684 male

2193 2719 2374 2776 facere
2397 2721 2731 2775 contrarium
2767 2729 2871 2776 est.
2905 2720 3245 2792 Quapropter
3293 2722 3340 2776 si
3382 2721 3671 2776 veritatem
3703 2721 3784 2774 fa-

2193 2829 2339 2881 cere,
2379 2823 2434 2870 et
2462 2815 2600 2870 bene
2637 2813 2820 2870 facere
2864 2815 3003 2869 idem
3045 2824 3171 2869 sunt
3200 2815 3251 2868 in
3282 2813 3642 2884 oppositione,
3675 2828 3783 2867 non

2192 2911 2318 2958 sunt
2337 2903 2549 2958 diversa
2573 2903 2626 2958 in
2655 2903 3088 2975 signiﬁcatione:
3121 2904 3216 2959 sed
3245 2903 3517 2959 sententia
3540 2912 3626 2958 est
3655 2917 3782 2956 em-

2194 2992 2345 3048 nium
2366 2994 2491 3063 quia
2521 2993 2614 3062 qui
2646 2992 2773 3048 facit
2803 2993 2944 3062 quod
2979 2992 3156 3057 debet,
3190 2993 3327 3048 bene
3352 2993 3502 3056 facit,
3531 3001 3587 3047 ct
3613 2991 3785 3047 recti-

2197 3082 2434 3138 tudiuem
2483 3081 2633 3137 facit.
2661 3080 2816 3138 Unde
2843 3082 3088 3150 sequitur
3127 3084 3270 3152 quod
3294 3082 3677 3138 rcctitudinem
3708 3081 3786 3135 fa-

2115 3141 2160 3204 c
2191 3172 2442 3239 cere”“,
2460 3181 2544 3228 est
2565 3171 2745 3228 facere
2769 3173 3073 3228 veritatem.
3098 3173 3321 3227 Constat
3352 3186 3584 3242 namque
3598 3171 3782 3227 facere

572 3272 710 3331 Mac.
749 3272 1140 3346 CogitatSOnem
1186 3275 1399 3348 qquue
1444 3279 1674 3335 dicinms
1705 3296 1918 3348 veram,
1964 3297 2086 3336 cum

2187 3265 2492 3332 veritatem,
2545 3279 2668 3321 esse
2711 3264 2850 3320 bene
2899 3263 3109 3331 facere;
3152 3275 3206 3320 et
3242 3266 3378 3320 bene
3424 3264 3626 3327 facere,
3659 3278 3786 3319 esse

500 3373 584 3418 cst
608 3365 749 3432 quod
781 3373 873 3419 aut
904 3369 1113 3423 ratione
1141 3377 1235 3422 aut
1255 3369 1436 3439 alique
1464 3370 1620 3424 modo
1651 3381 1901 3442 putamus
1928 3386 2085 3440 esse,

499 3463 554 3508 ct
581 3455 788 3521 falsam,
826 3473 950 3512 cum
996 3459 1086 3492 ³³⁸⁸
1119 3476 1225 3516 non
1268 3469 1374 3516 est.
1419 3462 1565 3517 Dtsc.
1616 3462 1696 3516 lta
1736 3477 1864 3518 usus
1892 3462 2082 3517 habet.

501 3545 642 3602 MAG.
677 3547 814 3614 Quid
845 3565 975 3621 ergo
1017 3551 1111 3607 tibi
1143 3553 1357 3608 videtur
1384 3555 1586 3610 veritas
1618 3554 1672 3627 in
1715 3555 2088 3626 cogitatione?

503 3636 652 3691 Dtsc.
677 3637 982 3695 Secundum
1012 3643 1299 3708 rationem,
1326 3659 1488 3715 quam
1512 3644 1579 3699 de
1603 3646 1974 3716 propositione
1993 3646 2087 3678 ³³⁸⁸

502 3725 755 3792 \idimns,
804 3729 942 3785 nihil
981 3733 1180 3788 rectius
1231 3735 1430 3790 dicitur
1473 3737 1676 3794 veritas
1723 3738 2086 3808 cogitationis,

502 3831 665 3886 quam
699 3819 964 3876 rectitude
991 3820 1126 3891 ejus.
1161 3822 1243 3878 Ad
1290 3824 1394 3880 hoc
1423 3841 1655 3897 namque
1703 3829 1857 3884 nobis
1903 3829 2104 3884 da’tum'

500 3917 589 3964 est
613 3927 770 3982 posse
799 3915 1040 3984 cogitare
1066 3929 1212 3983 esse,
1236 3918 1322 3973 vel
1347 3934 1454 3974 non
1484 3933 1605 3974 esse
1633 3921 1834 3991 aliquid
1859 3939 1874 3975 :
1909 3931 1967 3974 nt
1999 3935 2090 3977 co-

467 4053 470 4055 λ
501 4001 733 4071 gitemus
766 4018 914 4072 esse,
941 4005 1081 4075 quod
1108 4017 1195 4062 est
1219 4048 1242 4074 ,
1269 4017 1324 4064 et
1353 4024 1458 4065 non
1493 4025 1633 4075 esse,
1663 4012 1804 4081 quod
1832 4029 1938 4066 non
1980 4021 2082 4067 est.

503 4093 840 4166 Quapropter
859 4097 952 4166 qui
983 4105 1136 4168 putat
1155 4112 1298 4166 esse,
1321 4103 1462 4172 quod
1494 4112 1598 4169 est,
1629 4111 1781 4172 putat
1806 4103 1949 4173 quod
1989 4103 2087 4158 de-

501 4184 614 4251 bet,
646 4196 810 4256 atque
841 4187 961 4243 ideo
998 4198 1146 4245 recta
1171 4197 1257 4247 est
1285 4194 1560 4262 cogitatio.
1603 4179 1661 4248 Si
1702 4209 1832 4264 ergo
1874 4209 2000 4250 vera
2035 4201 2091 4249 et

439 4313 455 4330 .
502 4283 653 4328 recta
675 4285 758 4330 est
783 4276 1057 4346 cogitatio,
1082 4296 1188 4336 non
1220 4283 1292 4337 ob
1317 4283 1479 4350 aliud,
1502 4300 1662 4352 quam
1689 4285 1813 4354 quia
1838 4295 2089 4354 putamus

502 4381 625 4420 esse
645 4369 788 4436 quod
813 4379 925 4434 est;
965 4381 1058 4425 aut
1088 4389 1191 4427 non
1221 4390 1362 4440 esse,
1391 4375 1538 4444 quod
1563 4393 1670 4430 non
1709 4386 1791 4432 est
1820 4395 1834 4430 :
1871 4393 1980 4433 non
2005 4386 2089 4434 est

503 4455 650 4512 aliud
678 4459 794 4528 ejus
817 4462 1042 4529 veritas,
1060 4479 1220 4534 quam
1260 4466 1544 4522 rectitude.

1125 4553 1351 4609 CAI‘UT
1383 4555 1468 4610 lV.

966 4640 1042 4694 De
1071 4645 1282 4699 verilale
1317 4649 1626 4702 voluntatis.

575 4726 716 4782 Mm.
746 4728 908 4786 Recte
953 4733 1286 4790 consideras.
1321 4737 1426 4792 Sed
1457 4749 1512 4793 et
1553 4740 1605 4793 in
1647 4738 1923 4795 voluntate
1954 4740 2084 4796 dicit

503 4816 618 4886 ipsa
647 4817 856 4874 Veritas
883 4824 1163 4878 veritatem
1195 4839 1336 4892 esse,
1367 4841 1488 4881 cum
1519 4827 1650 4882 dicit
1679 4829 1950 4883 diabolum
1976 4846 2080 4885 non

503 4914 719 4969 stetisse
741 4915 792 4970 in
844 4918 1072 4973 veritate
1100 4918 1286 4989 (Joan.
1311 4936 1430 4987 vtu,
1457 4921 1570 4992 44).
1622 4921 1736 4977 Non
1777 4923 1922 4977 enim
1969 4933 2086 4978 erat

501 4999 558 5056 in
581 5006 828 5069 veritate,
862 5023 1037 5077 neque
1066 5009 1306 5064 deseruit
1331 5011 1636 5077 veritatem,
1671 5011 1771 5065 nisi
1809 5011 1862 5067 in
1898 5013 2086 5068 volun-

502 5102 614 5150 tate
644 5096 758 5154 ³³⁸³.
785 5097 928 5153 Dtsc.
954 5100 1031 5154 lta
1075 5102 1258 5156 credo.
1301 5100 1358 5157 Si
1398 5104 1541 5158 enim
1567 5118 1782 5174 semper
1805 5105 2088 5171 voluisset,

2188 3357 2571 3413 rectitudinem
2615 3355 2815 3411 facere.
2848 3355 3029 3424 Quare
3061 3355 3193 3411 nihil
3217 3355 3457 3426 apertius
3493 3369 3658 3426 quam
3691 3369 3787 3408 ve-

2190 3448 2412 3502 ritatem
2443 3447 2694 3512 actionis,
2740 3461 2861 3502 esse
2907 3446 3309 3502 rectitudinem.
3353 3445 3501 3500 Dtsc.
3543 3444 3602 3498 in
3634 3443 3786 3499 nullo

2189 3541 2348 3596 video
2371 3540 2606 3596 titubare
2636 3539 3128 3616 considerationem
3151 3537 3245 3570 ³⁸⁸⁷
3297 3545 3464 3592 tuam.
3495 3534 3640 3590 Dite.
3685 3535 3776 3590 ln-

2189 3632 2336 3700 spice
2366 3645 2435 3686 an
2461 3629 2639 3686 omnis
2674 3628 2840 3696 actio,
2879 3644 3000 3699 quae
3031 3627 3162 3684 facit
3181 3628 3326 3700 quod
3353 3627 3534 3691 debet,
3574 3628 3782 3683 verita-

2189 3732 2299 3781 tem
2351 3721 2948 3790 facereconvenienter
2990 3721 3224 3776 dicatur.
3269 3719 3364 3775 Est
3407 3719 3610 3789 quippe
3635 3717 3787 3774 actio

2189 3818 2488 3882 rationalis,
2514 3825 2576 3872 ut
2627 3815 2758 3872 dare
2783 3815 3218 3886 eleemosynam;
3244 3823 3300 3869 et
3337 3820 3424 3868 est
3447 3811 3784 3867 irrationalis

2189 3912 2354 3977 actio,
2381 3918 2438 3964 ut
2465 3907 2610 3964 actio
2633 3907 2796 3979 ignis,
2816 3907 2906 3977 qui
2929 3905 3024 3938 ⁸³⁸⁸
3048 3903 3316 3961 calefacit.
3381 3903 3514 3959 Vide
3540 3917 3677 3972 ergo
3709 3918 3780 3957 an

2190 4004 2576 4059 convenienter
2602 4004 2846 4058 dicamus
2877 4000 3054 4072 ignem
3077 3999 3260 4055 facere
3289 3997 3611 4055 veritatem?
3628 3998 3777 4052 DISC.

2191 4095 2248 4151 Si
2281 4096 2420 4166 ignis
2445 4095 2512 4150 ab
2541 4110 2627 4160 eo,
2651 4109 2681 4148 a
2709 4109 2819 4164 quo
2847 4093 3012 4148 habet
3035 4106 3179 4158 esse,
3210 4091 3419 4162 accepit
3439 4088 3742 4146 calefacere
3761 4128 3781 4154 ,

2191 4200 2311 4242 cum
2347 4185 2618 4252 calefacit,
2663 4185 2793 4240 facit
2836 4181 2980 4254 quod
3034 4183 3215 4239 debet.
3266 4181 3434 4253 Igitur
3472 4196 3581 4236 non
3617 4180 3785 4235 video

2191 4292 2310 4348 quae
2337 4277 2769 4332 inconvenientia
2818 4276 2890 4330 sit
2936 4276 3112 4346 ignem
3167 4274 3346 4330 facere
3391 4273 3681 4328 veritatem
3720 4280 3782 4327 et

2191 4367 2590 4434 rectitudinem,
2618 4382 2740 4422 cum
2785 4365 2911 4422 facit
2931 4365 3075 4437 quod
3099 4365 3278 4421 debet.
3315 4364 3455 4420 Mac.
3480 4363 3608 4418 Mihi
3635 4379 3779 4434 quo-

2113 4475 2297 4541 une
2333 4458 2491 4514 aliter
2531 4474 2637 4514 non
2691 4458 2925 4514 videtur.
2983 4456 3134 4512 Unde
3177 4453 3533 4511 animadverti
3593 4461 3780 4522 potest

2193 4551 2575 4607 rectitudinem
2607 4566 2702 4606 seu
2743 4551 3027 4605 veritatem
3058 4549 3308 4611 actionis,
3339 4547 3499 4600 aliam
3529 4558 3654 4599 esse
3685 4558 3784 4598 ne-

2191 4644 2520 4708 cessariam,
2575 4641 2735 4696 aliam
2771 4657 2879 4696 non
2913 4641 3298 4697 necessariam.
3330 4638 3408 4692 Ex
3447 4636 3782 4691 necessitate

2191 4748 2427 4803 namque
2463 4737 2603 4804 ignis
2642 4727 2773 4787 facit
2801 4731 3086 4786 veritatem
3127 4739 3180 4785 et
3220 4727 3620 4788 rectitudinem,
3649 4741 3778 4781 eum

2190 4825 2479 4890 calefacit;
2510 4834 2564 4880 et
2593 4839 2700 4880 non
2725 4840 2792 4878 ex
2821 4825 3145 4880 necessitate
3193 4821 3322 4876 facit
3354 4821 3515 4874 homo
3547 4819 3776 4874 rectitu-

2189 4917 2369 4972 dinem
2416 4926 2470 4972 et
2502 4915 2807 4981 veritatem,
2839 4931 2960 4971 cum
3005 4917 3138 4970 bene
3177 4913 3306 4969 facit
3334 4929 3346 4966 :
3380 4911 3558 4966 facere
3589 4919 3775 4964 autem

2189 5027 2294 5066 non
2325 5011 2498 5066 solum
2545 5025 2642 5080 pro
2665 5025 2731 5064 co
2774 5011 2917 5080 quod
2956 5009 3174 5078 proprie
3197 5006 3397 5061 dicitur
3425 5002 3632 5068 facere,
3676 5005 3774 5057 sed

2191 5119 2288 5172 pro
2340 5103 2484 5158 omni
2542 5102 2708 5158 verbo
2755 5102 3014 5158 Dominus
3052 5101 3220 5155 voluit
3270 5099 3588 5169 intelligere,
3646 5111 3780 5152 cum

1797 5298 2027 5354 νΑιιιᾹς
2066 5298 2468 5354 LECTIONES.

574 5434 668 5467 ³³⁶¹
700 5433 764 5486 Et
794 5434 1008 5501 falsum,
1038 5451 1160 5490 cum
1208 5453 1333 5489 mss.
1389 5447 1437 5491 et
1481 5437 1609 5490 edit.
1654 5432 1810 5489 Galli.
1834 5445 1889 5489 et
1943 5433 2156 5498 falsam,
2191 5449 2314 5504 cum
2390 5433 2480 5466 ³³⁶¹
2504 5433 2676 5499 Quam
2721 5433 2771 5488 in
2804 5432 3171 5504 propositione
3210 5449 3333 5486 mss.
3363 5445 3524 5500 quam
3558 5429 3622 5504 de
3645 5445 3775 5504 prof

499 5504 769 5574 positione
842 5505 934 5540 ⁸³⁸³
981 5507 1089 5561 Nisi
1144 5507 1414 5562 voluntate
1450 5524 1573 5561 mss.
1629 5508 1730 5560 nisi
1771 5507 1821 5559 in
1869 5505 2142 5559 voluntate
2215 5503 2308 5536 ³³⁵⁸
2346 5504 2483 5574 Quid
2536 5514 2588 5556 tu
2620 5501 3028 5574 intelligas—per
3058 5504 3336 5556 veritatem
3379 5519 3501 5556 mss.
3534 5501 3770 5574 quid_il_ui

503 5573 770 5641 intelligas
811 5579 1090 5632 veritatem

503 5644 904 5701 Rectitudinem
932 5647 1131 5701 facere.
1165 5647 1226 5700 ι).
1274 5647 1328 5698 In
1367 5662 1490 5699 mss.
1531 5644 1928 5700 rectitudinem.

1167 5577 1260 5608 ³³⁸⁸
1301 5577 1443 5630 Bene
1481 5591 1712 5645 namque
1745 5576 1923 5630 facere
1951 5575 2017 5629 ad
2063 5576 2199 5628 male
2254 5591 2350 5627 ms.
2390 5573 2522 5628 Bee.
2560 5577 2594 5628 ti
2650 5573 2813 5631 bene
2848 5573 3081 5645 namque
3135 5574 3314 5645 facere
3355 5581 3413 5626 et
3460 5573 3563 5645 mal

2014 5646 2102 5694 33'”
2130 5649 2190 5699 D.
2223 5645 2276 5698 In
2320 5646 2730 5700 restimationem
2768 5663 2892 5700 mss.
2934 5640 3418 5701 considerationem
3491 5642 3582 5674 ³³⁸⁸
3607 5640 3772 5695 Aetio

3569 5587 3599 5624 ο
3674 5571 3772 5600 ³666

504 5716 648 5787 ignis
673 5716 764 5786 qui
797 5734 918 5772 mss.
950 5719 1124 5785 actio;
1160 5730 1217 5771 ιιι
1243 5717 1385 5771 actio
1415 5718 1581 5787 ignis,
1606 5718 1694 5786 qui
1746 5733 1840 5770 ms.
1897 5716 2014 5769 Brc.
2059 5727 2115 5770 ut
2144 5719 2286 5770 actio
2329 5716 2482 5786 ignis,
2536 5730 2678 5785 quas
