4050 6294
270 373 375 432 473

1505 364 1776 422 DIALOG.
1818 367 1905 423 DE
1943 365 2311 423 VERITATE.

3446 366 3551 422 47ι

271 484 407 542 dixit
436 481 810 555 qu'oniamm’
839 479 927 550 qui
960 500 961 503 η
975 478 1104 548 facit
1149 470 1416 533 ueritatem
1440 479 1573 533 venit
1601 479 1673 532 ται
1698 479 1866 533 lucem
1895 478 2126 544 A‘fallit,
2168 492 2272 535 non
2328 480 2401 535 illi
2448 479 2708 535 ntentitur
2761 480 3019 537 exterior.
3054 480 3215 547 Quod
3260 481 3550 552 aliquando

273 577 459 650 (Joan.
490 576 575 639 in,
608 573 723 644 2i).
749 571 865 627 Non
891 572 1033 625 enim
1062 582 1275 641 separat
1302 570 1448 625 illum
1468 572 1546 625 'ab
1569 568 1687 649 hac
1717 573 1863 626 veri-

272 677 383 722 tate
413 664 532 722 sive
575 663 695 719 luce
733 661 863 727 ⁸⁸⁷⁰;
909 661 999 730 qui
1042 660 1247 732 patitur
1274 660 1702 731 persecutionem
1742 675 1867 729 pro-

269 744 395 829 pter
439 756 741 828 justitiam;
794 761 887 807 aut
933 752 1025 823 qui
1062 760 1166 814 est,
1205 752 1443 821 quando,
1489 751 1674 805 et'nbi
1706 751 1864 805 debet

265 864 417 915 esse;
451 856 545 903 aut
576 848 666 918 qui
699 854 827 910 stat,
856 844 937 899 vel
969 845 1142 909 sedet,
1169 844 1385 914 quando
1411 844 1603 907 debet,
1629 855 1683 899 et
1714 845 1864 899 simi-

269 944 357 997 lia.
407 940 599 997 Nullus
644 954 879 1009 namque
913 922 1041 992 dicit
1076 937 1209 992 tales
1240 946 1361 991 non
1391 937 1527 991 bene
1570 934 1766 990 facere.
1798 936 1883 990 Et-

269 1051 388 1092 cum
422 1035 557 1089 dicit
599 1032 888 1103 Apostolus
917 1032 1043 1100 quia
1075 1028 1283 1099 recipiet
1328 1029 1681 1099 unusquisque
1709 1038 1859 1097 prout

267 1128 425 1198 gessit
451 1123 539 1195 (Il
564 1122 687 1177 Cor.
717 1137 771 1185 v,
806 1123 894 1186 lO)
919 1162 934 1186 ,
963 1120 1372 1192 intelligendum
1400 1120 1577 1175 ibi‘cst
1599 1118 1859 1190 quidquid

267 1218 510 1273 solemus
568 1214 751 1270 dicere
805 1213 943 1268 bene
991 1211 1173 1267 facere
1202 1212 1320 1277 3"“,
1361 1211 1444 1265 vel
1489 1210 1627 1265 male
1660 1210 1856 1265 facere.

270 1310 415 1363 Dtsc.
455 1307 599 1363 Usus
625 1320 843 1375 quoque
869 1304 1171 1360 communis
1206 1303 1495 1359 locutionis
1540 1303 1643 1358 hoc
1675 1304 1858 1369 habet,

268 1408 323 1454 ut
352 1408 413 1454 et
462 1399 600 1467 pati,
632 1407 686 1452 et
716 1398 881 1452 multa
912 1396 1017 1451 alia
1051 1397 1197 1452 dicat
1225 1395 1427 1463 facere,
1452 1412 1572 1467 quae
1604 1413 1708 1451 non
1736 1406 1862 1450 sunt

267 1493 467 1546 facere.
500 1491 684 1557 Quare
730 1498 931 1545 rectam
972 1505 1186 1559 quoque
1220 1488 1575 1551 voluntatem,
1608 1489 1675 1543 de
1706 1489 1861 1559 cujus

266 1581 527 1646 veritate,
558 1592 687 1637 ante
716 1583 1002 1636 veritatem
1028 1582 1280 1648 actionis,
1316 1596 1478 1651 supra
1511 1580 1861 1649 contemplati

266 1689 481 1737 sun-us,
522 1672 665 1727 inter
690 1680 867 1728 rectas
899 1672 1161 1735 actiones,
1194 1672 1293 1727 nisi
1342 1672 1518 1740 fallor,
1546 1680 1862 1741 computare

264 1779 580 1833 possumus.
614 1762 753 1818 MAG.
795 1763 910 1817 Non
940 1761 1159 1818 falleris.
1190 1763 1321 1817 Nam
1352 1766 1443 1833 qui
1472 1763 1582 1819 vult
1608 1748 1757 1833 quod
1773 1763 1862 1819 de-

1968 574 2128 630 facile
2182 566 2550 647 cognoscitur,
2592 576 2886 647 aliquando
2941 574 3179 631 diilleile.
3216 574 3351 631 Cum
3403 576 3549 630 enim

1966 681 2101 738 puer
2148 666 2305 721 timet
2356 668 2622 739 scalptum
2672 669 2963 724 draconem
3002 678 3191 739 aperto
3230 683 3366 732 ore,
3394 666 3552 724 faeilo

1965 758 2313 828 cognoscitur
2333 759 2457 828 quia
2498 760 2602 814 hoc
2644 767 2751 814 non
2784 759 2914 815 facit
2938 760 3109 826 visus,
3132 760 3221 831 qui
3248 760 3379 815 nihil
3406 760 3551 815 aliud

1963 865 2131 920 puero
2161 852 2459 914 renuntiat,
2502 867 2662 923 quam
2691 851 2912 908 senibus
2933 894 2947 918 ,
2979 854 3071 907 sed
3101 852 3328 921 puerilis
3358 867 3552 907 sensus

1962 937 2207 1003 interior,
2232 938 2330 1009 qui
2358 941 2591 994 nondum
2620 941 2754 995 bene
2783 940 2885 996 scit
2910 941 3220 997 discernere
3256 940 3400 995 inter
3432 956 3551 996 rem

1962 1036 2017 1082 et
2047 1029 2121 1082 rei
2152 1027 2582 1083 similitudinem.
2614 1027 2744 1084 Tale
2773 1038 2855 1084 est
2898 1045 3021 1084 cum
3045 1030 3143 1062 ³³⁷³
3174 1030 3420 1085 videntes
3445 1030 3547 1086 ho-

1964 1121 2164 1176 minem
2186 1121 2346 1177 alieui
2376 1123 2629 1191 similem,
2663 1132 2917 1193 putamus
2947 1123 3093 1177 illum
3129 1140 3248 1179 esse
3281 1125 3367 1180 cui
3393 1124 3551 1179 simi-

1963 1211 2055 1276 lis;
2088 1224 2178 1267 aut
2209 1228 2331 1268 cum
2355 1216 2579 1270 audiens
2607 1215 2728 1284 quis
2750 1230 2854 1270 non
2896 1216 3129 1271 hominis
3159 1231 3367 1281 vocem,
3398 1224 3552 1286 putat

1962 1318 2083 1359 esse
2108 1320 2294 1360 vocem
2329 1306 2581 1361 hominis.
2621 1305 2753 1360 Nam
2779 1317 2836 1361 et
2878 1306 2981 1361 hoc
3024 1306 3155 1361 facit
3191 1322 3381 1362 sensus
3413 1305 3555 1360 inte-

1964 1397 2095 1450 rior.
2130 1397 2283 1464 Quod
2312 1407 2491 1452 autem
2523 1398 2659 1453 dicis
2688 1399 2755 1453 de
2791 1398 2956 1462 vitro,
2988 1397 3109 1453 ideo
3134 1406 3234 1461 est,
3267 1398 3391 1466 quia
3427 1411 3553 1452 cum

1962 1485 2113 1538 visus
2152 1486 2344 1540 transit
2384 1502 2479 1554 per
2521 1501 2719 1557 corpus
2765 1486 2978 1557 aliquod
3008 1487 3152 1542 aerei
3184 1486 3401 1549 coloris.
3445 1501 3553 1541 non

1964 1575 2125 1630 aliter
2168 1578 2458 1647 impeditur
2521 1593 2801 1634 assumere
2867 1578 3276 1633 similitudinem
3329 1578 3551 1645 coloris,

1963 1682 2124 1738 quem
2156 1668 2297 1723 ultra
2326 1668 2469 1723 videt
2494 1668 2621 1735 ⁸³⁸³⁸,
2657 1682 2817 1739 quam
2865 1685 2987 1725 eum
3027 1672 3223 1725 transit
3251 1685 3348 1739 per
3376 1685 3503 1724 acra
3536 1687 3550 1724 :

1964 1759 2069 1815 nisi
2120 1761 2437 1831 inquantum
2466 1762 2591 1817 illud
2625 1778 2840 1833 corpus,
2872 1764 3015 1834 quod
3050 1765 3264 1827 transit,
3303 1765 3551 1833 spissius,

268 1854 374 1917 bct,
413 1862 566 1906 recte
596 1861 651 1906 et
683 1854 818 1907 bene
848 1848 1027 1908 facere
1055 1852 1272 1917 dicitur,
1304 1868 1402 1907 nec
1428 1854 1495 1907 ab
1536 1853 1619 1908 his
1650 1854 1739 1923 qui
1770 1869 1860 1908 vc-
1893 1852 1936 1911 Β
1964 1861 2057 1906 aut
2085 1851 2369 1909 obscurius
2416 1863 2498 1909 est
2540 1869 2665 1910 aere
2695 1874 2708 1909 :
2744 1864 2824 1921 ut,
2856 1872 2976 1910 cum
3004 1856 3201 1910 transit
3231 1870 3326 1924 per
3352 1855 3550 1908 vitrum

266 1943 491 1996 ritatem
528 1942 731 1996 faciunt
758 1943 1083 1997 excluditur.
1115 1943 1220 1997 Sed
1254 1943 1507 2013 quoniam
1537 1945 1604 1998 de
1630 1945 1859 1999 veritate

265 2033 670 2105 inves:igando,
720 2033 865 2087 illam
918 2034 1209 2103 loquimur,
1258 2046 1311 2089 et
1357 2036 1614 2091 Dominus
1663 2035 1730 2092 de
1771 2036 1859 2091 illa

268 2125 506 2179 veritate
558 2141 679 2194 qum
727 2125 779 2178 in
820 2125 1095 2180 voluntate
1144 2138 1251 2190 est,
1297 2124 1602 2196 Specialiter
1648 2128 1867 2182 videtur

263 2215 470 2279 dicere,
530 2232 653 2270 cum
710 2217 838 2271 dicit
873 2217 938 2271 de
972 2216 1183 2273 diabolo
1222 2219 1348 2289 quia
1405 2220 1460 2272 in
1510 2221 1723 2275 veritate
1757 2238 1861 2275 non

263 2309 405 2362 stetit
440 2307 627 2377 (Joau.
680 2324 800 2375 vm,
832 2308 924 2380 M)
957 2329 970 2362 :
1002 2308 1121 2365 ideo
1159 2312 1450 2381 separatim
1502 2314 1627 2380 quid
1673 2313 1724 2366 in
1761 2330 1858 2369 v0-

262 2398 474 2453 luntate
504 2401 708 2455 veritas
737 2412 901 2463 esset,
932 2402 1276 2457 considerare
1297 2403 1461 2457 volui.
1494 2402 1640 2457 DISC.
1678 2403 1862 2459 Placet

263 2488 397 2543 mihi
434 2489 509 2542 ita
560 2489 761 2544 factum
788 2506 927 2545 esse.
956 2491 1092 2547 MAG.
1120 2490 1252 2545 Cum
1280 2507 1409 2562 ergo
1440 2502 1649 2547 constet
1693 2494 1862 2547 actio-

264 2581 349 2635 nis
380 2583 678 2637 veritatem
709 2583 867 2637 aliam
892 2583 1193 2639 naturalem
1224 2600 1363 2649 esse,
1390 2585 1549 2639 aliam
1577 2601 1679 2639 non
1712 2595 1862 2638 natu-

263 2672 469 2739 ralem,
530 2674 634 2729 sub
683 2676 911 2730 naturali
964 2677 1209 2746 ponenda
1251 2685 1334 2732 est
1380 2676 1468 2731 illa
1501 2677 1703 2733 veritas
1732 2693 1858 2731 ora-

263 2765 455 2827 tionis,
486 2781 649 2835 quam
674 2782 834 2835 supra
862 2767 1091 2823 vidimus
1114 2768 1257 2840 (cap.
1281 2768 1337 2839 Ξ)
1363 2768 1431 2824 ab
1468 2769 1555 2823 illa
1577 2783 1683 2823 non
1701 2784 1860 2839 posse

261 2857 537 2926 separari.
572 2856 727 2911 Sicut
752 2858 896 2912 enim
927 2858 1085 2930 ignis,
1112 2876 1234 2915 cum
1268 2860 1538 2925 calefacit,
1571 2861 1856 2916 veritatem

258 2947 419 3012 facit,
454 2950 587 3019 quia
620 2951 686 3004 ab
716 2952 1036 3023 om
1074 2968 1103 3006 a
1157 2968 1265 3023 quo
1298 2954 1459 3007 habet
1503 2969 1623 3009 esse
1654 2971 1667 3007 :
1704 2954 1774 3007 ita
1804 2963 1859 3008 et

259 2963 419 3012 lactt,
454 2964 587 3019 quia
620 2963 686 3004 at)
716 2965 746 3005 e
991 2963 1032 3006 tt
1074 2968 1103 3006 a
1157 2968 1265 3023 quo
1299 2963 1459 3007 habet
1503 2969 1623 3009 esse
1654 2971 1667 3007 :
1704 2963 1774 3007 ita
1804 2963 1856 3008 et

259 3039 379 3094 [me
408 3039 613 3104 oratio,
665 2963 1073 3106 scim
1089 3053 1193 3110 est,
1245 3047 1527 3101 veritatem
1557 3046 1703 3110 facit,
1733 3062 1856 3101 cum

258 3131 542 3203 signiﬁcat
577 3133 722 3189 diem
746 3149 887 3199 esse,
921 3135 1036 3190 sive
1070 3136 1187 3192 dies
1218 3137 1310 3205 sit,
1337 3138 1450 3193 sive
1482 3138 1597 3194 dies
1628 3154 1733 3193 non
1762 3137 1852 3205 sit,

259 3222 525 3293 quoniam
558 3225 660 3279 hoc
685 3226 1008 3281 naturaliter
1036 3228 1245 3296 accepit
1278 3228 1479 3283 facere.
1521 3230 1668 3284 DISC.
1700 3227 1855 3283 Nunc

257 3316 501 3386 primum
530 3316 687 3373 video
715 3316 767 3372 in
806 3317 936 3373 falsa
980 3321 1229 3375 oratione
1268 3320 1576 3374 veritatem.

854 3426 1116 3489 {CAPUT
1164 3428 1244 3484 Vl.

255 3515 336 3572 De
359 3531 623 3601 sensuum
665 3518 879 3599 veritate
900 3518 1020 3583 ’3",
1042 3529 1089 3573 et
1136 3519 1275 3600 quod
1310 3517 1539 3601 futtiles,
1560 3535 1677 3590 quo:
1699 3529 1858 3590 puta—

576 3596 665 3640 tur
688 3604 797 3643 esse
821 3596 878 3642 in
910 3605 1090 3657 sensu,
1115 3596 1181 3643 sit
1208 3596 1263 3643 in
1286 3596 1548 3659 Opinione.

326 3674 481 3753 Mtte.
530 3674 775 3752 Putasne
837 3693 938 3735 nos
1006 3689 1204 3751 praeter
1239 3695 1505 3736 summam
1549 3682 1855 3750 veritatem,

254 3783 453 3824 ontnes
503 3768 664 3823 sedes
714 3770 990 3826 invenisse
1030 3772 1308 3828 veritatis?
1339 3773 1486 3829 Dtsc.
1517 3774 1860 3831 Reminiseor

255 3875 410 3915 nunc
458 3858 744 3926 cujusdam
800 3862 1069 3928 veritatis,
1113 3880 1275 3935 quam
1322 3865 1374 3920 in
1419 3866 1528 3930 his,
1572 3867 1858 3937 dequibus

256 3953 542 4020 tractasti,
594 3968 700 4008 non
735 3953 969 4010 invenio.
1000 3953 1141 4012 MAG.
1174 3956 1303 4023 Qua:
1330 3966 1414 4012 est
1438 3958 1563 4012 illa?
1593 3957 1736 4013 Dtse.
1766 3959 1859 4013 Est

251 4042 486 4112 quidem
519 4058 571 4096 tn
603 4044 851 4100 sensibus
885 4047 1129 4115 corporis
1164 4047 1388 4111 veritas,
1430 4048 1525 4102 sed
1580 4065 1683 4102 non
1716 4064 1858 4103 sem-

249 4149 397 4205 per:
434 4149 563 4188 nam
618 4132 811 4190 fallunt
851 4150 952 4192 nos
993 4136 1306 4207 aliquando.
1355 4138 1491 4193 Nam
1539 4154 1662 4193 cum
1697 4140 1857 4195 video

252 4225 562 4295 aliquando
591 4240 687 4294 per
720 4227 957 4282 medium
991 4228 1193 4283 vitrum
1230 4229 1454 4298 aliquid,
1497 4229 1634 4284 fallit
1664 4246 1748 4286 me
1779 4233 1856 4287 vi-

251 4332 350 4372 sus
381 4333 397 4370 :
424 4319 556 4385 quia
611 4317 903 4388 aliquando
932 4322 1228 4376 renuntiat
1275 4321 1405 4377 mihi
1459 4338 1675 4394 corpus,
1711 4323 1855 4393 quod

248 4408 421 4463 video
458 4407 601 4461 ultra
632 4408 860 4473 vitrum,
915 4409 1155 4480 ejusdem
1184 4426 1305 4468 esse
1339 4411 1536 4467 coloris
1588 4412 1740 4480 cujus
1771 4421 1855 4468 est

250 4505 306 4552 et
334 4497 550 4550 vitrum
574 4536 590 4562 ,
631 4512 756 4551 eum
787 4497 1009 4553 alterius
1036 4500 1106 4553 sit
1128 4501 1325 4555 coloris
1359 4519 1371 4555 :
1404 4501 1695 4571 aliquando
1724 4516 1851 4558 vero

249 4589 392 4644 facit
434 4602 524 4642 me
563 4599 756 4658 putare
792 4592 989 4645 vitrum
1040 4591 1241 4647 habere
1285 4592 1519 4647 colorem
1555 4593 1654 4660 rei,
1686 4608 1847 4662 quam

248 4680 405 4737 ultra
453 4679 642 4745 video,
674 4696 797 4735 cum
852 4697 957 4738 non
1006 4683 1222 4739 habeat.
1272 4683 1434 4738 Multa
1482 4693 1608 4738 sunt
1637 4683 1763 4752 alia,
1797 4685 1849 4739 in

248 4779 462 4844 quibus
506 4774 680 4842 visus,
728 4784 783 4829 et
811 4775 901 4830 alii
934 4792 1126 4832 sensus
1155 4776 1367 4832 fallunt.
1402 4776 1543 4833 Mm.
1577 4776 1693 4833 Non
1721 4775 1851 4832 mihi

246 4869 485 4923 videtur
537 4868 651 4922 haec
683 4869 903 4933 veritas,
934 4854 1016 4924 vel
1071 4869 1278 4924 falsitas
1309 4870 1362 4924 in
1402 4869 1655 4925 sensibus
1707 4884 1850 4937 esse,

242 4961 346 5017 sed
394 4959 451 5013 in
495 4958 768 5030 opinione.
820 4960 938 5030 ipse
983 4976 1219 5031 namque
1260 4977 1456 5018 sensus
1510 4962 1739 5019 interior
1793 4977 1854 5019 se

1966 1945 2047 2000 sui
2099 1945 2311 2009 coloris,
2357 1946 2410 1999 id
2456 1955 2539 2001 est
2570 1948 2653 2001 cui
2686 1946 2863 2001 nullus
2890 1948 3026 2001 alius
3062 1946 3326 2001 admistus
3351 1955 3433 1999 cst
3462 1960 3554 2000 co-
3596 2004 3599 2011 ,

1964 2035 2082 2102 lor;
2115 2045 2206 2090 aut
2235 2052 2331 2106 per
2359 2037 2704 2115 purissimam
2728 2053 2945 2108 aquam,
2976 2046 3067 2092 aut
3093 2052 3186 2107 per
3217 2036 3551 2107 crystallum,

1963 2136 2057 2183 aut
2082 2144 2179 2198 per
2224 2130 2426 2201 aliquid
2462 2128 2693 2184 similem
2726 2131 2933 2184 habens
2970 2129 3226 2184 Colorem.
3260 2127 3399 2183 Cum
3424 2140 3555 2181 vero

1965 2221 2158 2275 transit
2195 2221 2336 2276 izlem
2366 2221 2513 2277 visus
2542 2236 2637 2290 per
2663 2220 2825 2275 alium
2858 2219 3117 2283 colorem,
3142 2219 3205 2270 ἰιι
3228 2232 3324 2286 per
3348 2216 3551 2270 vitrum

1963 2326 2069 2365 non
2099 2310 2179 2365 sui
2202 2310 2420 2376 eoloris,
2442 2311 2535 2366 sed
2558 2311 2643 2366 cui
2671 2311 2810 2366 alius
2834 2310 2982 2367 color
3008 2320 3092 2365 est
3115 2308 3347 2374 additus,
3374 2309 3551 2378 ipsum

1962 2400 2198 2455 colorem
2226 2402 2317 2471 qui
2348 2401 2499 2471 prius
2523 2402 2761 2456 occurrit
2792 2401 3008 2470 accipit.
3033 2400 3391 2469 Quapropter,
3419 2414 3555 2468 quo-

1962 2492 2107 2547 niam
2138 2502 2261 2562 post
2282 2509 2445 2546 unum
2473 2502 2751 2562 acceptum
2785 2492 3045 2555 colorem,
3079 2492 3374 2545 secundum
3409 2490 3555 2558 quod

1963 2584 2052 2638 illo
2079 2582 2302 2639 alieetus
2326 2592 2429 2647 est,
2458 2583 2625 2638 alium
2652 2584 2958 2654 quicunque
2986 2593 3256 2645 occurrat,
3295 2588 3388 2634 aut
3426 2580 3517 2634 nul
3536 2608 3552 2621 -

1960 2673 2194 2738 latcnus,
2228 2683 2320 2728 aut
2346 2677 2521 2730 minus
2561 2674 2766 2745 integre
2808 2673 3188 2743 suscipitm’:
3227 2672 3347 2727 ideo
3399 2671 3551 2725 illum

1961 2778 2121 2834 quem
2154 2764 2303 2832 prius
2334 2762 2498 2832 cepit,
2547 2771 2639 2817 aut
2687 2762 2882 2831 solum,
2930 2772 3022 2817 aut
3066 2778 3188 2818 cum
3217 2778 3282 2815 co
3310 2761 3398 2832 qui
3431 2768 3554 2831 post

1962 2852 2230 2917 occurrit,
2264 2854 2558 2907 renuntiat.
2596 2852 2662 2907 .Si
2701 2853 2843 2907 enim
2892 2852 3062 2917 visus,
3094 2861 3355 2921 quantum
3382 2866 3554 2920 capax

1960 2955 2045 3002 est
2073 2946 2290 3012 coloris,
2334 2954 2542 3000 tantum
2576 2944 2807 2999 aiiicitur
2850 2945 3030 3015 priore
3078 2944 3284 3007 colore,
3315 2958 3419 2997 non
3452 2959 3546 3012 po-

1961 3045 2069 3093 test
2112 3037 2277 3091 alium
2331 3038 2534 3092 sentire
2581 3037 2740 3092 simul
2769 3037 3005 3093 colorem
3038 3055 3050 3090 :
3082 3036 3126 3091 si
3160 3046 3339 3091 autem
3373 3035 3553 3089 minus

1959 3143 2118 3198 quam
2145 3127 2381 3183 colorem
2423 3128 2626 3182 sentire
2653 3128 2856 3198 possit,
2882 3128 3049 3198 priori
3084 3127 3339 3191 allicitur,
3373 3134 3553 3196 potest

1961 3220 2125 3273 alium
2159 3220 2359 3274 sentire
2392 3236 2405 3272 :
2438 3228 2525 3285 ut,
2552 3220 2603 3273 si
2628 3221 2821 3275 transit
2844 3236 2942 3290 per
2963 3219 3179 3288 aliquod
3211 3234 3410 3289 corpus
3460 3236 3555 3274 νου

1961 3310 2040 3364 lttt
2064 3325 2158 3379 per
2186 3290 2408 3374 vitrum,
2449 3309 2591 3380 quod
2626 3311 2697 3363 ita
2725 3309 2961 3380 perfecte
2988 3311 3057 3364 sit
3088 3310 3462 3374 rubicundum,
3494 3319 3554 3364 ut

1959 3402 2177 3456 omnino
2209 3400 2322 3469 ipse
2360 3402 2507 3457 visus
2548 3401 2813 3456 alliciatur
2858 3401 2976 3472 ejus
3006 3402 3224 3466 rubore,
3257 3402 3444 3471 nequit
3469 3401 3551 3458 di-

1959 3507 2118 3547 verso
2167 3489 2328 3546 simul
2350 3488 2488 3548 aﬂioi
2517 3492 2741 3547 colore:
2776 3492 2821 3547 si
2859 3502 3038 3549 autem
3092 3507 3199 3548 non
3240 3502 3350 3557 tam,
3376 3494 3553 3564 perfe-

1958 3592 2105 3643 otum
2146 3583 2355 3640 invenit
2397 3585 2652 3641 ruborem
2681 3585 2770 3656 qui
2810 3586 2961 3657 prior
2996 3584 3257 3653 occurrit,
3290 3595 3549 3657 quantum

1959 3677 2157 3735 coloris
2201 3692 2373 3749 capax
2429 3687 2532 3745 est,
2586 3678 2742 3749 quasi
2788 3678 3033 3734 nondum
3094 3676 3307 3748 plenus,
3361 3678 3542 3733 adhuc

1959 3767 2123 3823 alium
2154 3769 2300 3826 valet
2336 3784 2615 3826 assumere
2653 3770 2911 3836 colorem,
2964 3770 3284 3840 inquantum
3313 3771 3430 3837 ejus
3457 3783 3551 3824 ca—

1958 3860 2165 3928 pacitas
2190 3861 2358 3931 priori
2390 3861 2573 3917 colore
2614 3877 2719 3916 non
2751 3871 2836 3917 est
2887 3860 3105 3917 satiata.
3141 3858 3243 3927 Qui
3273 3874 3406 3929 ergo
3445 3859 3551 3915 hoe

1960 3950 2156 4017 nescit,
2187 3959 2340 4019 putat
2369 3951 2544 4006 visum
2587 3951 2900 4006 renuntiare
2925 3950 3052 4019 quia
3084 3950 3178 3981 ³⁸⁷⁸
3206 3948 3385 4003 omnia
3426 3963 3548 4017 qua:

1959 4051 2079 4113 post
2100 4043 2249 4111 prius
2295 4052 2632 4112 assumptum
2678 4042 2916 4097 colorem
2953 4042 3139 4106 sentit,
3181 4050 3275 4095 aut
3300 4040 3545 4103 omnino,

1961 4145 2055 4192 aut
2078 4136 2420 4207 aliquatenus
2440 4134 2680 4205 ejusdem
2712 4136 2821 4190 sint
2846 4135 3063 4191 coloris.
3088 4134 3242 4189 Unde
3269 4129 3551 4203 contingit

1960 4238 2013 4284 ut
2043 4245 2233 4286 sensus
2264 4229 2488 4285 interior
2511 4228 2724 4299 culpam
2749 4242 2903 4284 suam
2930 4229 3157 4299 imputet
3178 4224 3361 4282 sensui
3391 4232 3547 4280 exte-

1961 4319 2112 4375 riori.
2146 4321 2405 4377 Similiter
2434 4336 2559 4376 cum
2606 4319 2764 4376 fustis
2811 4320 3038 4391 integer,
3088 4316 3244 4388 cujus
3295 4330 3420 4387 pars
3464 4325 3550 4371 est

1960 4414 2102 4469 intra
2135 4427 2354 4481 aquam,
2409 4420 2459 4466 et
2510 4428 2636 4483 pars
2678 4422 2856 4478 extra,
2898 4420 3118 4483 putatur
3170 4409 3375 4464 fractus
3409 4426 3422 4462 :
3455 4415 3550 4462 aut

1960 4519 2081 4559 cum
2103 4510 2354 4572 putamus
2381 4504 2525 4573 quod
2557 4504 2705 4560 visus
2733 4514 2917 4561 noster
2943 4504 3123 4558 vultus
3151 4510 3367 4558 nostros
3396 4501 3548 4555 inve-

1960 4595 2075 4648 niat
2110 4594 2161 4646 in
2191 4593 2431 4661 speculo,
2471 4602 2525 4649 et
2575 4611 2698 4650 cum
2744 4596 2911 4650 multa
2943 4595 3046 4650 alia
3087 4595 3243 4650 nobis
3282 4593 3441 4648 aliter
3470 4591 3551 4645 vi-

1960 4686 2155 4741 dentur
2181 4684 2330 4740 visus
2374 4696 2429 4741 et
2460 4687 2547 4741 alii
2574 4703 2765 4744 sensus
2790 4689 3039 4743 nuntiare
3067 4703 3231 4758 quam
3255 4688 3366 4743 sint
3387 4725 3403 4751 ,
3439 4698 3553 4739 non

1959 4776 2114 4846 Culpa
2148 4789 2406 4831 sensuum
2461 4789 2570 4845 est,
2620 4778 2711 4849 qui
2764 4778 3079 4834 renuntiant
3118 4777 3259 4846 quod
3296 4781 3551 4845 possunt,

1961 4874 2215 4941 quoniam
2251 4875 2326 4929 ita
2374 4887 2531 4945 posse
2576 4880 2934 4942 acceperunt;
2986 4871 3080 4925 sed
3116 4866 3323 4937 judicio
3351 4864 3553 4918 animm

1961 4964 2333 5035 imputandum
2363 4974 2471 5032 est,
2501 4965 2645 5035 quod
2679 4979 2785 5020 non
2827 4964 2966 5019 bene
2992 4958 3247 5016 discernit
3267 4954 3397 5026 quid
3422 4967 3549 5023 pos-

1559 5146 1794 5202 VARIAB
1835 5146 2241 5205 LECTIONES.

314 5299 429 5381 ff"
462 5300 688 5381 Proprie
729 5300 928 5381 dicitur
973 5303 1171 5381 facere,
1204 5303 1385 5381 facere
1414 5304 1701 5381 veritatem
1741 5304 2080 5381 intelligitur,
2116 5320 2223 5361 non
2269 5313 2478 5381 tantum
2506 5304 2560 5381 in
2591 5301 2884 5381 facto,_sed
2911 5298 3073 5354 etiam
3116 5298 3170 5353 in
3202 5295 3547 5381 verbonetin
3628 5342 3635 5345 .

236 5369 600 5446 suﬂ'erentia’,
651 5372 742 5426 sed
789 5375 1063 5446 pr0_0mui
1113 5376 1275 5428 verbo
1316 5384 1373 5429 et
1418 5375 1678 5446 Dominus
1701 5376 1870 5431 voluit
1910 5369 2231 5446 intelligere,
2261 5390 2382 5431 cum
2410 5376 2585 5430 dixit:
2623 5373 2876 5446 quoniam
2913 5387 3038 5446 mss.
3079 5369 3296 5446 proprie
3344 5369 3549 5424 dicitur

237 5443 463 5518 limere,
496 5446 728 5518 sed_pro
757 5444 905 5518 omni
934 5446 1102 5518 verbo
1132 5446 1391 5518 Dominus
1430 5445 1601 5518 voluit
1622 5445 1932 5518 intelligere
1978 5440 2110 5518 cuni
2136 5448 2271 5501 dixit
2306 5464 2319 5499 :
2357 5447 2611 5518 quoniam
2642 5440 3056 5518 "jmhileritate
3095 5441 3211 5518 sine
3237 5440 3355 5518 litce
3394 5456 3521 5518 mss.

236 5514 299 5569 S.
372 5512 546 5566 Mich.
588 5509 715 5567 Bec.
749 5513 783 5565 6
832 5514 1063 5569 veritate
1111 5517 1222 5570 sive
1254 5516 1371 5571 luce
1446 5517 1535 5547 ’3'“
1572 5515 1761 5571 Dicere
1807 5509 1895 5570 vel
1945 5516 2264 5571 benefacere
2310 5509 2433 5569 mss.
2496 5514 2626 5567 Vict.
2672 5511 2731 5567 S.
2767 5510 2931 5567 Mida.
2977 5511 3101 5567 Bec.
3150 5513 3183 5565 6
3234 5511 3415 5565 dicere
3444 5509 3540 5566 be-

233 5585 512 5640 nefacere
585 5585 678 5616 ⁸³⁷²
736 5584 803 5637 In
848 5601 971 5640 ntss.
1021 5586 1098 5639 De
1135 5601 1388 5641 sensuum
1434 5586 1663 5641 veritate
1739 5587 1832 5620 ³³⁷³
1862 5586 1991 5643 Tale
2038 5597 2121 5641 cst
2147 5588 2291 5641 enim
2338 5600 2459 5641 cum
2501 5601 2625 5638 mss.
2678 5584 2782 5638 tale
2834 5593 2917 5638 est
2964 5597 3085 5637 cum
3161 5581 3255 5614 ‘3“
3297 5580 3543 5636 Similem

232 5653 457 5741 coloris
495 5654 614 5738 qui.
639 5655 1042 5741 ultranvjd'etur
1077 5673 1201 5711 mss.
1244 5658 1656 5739 similitudinem
1708 5658 1908 5713 coloris
1933 5671 2092 5741 quem
2121 5657 2291 5741 mitra
2327 5656 2594 5738 videtms.
2628 5655 2752 5741 per.
2796 5652 3273 5741 (isitnilitudinem
3321 5652 3542 5715 colon's,

233 5728 335 5805 qui
395 5724 537 5805 ultra
567 5726 707 5782 videt
786 5726 879 5757 ³³⁷⁸
909 5726 1117 5799 integre
1169 5728 1361 5799 accipit
1408 5737 1531 5784 mss.
1572 5730 1781 5803 integre
1822 5724 2045 5800 suscipit
2120 5728 2212 5761 ³³⁷⁵
2252 5727 2594 5784 chunciare
2635 5727 2759 5796 hoc,
2785 5726 3011 5794 scilicet,
3036 5725 3159 5797 quia
3192 5741 3311 5782 mss.
3346 5737 3547 5780 renun-

234 5810 402 5850 crare
435 5811 562 5864 quia
