4050 6294
538 284 645 344 473

1072 289 1130 345 s.
1175 288 1474 345 ANSELMI
1511 287 1864 344 caurum.
1907 243 2110 350 Aucta

2213 335 2224 346 .
2255 293 2406 350 OPP.
2449 292 2633 350 PARS
2669 291 2709 346 I.
2733 321 2800 330 —
2824 290 3243 347 DOGMATICA.

3678 297 3790 353 476

539 403 650 456 sint
680 400 778 467 illi,
807 409 901 456 aut
937 399 1067 471 quid
1095 401 1322 455 debeam
1345 400 1458 452 “'1'.
1486 398 1638 465 Quod
1667 399 1952 454 ostendere
1980 416 2114 469 quo-
2142 409 2188 466 Α
2222 405 2362 459 Disc.
2414 403 2554 458 Nihil
2605 403 2735 457 mihi
2785 403 3004 457 certius.
3047 403 3185 458 ΜΑσ.
3233 403 3316 457 An
3354 393 3577 460 audebis
3609 407 3801 464 dicere

539 493 685 546 niam
727 491 1048 546 laboriosum
1080 491 1252 558 magis
1293 497 1378 545 est
1445 505 1606 559 quam
1656 488 1988 545 fructuosum
2043 493 2111 546 ad

539 582 643 636 huc
670 582 812 650 quod
837 581 1196 645 intendimus,
1223 581 1275 634 in
1301 583 1402 636 hoc
1430 581 1587 636 modo
1611 590 1821 650 tempus
1839 582 2114 637 insumen-

538 672 664 725 dum
689 672 786 703 ³³⁷⁸
816 686 922 724 non
951 671 1204 725 arbitror.
1247 669 1360 726 lloe
1383 681 1587 726 tantum
1614 670 1846 726 sufﬁciat
1881 673 2063 728 dicere
2093 691 2108 726 :
2137 729 2142 734 ,

537 761 662 826 quia
694 775 884 814 sensus
926 759 1187 829 quidquid
1233 761 1541 814 renuntiare
1569 749 1872 825 videantur,
1904 762 2018 816 sive
2045 777 2114 818 ex

536 851 618 904 sui
648 861 840 904 natura
875 852 979 905 hoc
1012 851 1232 917 faciant,
1280 852 1396 906 sive
1447 868 1514 905 ex
1554 851 1733 921 aliqua
1778 852 1882 907 alia
1925 868 2139 919 causa,

537 941 738 996 faciunt
759 943 902 1010 quod
933 943 1162 1007 debent;
1195 952 1250 996 et
1273 943 1392 996 ideo
1411 943 1503 975 ⁸³⁷³
1535 943 1910 998 rectitudiuem
1937 953 1992 997 et
2015 959 2111 1000 ve-

535 1033 753 1088 ritatem
798 1033 1004 1086 faciunt
1033 1049 1046 1085 :
1081 1041 1136 1086 et
1170 1033 1476 1088 continetur
1513 1033 1629 1088 haec
1658 1033 1857 1088 veritas
1885 1035 1984 1088 sub
2023 1033 2112 1088 illa

533 1124 786 1183 veritate,
815 1137 936 1190 quze
963 1132 1048 1177 est
1092 1123 1143 1177 in
1171 1123 1406 1177 actione.
1442 1123 1586 1178 Dtsc.
1620 1123 1936 1179 Satisfecisti
1981 1124 2112 1187 mihi

537 1221 628 1266 tua
666 1213 1038 1280 responsione,
1086 1221 1141 1266 et
1177 1212 1300 1267 nolo
1332 1223 1382 1267 te
1409 1214 1636 1283 amplius
1688 1215 1888 1269 morari
1931 1215 1984 1269 in
2013 1216 2114 1271 hac

536 1302 604 1357 de
632 1301 883 1357 sensibus
913 1303 1230 1372 quaestione.

1135 1392 1363 1450 CAPUT
1407 1394 1514 1450 Vll.

873 1485 948 1538 De
969 1486 1180 1540 veritate
1203 1488 1440 1540 essentia:
1467 1503 1640 1541 rerum
1670 1486 1784 1540 "3°.

608 1573 878 1629 Maculam
904 1574 1184 1629 considera
1211 1592 1277 1628 an
1296 1587 1493 1644 praeter
1519 1590 1785 1629 sunnnam
1811 1575 2110 1653 veritatem,

537 1664 589 1718 in
620 1665 799 1734 aliqua
833 1680 890 1719 re
918 1665 1116 1720 veritas
1137 1665 1208 1721 sit
1233 1666 1595 1736 intelligenda,
1623 1667 1866 1738 exceptis
1889 1667 1972 1720 his
1994 1683 2114 1736 quae

2215 494 2338 563 quia
2381 495 2519 548 Deus
2550 492 2750 561 aliquid
2769 492 2933 546 faciat
2961 502 3052 547 aut
3071 494 3348 562 permittat
3370 510 3474 550 non
3497 496 3797 563 sapienter,

2213 594 2307 638 aut
2346 600 2448 637 non
2478 585 2645 639 bene?
2675 583 2820 638 DISC.
2851 583 2961 638 lmo
2990 599 3177 639 assere
3199 585 3322 652 quia
3352 585 3482 639 nihil
3514 586 3612 640 nisi
3655 585 3798 642 bene

2213 683 2267 727 et
2295 672 2584 741 sapienter.
2611 671 2750 725 MAG.
2778 671 2859 724 Au
2871 669 3137 738 judicabis
3161 687 3262 725 non
3287 673 3484 727 debere
3505 688 3624 728 esse
3645 676 3795 743 quod

2217 769 2362 816 tanta
2392 759 2604 814 bonitas
2633 768 2687 813 et
2719 768 2863 814 tanta
2895 759 3155 829 sapientia
3182 760 3329 822 facit,
3357 771 3452 814 aut
3488 764 3798 832 permittit?

2215 849 2360 904 Disc.
2397 848 2528 914 Quis
2579 847 2880 917 intelligens
2923 851 3119 903 audeat
3175 849 3276 903 hoc
3322 851 3604 920 cogitare?
3647 851 3794 908 Mm.

2215 940 2381 996 Debet
2425 940 2586 1009 igitur
2608 953 2730 992 esse
2755 939 2981 1012 pariter,
3010 946 3066 992 et
3091 939 3233 1008 quod
3260 938 3515 1004 faciente,
3554 949 3610 995 et
3645 942 3796 1010 quod

2213 1032 2560 1102 permittente
2612 1030 2724 1086 Deo
2767 1029 2846 1083 fit.
2895 1029 3038 1085 DISC.
3088 1028 3242 1084 Patet
3270 1031 3411 1100 quod
3451 1031 3603 1086 dicis.
3647 1032 3794 1087 MAG.

2218 1123 2310 1177 Dic
2337 1123 2496 1176 etiam
2525 1138 2540 1174 :
2580 1135 2648 1175 an
2685 1130 2840 1191 putas
2873 1135 3012 1190 _esse
3048 1119 3245 1175 debere
3289 1121 3440 1175 mala:
3495 1122 3796 1176 voluntatis

2183 1210 2499 1266 .alfectum?
2539 1211 2681 1264 Dtsc.
2721 1210 2862 1264 Idem
2889 1217 2972 1262 est
3005 1223 3072 1263 ac
3097 1208 3140 1263 si
3172 1207 3320 1263 dicas
3346 1225 3413 1262 an
3458 1210 3648 1265 debeat
3673 1226 3795 1265 esse

2214 1318 2347 1372 opus
2381 1302 2576 1356 malum
2605 1319 2618 1354 :
2648 1301 2789 1371 quod
2839 1299 3014 1354 nullus
3055 1309 3303 1354 sensatus
3339 1301 3618 1354 concedet.
3649 1300 3792 1358 Msa.

2215 1393 2481 1448 Permittit
2535 1403 2712 1447 tamen
2766 1392 2907 1446 Deus
2955 1390 3160 1459 aliquos
3198 1389 3339 1444 male
3393 1389 3592 1455 facere,
3647 1393 3797 1460 quod

2217 1485 2354 1540 male
2382 1484 2584 1539 volunt.
2621 1485 2766 1538 DlSC.
2798 1480 3012 1537 Utinam
3053 1497 3174 1558 non,
3205 1489 3313 1534 tam
3341 1497 3482 1550 saepe
3513 1484 3793 1551 permitte-

2216 1586 2318 1632 ret.
2360 1577 2500 1632 Mac.
2539 1576 2682 1631 Idem
2721 1574 2881 1642 igitur
2905 1572 3065 1629 debet
3093 1588 3234 1637 esse,
3264 1581 3318 1628 et
3348 1589 3452 1628 non
3493 1589 3614 1628 esse
3648 1593 3661 1628 :
3692 1575 3789 1628 de-

2215 1668 2304 1722 bet
2325 1669 2468 1722 enim
2493 1681 2633 1733 esse,
2667 1664 2792 1734 quia
2842 1665 2977 1719 bene
3038 1671 3092 1718 et
3137 1664 3411 1732 sapienter
3461 1663 3528 1717 ab
3555 1679 3648 1730 eo,
3685 1677 3792 1731 qu)

533 1768 698 1822 supra
747 1765 1032 1824 conspecta
1061 1767 1203 1810 sunt.
1234 1755 1379 1811 Dtsc.
1413 1756 1551 1822 Quid
1601 1755 1729 1811 illud
1761 1771 1881 1811 esse
1911 1758 2119 1827 potest?
2151 1771 2194 1825 Β
2221 1776 2327 1814 non
2353 1759 2699 1828 permittente
2725 1756 2838 1810 fieri
2859 1771 2961 1809 non
2990 1763 3193 1824 posset,
3219 1754 3579 1823 permittitur;
3610 1763 3665 1808 et
3689 1771 3790 1807 non

533 1841 673 1897 Msc.
719 1845 800 1896 An
839 1853 994 1912 putas
1021 1845 1226 1914 aliquid
1256 1860 1376 1902 esse
1421 1847 1727 1914 aliquando,
1765 1856 1860 1901 aut
1895 1848 2111 1912 alicubi,

537 1934 680 2001 quod
713 1934 868 2002 112
907 1950 1012 1988 non
1043 1936 1115 1990 sit
1147 1936 1197 1990 in
1227 1951 1437 1991 summa
1463 1939 1712 2004 veritate,
1737 1948 1793 1994 et
1829 1939 1969 2008 quod
1993 1940 2114 1995 inde

435 2069 442 2072 _
534 2039 641 2076 non
666 2024 938 2091 acceperit
973 2025 1115 2092 quod
1157 2035 1260 2090 est,
1309 2025 1627 2095 inquantum
1679 2037 1801 2082 est:
1831 2038 1926 2081 aut
1969 2028 2113 2097 quod

534 2113 706 2180 possit
745 2114 888 2168 aliud
917 2131 1057 2179 esse,
1084 2132 1247 2185 quam
1277 2119 1419 2186 quod
1444 2118 1515 2171 ibi
1547 2119 1674 2172 est?
1706 2120 1846 2174 Dtsc.
1878 2117 1993 2172 Non
2031 2127 2114 2174 est

533 2203 852 2270 putandum.
868 2203 1006 2259 MAG.
1033 2205 1301 2276 Quidquid
1328 2207 1490 2277 igitur
1505 2217 1581 2262 est
1608 2224 1736 2263 vere
1760 2218 1864 2273 est,
1888 2209 2114 2277 inquan-

532 2301 645 2346 tmn
675 2295 776 2349 huc
820 2304 905 2350 est
933 2297 1073 2366 quod
1102 2297 1173 2351 ibi
1202 2307 1302 2352 est.
1339 2299 1480 2353 Dtsc.
1512 2299 1766 2354 Absolute
1788 2301 2113 2355 concludere

530 2393 688 2452 potes
709 2386 834 2454 quia
863 2403 1024 2441 omne
1051 2389 1191 2457 quod
1225 2398 1308 2444 est
1343 2405 1466 2444 vere
1491 2401 1595 2456 est,
1628 2393 1879 2460 quoniam
1904 2409 2007 2446 non
2031 2402 2114 2446 est

531 2471 678 2526 aliud
717 2491 878 2542 quam
931 2477 1072 2546 quod
1118 2478 1186 2532 ibi
1223 2486 1323 2532 est.
1355 2479 1496 2534 ΜΑσ.
1528 2480 1620 2533 Est
1645 2481 1807 2548 igitur
1830 2482 2027 2535 veritas
2058 2482 2110 2536 in

529 2564 772 2620 omnium
815 2582 936 2637 quae
983 2577 1110 2622 sunt
1141 2570 1396 2635 essentia,
1427 2572 1552 2639 quia
1601 2557 1701 2626 hac
1728 2581 1852 2630 sunt
1882 2572 2026 2641 quod
2055 2573 2109 2626 in

529 2668 740 2708 summa
768 2655 994 2710 veritate
1022 2667 1165 2712 sunt.
1200 2659 1343 2714 Disc.
1373 2661 1540 2714 Video
1567 2662 1637 2716 ita
1673 2663 1744 2716 ibi
1771 2678 1893 2717 esse
1917 2663 2110 2718 verita-

531 2752 660 2809 tem,
714 2746 936 2800 utnulla
987 2747 1060 2802 ibi
1108 2749 1276 2817 possit
1301 2765 1420 2804 esse
1443 2750 1534 2781 ³⁸⁸¹
1582 2751 1806 2816 falsitas,
1853 2753 2110 2822 quoniam

529 2837 673 2904 quod
703 2836 840 2892 falso
865 2849 948 2894 est
973 2855 1078 2894 non
1106 2851 1212 2896 est.
1247 2840 1386 2896 MAG.
1425 2842 1568 2896 Bene
1603 2843 1756 2897 dicis.
1791 2843 1897 2898 Sed
1925 2844 2013 2899 die
2040 2859 2108 2899 an

527 2926 731 2994 aliquid
763 2928 908 2984 aliud
938 2929 1135 2986 debeat
1164 2948 1303 2995 esse,
1336 2948 1500 3004 quam
1528 2936 1670 3004 quod
1696 2944 1779 2990 est
1816 2937 1867 2990 in
1899 2951 2110 2992 sununa

528 3018 804 3074 veritate?
847 3021 986 3076 DISC.
1031 3022 1166 3078 Non.
1212 3023 1348 3079 litae.
1393 3025 1451 3080 Si
1496 3041 1626 3096 ergo
1671 3028 1852 3082 omnia
1889 3029 1982 3060 ³³⁸³
2007 3029 2109 3086 hoc

2216 1847 2375 1902 debet
2414 1862 2554 1911 esse,
2606 1853 2864 1914 quantum
2898 1844 2964 1897 ad
2993 1843 3162 1907 illum,
3189 1841 3341 1911 cujus
3381 1843 3561 1912 iniqua
3593 1844 3790 1896 volun-
3826 1898 3828 1900 τ

2216 1943 2325 1989 tate
2374 1934 2696 2002 concipitur.
2745 1932 2857 1988 Hoc
2897 1933 3058 2004 igitur
3092 1933 3250 1986 modo
3304 1932 3562 1987 Dominus
3610 1931 3789 1998 Jesus,

2215 2027 2344 2097 quia
2383 2025 2647 2081 solusmo
2697 2025 2958 2080 innocens
3011 2031 3151 2087 erat,
3199 2039 3304 2077 non
3348 2023 3532 2078 debuit
3564 2034 3789 2078 mortem

2213 2115 2344 2182 pati,
2395 2130 2495 2168 nec
2528 2113 2667 2168 ullus
2707 2128 2827 2168 eam
2881 2113 2954 2166 illi
2992 2111 3174 2167 debuit
3223 2111 3458 2179 inferre;
3517 2123 3572 2166 et
3613 2123 3789 2168 tamen

2211 2221 2331 2259 eam
2359 2204 2543 2259 debuit
2565 2205 2696 2274 pati,
2729 2203 2852 2274 quia
2891 2203 3002 2270 ipse
3034 2203 3328 2272 sapienter,
3357 2211 3410 2256 et
3453 2203 3703 2275 benigne,
3735 2213 3790 2257 et

2214 2293 2420 2348 utiliter
2458 2293 2624 2348 voluit
2656 2309 2775 2346 eam
2815 2291 3044 2346 sulferre
3066 2291 3180 2345 ³³⁹¹.
3214 2291 3395 2346 Multis
3428 2293 3574 2347 enim
3617 2293 3792 2347 modis

2211 2384 2398 2438 eadem
2430 2400 2516 2438 res
2555 2383 2781 2452 suscipit
2823 2383 3052 2438 diversis
3088 2383 3618 2438 considerationibus
3664 2400 3792 2438 con-

2215 2478 2380 2532 traria
2412 2495 2424 2531 :
2468 2477 2608 2546 quod
2658 2477 2709 2530 in
2744 2477 2958 2532 actione
3006 2493 3150 2546 saepe
3175 2477 3459 2546 contingit,
3502 2486 3558 2530 ut
3589 2477 3642 2530 in
3673 2493 3790 2546 per-

2213 2567 2483 2624 cussione.
2516 2567 2797 2620 Percussio
2817 2581 3048 2634 namque
3079 2575 3129 2620 ct
3161 2567 3368 2636 agentis
3392 2576 3476 2621 est
3505 2576 3560 2621 et
3583 2569 3794 2638 patien-

2214 2658 2282 2713 tis
2311 2676 2325 2711 :
2358 2659 2499 2712 unde
2541 2667 2596 2711 et
2650 2659 2790 2712 actio
2819 2658 2947 2720 dici,
2993 2667 3046 2710 et
3082 2657 3258 2726 passio
3290 2666 3484 2726 potest,
3521 2660 3787 2727 quamvis,

2211 2733 2503 2802 Secundum
2533 2747 2705 2816 ipsum
2743 2761 2956 2811 nomen,
2989 2746 3132 2801 actio
3156 2747 3237 2801 vel
3261 2748 3567 2816 percussio,
3591 2758 3647 2802 et
3674 2764 3793 2818 qua:

2211 2840 2459 2896 similiter
2483 2841 2626 2895 dicta
2658 2855 2688 2894 a
2725 2840 2951 2909 passivis
2983 2841 3034 2893 in
3073 2843 3248 2894 activa
3276 2839 3671 2908 significatione
3705 2841 3788 2894 di-

2210 2940 2406 2986 cuntur
2436 2931 2605 3002 magis
2633 2930 2911 2984 videantur
2937 2919 3298 3089 es?“
3191 2930 3202 2940 ’
3298 2923 3362 2983 cr
3417 2945 3580 2999 quam
3628 2945 3790 3000 agen-

2214 3021 2299 3076 tis.
2327 3020 2527 3089 Quippe
2584 3022 2878 3075 secundum
2911 3020 2962 3073 id
3059 3022 3144 3074 rod
3180 3023 3308 3089 agit,
3357 3021 3530 3089 magis
3577 3022 3789 3089 praprie

2214 3021 2299 3076 tis.
2327 3020 2527 3090 Quippe
2584 3022 2878 3075 secundum
2911 3020 2962 3073 id
2997 3020 3144 3089 1pm
3180 3023 3308 3089 agit,
3357 3021 3530 3090 magis
3577 3022 3789 3090 praprie

531 3120 660 3164 sunt
685 3111 826 3179 quod
862 3111 934 3168 ibi
964 3122 1090 3168 sunt
1126 3115 1244 3170 sine
1270 3115 1434 3170 dubio
1458 3117 1559 3173 hoc
1580 3128 1706 3174 sunt
1729 3119 1821 3151 ⁸³⁸³
1846 3120 1986 3190 quod
2016 3121 2107 3174 de-
2136 3110 2180 3173 C
2215 3111 2459 3166 videntur
2490 3111 2595 3165 dici
2619 3110 2712 3142 ³³⁹⁸
2740 3110 2949 3181 agentia
2975 3110 3056 3163 vel
3087 3109 3442 3178 percutientia
3467 3125 3481 3173 ;
3511 3121 3565 3164 et
3598 3125 3786 3164 secun-

529 3199 680 3254 beut.
733 3201 880 3256 Disc.
930 3204 1067 3260 Vere
1115 3205 1216 3260 hoc
1253 3217 1380 3262 sunt
1409 3208 1501 3240 ³³⁸⁸
1547 3210 1688 3279 quod
1717 3211 1932 3266 debent.
1966 3211 2104 3266 MAG.

517 3290 796 3361 Quidquid
826 3308 953 3348 vero
999 3305 1084 3349 est
1122 3301 1266 3366 quod
1310 3299 1468 3354 debet
1513 3317 1650 3364 esse,
1694 3312 1839 3358 recte
1882 3314 1961 3360 est
1991 3305 2105 3359 ³³⁸⁵.

525 3381 672 3436 Dtsc.
701 3385 870 3438 Aliter
903 3402 1023 3456 esse
1047 3405 1154 3443 non
1185 3400 1380 3458 potest.
1413 3392 1550 3448 MAG.
1578 3394 1750 3468 igitur
1779 3412 1940 3451 omne
1963 3399 2107 3468 quod

525 3483 612 3527 est
637 3484 782 3528 recte
816 3487 918 3530 est.
961 3479 1104 3533 Disc.
1143 3479 1282 3534 Nihil
1315 3486 1734 3552 eonsequeutius
1759 3487 1853 3517 ³³⁸⁸
1880 3486 2022 3543 MAG.
2048 3488 2106 3543 Si

531 3580 662 3631 ergo
696 3567 894 3639 veritas
931 3579 987 3623 et
1024 3572 1289 3626 rectitudo
1335 3575 1535 3628 ideirco
1573 3577 1780 3630 suntin
1810 3594 1989 3632 rertuu
2023 3596 2107 3634 es-

525 3657 724 3724 sentia,
766 3659 892 3727 quia
924 3659 1026 3716 hoc
1057 3673 1182 3717 sunt
1217 3665 1358 3734 quod
1387 3676 1515 3720 sunt
1538 3667 1589 3720 in
1619 3684 1830 3722 summa
1856 3671 2102 3738 veritate,

531 3756 740 3802 certum
763 3760 846 3804 est
876 3753 1160 3808 veritatem
1191 3771 1369 3810 rerum
1398 3772 1518 3811 esse
1543 3759 1937 3816 rectitudinem.

1115 3843 1342 3900 CAPUT
1384 3847 1512 3902 Vill.

520 3929 600 3986 De
619 3933 837 3989 diversis
860 3937 1228 4004 intellectibus,
1245 3942 1458 4005 debere,
1481 3955 1528 3996 et
1541 3960 1645 3999 non
1668 3947 1893 4014 debere;
1919 3964 2102 4018 posse,

1109 4023 1154 4062 et
1190 4029 1293 4066 non
1328 4028 1507 4080 posse.

591 4095 734 4150 DISC.
761 4096 901 4153 Nihil
929 4101 1159 4171 planius,
1177 4115 1434 4173 quantum
1461 4105 1526 4160 ad
1549 4119 1990 4177 consequentiam
2016 4125 2104 4163 ar-

517 4190 962 4253 gumentationis.
1015 4193 1120 4248 Sed
1171 4196 1466 4250 secundum
1523 4198 1598 4252 rei
1631 4199 1724 4237 ³³⁸⁷
1783 4201 2098 4262 veritatem,

518 4280 788 4346 quomodo
835 4297 1119 4351 possumus
1179 4287 1356 4342 dicere
1408 4288 1533 4358 quia
1577 4289 1836 4360 quidquid
1887 4301 1969 4345 est
2007 4293 2100 4325 ³³⁸⁸

519 4370 676 4424 debet
705 4388 825 4428 esse
844 4414 858 4438 ,
887 4391 1008 4429 cum
1046 4377 1155 4432 sint
1183 4379 1346 4431 multa
1375 4396 1538 4448 opera
1571 4383 1706 4435 mala
1734 4398 1853 4451 quae
1885 4394 2093 4438 certum

2211 3201 2336 3255 dum
2367 3201 2419 3254 id
2446 3201 2588 3270 quod
2617 3201 2836 3267 patitur,
2863 3201 3003 3255 actio
3034 3200 3112 3255 vel
3140 3199 3436 3270 percussio.
3464 3199 3597 3253 Nam
3627 3216 3786 3270 agen-

2213 3291 2285 3345 tia
2316 3299 2369 3346 et
2400 3277 2776 3360 pereutientia,
2817 3291 2884 3346 ab
2929 3299 3121 3361 agente
3145 3303 3199 3345 et
3235 3291 3574 3361 percutiente
3602 3293 3786 3346 dicun-

2211 3391 2299 3437 tur
2325 3383 2488 3452 (sicut
2511 3383 2846 3452 providentia
2880 3397 2910 3435 a
2944 3383 3276 3450 providente,
3317 3391 3373 3436 et
3402 3381 3730 3436 continentia
3753 3397 3781 3435 a

2209 3474 2539 3544 continente)
2575 3489 2693 3542 qua:
2724 3473 2929 3528 scilicet
2973 3487 3138 3543 agens
3168 3481 3223 3528 ct
3249 3473 3576 3540 percutiens,
3608 3472 3782 3540 provi-

2208 3567 2339 3621 dens
2367 3575 2422 3620 et
2463 3567 2766 3633 continens,
2802 3567 2978 3620 activa
3029 3575 3184 3631 sunt;
3233 3566 3376 3620 actio
3406 3581 3534 3621 vero
3563 3574 3619 3621 et
3663 3581 3777 3635 per.

2207 3657 2405 3724 Cttssio,
2457 3657 2523 3712 ab
2558 3667 2680 3712 acto
2715 3668 2770 3712 et
2805 3673 3080 3727 percusso,
3122 3652 3242 3728 Qua:
3279 3659 3487 3727 passiva
3518 3667 3661 3724 sunt,
3691 3657 3780 3711 de-

2208 3749 2470 3802 rivautur.
2525 3747 2631 3802 Sed
2677 3749 2929 3817 quoniam
2981 3750 3063 3815 (ut
3107 3747 3160 3802 in
3193 3764 3300 3801 uno
3327 3747 3504 3802 dicam
3533 3748 3673 3817 quod
3719 3748 3770 3800 in

2207 3840 2417 3894 caeteris
2456 3838 2744 3910 intelligas)
2785 3840 2924 3894 sicut
2947 3841 3253 3908 percutiens
3283 3855 3388 3893 non
3421 3853 3503 3894 est
3525 3841 3639 3894 sine
3660 3855 3774 3908 pcr-

2205 3911 2478 3996 suasione,
2507 3946 2605 3985 nec
2627 3946 2914 4001 percussus
2935 3932 3138 3998 absque
3161 3931 3500 4000 percutiente
3517 3970 3532 3995 ,
3559 3929 3631 3982 ita
3659 3945 3774 3999 per-

2205 4023 2462 4077 cntienlia
2511 4032 2567 4077 et
2611 4023 2886 4092 percussio
2923 4023 3038 4076 sine
3066 4021 3295 4075 invicem
3326 4035 3449 4075 esse
3486 4029 3768 4087 nequeunt;

2207 4115 2313 4168 imo
2341 4127 2444 4165 una
2473 4121 2528 4166 et
2553 4113 2740 4166 eadem
2773 4127 2860 4166 res
2888 4120 2973 4166 est
3000 4111 3230 4165 diversis
3251 4109 3562 4172 nominibus
3587 4125 3770 4166 secun-

2205 4203 2330 4257 dum
2365 4203 2604 4256 diversas
2642 4212 2826 4273 partes
2860 4201 3159 4272 significata
3194 4219 3206 4254 :
3235 4200 3438 4256 ideirco
3477 4201 3768 4270 percussio,

2204 4304 2258 4349 et
2287 4293 2659 4363 percutientis,
2685 4300 2741 4348 et
2783 4293 3022 4362 percussi
3047 4307 3168 4346 esse
3198 4292 3410 4346 dicitur.
3443 4292 3772 4361 Quapropter

2203 4388 2495 4441 secundum
2531 4384 2674 4454 quod
2721 4397 2886 4454 agens
2937 4381 3020 4436 vel
3065 4384 3273 4452 patiens
3301 4382 3474 4437 eidem
3501 4383 3771 4452 subjacent

515 4470 600 4512 cst
643 4476 762 4515 esse
801 4479 906 4517 non
946 4466 1140 4522 debere
1165 4468 1293 4521 "3’?
1339 4468 1478 4523 MAG.
1514 4470 1651 4537 Quid
1679 4473 1898 4536 mirum,
1921 4475 1966 4528 si
2006 4491 2096 4530 ea-
2129 4445 2172 4499 θ
2191 4475 2420 4545 judicio,
2447 4475 2528 4530 vel
2554 4473 2843 4529 contrariis
2868 4514 2883 4540 ,
2938 4473 3052 4544 ipsa
3092 4488 3306 4542 quoque
3337 4474 3478 4527 actio
3512 4488 3580 4527 ex
3620 4484 3764 4526 utra-

517 4551 638 4603 detu
665 4567 750 4605 res
788 4553 946 4608 debet
977 4571 1095 4611 esse
1117 4567 1172 4612 et
1204 4575 1308 4612 non
1337 4561 1488 4616 esse?
1512 4561 1655 4616 Disc.
1691 4563 1969 4630 Quomodo
2001 4583 2094 4636 po-
2199 4583 2303 4638 que
2349 4575 2504 4635 parte
2529 4565 2780 4619 similiter
2803 4563 3155 4632 iudicabitur,
3197 4572 3290 4616 aut
3313 4563 3610 4616 contrarie.
3643 4562 3768 4616 Cum

488 4650 620 4734 .tcst
653 4641 756 4698 huc
778 4647 929 4700 esse?
964 4646 1100 4703 MAG.
1135 4649 1258 4704 Scio
1295 4661 1344 4706 te
1373 4668 1475 4706 non
1509 4654 1759 4710 dubitare
1801 4657 1924 4726 quia
1960 4658 2092 4713 nihil
2195 4671 2325 4728 ergo
2356 4663 2411 4710 et
2447 4654 2537 4724 qui
2569 4653 2802 4723 percutit
2830 4663 2974 4706 recte
3003 4652 3254 4722 percutit,
3279 4659 3333 4706 et
3357 4650 3448 4720 qui
3477 4651 3771 4720 percutitur

508 4732 737 4788 oninino
760 4743 862 4802 est,
905 4737 1006 4793 nisi
1045 4736 1153 4807 Deo
1186 4750 1279 4795 aut
1309 4741 1561 4809 faciente,
1603 4755 1695 4799 aut
1721 4747 2086 4815 permittente.
2195 4757 2344 4804 recte
2373 4745 2673 4816 percutitur
2708 4762 2720 4797 :
2767 4752 2845 4809 ut,
2875 4758 2997 4798 eum
3036 4756 3291 4813 peccans,
3322 4742 3390 4796 ab
3430 4755 3497 4796 eo
3527 4741 3595 4795 ad
3616 4753 3765 4810 quem

1800 4879 2031 4936 VARUE
2071 4877 2474 4936 LECTIONES.

585 4980 679 5060 “f7
703 4982 812 5060 Qui
842 4985 1313 5060 possent_i_|li,aut
1335 4987 1426 5056 qui
1451 4988 1678 5044 debeant
1701 5008 1825 5046 mss.
1851 4993 1978 5060 quid
2011 4994 2216 5051 possint
2260 4991 2356 5053 illi,
2385 4998 2474 5043 aut
2500 4989 2627 5058 quid
2659 4988 2889 5060 debeant
2915 5005 3021 5060 ms.
3049 4987 3174 5060 Bec.
3201 4987 3233 5042 6
3286 4989 3430 5056 quod
3463 4989 3536 5043 illi
3567 4990 3760 5059 possint

505 5052 652 5118 qnml
683 5053 983 5108 deliberant
1055 5056 1147 5088 ³³⁷⁸
1176 5052 1610 5112 Consnniendum
1663 5078 1789 5114 nias.
1846 5052 1979 5116 Vict.
2006 5062 2128 5117 Bec.
2171 5066 2203 5116 ti
2249 5052 2436 5115 Cisier.
2483 5052 2861 5112 insumendum
2936 5058 3028 5089 ³³⁷⁸
3059 5058 3174 5111 Alia
3205 5052 3368 5112 causa
3400 5061 3502 5114 hoc
3552 5052 3756 5121 faciant,

506 5121 652 5200 qttml
693 5123 906 5200 debent,
943 5135 1006 5200 _et
1053 5126 1173 5180 ideo
1201 5144 1294 5200 ms.
1343 5125 1474 5200 Vict.
1522 5131 1627 5200 alia
1669 5147 1850 5191 causa,
1891 5133 2095 5186 faciunt
2120 5132 2260 5200 quod
2302 5131 2520 5183 debent.
2554 5128 2919 5200 Et_it_leo__ms.
2958 5126 3154 5200 Βρεμι)
3198 5129 3300 5182 alia
3347 5144 3531 5192 causa,
3564 5130 3658 5200 hoc
3687 5131 3754 5200 fa:

505 5191 678 5266 ciunt,
709 5193 833 5260 quia
873 5196 1107 5266 debent:
1147 5205 1202 5250 et
1235 5197 1356 5252 ideo
1429 5199 1523 5231 ³³⁸⁵
1564 5199 1693 5254 Mss.
1734 5203 1799 5255 de
1833 5202 2060 5256 veritate
2097 5191 2345 5256 essentia:
2376 5215 2556 5252 rerum
2633 5198 2724 5229 ³³⁸⁸
2772 5195 2922 5249 Nulla
2973 5199 3142 5266 possit
3183 5213 3305 5252 esse
3341 5215 3468 5251 mss.
3513 5191 3647 5252 nulla
3680 5195 3750 5266 ibi

504 5260 862 5343 missum-Sac.
891 5264 1000 5343 _”"
1042 5265 1106 5320 In
1157 5267 1434 5343 uiss._Bec_.
1546 5272 2080 5343 c‘ontinunlurﬂcagnt
2123 5271 2437 5343 prrecedens.
2476 5267 2788 5343 Oniniaihie
2823 5278 2950 5320 sunt
2973 5260 3313 5343 insepultum
3345 5268 3446 5322 hoc
3476 5278 3603 5321 sunt
3644 5263 3748 5343 __”“

511 5331 640 5383 Sine
667 5331 827 5384 dubio
849 5333 937 5388 hic
961 5344 1082 5389 sunt
1108 5353 1230 5390 mss.
1257 5337 1373 5391 sine
1387 5339 1550 5391 dubio
1568 5340 1668 5394 hoc
1683 5349 1808 5394 sunt
1865 5331 2133 5394 ""‘VVer‘é
2167 5342 2255 5394 hic
2284 5350 2409 5394 sunt
2437 5355 2562 5392 mss.
2597 5331 2723 5392 vere
2752 5338 2853 5390 huc
2887 5346 3013 5392 sunt
3085 5338 3178 5373 ³³⁸⁸
3203 5337 3369 5392 [tecte
3398 5347 3484 5393 est
3515 5355 3605 5390 ms.
3635 5334 3743 5388 Βιτ.

506 5397 564 5480 βξ
598 5412 723 5478 vere
748 5409 832 5480 est
903 5404 995 5473 ³ῗ⁸⁶
1022 5405 1667 5480 ΔΝἱιίῌῌερηβθίιιεριιιὶιιεί,
1701 5427 1824 5462 mss.
1867 5411 2033 5463 omilt.
2110 5411 2200 5442 ³³⁸⁷
2243 5410 2346 5464 Sed
2395 5409 2688 5480 secundum
2737 5408 2811 5480 rei
2852 5418 2977 5480 etc.,
3018 5409 3070 5460 in
3113 5407 3368 5480 msLBec.
3410 5409 3443 5462 6
3495 5419 3542 5462 et
3575 5407 3740 5480 Ci§mo

502 5468 591 5520 Itic
615 5468 793 5548 ingfpit
833 5468 985 5548 caput
1125 5475 1216 5506 ³³⁸⁸
1242 5468 1505 5543 Ουίείιῖιίιι
1534 5488 1635 5544 est,
1655 5468 1808 5546 'quod
1837 5480 1996 5534 debet
2029 5495 2148 5535 esse
2192 5498 2315 5534 mss.
2345 5478 2600 5548 quicquid
2631 5488 2735 5541 est,
2777 5478 2936 5531 debet
2963 5468 3082 5548 esse
3154 5478 3248 5548 ξδ’
3279 5477 3396 5531 Νοιι
3425 5493 3542 5531 esse
3566 5476 3742 5548 debere

506 5552 631 5616 qm.
675 5535 806 5616 Vict.
851 5535 974 5616 Hec.
1009 5543 1042 5596 6
1082 5559 1226 5616 esse
1252 5535 1360 5598 non
1390 5535 1587 5602 debere
1623 5535 1634 5544 ⁷
1664 5535 1758 5580 ³⁵⁵⁸
1791 5548 1964 5615 Modo,
2009 5551 2133 5616 quia
2171 5535 2429 5604 Dominus
2461 5535 2618 5602 Jesus
2646 5535 2793 5601 sul-us
2819 5563 2945 5600 mss.
2991 5546 3121 5600 Vict.
3155 5546 3279 5602 Bec.
3309 5547 3469 5601 tuodo
3511 5547 3740 5616 Dominus

499 5604 844 5733 ξξῗυῗοτίιὲξίι.
864 5610 1009 5666 solus
1083 5613 1168 5645 ³³³³
1199 5611 1265 5669 lu
1299 5631 1423 5672 mss.
1467 5616 1589 5673 Bcc.
1632 5617 1776 5674 Gem.
1814 5604 2314 5676 l'ict.’(diuinarum
2361 5628 2514 5690 caput
2538 5619 2837 5695 pra'cedens
2910 5618 3006 5651 ³³⁹²
3045 5617 3305 5676 Videntur
3334 5616 3437 5674 dici
3461 5633 3582 5671 mss.
3621 5611 3737 5666 Vict.

524 5691 622 5732 ‘re
652 5695 681 5732 υ
777 5695 846 5733 ιω
1294 5691 1302 5708 ··

524 5691 714 5732 τωυιυτ
743 5691 846 5735 ("Cl
1294 5691 1302 5708 ⁵
