4050 6294
212 336 315 391 477

1435 332 1706 392 DIALOG.
1750 333 1839 391 DE
1877 332 2241 391 VEBITATE.

3367 341 3472 397 1.73

213 451 451 525 pertinet
478 446 790 519 corrigitur,
815 458 882 504 ex
914 455 1143 516 utraque
1172 454 1325 516 parte
1358 450 1500 502 recta
1531 457 1637 511 est,
1670 447 1795 517 quia
1826 450 1871 505 Α
1899 447 2328 519 signiﬁcationis,
2365 462 2394 501 a
2426 462 2530 517 qua
2567 447 2687 503 ideo
2726 440 2922 518 incepi,
2948 456 3007 503 ut
3036 458 3086 504 te
3113 464 3141 503 a
3175 452 3475 509 notioribus

215 558 281 597 ex
309 549 546 609 utraque
575 547 731 609 parte
785 536 947 592 debet
972 552 1092 593 esse
1113 538 1408 606 percussio.
1434 537 1481 592 E
1501 539 1796 604 contrario,

215 630 433 699 quando
478 629 550 683 ab
593 628 778 696 iniquo
804 627 987 697 justus
1015 626 1334 696 percutitur,
1381 627 1507 696 quia
1559 642 1657 682 nec
1699 627 1802 682 iste

213 721 450 792 perculi,
495 735 596 775 nec
634 719 725 775 ille
766 730 1050 790 percutere
1079 719 1258 785 debet,
1288 734 1353 773 ex
1400 727 1628 789 utraque
1648 728 1802 789 parte

216 829 321 869 non
352 821 503 867 recta
531 820 635 878 est,
671 811 797 881 quia
826 826 891 867 ex
917 818 1106 865 neutra
1131 820 1284 879 parte
1313 810 1472 866 debet
1500 826 1644 877 esse,
1672 826 1800 880 per-

217 908 420 961 cussio.
450 905 588 960 Cum
630 919 758 959 vero
808 917 1041 972 peccans
1071 903 1139 956 ab
1170 916 1234 957 eo
1256 902 1323 956 ad
1354 917 1513 972 quem
1545 918 1649 955 non
1669 917 1804 972 .per-

220 998 351 1052 tinet
392 995 718 1066 percutitur,
750 994 1008 1064 quoniam
1049 1001 1104 1049 et
1130 992 1237 1048 iste
1278 992 1437 1047 debet
1474 993 1700 1062 percuti,
1749 1001 1804 1046 et

218 1089 305 1144 ille
357 1103 467 1142 non
500 1088 658 1142 debet
689 1094 995 1155 percutere,
1032 1084 1193 1139 debet
1222 1093 1278 1139 et
1320 1100 1426 1141 non
1476 1086 1634 1139 debet
1684 1099 1805 1140 esse

217 1183 504 1254 percussio
534 1200 547 1236 :
573 1191 627 1236 et
650 1182 771 1236 ideo
797 1189 1049 1245 recta,et
1072 1196 1176 1234 non
1205 1189 1347 1234 recta
1377 1181 1559 1249 negari
1583 1196 1687 1234 non
1712 1195 1806 1250 po-

220 1284 343 1331 test.
364 1273 521 1342 Quod
545 1275 590 1329 si
612 1275 679 1329 ad
709 1290 953 1345 superna:
981 1274 1259 1344 sapientia:
1284 1274 1648 1346 bonitatisque
1674 1289 1805 1330 con-

219 1365 433 1420 sideres
478 1363 768 1432 judicium,
828 1363 942 1419 sive
975 1378 1041 1419 ex
1086 1362 1253 1417 altera
1303 1372 1532 1432 tantum,
1584 1365 1697 1419 sive
1739 1378 1808 1419 ex

219 1468 456 1528 utraque
502 1466 675 1526 parte,
700 1457 913 1527 agentis
941 1457 1152 1513 scilicet
1175 1466 1229 1513 et
1255 1458 1533 1528 patientis,
1579 1472 1685 1512 non
1718 1459 1810 1512 de.

220 1550 345 1605 beat
406 1564 530 1606 esse
581 1550 860 1620 percussio
894 1564 909 1603 :
942 1550 1064 1619 quis
1109 1551 1328 1606 audebit
1359 1564 1559 1620 negare
1610 1549 1810 1605 debere

219 1655 366 1706 esse,
418 1639 561 1709 quod
601 1648 746 1694 tanta
798 1640 1042 1696 bonitate
1084 1649 1139 1695 et
1177 1640 1442 1710 sapientia
1482 1641 1811 1708 permittor?

220 1731 371 1788 Dtsc.
410 1730 581 1801 Neget
623 1730 715 1801 qui
764 1732 950 1797 audet,
990 1746 1088 1801 ego
1119 1746 1247 1788 rere
1284 1746 1391 1787 non
1442 1733 1632 1787 audeo.
1666 1732 1807 1788 illac.

221 1822 365 1889 Quid
405 1824 596 1888 etiam,
642 1823 686 1877 si
736 1823 1041 1878 secundum"
1078 1831 1324 1877 naturam
1354 1839 1534 1879 rerum
1567 1825 1812 1880 conside-

221 1929 335 1980 res,
361 1922 425 1968 ut
450 1929 572 1969 cum
595 1914 728 1969 clavi
763 1912 921 1968 ferrei
953 1914 1203 1983 impressi
1233 1912 1359 1969 sunt
1386 1916 1439 1969 in
1473 1929 1672 1984 corpus
1702 1914 1812 1970 Do-

221 2006 360 2061 mini
397 2023 412 2060 :
456 2022 526 2060 an
550 2005 694 2061 dices
730 2004 972 2077 fragilem
1003 2022 1222 2062 carnem
1248 2021 1351 2061 non
1377 2007 1628 2062 debuisse
1657 2021 1816 2076 pene-

224 2097 387 2162 trari,
465 2106 561 2151 aut
611 2105 768 2152 acuto
813 2096 959 2152 ferro
1008 2106 1343 2169 penetratam
1406 2112 1512 2152 non
1566 2096 1817 2151 debuisse

225 2188 452 2243 dolere?
498 2187 643 2242 Dtsc.
689 2187 892 2243 Contra
932 2199 1179 2242 naturam
1222 2189 1479 2242 dicerem.
1518 2187 1659 2242 MAG.
1710 2188 1814 2241 Po-

226 2286 336 2334 test
370 2278 540 2346 igitur
566 2278 876 2348 contingere
901 2287 959 2333 ιιι
996 2278 1187 2334 debeat
1222 2294 1342 2334 esse
1373 2280 1669 2333 secundum
1716 2293 1816 2331 na-

228 2380 415 2425 turam
448 2372 615 2436 actio,
640 2371 721 2425 vel
745 2371 947 2442 passio,
974 2388 1094 2442 qua:
1126 2371 1419 2427 secundum
1461 2379 1704 2440 agentem
1737 2369 1819 2423 vel

226 2461 531 2531 patientem
569 2476 688 2516 esse
724 2477 829 2517 non
875 2462 1052 2526 debet,
1095 2463 1352 2532 quoniam
1392 2476 1491 2517 nec
1522 2460 1611 2515 ille
1637 2475 1819 2530 agere,

228 2567 331 2607 nec
381 2553 491 2607 iste
526 2552 687 2607 debet
731 2552 862 2622 pati.
900 2552 1046 2608 Dtsc.
1072 2552 1213 2607 Nihil
1245 2554 1439 2607 horum
1464 2567 1664 2622 negare
1702 2567 1825 2622 pos-

228 2660 376 2701 sum.
426 2643 571 2700 Mtte.
612 2643 774 2699 Vides
806 2645 969 2717 igitur
1007 2644 1304 2715 smpissime
1333 2659 1493 2715 posse
1513 2645 1825 2714 contingere

230 2746 289 2791 ιιι
310 2736 514 2790 eadem
538 2735 678 2789 actio
719 2735 912 2792 debeat
959 2750 1079 2792 esse
1119 2743 1174 2790 et
1219 2750 1325 2790 non
1353 2735 1544 2791 debeat
1574 2749 1713 2803 esse,
1744 2734 1826 2789 di-

230 2837 414 2891 versis
437 2834 982 2891 eonsiderationibus.
1018 2833 1162 2887 DISC.
1186 2831 1267 2886 lta
1304 2840 1490 2901 aperte
1512 2830 1825 2886 hoc‘osten-

232 2930 341 2994 dis,
382 2936 445 2981 ιιι
496 2943 604 2982 non
650 2927 851 2997 possim
884 2941 990 2981 non
1036 2925 1238 2980 videre.
1272 2922 1412 2979 Mae.
1450 2923 1653 2978 Verum
1689 2922 1831 2977 inter

233 3024 353 3077 lucc
383 3021 482 3053 ””
536 3028 588 3075 te
619 3020 757 3075 scire
800 3018 923 3073 volo
967 3017 1093 3088 quia
1129 3017 1325 3073 debere
1363 3025 1418 3071 et
1470 3031 1577 3071 non
1606 3015 1828 3079 debere,

1900 542 1967 595 ad
2004 541 2267 612 ignotiora
2315 532 2686 610 perducerem.
2723 539 2921 596 Omnes
2956 543 3099 595 enim
3140 543 3207 595 de
3245 544 3475 597 veritate

1901 631 2310 701 signiﬁcationis
2352 631 2685 701 loquuntur:
2721 632 3003 687 veritatem
3051 647 3201 697 vero,
3246 649 3366 703 qua!
3392 646 3477 688 est

1902 725 1956 779 in
1995 739 2175 778 rerum
2206 724 2463 789 essentia,
2500 723 2653 792 pauci
2684 723 3048 779 considerant.
3091 724 3234 778 DlSC.
3269 724 3476 779 Profuit

1903 818 2034 873 mihi
2074 818 2201 887 quia
2246 819 2349 872 hoc
2377 818 2566 872 ordine
2620 830 2708 871 me
2744 817 2964 871 duxisti.
3013 815 3153 871 MAG.
3186 815 3477 870 Videamus

1904 923 2032 980 ergo
2059 924 2220 978 quam
2269 908 2379 963 lata
2424 909 2496 961 sit
2523 908 2726 962 veritas
2757 907 3185 976 signiﬁcationis.
3234 907 3479 977 Namque

1905 1016 2010 1055 non
2044 1001 2214 1055 solum
2245 1001 2297 1054 in
2336 1001 2433 1055 his
2467 1016 2586 1069 qua:
2625 1001 2774 1070 signa
2806 1000 3040 1054 solemus
3067 1000 3263 1062 dicere,
3299 1003 3390 1054 sed
3425 1008 3479 1054 et

1904 1090 1959 1145 in
1992 1089 2111 1144 aliis
2136 1090 2386 1145 omnibus
2426 1105 2545 1159 quae
2593 1088 2828 1143 diximus
2869 1099 2952 1143 est
2981 1089 3303 1161 signiﬁcatio
3354 1105 3479 1142 vera

1906 1181 1991 1235 vel
2032 1179 2191 1237 falsa.
2239 1180 2508 1247 Quoniam
2546 1195 2780 1248 namque
2819 1195 2923 1234 non
2962 1187 3044 1234 est
3087 1181 3153 1233 ab
3195 1179 3373 1249 aliquo
3398 1180 3481 1234 fa-

1907 1271 2181 1336 ciendum,
2207 1270 2309 1325 nisi
2335 1270 2476 1339 quod
2513 1271 2635 1341 quis
2662 1270 2824 1324 debet
2850 1270 3061 1334 facere;
3099 1284 3165 1325 eo
3203 1270 3319 1339 ipso
3341 1270 3483 1338 quod

1909 1362 2107 1432 aliquis
2128 1361 2330 1431 aliquid
2362 1360 2515 1425 facit,
2545 1360 2677 1414 dicit
2699 1368 2752 1413 et
2786 1359 3056 1429 signiﬁcat
3082 1359 3183 1413 hoc
3205 1373 3263 1412 se
3291 1358 3487 1412 debere

1911 1453 2091 1509 facere
2120 1470 2134 1507 :
2164 1453 2307 1524 quod
2338 1451 2382 1506 si
2431 1452 2585 1521 113
2630 1451 2789 1506 debet
2834 1451 3013 1505 facere
3054 1451 3195 1520 quod
3220 1434 3367 1514 facit,
3398 1464 3489 1504 ve-

1912 1560 2029 1601 rum
2043 1542 2197 1609 dicit,
2226 1544 2270 1599 si
2294 1553 2473 1597 autem
2499 1558 2604 1597 non
2617 1543 2797 1606 debet,
2812 1541 3090 1595 mentitur.
3120 1541 3264 1595 Dtsc.
3287 1539 3491 1605 Quam-
3577 1578 3591 1590 .

1910 1637 1993 1691 vis
2050 1635 2241 1689 videar
2289 1634 2420 1689 mihi
2456 1634 2797 1704 intelligere,
2857 1632 3215 1702 tamenquia
3283 1629 3494 1699 inaudi-

1917 1740 2029 1785 tum
2063 1727 2159 1760 'W’
2197 1728 2461 1782 hactenus
2493 1726 2614 1792 fuit,
2638 1726 2879 1797 apertius
2904 1724 3129 1780 ostende
3161 1722 3303 1791 quod
3332 1721 3488 1775 dicis.

1915 1820 2057 1876 MAG.
2097 1818 2155 1873 Si
2196 1832 2348 1874 esses
2386 1818 2440 1871 in
2480 1815 2600 1871 loco
2646 1817 2734 1870 ubi
2761 1816 2931 1871 scires
2960 1829 3079 1869 esse
3109 1813 3350 1868 salubres
3376 1812 3493 1866 hera

1915 1915 2015 1970 bas
2072 1923 2127 1970 et
2177 1909 2507 1975 mortiferas,
2556 1909 2649 1964 sed
2695 1909 2935 1963 nescires
2970 1921 3062 1961 eas
3099 1906 3404 1960 discernere
3441 1910 3498 1955 et

1916 2014 2059 2061 esset
2082 2004 2154 2058 ibi
2186 2003 2401 2074 aliquis,
2431 2003 2496 2058 de
2524 2015 2632 2073 quo
2652 2015 2756 2055 non
2782 2000 3058 2054 dubitares
3087 1996 3213 2065 quin
3246 1994 3363 2048 illas
3400 1992 3493 2024 ³⁵⁰¹

1919 2099 2226 2154 discernere
2267 2097 2455 2164 sciret,
2490 2092 2697 2165 tibique
2737 2090 3090 2161 interroganti
3115 2103 3234 2159 quae
3258 2087 3499 2141 salubres

1919 2200 2106 2246 essent
2142 2187 2196 2244 et
2225 2205 2344 2260 qua:
2389 2186 2701 2251 mortiferae,
2750 2186 2882 2240 alias
2928 2184 3093 2239 verbo
3132 2179 3498 2237 saluhrcsm’

1921 2281 2126 2335 diceret
2161 2294 2303 2347 esse,
2343 2287 2397 2334 et
2419 2277 2555 2333 alias
2605 2275 2946 2340 comederet;
2985 2272 3069 2327 eui
3111 2272 3281 2342 magis
3311 2271 3503 2326 crede-

1923 2385 2032 2433 res,
2073 2369 2239 2424 verbo
2261 2383 2330 2422 an
2374 2366 2576 2422 actioni
2604 2363 2754 2435 ejus?
2803 2364 2953 2419 Dtsc.
2986 2360 3103 2415 Non
3137 2369 3344 2413 tantum
3384 2372 3504 2412 ere-

1924 2462 2107 2516 dcrent
2156 2461 2323 2515 verbo
2359 2467 2622 2530 quantum
2674 2456 2845 2526 operi.
2892 2454 3031 2510 Μιιο.
3086 2452 3213 2507 Plus
3248 2464 3378 2520 ergo
3408 2449 3502 2502 tibi

1925 2551 2131 2605 diceret
2179 2564 2301 2618 qua:
2353 2546 2600 2603 salubres
2644 2552 2847 2599 essent
2902 2556 3067 2611 opere
3114 2556 3276 2609 quam
3317 2538 3503 2592 verbo.

1928 2646 2073 2700 Dtsc.
2105 2642 2181 2697 lta
2211 2650 2315 2697 est.
2362 2639 2500 2695 MAG.
2525 2638 2615 2694 Sic
2645 2638 2849 2706 itaque,
2879 2635 2924 2690 si
2963 2634 3202 2689 nescires
3248 2644 3355 2685 non
3386 2645 3507 2685 esse

1928 2734 2330 2800 mentiendum,
2399 2740 2455 2787 et
2520 2730 2845 2785 mentiretur
2909 2727 3105 2796 aliquis
3161 2738 3344 2779 coram
3425 2731 3506 2787 te,

1930 2827 2142 2884 etiamsi
2171 2827 2376 2880 diceret
2410 2821 2504 2878 tibi
2531 2823 2646 2891 ipse
2673 2834 2731 2875 se
2754 2835 2860 2873 non
2891 2818 3089 2873 debere
3117 2812 3355 2879 mentiri,
3388 2810 3510 2879 plus

1931 2922 2045 2992 ipse
2067 2920 2156 2974 tibi
2180 2919 2381 2974 diceret
2405 2928 2568 2984 opere
2589 2928 2647 2969 se
2676 2910 2892 2966 mentiri
2919 2909 3139 2972 debere,
3158 2902 3513 2975 quam‘verbo

1934 3030 2039 3069 non
2101 3011 2318 3067 debere.
2387 3006 2649 3063 Similiter
2707 3006 2835 3059 dum
2880 3000 3084 3065 cogitat
3127 2995 3361 3067 aliquis,
3419 3002 3516 3047 aut

234 3113 541 3184 aliquando
581 3112 777 3168 dicitur
816 3112 1109 3181 improprie
1132 3109 1258 3175 am;
1284 3117 1362 3174 ut,
1407 3124 1530 3165 eum
1558 3110 1679 3164 dico
1704 3106 1836 3177 quia
1859 3126 1904 3189 ο
1933 3105 2048 3160 vult
2069 3104 2164 3137 ³⁷⁸⁰³
2192 3100 2415 3171 aliquid,
2456 3099 2501 3154 si
2533 3096 2772 3153 nescires
2797 3109 2863 3147 an
2896 3092 3118 3148 deberet
3142 3088 3192 3189 id
3218 3087 3373 3149 velle,
3400 3085 3515 3189 sive

234 3205 415 3259 debeo
444 3202 619 3256 amari
649 3219 678 3256 a
722 3211 792 3257 te.
843 3201 897 3256 Si
943 3189 1086 3256 enim
1123 3215 1251 3255 vere
1287 3200 1481 3264 debeo,
1514 3200 1830 3254 debitorml

235 3312 359 3351 sum
385 3296 621 3350 reddere
661 3294 805 3365 quod
838 3292 1037 3358 debeo;
1086 3292 1223 3347 etin
1255 3292 1410 3363 culpa
1452 3307 1591 3355 sum,
1635 3291 1679 3346 si
1724 3307 1831 3345 non

235 3403 403 3444 amor
443 3402 475 3441 a
504 3396 579 3441 te.
612 3386 758 3440 Dtsc.
784 3386 859 3441 lta
884 3386 1152 3456 sequitur.
1183 3382 1322 3439 MAG.
1353 3383 1458 3438 Sed
1503 3398 1625 3437 eum
1665 3382 1836 3438 debeo

235 3482 420 3538 amari
441 3496 475 3536 a
512 3490 595 3541 te,
633 3494 739 3535 non
767 3488 847 3534 est
872 3493 901 3533 a
931 3493 1017 3533 me
1045 3477 1390 3547 exigendum,
1416 3475 1510 3531 sed
1540 3490 1568 3529 a
1596 3483 1664 3529 te.
1689 3473 1836 3530 Dtsc.

236 3573 432 3630 Fateri
480 3586 567 3626 me
613 3571 683 3624 ita
738 3584 859 3625 esse
906 3578 1118 3639 oportet
1162 3568 1279 3622 ³³⁸⁸.
1332 3567 1472 3624 MAG.
1526 3566 1662 3621 Cum
1708 3580 1838 3635 ergo

239 3666 367 3720 dico
405 3663 543 3733 quia
564 3661 653 3694 “"
708 3662 875 3717 debeo
911 3659 1081 3715 amari
1118 3675 1148 3713 a
1199 3668 1288 3725 te,
1335 3674 1439 3714 non
1505 3658 1577 3712 ita
1620 3656 1836 3721 dicitur,

238 3756 405 3828 quasi
452 3769 554 3826 ego
592 3753 792 3823 aliquid
834 3752 1060 3808 debeam
1091 3750 1207 3818 ³³⁸⁸,
1249 3750 1343 3805 sed
1382 3749 1509 3819 quia
1553 3757 1609 3802 tu
1678 3747 1841 3802 debes

241 3866 442 3908 amare
472 3864 583 3904 me.
607 3847 870 3917 Similiter
889 3862 1009 3901 eum
1037 3844 1161 3900 dico
1183 3844 1309 3914 quia
1335 3859 1440 3897 non
1472 3842 1642 3897 debeo
1666 3839 1842 3895 amari

242 3962 273 3999 a
319 3955 404 4008 te,
449 3958 560 3997 non
598 3942 737 3996 aliud
780 3939 1110 4010 intelligitur,
1137 3953 1297 4007 quam
1322 3936 1529 4006 quiatu
1558 3950 1662 3989 non
1680 3935 1844 3988 debes

241 4049 445 4090 amare
478 4047 586 4087 me.
625 4031 725 4098 Qui
760 4032 951 4085 modus
976 4028 1228 4099 loquendi
1275 4035 1359 4082 est
1388 4026 1550 4080 etiam
1585 4026 1636 4079 in
1662 4033 1847 4094 poten-

243 4128 324 4181 tia
348 4134 413 4179 et
444 4124 499 4177 in
543 4122 883 4191 impotentia,
916 4130 978 4175 ut
1006 4134 1128 4175 eum
1160 4118 1360 4173 dicitur
1392 4130 1405 4171 :
1440 4114 1640 4171 llector
1670 4116 1846 4185 potuit

241 4220 406 4276 vinci
467 4217 539 4272 ab
586 4216 809 4283 Achille,
851 4223 906 4271 et
955 4213 1195 4270 Achilles
1239 4228 1345 4267 non
1397 4210 1573 4282 potuit
1598 4210 1741 4264 vinci
1782 4208 1850 4264 ab

1934 3197 2196 3267 cogitare,
2244 3193 2289 3248 si
2319 3192 2648 3247 voluntatem
2694 3185 2809 3255 ejus
2841 3193 2897 3240 et
2942 3179 3327 3267 cogitationem
3368 3176 3518 3267 vide-

1934 3266 2042 3351 res,
2087 3283 2420 3355 signiﬁcaret
2480 3279 2574 3333 tibi
2615 3278 2733 3347 ipso
2772 3287 2935 3345 opere
2984 3271 3109 3340 quia
3155 3270 3257 3322 hoc
3294 3266 3520 3319 deberet

1936 3375 2281 3448 cogitare'm
2323 3382 2379 3429 et
2417 3372 2577 3427 velle.
2622 3367 2775 3436 Quod
2819 3366 2864 3421 si
2926 3364 2997 3417 ita
3032 3362 3274 3422 deberet,
3324 3369 3516 3409 verum

1938 3469 2172 3532 diceret;
2223 3465 2308 3522 sin
2356 3472 2559 3526 autem,
2613 3456 2955 3514 mentiretur.
3002 3452 3059 3506 In
3091 3463 3273 3504 rerum
3304 3459 3522 3515 quoque

1937 3547 2223 3617 existentia
2268 3566 2354 3613 est
2381 3556 2633 3613 similiter
2668 3564 2796 3605 vera
2845 3546 2931 3601 vel
2977 3544 3112 3599 falsa
3166 3540 3520 3610 signiﬁcatio;

1940 3652 2195 3724 quoniam
2234 3664 2300 3705 eo
2340 3648 2457 3719 ipso
2504 3644 2631 3715 quia
2682 3650 2789 3706 est,
2850 3636 2982 3692 dicit
3026 3649 3087 3688 se
3134 3631 3331 3686 debere
3380 3643 3521 3683 esse.

1944 3720 2087 3801 ὐιεο.
2144 3743 2312 3799 Video
2366 3754 2509 3795 nunc
2557 3742 2745 3807 aperte
2800 3730 2941 3802 quod
2973 3728 3239 3782 hactenus
3271 3737 3377 3777 non
3415 3720 3527 3775 ani-

1940 3836 2232 3893 madverti.

2360 3920 2587 3979 CAPUT
2631 3918 2841 3991 x.puq
2881 3913 3109 3985 xqsue

2427 4014 2502 4068 De
2546 4027 2752 4066 summa
2800 4007 3040 4061 veritate.

2019 4112 2160 4168 Mtte.
2178 4106 2593 4177 Progrediamur
2621 4102 2688 4156 ad
2717 4116 2781 4155 ea
2807 4113 2926 4169 quae
2954 4100 3177 4149 restant.
3211 4091 3354 4145 Dtsc.
3377 4088 3525 4142 Prte-

1949 4205 2101 4270 cede,
2124 4211 2179 4257 et
2206 4214 2424 4268 sequar.
2443 4193 2870 4250 Msc.Summam
2897 4194 3079 4240 autem
3108 4181 3393 4236 veritatem
3424 4192 3529 4270 non

246 4313 521 4369 Hectore.
556 4309 675 4364 Non
712 4265 856 4363 enim
901 4307 1003 4362 fuit
1040 4305 1281 4377 petentia
1334 4265 1521 4358 in'illo
1552 4302 1642 4374 qui
1678 4302 1851 4371 potuit
1952 4265 2176 4368 negabis
2213 4265 2333 4347 esse
2372 4282 2811 4377 rectitudinem‘b
2839 4279 2985 4377 Dtsc.
3036 4276 3148 4330 lmo
3173 4269 3338 4377 .nihil
3385 4265 3531 4322 aliud

246 4401 432 4462 vinci.
466 4400 563 4455 sed
617 4400 670 4454 in
712 4398 802 4453 illo
826 4397 918 4469 qui
949 4397 1167 4451 vincere
1197 4392 1371 4464 potuit
1403 4411 1416 4448 :
1453 4408 1555 4449 nec
1587 4394 1853 4463 impoten-

1954 4365 2099 4444 illam
2135 4398 2352 4456 possunt
2394 4379 2570 4436 lateri.
2602 4375 2742 4431 MAG.
2773 4369 3069 4429 Considera
3095 4365 3223 4436 quia
3261 4378 3387 4456 cum
3412 4375 3532 4456 οιιι-

244 4497 328 4552 tia
367 4494 431 4549 in
464 4490 555 4546 illo
587 4490 678 4560 qui
724 4451 865 4544 vinci
899 4504 1005 4544 non
1035 4451 1226 4558 potuit,
1280 4486 1373 4544 sed
1408 4487 1459 4541 in
1500 4485 1590 4541 illo
1615 4451 1706 4557 qui
1733 4486 1852 4540 vin-
1888 4468 1931 4523 Ι)
1960 4494 2055 4547 nes
2084 4451 2407 4549 stipradietze
2434 4470 2529 4503 ⁸⁸⁸⁸
2565 4465 2916 4524 rectitudines
2955 4458 3077 4515 ideo
3106 4458 3217 4560 sint
3258 4451 3538 4560 rectitudi:

246 4602 387 4643 cere
446 4599 554 4638 non
609 4583 801 4651 potuit.
861 4581 1008 4637 Dtsc.
1077 4580 1264 4636 Placet
1311 4578 1445 4634 mihi
1481 4578 1623 4648 quod
1677 4577 1850 4632 dicis:

245 4679 473 4751 quippe
512 4675 641 4729 utile
676 4683 806 4743 puto
834 4674 937 4729 hoc
964 4685 1315 4745 cognoscere.

663 4763 1029 4821 .CAPUTIX
1073 4760 1434 4835 ue,x1e”.

289 4860 468 4929 Quod
494 4860 660 4911 omnis
691 4858 827 4911 actio
853 4856 1107 4926 signiﬁcet
1147 4864 1235 4907 aut
1267 4868 1442 4906 verum
1470 4860 1559 4903 aut
1599 4849 1816 4919 falsum.

325 4952 490 5008 Mss.
522 4948 686 5003 Recte
724 4958 880 5018 putas
931 4963 946 5000 :
984 4947 1080 5001 sed
1132 4944 1417 4999 redeamus
1462 4940 1526 4994 ad
1575 4940 1856 4996 veritatem

1962 4544 2079 4638 nes,
2094 4543 2219 4641 quia
2235 4568 2324 4623 illa
2344 4568 2394 4622 in
2412 4566 2607 4639 quibus
2624 4569 2766 4625 sunt,
2782 4566 2875 4613 aut
2895 4563 3021 4612 sunt
3049 4560 3141 4607 aut
3168 4549 3373 4641 faciunt
3397 4543 3540 4641 quod

1963 4636 2192 4726 debent;
2223 4636 2445 4718 summa
2466 4657 2669 4717 veritas
2708 4667 2813 4707 non
2848 4649 2967 4705 ideo
2994 4654 3079 4702 est
3107 4636 3541 4726 rectitudo,quia

1964 4758 2121 4811 debet
2160 4751 2387 4823 aliquid.
2437 4746 2631 4804 Omnia
2668 4744 2812 4799 enim
2867 4738 2940 4793 illi
2992 4738 3193 4792 debent
3244 4731 3406 4799 :ipsa
3448 4725 3539 4823 “‘"l

1966 4861 2093 4900 vero
2116 4814 2563 4911 nulli-quidquam
2587 4835 2768 4896 debet,
2791 4828 3018 4885 neeulla
3051 4825 3260 4880 ratione
3288 4826 3372 4873 est
3402 4814 3544 4911 quod

1967 4947 2072 5001 est,
2109 4935 2211 4989 nisi
2239 4907 2365 5002 quia
2400 4907 2503 4985 est.
2538 4927 2683 4983 Dtsc.
2717 4922 2978 4991 Intelligo.
3012 4918 3149 4971 MAG.
3193 4912 3352 4966 Vides
3382 4907 3544 4961 etiam

1578 5050 1811 5106 VAlllz’F.
1852 5045 2251 5104 LECTIONES.

330 5130 447 5169 ”"
482 5128 656 5185 Unum
683 5140 823 5183 Inter
861 5128 977 5183 lucc
1020 5144 1146 5191 mss,
1190 5130 1376 5180 verum
1414 5126 1554 5179 inter
1593 5125 1704 5178 haec
1745 5139 1843 5174 ms.

250 5206 362 5240 ωδ
407 5200 739 5271 lmpmprie;
793 5209 849 5253 ut
892 5216 991 5271 rm.
1042 5197 1275 5271 Vict._5,
1325 5197 1540 5271 proprje
1569 5203 1643 5271 ιιι.
1680 5193 1794 5271 ’τινα
1840 5192 1877 5247 S

2131 5088 2323 5171 'Giﬁiitm
2368 5114 2483 5168 lucc
2517 5128 2613 5164 ms.
2647 5109 2769 5161 Bec.
2797 5106 2849 5160 6.
2880 5115 3066 5175 verum
3110 5097 3225 5175 lucc
3257 5092 3401 5172 inter
3428 5088 3550 5175 haec

1883 5171 2075 5244 idenim
2113 5188 2300 5249 debeo,
2358 5199 2484 5238 vere
2519 5181 2731 5235 debitor
2767 5192 2900 5249 mas.
2967 5171 3100 5225 Vict.
3142 5171 3185 5249 si
3211 5176 3381 5249 ‘ettltlt
3424 5171 3551 5249 gere

250 5226 362 5240 ""
407 5226 739 5271 Illlpl‘upl'lc;
793 5226 849 5253 ut
893 5226 991 5252 11η.
1049 5226 1177 5251 nu.
1222 5226 1275 5252 υ.
1326 5226 1540 5266 μιυμιιῦ
1571 5226 1629 5247 ιιι
1840 5226 1895 5247 υ·
1926 5226 2069 5243 ιιι-ιι·
2113 5226 2300 5249 "Vw"!
2365 5226 2483 5238 νιν-ν
2521 5226 2719 5235 υν-υη-

246 5278 475 5335 debeo,
506 5270 720 5324 debitor
756 5286 854 5323 ms.
882 5269 1006 5322 Bec.
1054 5267 1105 5323 6.
1156 5267 1199 5321 si
1242 5282 1370 5321 vero
1414 5266 1582 5320 debeo
1612 5264 1827 5335 debitor
1895 5260 1988 5295 ³³⁸⁵
2015 5259 2097 5335 hie
2122 5260 2193 5312 ita
2224 5264 2434 5335 epota-tet
2477 5268 2601 5303 mss.
2651 5262 2734 5335 me
2766 5256 2987 5335 tunc-sise
3017 5226 3547 5335 ληχιιξξίς

639 5314 1205 5409 'éssé"6;§6}iét""ii
1616 5314 1753 5388 éééé
1780 5332 1933 5409 dico,
1963 5330 2088 5400 quia
2132 5314 2274 5409 mss.
2322 5327 2632 5409 Gltln'CI‘gO
2661 5314 2962 5409 tiieqﬂqui‘a‘

250 5392 558 5480 Liu'fego’
594 5392 799 5481 aliquid
838 5392 1075 5481 debeam
1146 5408 1239 5481 mi
1282 5407 1377 5481 Est
1400 5407 1480 5481 _in
1504 5392 1631 5459 inss.
1676 5414 1829 5472 caput
1868 5392 2057 5481 deum
2103 5399 2300 5481 titulo:
2334 5393 2503 5481 Qum}.
2527 5392 2706 5481 οχξξξξξ
2736 5392 2876 5481 ξἰξῖξξθ
2898 5392 3040 5481 fit"

1097 5480 1238 5549 quod
1285 5476 1412 5531 mihi
1460 5493 1586 5549 mss.
1639 5468 1818 5549 tamen
1858 5468 2318 5549 quiauinaudituu

252 5491 293 5542 9
371 5486 439 5539 in
492 5481 645 5534 editis
692 5480 811 5512 ⁷³³⁰⁰
842 5480 1048 5535 Tamen

255 5531 580 5606 ἷδοί-ᾸΙῖιιὲ
627 5531 764 5607 vero
803 5531 1046 5606 salubres
1090 5531 1234 5605 tibi
1269 5549 1374 5603 alia
1436 5545 1601 5600 verbo
1636 5531 1891 5598 salubres
1958 5540 2051 5573 ’m
2090 5537 2338 5605 Aliquid,
2380 5541 2475 5607 aut
2523 5531 2649 5607 vult.
2684 5544 2719 5579 n

3040 5300 3133 5339 “’5
3182 5304 3294 5372 Ego
3324 5300 3551 5372 debeant

3089 5387 3142 5428 ut
3185 5367 3253 5426 ἱνῖ
3266 5372 3343 5423 tit.
3369 5367 3553 5435 capitis

2320 5435 2506 5517 {duiut
2531 5435 2706 5526 “Quin'
2737 5455 2853 5508 illas
2892 5435 3039 5526 nus.
3081 5446 3216 5526 Vict.
3263 5440 3385 5526 quia
3435 5435 3556 5526 illa:

2718 5502 3081 5590 tim—aliquis,
3130 5523 3223 5570 aut
3270 5502 3388 5564 vult
3427 5502 3556 5590 ,ξφ

255 5577 372 5598 δ”·
430 5577 580 5606 All'db
639 5577 764 5607 VCI'U
803 5577 1046 5606 Sutuurca
1090 5577 1217 5605 "tua.
1269 5577 1374 5603 ulla
1442 5577 1601 5600 νῠιυυ
1636 5577 1883 5598 δ-υυυιυδ
2090 5577 2338 5605 ιιι-ιιυιιιν
2380 5577 2474 5586 -τ--ν
2535 5577 2633 5583 -----
2787 5597 2796 5607 .
2947 5577 2960 5590 .
3068 5577 3079 5584 -
3348 5596 3356 5605 ν
3427 5577 3437 5587 .

240 5628 525 5683 νιὶθὶκξτει
553 5621 791 5691 cogitare
820 5637 945 5675 mss.
976 5620 1111 5675 Vict.
1141 5619 1301 5675 debet
1326 5616 1565 5691 cogitare
1639 5614 1732 5647 ³³⁰⁵
1777 5613 1871 5667 Est
1906 5614 1958 5665 in
1982 5611 2124 5681 imas.
2162 5607 2330 5691 Caput
2376 5600 2590 5691 10.2350
2606 5593 3065 5691 “lmen-titulun“:
3085 5586 3555 5691 διιίιὲιξξθῃλῖνιιιῗὲῗ

256 5677 385 5732 3336—
439 5692 576 5763 Quia
620 5677 827 5748 “omnes
881 5691 1205 5763 supt'adictzc
1259 5677 1566 5756 mssiquia
1617 5701 1737 5741 cum
1796 5677 1992 5740 omnes
2042 5677 2363 5748 supradictae

257 5770 419 5824 bent
446 5781 459 5817 :
497 5762 606 5831 ipsa

2459 5647 2579 5704 τῶν
2605 5647 2808 5724 Debent
2865 5662 3089 5732 aliquid,
3139 5660 3253 5729 ipsa
3296 5666 3418 5706 uisa.
3461 5647 3555 5701 do-
