4050 6294
524 350 633 404 479

1062 344 1120 398 S.
1161 343 1467 400 ANSELMI
1500 341 1865 400 CANTUAR.
1908 341 2227 399 ARCHIEP.
2261 341 2412 402 OPP.
2450 340 2631 401 PAIiS
2668 346 2705 400 I.
2739 376 2806 388 --
2844 344 3265 403 DOGSIATICA.

3703 346 3817 408 ιευ

525 461 797 533 quomodo
829 460 930 515 ista
955 459 1047 492 ’⁵ου
1080 458 1343 513 rectitude
1371 472 1534 511 causa
1580 458 1653 511 sit
1699 457 1942 511 omnium
1979 456 2108 510 alia-
2137 460 2183 514 Λ
2211 455 2403 511 Nonne
2431 456 2701 512 rectitude
2734 457 2822 513 illa
2870 474 3158 529 corporutn
3202 456 3419 515 ratione
3465 460 3812 533 intelligitur,

528 568 646 606 rum
696 551 985 608 veritatem
1016 558 1071 605 et
1112 549 1521 615 rectitudinum,
1571 556 1629 605 et
1659 548 1793 604 nihil
1834 549 1908 605 sit
1949 564 2117 605 causa

527 645 706 699 illius?
738 644 882 699 DISC.
914 643 1080 699 Video
1120 649 1177 697 et
1216 642 1592 699 animadverte
1618 642 1672 695 in
1702 641 1824 697 aliis
1852 642 2115 711 quasdam

521 748 649 788 esse
679 741 887 787 tantum
933 731 1155 797 etfecta;
1202 731 1466 803 quasdam
1496 745 1629 785 vero
1656 745 1780 785 esse
1805 745 2001 785 causas
2020 769 2036 795 ,
2064 738 2125 786 et

525 821 712 876 rli‘ccta
742 839 755 874 :
786 831 867 889 ut,
893 837 1017 877 cum
1050 806 1269 887 veritas,
1299 837 1418 892 qua:
1446 830 1531 877 est
1561 821 1612 875 in
1658 836 1839 875 rerum
1871 822 2116 881 existen-

524 914 620 975 tia,
648 912 718 967 sit
744 912 992 968 ell‘ectum
1017 930 1243 969 summa:
1263 914 1540 981 veritatis,
1567 914 1680 984 ipsa
1711 929 1928 985 quoque
1952 929 2117 969 causa

523 1013 610 1057 est
632 1004 873 1058 veritatis
900 1021 1021 1075 qua:
1064 1006 1411 1076 cogitationis
1437 1015 1545 1069 est,
1581 1011 1638 1058 et
1660 1002 1780 1071 ejus
1807 1020 1926 1073 qua:
1953 1016 2037 1060 est
2061 1006 2114 1059 in

523 1094 891 1164 propositione
909 1114 923 1149 :
940 1108 992 1151 et
1020 1097 1136 1153 istm
1163 1098 1282 1153 duae
1307 1098 1568 1154 veritates
1582 1099 1781 1155 nullius
1807 1107 1933 1155 sunt
1951 1111 2114 1152 causa

524 1187 792 1242 veritatis.
841 1188 984 1245 MAG.
1029 1189 1175 1245 Bene
1205 1190 1565 1246 consideras:
1599 1191 1741 1246 unde
1760 1188 1876 1258 jam
1922 1189 2125 1245 intellio-

524 1295 654 1348 gere
707 1290 861 1350 potes
912 1283 1508 1351 quomodoasummam
1556 1282 1841 1338 veritatem
1892 1282 1946 1335 in
1994 1296 2114 1336 meo

526 1370 826 1441 Monelogio
852 1372 993 1442 (cap.
1026 1374 1112 1443 18)
1130 1375 1370 1434 probavi
1405 1389 1512 1429 non
1544 1374 1747 1429 habere
1782 1373 2129 1444 principium

525 1463 610 1518 vel
651 1465 833 1530 linem,
866 1481 963 1534 per
992 1467 1274 1521 veritatem
1298 1466 1583 1539 orationis.
1610 1467 1744 1522 Cum
1786 1467 1931 1522 enim
1974 1466 2111 1532 dixi,

522 1556 747 1623 quando
798 1556 1057 1619 nonfuit
1107 1572 1293 1615 verum
1344 1558 1469 1626 quia
1530 1557 1771 1613 futurum
1834 1568 1953 1615 crat
2016 1560 2125 1613 alio‘

521 1646 692 1713 quid,
757 1664 863 1701 non
915 1647 992 1703 ita
1042 1649 1152 1703 dei
1202 1664 1267 1704 ac
1323 1650 1366 1705 si
1419 1650 1626 1720 absque
1676 1650 1948 1722 principio
2007 1652 2110 1705 ista

521 1738 698 1791 oratio
732 1738 961 1804 fuisset,
993 1756 1113 1809 qua:
1142 1728 1416 1797 assereret
1448 1742 1695 1798 futurum
1734 1743 1936 1815 aliquid
1964 1759 2109 1807 esse,

518 1830 749 1893 autista
780 1831 986 1887 veritas
1026 1842 1172 1888 esset
1215 1833 1358 1889 Dens
1389 1852 1403 1888 :
1446 1835 1539 1889 sed
1570 1812 1839 1903 quoniam
1867 1836 1961 1868 ³δ⁰⁹
2006 1852 2110 1892 non
2146 1812 2192 1871 Β

522 1929 703 1989 potest
731 1923 958 1994 intelligi
985 1925 1226 1993 quando,
1250 1926 1297 1980 si
1326 1926 1505 1981 oratio
1535 1926 1631 1958 ³δ¹⁰
1671 1927 1774 1981 ista
1804 1937 1950 1983 esset
1975 1968 1989 1992 ,
2021 1943 2115 1983 ve-

524 2014 659 2067 ritas
685 2014 759 2067 illi
793 2014 1025 2081 deesset,
1062 2024 1123 2069 ut
1170 2031 1268 2085 per
1317 2017 1421 2072 hoc
1458 2016 1583 2086 quia
1631 2033 1739 2073 non
1794 2018 2114 2089 intelligitur

524 2104 743 2170 quando
775 2104 873 2158 ista
901 2106 1102 2160 veritas
1128 2121 1249 2161 esse
1272 2122 1377 2161 non
1407 2109 1664 2177 potuerit,
1698 2111 1741 2164 si
1770 2122 1915 2164 esset
1935 2110 2111 2165 oratio

520 2197 573 2248 iu
606 2211 710 2265 qua
750 2211 870 2249 esse
898 2205 1099 2266 posset,
1125 2198 1459 2269 intelligatur
1479 2200 1567 2254 illa
1593 2201 1796 2255 veritas
1818 2200 1937 2255 sine
1959 2201 2111 2270 prin-

520 2288 662 2355 cipio
713 2288 902 2352 fuisse,
938 2304 1063 2359 quze
1105 2290 1281 2359 prima
1322 2306 1484 2348 causa
1538 2301 1621 2347 est
1652 2294 1814 2364 hujus
1840 2294 2105 2349 veritatis.

519 2380 729 2448 Quippe
758 2380 959 2435 veritas
990 2382 1253 2438 orationis
1280 2398 1387 2439 non
1437 2399 1653 2454 semper
1684 2395 1867 2455 posset
1894 2400 2036 2448 esse,
2065 2387 2110 2441 si

517 2471 639 2540 ejus
678 2486 845 2525 causa
872 2488 981 2528 non
1013 2488 1227 2542 semper
1274 2483 1441 2530 esset.
1476 2475 1687 2530 Etenim
1724 2492 1832 2532 non
1874 2486 1958 2533 est
1985 2494 2110 2532 vera

519 2561 869 2635 oratie,qu;e
914 2564 1046 2618 dicit
1109 2564 1350 2620 futurum
1399 2581 1524 2621 esse
1573 2567 1775 2637 aliquid
1823 2569 1913 2601 ““
1944 2612 1958 2637 ,
2007 2571 2111 2625 nisi

519 2654 698 2722 reipsa
746 2656 821 2710 sit
857 2656 1062 2727 aliquid
1114 2658 1383 2725 futurum;
1441 2676 1617 2730 neque
1670 2662 1873 2732 aliquid
1913 2663 2113 2719 estfu-

521 2756 733 2814 turum,
786 2748 833 2804 si
874 2764 981 2803 non
1012 2749 1083 2805 sit
1109 2750 1161 2805 in
1193 2766 1405 2805 smnma
1439 2754 1690 2809 veritate.
1730 2754 1996 2811 Similiter
2044 2758 2110 2813 de

524 2838 623 2890 illa
671 2838 1081 2909 intelligendum
1113 2852 1197 2895 est
1221 2842 1468 2899 oratione
1509 2844 1626 2912 “",
1652 2860 1773 2914 quae
1804 2848 1938 2902 dicit
1983 2849 2109 2918 quia

523 2929 860 2995 pmteritum
890 2938 974 2984 est
1004 2930 1232 3000 aliquid.
1256 2931 1390 2987 Nam
1415 2934 1461 2988 si
1489 2935 1636 2990 nullo
1663 2937 1937 2992 intellectu
1967 2942 2111 2995 veri-

523 3029 609 3071 tas
652 3018 886 3076 orationi
933 3020 1077 3083 huic,
1112 3021 1155 3076 si
1198 3022 1338 3077 facta
1391 3023 1596 3091 fuerit,
1641 3029 1831 3084 deesse
1883 3033 2109 3100 poterit,

526 3120 753 3162 necesse
789 3118 874 3164 est
904 3118 962 3163 ut
990 3112 1107 3180 ejus
1129 3113 1392 3183 veritatis,
1424 3132 1545 3186 qua:
1582 3133 1794 3175 summa
1824 3137 1987 3179 causa
2030 3135 2114 3179 est

522 3198 706 3261 istius,
746 3199 927 3256 nullus
958 3202 1084 3258 linis
1135 3204 1356 3277 intelligi
1409 3209 1598 3277 possit.
1637 3211 1844 3268 Idcirco
1880 3230 2115 3285 namque

525 3304 655 3345 vere
702 3290 902 3347 dicitur
942 3297 1275 3365 przeteritum
1306 3298 1398 3330 ³⁴¹³
1438 3316 1559 3356 esse
1617 3302 1839 3375 aliquid,
1870 3308 1996 3376 quia
2042 3309 2112 3362 ita

522 3392 605 3436 est
633 3386 686 3438 in
734 3400 795 3439 re
826 3400 843 3441 :
869 3393 924 3439 et
956 3387 1077 3442 ideo
1107 3398 1191 3443 cst
1220 3389 1423 3460 aliquid
1456 3396 1813 3465 praeteritum,
1859 3400 1985 3470 quia
2035 3401 2117 3457 sic

522 3476 687 3530 estin
718 3477 949 3533 veritate
992 3495 1225 3537 summa.
1268 3482 1613 3557 Quapropter
1637 3490 1682 3544 si
1720 3506 1993 3560 nunquam
2021 3507 2117 3562 pe-

527 3567 629 3621 tuit
658 3582 765 3621 non
801 3583 922 3624 esse
950 3585 1159 3639 verum,
1201 3574 1445 3632 futurum
1479 3593 1600 3635 esse
1625 3581 1832 3653 aliquid
1850 3623 1865 3647 ,
1893 3592 1950 3639 et
1977 3600 2116 3638 nun-

523 3671 689 3725 quam
739 3660 939 3728 poterit
973 3677 1079 3716 non
1107 3678 1231 3720 esse
1272 3680 1485 3734 verum,
1518 3673 1857 3741 praeteritum
1908 3673 2115 3743 aliquid

524 3762 678 3812 esse,
711 3747 1047 3820 impossibile
1091 3765 1177 3809 cst
1221 3756 1547 3828 principium
1597 3776 1823 3817 summae
1871 3762 2116 3820 veritatis

523 3842 713 3906 fuisse,
745 3853 838 3898 aut
868 3844 1031 3899 tinem
1077 3846 1319 3903 futurum
1357 3866 1498 3906 esse.
1537 3853 1682 3907 Disc.
1713 3852 1857 3909 Nihil
1890 3866 1995 3910 tu.c
2025 3872 2114 3911 ra-

527 3934 661 3989 tioni
695 3934 855 4006 ebjici
889 3952 1051 4009 posse
1079 3939 1253 3996 video.

987 4032 1217 4091 CAPUT
1247 4035 1315 4091 x1
1344 4035 1464 4110 [al.,
1495 4036 1640 4111 xu].

949 4124 1027 4180 De
1072 4129 1304 4183 veritatis
1358 4130 1686 4201 ili/finitione.

598 4212 739 4267 Mac.
791 4213 1097 4273 Redeamus
1149 4219 1245 4251 'm
1300 4220 1369 4274 ad
1420 4221 1822 4291 indagatienem
1870 4223 2117 4277 veritatis

525 4318 688 4372 quam
720 4305 1063 4375 inctepimus.
1088 4309 1240 4365 Disc.
1274 4310 1471 4365 'l‘otuni
1516 4313 1622 4368 hoc
1649 4313 1884 4382 pertinet
1929 4314 1995 4366 ad
2028 4313 2114 4368 in-

519 4394 830 4463 dagandam
858 4399 1169 4465 veritatem;
1206 4411 1575 4457 verumtamen
1609 4403 1721 4459 redi
1745 4404 1810 4458 ad
1839 4404 1982 4473 quod
2014 4405 2113 4459 vis.

2221 556 2418 615 praeter
2454 546 2778 617 subjectum,
2811 557 2865 604 et
2892 550 3282 619 cegnescitur?
3320 549 3431 607 Aut
3482 551 3528 605 si
3583 552 3815 621 alicujus

2219 640 2468 710 corporis
2517 642 2765 697 absentis
2818 642 2963 697 linea
3016 643 3297 698 dubitetur
3334 659 3403 696 an
3447 653 3595 698 recta
3634 646 3728 711 sit,
3758 658 3813 702 et

2220 732 2515 786 monstrari
2551 741 2730 800 potest
2755 733 2883 801 quia
2928 732 2981 788 in
3033 732 3235 789 nullam
3286 740 3500 803 partem
3531 733 3769 793 ﬂectitur
3793 781 3808 805 ,

2218 836 2401 878 nonne
2427 823 2641 878 ratione
2681 823 2954 893 colligitur
2990 824 3120 893 quia
3159 834 3365 880 rectam
3411 841 3531 883 eam
3582 844 3812 885 necesse

2218 921 2303 967 est
2341 913 2500 968 esse?
2526 913 2673 969 DISC.
2705 914 2901 969 Etiam.
2937 914 3044 970 Sed
3089 918 3280 972 eadem
3312 933 3432 988 qua:
3479 920 3559 975 sic
3595 921 3813 976 ratione

2218 1006 2689 1077 intelligitur,visu
2722 1008 2975 1075 sentitur,
3001 1009 3055 1063 in
3082 1010 3359 1079 subjecto;
3394 1010 3497 1066 illa:
3512 1025 3644 1067 vero
3672 1027 3811 1067 nen-

2217 1095 2321 1150 nisi
2374 1096 2488 1151 sola
2541 1106 2722 1151 mente
2770 1098 2975 1168 percipi
3021 1108 3269 1168 possunt.
3319 1100 3461 1156 Mtc.
3510 1099 3814 1158 Possumus

2217 1186 2399 1257 igitur,
2429 1186 2533 1241 nisi
2558 1186 2736 1252 fallor,
2768 1187 3003 1243 diﬂinire
3033 1188 3158 1258 quia
3182 1190 3383 1244 veritas
3412 1200 3497 1244 est
3535 1191 3812 1245 rectitude

2217 1279 2330 1332 sola
2382 1294 2564 1335 mente
2594 1281 2982 1352 perceptibilis.
3030 1282 3180 1338 DISC.
3215 1283 3373 1339 Nullo
3400 1286 3560 1340 modo
3587 1286 3690 1340 hoc
3729 1286 3813 1339 di-

2216 1379 2427 1425 contem
2458 1370 2571 1427 falli
2595 1373 2775 1428 video.
2808 1372 3015 1445 Nempe
3044 1390 3145 1429 nec
3173 1375 3312 1444 plus,
3349 1392 3449 1431 nec
3474 1377 3652 1431 minus
3680 1394 3814 1431 con-

2220 1460 2354 1516 tinet
2385 1462 2487 1516 ista
2540 1464 2789 1520 diliinitio
2825 1465 3078 1520 veritatis
3125 1482 3286 1535 quam
3337 1468 3631 1537 expediat,
3672 1485 3814 1539 quo-

2216 1555 2360 1609 niam
2407 1570 2604 1611 nomen
2638 1556 2980 1611 rectitudinis
3030 1557 3220 1612 dividit
3259 1573 3380 1612 eam
3426 1559 3495 1613 ab
3526 1561 3672 1614 enini
3727 1576 3810 1625 re,

2214 1661 2334 1715 qua:
2366 1645 2634 1701 rectitude
2667 1663 2775 1701 nou
2812 1656 3056 1702 vocatur.
3089 1648 3243 1716 Quod
3293 1664 3419 1704 vero
3468 1650 3582 1704 sola
3627 1663 3812 1707 mente

2217 1736 2419 1806 percipi
2448 1735 2671 1801 dicitur,
2695 1746 2912 1805 separat
2937 1752 3059 1792 eam
3092 1755 3121 1792 a
3154 1738 3482 1794 rectitudine
3511 1736 3736 1798 visibili.

2590 1826 2822 1883 CAPUT
2858 1828 2952 1882 XII
3001 1828 3119 1900 [al.,
3151 1828 3288 1902 XIII}
3313 1830 3407 1863 ⁸⁸³⁵

2651 1920 2727 1974 De
2752 1921 2985 1989 justitiw
3023 1921 3357 1991 (Ii/finitione.

2285 2014 2392 2068 Sed
2423 2012 2679 2081 quoniam
2719 2013 2954 2067 docuisti
2985 2027 3071 2067 me
3110 2028 3326 2067 onmem
3358 2015 3647 2070 veritatem
3686 2026 3811 2073 esse

2213 2106 2714 2168 rectitudinem,'et
2768 2105 3039 2159 rectitude
3090 2102 3233 2159 idem
3276 2104 3491 2160 videtur
3521 2108 3657 2162 mihi
3688 2123 3811 2164 esse

2213 2200 2356 2268 quod
2375 2195 2612 2264 justitia,
2643 2194 2913 2263 justitiam
2943 2190 3165 2265 quoque
3196 2195 3329 2249 doce
3363 2209 3450 2251 me
3470 2236 3485 2260 ,
3530 2198 3661 2267 quid
3689 2213 3812 2254 esse

2214 2290 2532 2359 intelligam.
2568 2287 2795 2343 Videtur
2821 2302 3054 2357 namque
3077 2288 3203 2358 quia
3232 2303 3394 2344 omne
3419 2291 3563 2358 quod
3596 2298 3807 2345 rectum

2212 2391 2458 2446 estesse,
2493 2380 2700 2450 justum
2727 2379 2892 2433 etiam
2921 2388 3006 2435 est
3035 2394 3157 2435 esse
3189 2396 3204 2433 :
3238 2388 3294 2435 et
3320 2382 3651 2447 eonversim,
3683 2383 3808 2452 quia

2212 2478 2355 2547 quod
2372 2478 2575 2548 justum
2596 2485 2839 2540 estesse,
2855 2486 3059 2531 rectum
3087 2486 3330 2533 estesse.
3346 2476 3560 2531 Justum
3580 2478 3731 2532 enim
3756 2488 3811 2532 et

2214 2576 2420 2622 rectum
2445 2564 2678 2631 videtur,
2720 2566 2899 2635 ignem
2930 2566 3163 2621 calidum
3195 2580 3347 2630 esse;
3372 2575 3427 2621 et
3449 2582 3810 2636 unumquem-

2213 2675 2317 2729 que
2340 2658 2645 2721 hominem,
2675 2658 2990 2728 diligentem
3027 2672 3086 2712 se
3126 2656 3373 2725 diligere.
3407 2654 3541 2710 Nam
3571 2656 3616 2710 si
3649 2656 3809 2727 quid-

2215 2749 2344 2819 quid
2373 2748 2535 2804 debet
2562 2762 2705 2813 esse,
2746 2754 2893 2802 recte
2920 2754 2975 2800 et
3013 2746 3162 2817 jnste
3206 2755 3320 2812 est;
3353 2761 3453 2801 nec
3483 2746 3631 2801 aliud
3663 2756 3810 2803 recte

2214 2839 2307 2872 ³³⁵¹⁶
2334 2850 2389 2894 et
2409 2839 2555 2909 juste
2581 2846 2682 2901 est,
2708 2838 2813 2893 nisi
2845 2839 2988 2907 quod
3039 2836 3204 2892 debet
3247 2851 3371 2893 esse
3414 2850 3431 2890 :
3463 2838 3609 2892 sicut
3656 2846 3805 2908 puto,

2216 2946 2323 2987 non
2367 2940 2547 3001 potest
2587 2930 2735 2985 aliud
2786 2944 2909 2985 esse
2943 2927 3158 2997 jnstitia
3198 2944 3360 2998 quam
3414 2929 3707 2985 rectitude.
3752 2929 3809 2983 In

2216 3028 2688 3093 summa‘_namque
2739 3031 2795 3079 et
2836 3022 3071 3093 simplici
3121 3032 3315 3077 natura
3344 3063 3359 3087 ,
3401 3021 3655 3093 quamvis
3700 3039 3806 3079 non

2218 3108 2338 3171 ideo
2366 3117 2436 3172 sit
2465 3126 2610 3172 recta
2639 3125 2693 3171 et
2715 3117 2889 3187 justa,
2914 3117 3042 3186 quia
3082 3115 3276 3171 debeat
3307 3114 3511 3185 aliquid
3531 3154 3547 3179 ,
3578 3114 3807 3170 dubium

2219 3219 2395 3265 tamen
2430 3227 2534 3265 non
2569 3218 2671 3273 est,
2696 3210 2836 3264 idem
2861 3224 2982 3263 esse
3021 3209 3404 3264 rectitudinem
3444 3216 3497 3262 et
3515 3206 3806 3276 justitiam.

2218 3302 2357 3357 Mao.
2388 3302 2569 3358 Habes
2610 3301 2776 3372 igitur
2817 3299 3194 3355 diﬂinitienem
3232 3298 3491 3367 j'ustitizn,
3521 3299 3568 3352 si
3593 3297 3809 3369 justitia

2217 3410 2323 3449 non
2351 3405 2437 3449 est
2462 3393 2610 3449 aliud
2642 3410 2805 3463 quam
2845 3392 3135 3447 rectitude.
3169 3391 3236 3445 Et
3266 3391 3523 3461 quoniam
3553 3377 3623 3446 de
3649 3392 3813 3450 recti-

2218 3488 2407 3544 tudine
2439 3488 2555 3544 sola
2608 3497 2789 3543 mente
2836 3484 3179 3557 perceptibili
3222 3484 3517 3555 loquimur,
3571 3484 3810 3539 invicem

2217 3593 2337 3634 sese
2364 3577 2637 3635 diiiioiunt
2663 3578 2867 3633 veritas
2890 3616 2905 3643 ,
2950 3586 3005 3633 et
3036 3576 3327 3642 rectitude,
3358 3583 3415 3629 et
3439 3575 3652 3648 justitia
3700 3593 3717 3631 :
3751 3584 3814 3631 ut

2215 3672 2307 3742 qui
2340 3686 2501 3727 unam
2531 3686 2719 3726 earum
2760 3668 2995 3735 noverit,
3027 3676 3083 3723 et
3114 3667 3250 3723 alias
3274 3667 3553 3731 nescierit,
3584 3683 3685 3738 per
3708 3683 3813 3721 no-

2217 3776 2327 3819 tam
2357 3766 2425 3822 ad
2457 3765 2763 3836 ignotarum
2792 3762 3081 3818 scientiam
3112 3760 3425 3832 pertingere
3463 3761 3669 3831 possit;
3699 3762 3814 3816 imo

2216 3859 2309 3928 qui
2340 3858 2553 3912 noverit
2604 3872 2789 3924 unam,
2824 3855 2961 3910 alias
3008 3855 3228 3910 nescire
3275 3870 3384 3910 non
3433 3855 3624 3925 possit.
3658 3854 3808 3911 Disc.

2216 3948 2352 4015 Quid
2395 3947 2557 4016 ergo?
2581 3947 2662 4001 An
2706 3947 2949 4001 dicemus
2975 3946 3207 4016 lapidem
3239 3943 3469 4014 justum,
3502 3962 3627 4001 cum
3656 3960 3685 4000 a
3717 3962 3811 4000 su-

2215 4038 2524 4111 perioribus
2558 4036 2817 4094 inferiora
2842 4037 3010 4107 petit;
3052 4037 3180 4108 quia
3216 4037 3320 4092 hoc
3351 4036 3515 4105 facit,
3543 4039 3687 4108 quod
3714 4039 3812 4094 de-

2215 4133 2326 4199 bet,
2357 4130 2812 4202 quemadmodum
2862 4129 3093 4184 dicimus
3150 4129 3429 4186 hominem
3455 4130 3685 4200 justum,
3717 4130 3811 4199 qui

2215 4223 2358 4292 quod
2399 4222 2559 4278 debet
2583 4220 2715 4276 facit
2746 4220 2878 4274 “'1?
2907 4219 3045 4275 MAG.
3082 4219 3198 4276 Non
3229 4222 3468 4277 solemus
3498 4220 3809 4290 hujusmodi

2207 4310 2422 4380 justitia
2478 4311 2571 4343 ³⁸¹⁸
2614 4308 2823 4380 justum
2876 4310 3080 4364 dicere.
3125 4313 3272 4367 Disc.
3327 4311 3439 4367 Cur
3478 4326 3608 4381 ergo
3641 4312 3811 4381 magis

2219 4406 2381 4459 homo
2428 4419 2592 4473 quam
2643 4402 2781 4472 lapis
2809 4398 2903 4433 ³⁸⁸³
2928 4400 3108 4469 justus
3135 4411 3252 4468 est,
3300 4401 3345 4457 si
3391 4412 3621 4471 uterque
3664 4400 3811 4469 juste

530 4484 669 4538 MAG.
720 4486 818 4542 Dic
857 4503 985 4559 ergo
1030 4491 1163 4546 mihi
1216 4508 1286 4546 an
1346 4492 1443 4547 tibi
1473 4494 1721 4548 videatur
1771 4510 1892 4550 esse
1925 4496 2107 4565 aliqua
2144 4525 2186 4579 Β
2217 4495 2388 4549 facit?
2418 4493 2556 4549 MAG.
2600 4493 2678 4547 Tu
2723 4494 2836 4563 ipse
2885 4509 2954 4546 an
2996 4508 3099 4546 non
3127 4500 3288 4560 putas
3318 4490 3501 4545 facere
3549 4488 3807 4552 heminis,

528 4577 798 4632 rectitude
823 4579 949 4645 alia,
974 4590 1173 4650 praeter
1204 4585 1300 4640 has
1332 4601 1469 4654 quas
1514 4588 1866 4657 contemplati
1902 4603 2109 4642 sumus.

529 4669 677 4723 Disc.
712 4667 823 4725 Non
875 4671 978 4726 alia
1016 4683 1213 4742 praeter
1261 4676 1378 4741 has,
1410 4676 1514 4730 nisi
1552 4677 1639 4729 illa
1671 4692 1789 4746 qua:
1817 4686 1904 4732 est
1941 4677 1994 4731 in
2030 4693 2116 4733 re-

527 4759 632 4813 bus
667 4762 967 4827 corporeis,
1007 4778 1128 4831 qua:
1170 4764 1395 4819 multum
1424 4776 1509 4821 cst
1543 4767 1719 4823 aliena
1758 4770 1826 4825 ab
1871 4769 2011 4833 istis,
2060 4778 2119 4822 ut

532 4850 804 4907 rectitude
838 4852 1025 4923 virgze.
1061 4853 1201 4909 MAG.
1249 4854 1305 4909 In
1352 4873 1462 4926 quo
1496 4858 1588 4914 tibi
1628 4859 1719 4913 illa
1768 4859 1980 4914 videtur
2017 4857 2119 4915 dif-

530 4942 678 4999 ferre
704 4944 773 4999 ab
803 4945 942 5001 istis.
983 4946 1129 5001 Disc.
1162 4947 1297 5013 Quia
1344 4948 1428 5003 illa
1458 4950 1571 5006 visu
1613 4967 1877 5021 corporeo
1914 4966 2113 5019 cogno-

528 5037 607 5092 sci
648 5047 852 5108 potest;
905 5039 1037 5094 istas
1071 5042 1297 5097 rationis
1327 5044 1470 5112 capit
1515 5046 1921 5116 contemplatio.
1971 5044 2111 5098 MAG.

2221 4604 2250 4642 a
2293 4586 2473 4643 facere
2524 4587 2719 4656 lapidis
2768 4586 2952 4655 alique
3005 4584 3167 4639 modo
3219 4582 3473 4639 ditfcrre?
3508 4581 3653 4637 Disc.
3683 4579 3809 4636 Scio

2223 4680 2350 4750 quia
2398 4681 2560 4735 homo
2606 4688 2818 4748 sponte,
2847 4677 2988 4747 lapis
3018 4675 3341 4731 naturaliter
3378 4684 3435 4730 et
3481 4688 3586 4728 non
3619 4680 3808 4743 sponte

2224 4771 2377 4826 facit.
2421 4770 2562 4826 ΜΑϐ.
2599 4770 2806 4825 Idcirco
2848 4770 2985 4838 lapis
3023 4784 3129 4824 neu
3176 4768 3376 4822 dicitur
3415 4764 3617 4834 justus,
3682 4764 3803 4831 quia

2225 4879 2332 4918 non
2363 4861 2639 4930 estjustus
2664 4862 2753 4931 qui
2772 4850 2909 4914 facit
2938 4859 3081 4929 quod
3107 4859 3290 4923 debet,
3314 4857 3357 4911 si
3383 4872 3489 4911 non
3529 4854 3643 4909 vult
3668 4850 3803 4922 quod

2226 4952 2376 5006 facit.
2409 4950 2554 5005 Dtsc.
2586 4950 2838 5005 Dicemus
2882 4964 3013 5018 ergo
3039 4947 3246 5017 justum
3276 4962 3404 5001 eSse
3440 4960 3662 5015 equum,
3688 4957 3802 4995 eum

2225 5041 2339 5096 vult
2386 5056 2647 5113 pascere,
2689 5041 2814 5112 quia
2847 5038 3034 5095 volens
3076 5036 3209 5092 facit
3242 5036 3385 5106 quod
3427 5034 3625 5089 debet?
3668 5032 3799 5086 Mss.

1790 5219 2022 5275 VAIlIIE
2062 5219 2469 5277 LECTIONES.

601 5330 694 5361 ³³⁰³
734 5331 1014 5397 Quomodo
1071 5336 1171 5389 ista
1221 5352 1319 5389 ms.
1370 5336 1504 5390 Viri.
1548 5336 1599 5388 5.
1648 5335 1903 5403 quoniam
1951 5335 2051 5387 ista
2088 5334 2227 5405 ηδθοθν
2273 5333 2440 5391 lictis,
2495 5332 2749 5405 quoniam
2801 5347 2918 5405 ms;
2960 5329 3147 5382 Cister.
3195 5326 3384 5405 licus,_
3414 5325 3521 5405 sed
3556 5325 3799 5405 quoniam

530 5399 643 5481 3‘”.
675 5395 899 5466 Quando
943 5406 1125 5481 oratio
1170 5422 1295 5459 mss.
1357 5409 1573 5476 quando
1619 5395 1886 5481 si'loratio
1960 5405 2051 5437 "‘”
2083 5395 2687 5481 Futurutnnesse'aliud
2731 5418 2857 5481 nias.
2894 5399 3135 5481 futurum
3168 5413 3290 5481 esse
3318 5396 3548 5481 aliquid“
3600 5396 3693 5426 3*”

530 5465 762 5547 veritate
785 5473 1045 5529 orationis
1072 5493 1196 5529 mss.
1242 5487 1325 5531 est
1355 5465 1601 5532 oratione
1672 5476 1767 5507 ³¹⁶¹³
1796 5474 1933 5530 Vere
1963 5476 2305 5547 prteterittnn
2328 5474 2523 5547 dicitur
2554 5490 2678 5526 mss.
2733 5471 2869 5525 Vict.
2918 5486 3044 5547 vero
3064 5469 3279 5547 _dicitnr
3316 5467 3648 5547 pra-teritum
3694 5465 3797 5547 ,εἰη

532 5540 985 5622 Βυίξοειιηιιξιριοη
1020 5544 1085 5599 In
1123 5563 1245 5599 mss.
1286 5550 1626 5602 continuatur
1653 5556 1809 5613 caput
1844 5534 2306 5622 prwccdeusmmf
2345 5544 2435 5622 {ist
2480 5545 2684 5622 inruas.
2734 5552 2890 5622 cqpu}
2929 5540 3016 5594 12.
3054 5539 3128 5622 Ιιέὶ
3154 5534 3799 5622 uris.lilenlust‘i'tize‘ded-

536 5609 741 5688 nitioue
786 5611 907 5688 _3““’
930 5614 1040 5688 Nec
1060 5616 1261 5683 aliquid
1295 5628 1439 5672 recte
1462 5635 1585 5671 uias.
1632 5606 1729 5671 nec
1754 5606 1859 5688 alin
1912 5625 2058 5669 recte
2128 5614 2234 5688 3"”,
2270 5614 2370 5688 Qui
2398 5617 2541 5688 quod
2566 5614 2751 5688 debet
2774 5606 2901 5667 facit
2936 5609 3157 5688 φης-ξς..
3185 5609 3345 5688 ιιζὲτζι.
3382 5606 3591 5688 Regii.
3621 5606 3793 5688 Cia"-

532 5680 987 5757 fltt‘nlul‘acitquol
1012 5680 1173 5757 tleliet
1246 5688 1339 5717 3"“
1387 5688 1700 5757 Ilnjnsniodi
1741 5704 1770 5740 a
1805 5686 2013 5757 justitia
2064 5702 2184 5738 tuas.
2225 5680 2528 5757 hujusmodi
2558 5682 2766 5757 justitia
2790 5699 2905 5757 Δηις.
2936 5681 2995 5736 S.
3029 5681 3192 5741 ΜὲίΙε.
3226 5680 3529 5749 hujusmodi
3558 5680 3793 5754 iustitiam

530 5752 626 5782 3"“
657 5750 829 5809 Ilomo
856 5770 1014 5825 quam
1054 5754 1188 5824 lapis
1218 5773 1339 5811 mss.
1378 5759 1437 5813 S.
1465 5750 1773 5812 Μώαϐος.
1806 5750 1839 5811 ti
1866 5756 2049 5811 Cistcr.
2090 5759 2248 5811 homo
2269 5750 2467 5825 justus,
2504 5770 2666 5825 quam
2699 5753 2832 5825 lapis
