4050 6294
261 333 360 391 881

1454 326 1730 385 DlALOG.
1773 326 1864 384 DE
1905 327 2260 390 VERITATE
2275 371 2288 386 .

3435 347 3542 405 1-82

252 447 367 502 Non
422 446 588 520 ιιι
629 445 738 502 ιιίιί
777 445 982 515 justum
1013 459 1132 501 esse
1174 459 1322 510 cum,
1349 444 1456 514 'qui
1495 444 1626 502 facit
1656 443 1842 500 volens
1870 446 1920 506 A
1948 446 2002 500 in
2027 448 2192 505 nobis
2217 451 2619 520 cognoscimus.
2656 454 2794 512 MAG.
2822 456 2932 512 Cur
2973 469 3156 516 autem
3195 463 3292 517 tibi
3326 465 3542 521 videtur

251 540 394 610 quod
423 539 614 607 debet;
660 538 756 592 sed
789 538 897 592 dixi
931 553 1037 594 non
1078 553 1200 594 esse
1226 536 1460 606 justum,
1491 538 1582 606 qui
1611 552 1717 592 non
1765 537 1845 591 fa.

251 628 324 684 cit
355 627 549 682 volens
578 627 723 694 quod
752 627 930 681 debet.
963 626 1110 682 Dtsc.
1140 627 1236 685 Dic
1266 642 1398 698 ergo
1425 626 1548 696 quis
1572 628 1642 681 sit
1665 625 1846 694 justus

253 719 384 771 'm?
433 717 577 773 MAG.
603 717 848 786 Qumris,
887 726 947 772 ut
973 718 1152 784 video,
1184 717 1561 772 dillinitionem
1591 716 1838 782 justitia}.

250 810 335 865 cui
386 810 511 866 laus
541 809 802 875 debetur;
853 809 996 864 sicut
1025 811 1300 865 contrario
1329 811 1475 881 ejus.
1515 809 1723 864 scilicet
1756 810 1844 872 ius

246 900 473 970 justitia:
529 901 761 956 debetur
812 901 1163 970 vituperatio.
1219 902 1368 956 DISC.
1423 901 1575 956 Illam
1635 916 1842 970 quaero.

250 991 388 1047 Mm.
415 991 648 1050 Constat
679 992 806 1062 quia
835 992 924 1046 illa
945 992 1154 1064 justitia
1176 1009 1280 1048 non
1305 1002 1389 1048 est
1413 993 1465 1047 in
1496 994 1605 1048 ulla
1628 1004 1844 1062 natura,

248 1098 368 1154 qua:
401 1082 792 1151 reetitudinem
819 1098 926 1137 non
954 1081 1223 1154 agnoscit.
1259 1081 1536 1153 Quidquid
1568 1084 1712 1138 enim
1738 1099 1848 1138 non

249 1171 360 1237 vult
418 1171 832 1237 rectitudinem,
860 1173 1079 1228 etiamsi
1109 1186 1230 1227 eam
1258 1181 1432 1238 tenet,
1463 1188 1570 1228 non
1603 1185 1848 1231 meretur

250 1262 492 1329 laudem,
518 1265 646 1335 quia
681 1272 828 1321 tenet
859 1263 1283 1330 rectitudinem;
1314 1264 1454 1321 velle
1483 1274 1668 1321 autem
1694 1266 1844 1322 illam

249 1369 355 1408 non
404 1354 575 1419 valet,
623 1353 716 1424 qui
767 1355 943 1410 nescit
983 1369 1129 1410 eam.
1167 1357 1312 1410 DISC.
1344 1371 1534 1410 verum
1570 1366 1673 1412 est.
1701 1356 1842 1413 MAG.

249 1442 555 1497 Rectitudo
581 1443 768 1512 igitur,
799 1457 921 1513 quae
968 1445 1174 1500 tenenti
1223 1459 1283 1499 se
1330 1444 1548 1500 laudem
1587 1447 1840 1516 acquirit,

248 1551 354 1590 non
385 1545 473 1591 est
504 1537 608 1592 nisi
644 1538 696 1592 in
723 1537 1223 1602 rationalinatura,
1249 1553 1370 1608 quae
1412 1537 1527 1594 sola
1564 1538 1844 1594 rectitudi-

247 1641 394 1692 nem,
426 1628 493 1682 de
523 1643 630 1700 qua
669 1627 964 1698 loquimur,
1001 1628 1254 1699 percipit.
1284 1629 1434 1685 Disc.
1481 1628 1559 1686 lta
1593 1629 1844 1699 sequitur

245 1716 390 1773 llas.
444 1732 578 1790 ergo
612 1718 874 1789 quoniam
925 1719 1104 1775 omnis
1152 1721 1365 1790 justitia
1411 1729 1496 1777 est
1527 1720 1836 1788 rectitudo,

1949 540 2240 611 unicuique
2264 542 2552 600 volendum
2575 549 2717 617 quod
2743 550 2876 617 vult,
2904 561 2962 606 ut
2988 551 3314 610 laudabilem
3341 557 3541 612 habent

1949 631 2318 689 voluntatem?
2357 635 2496 703 Quid
2534 641 2677 695 enim
2709 643 2998 698 volentium
3039 645 3128 708 sit,
3182 646 3362 716 palam
3413 661 3533 716 est;

1947 721 2078 791 quia
2115 722 2207 792 qui
2239 740 2345 780 non
2369 725 2486 780 vult
2509 730 2652 797 quod
2685 730 2861 796 debet,
2887 733 3067 804 justus
3111 751 3217 791 non
3256 746 3359 793 est.
3393 739 3539 794 Disc.

1948 809 2059 866 Nec
2091 811 2270 867 minus
2300 824 2545 883 apertum
2588 817 2720 872 mihi
2751 820 2965 875 videtur
3011 824 3138 893 quia
3186 825 3326 881 sicut
3357 828 3542 882 volen-

1949 901 2078 956 dum
2125 912 2210 958 est
2239 905 2529 976 unicuique
2577 911 2719 978 quod
2757 911 2951 977 debet;
2993 915 3064 968 ita
3115 916 3401 972 volendum
3455 929 3541 974 cst

1949 990 2258 1064 ideo,,quia
2291 995 2478 1064 debet,
2521 998 2743 1068 utjusta
2792 1003 2865 1058 sit
2912 1003 3031 1073 ejus
3075 1008 3353 1064 voluntas.
3393 1001 3538 1068 hinc.

1948 1081 2093 1139 Bene
2125 1084 2382 1156 intelligis
2413 1088 2528 1145 hzec
2556 1090 2663 1146 duo
2693 1094 3003 1149 necessaria
3033 1110 3153 1152 esse
3183 1090 3447 1154 voluntati
3471 1103 3540 1156 ad

1942 1174 2216 1246 justitiam
2249 1179 2430 1234 :velle
2460 1181 2671 1238 scilicet
2713 1185 2858 1254 quod
2887 1187 3081 1254 debet;
3116 1203 3179 1244 ac
3225 1189 3369 1256 ideo,
3413 1193 3539 1261 quia

1946 1267 2129 1324 debet.
2168 1268 2275 1326 Sed
2325 1271 2414 1327 die
2450 1287 2519 1328 an
2550 1273 2841 1332 sulliciant.
2884 1279 3032 1334 Disc.
3082 1279 3192 1334 Cur
3225 1282 3366 1335 non?
3395 1282 3532 1338 Μω.

1945 1357 2080 1415 Cum
2107 1360 2304 1431 aliquis
2335 1362 2451 1418 vult
2481 1367 2627 1435 quod
2667 1367 2846 1434 debet,
2875 1371 3004 1440 quia
3041 1372 3286 1443 cogitur;
3332 1384 3387 1429 et
3415 1373 3539 1428 ideo

1945 1451 2177 1522 cogitur.
2202 1453 2333 1522 quia
2379 1455 2482 1510 hoc
2524 1457 2663 1512 velle
2691 1459 2895 1515 debet:
2934 1477 3114 1518 nonne
3153 1464 3241 1519 hic
3281 1467 3539 1536 quodam-

1943 1542 2106 1597 modo
2131 1543 2247 1598 vult
2288 1547 2432 1614 quod
2483 1546 2645 1603 debet
2679 1545 2960 1618 quoniam'
2985 1553 3181 1608 debet?
3233 1555 3383 1610 Disc.
3423 1555 3540 1620 Non

1941 1646 2166 1701 possum
2213 1648 2444 1703 negare;
2494 1637 2588 1692 sed
2629 1637 2737 1694 alio
2784 1639 2947 1696 modo
2977 1643 3092 1697 vult
3141 1644 3248 1700 istc
3280 1645 3398 1716 ³⁵³³,
3433 1646 3542 1705 alio

1901 1742 1916 1812 '_
1942 1724 2102 1812 modo
2125 1725 2240 1780 vult
2261 1725 2461 1794 justus.
2503 1729 2644 1785 MAG.
2677 1731 2960 1804 Distingue
2987 1734 3119 1792 istos
3153 1738 3362 1793 modos.
3389 1740 3537 1812 Disc.

245 1810 572 1866 nullatenus
594 1820 682 1866 est
700 1810 940 1882 justitia,
970 1827 1092 1884 quae
1119 1821 1432 1869 servantem
1458 1827 1519 1868 se
1557 1811 1694 1867 facit
1723 1811 1838 1866 lau-
1869 1797 1918 1859 Β
1945 1811 2128 1870 Justus
2159 1830 2416 1888 namque,
2450 1833 2572 1874 cum
2604 1821 2719 1876 vult
2747 1797 2890 1893 quod
2923 1829 3103 1891 debet,
3131 1838 3315 1884 servat
3346 1809 3539 1886 volun-

244 1905 504 1968 dabilem,
532 1905 634 1961 nisi
665 1906 720 1960 in
747 1905 1124 1963 rationalibus.
1156 1907 1304 1963 Disc.
1332 1903 1447 1961 Non
1488 1913 1668 1976 potest
1683 1903 1844 1960 aliter

239 2011 388 2053 esse.
441 1996 586 2052 ΜΑο.
621 1995 722 2052 Ubi
755 1997 920 2066 igitur
969 1997 1066 2053 tibi
1109 1997 1324 2052 videtur
1385 1997 1492 2052 ista
1532 1996 1743 2066 justitia
1785 1995 1841 2051 in

239 2089 492 2154 homine,
525 2087 656 2159 quia
689 2088 975 2145 rationalis
1020 2089 1139 2145 est?
1170 2089 1320 2144 Dtsc.
1346 2087 1464 2146 Non
1495 2095 1583 2144 est
1609 2087 1713 2144 nisi
1745 2095 1842 2143 aut

243 2183 300 2239 in
351 2183 661 2249 voluntate,
711 2191 808 2238 aut
853 2183 909 2238 in
955 2183 1208 2250 scientia,
1239 2191 1334 2237 aut
1369 2181 1425 2237 in
1471 2196 1660 2252 opere.
1695 2180 1839 2240 MAG.

239 2267 412 2342 Quid,
454 2272 502 2330 si
532 2274 656 2345 quis
692 2281 844 2330 recte
888 2273 1181 2345 intelligit,
1231 2281 1327 2329 aut
1369 2285 1517 2330 recte
1557 2284 1838 2345 operatur,

239 2380 351 2420 non
383 2372 572 2419 autem
601 2371 749 2420 recte
782 2363 944 2431 velit;
990 2363 1236 2419 laudabit
1282 2379 1406 2419 eum
1437 2364 1722 2434 quisquam
1771 2365 1841 2420 de

235 2457 515 2527 justitia?
543 2455 689 2511 Dtsc.
720 2454 859 2511 Non.
893 2455 1032 2512 ΜΑο.
1069 2455 1210 2527 Ergo
1233 2471 1341 2511 non
1381 2464 1466 2512 est
1496 2458 1598 2512 ista
1625 2458 1838 2529 justitia

239 2548 493 2605 scientiae
515 2548 806 2613 rectitude,
829 2556 923 2601 aut
953 2547 1222 2603 rectitude
1249 2546 1512 2613 actionis;
1548 2548 1643 2603 sed
1677 2549 1840 2603 recti-

237 2642 371 2696 tudo
403 2639 726 2695 voluntatis.
756 2639 902 2694 Dtsc.
935 2638 1044 2692 Aut
1075 2638 1177 2693 hoc
1218 2638 1344 2701 erit,
1377 2648 1470 2692 aut
1498 2637 1655 2692 nihil.
1693 2637 1834 2693 MAG.

237 2732 477 2787 Videtur
515 2730 610 2785 tibi
649 2729 978 2784 sullicienter
1017 2743 1138 2784 esse
1177 2726 1402 2783 diliinita
1434 2727 1643 2802 jusjitia
1672 2743 1837 2798 quam

236 2823 580 2894 quaerimus?
606 2823 752 2878 DISC.
778 2822 856 2876 Tu
883 2823 1021 2877 vide.
1045 2821 1186 2876 MAG.
1215 2821 1534 2894 Quicunque
1559 2820 1672 2874 vult
1696 2820 1838 2890 quod

239 2917 428 2980 debet,
457 2923 620 2985 putas
649 2929 772 2968 eum
803 2923 950 2969 recte
973 2913 1112 2968 velle
1131 2922 1196 2968 et
1221 2913 1428 2968 habere
1453 2912 1840 2966 rectitudinem

234 3006 575 3064 voluntatis?
601 3006 746 3060 Disc.
767 3004 838 3073 Si
879 3005 1002 3074 quis
1041 3007 1295 3060 nesciens
1321 3005 1432 3059 vult
1461 3006 1603 3076 quod
1635 3006 1792 3061 debet
1822 3024 1835 3061 :

233 3109 295 3154 ιιι
313 3113 445 3154 eum
491 3096 610 3150 vult
637 3096 836 3151 ostium
867 3096 1120 3152 claudere
1147 3107 1339 3152 contra
1378 3096 1529 3152 illum
1571 3098 1685 3166 qui,
1720 3098 1837 3168 ipso

231 3190 555 3253 nesciente,
591 3187 708 3241 vult
736 3187 790 3242 in
834 3189 993 3242 domo
1043 3188 1208 3242 alimn
1247 3188 1527 3252 occidere;
1575 3189 1690 3244 sive
1734 3189 1837 3244 iste

232 3287 468 3351 habeat,
498 3283 616 3340 sive
639 3297 746 3337 non
777 3283 975 3338 habeat
1003 3281 1240 3352 aliquam
1280 3283 1578 3337 voluntatis
1614 3285 1836 3337 rectitu-

232 3377 450 3443 dinem,
488 3389 595 3430 non
620 3373 783 3429 habet
814 3373 958 3428 illam
991 3389 1154 3444 quam
1183 3373 1497 3443 quan'imus.
1527 3372 1666 3428 Diae.
1694 3375 1834 3440 Quid

231 3452 376 3522 dicis
419 3466 489 3521 de
513 3466 606 3523 illo
625 3467 717 3537 qui
741 3467 843 3521 scit
877 3481 938 3521 se
963 3465 1162 3520 debere
1186 3461 1320 3518 velle
1343 3463 1485 3532 quod
1521 3463 1666 3516 vult?
1689 3463 1832 3518 Dtsc.

229 3554 431 3612 Potest
451 3556 772 3627 contingere
805 3564 863 3609 ιιι
894 3553 1210 3625 intelligens
1231 3553 1361 3608 velit
1395 3555 1538 3622 quod
1574 3553 1753 3619 debet,
1780 3563 1835 3608 et

229 3648 374 3704 nolit
425 3661 489 3702 se
538 3647 754 3704 debere.
805 3646 940 3702 Nam
975 3663 1099 3701 cum
1149 3646 1291 3700 latro
1340 3647 1555 3716 cogitur
1592 3645 1831 3701 ablatam

229 3741 473 3798 reddere
504 3740 817 3811 pecuniam,
848 3738 1026 3810 palam
1069 3745 1154 3792 est
1179 3737 1306 3807 quia
1336 3753 1445 3792 non
1493 3737 1605 3792 vult
1651 3753 1709 3793 se
1737 3739 1834 3793 de-

227 3834 402 3900 bere;
434 3833 696 3904 quouiam
736 3832 857 3886 ideo
887 3831 982 3864 ’W
1012 3830 1224 3899 cogitur
1249 3829 1386 3886 velle
1413 3827 1672 3896 reddere,
1706 3831 1832 3900 quia

227 3926 403 3981 debet
436 3943 452 3980 :
486 3923 582 3978 sed
616 3923 704 3978 hic
735 3924 1046 3978 nullatenus
1091 3921 1397 3978 laudandus
1423 3931 1508 3977 est
1534 3923 1637 3978 hac
1668 3924 1831 3978 recti-

227 4018 447 4079 tudine.
500 4015 642 4072 lis.
673 4016 774 4086 Qui
811 4016 958 4072 cibat
1004 4015 1332 4070 esurientem
1363 4030 1655 4083 pauperem
1705 4031 1834 4086 pro-

224 4119 355 4178 pter
383 4108 608 4164 inanem
631 4109 882 4178 gloriam.
903 4105 1018 4162 vult
1039 4123 1098 4162 se
1122 4107 1322 4162 debere
1360 4107 1494 4162 velle
1517 4107 1658 4177 quod
1681 4107 1790 4162 vult
1815 4126 1830 4162 :

224 4197 446 4252 idcirco
476 4213 712 4270 namque
730 4199 1001 4264 laudatur,
1030 4197 1157 4267 quia
1202 4195 1317 4252 vult
1357 4195 1540 4252 facere
1573 4197 1715 4266 quod
1737 4199 1833 4253 de-

223 4286 318 4342 bet
343 4306 360 4342 :
395 4288 534 4359 quid
558 4288 741 4358 itaque
761 4289 828 4345 de
853 4287 1223 4360 istojudicas?
1251 4289 1400 4345 Dtsc.
1424 4287 1539 4343 Non
1570 4297 1654 4343 est
1672 4289 1833 4359 hujus

223 4380 518 4436 rectitude
547 4380 842 4448 laudanda;
872 4391 926 4439 et
952 4383 1074 4438 ideo
1099 4398 1216 4439 non
1244 4380 1442 4437 sulIieit
1471 4382 1538 4436 ad
1561 4380 1828 4451 jllSlillam

1864 3151 1912 3216 C

1948 1907 2078 1963 tatis
2131 1909 2512 1966 rectitudinem
2552 1926 2661 1969 non
2713 1926 2942 1987 propter
2978 1919 3148 1984 aliud,
3206 1921 3530 1991 inquautum

1939 1995 2117 2068 justus
2143 2006 2422 2070 est,quam
2445 2001 2538 2033 ““
2568 2014 2786 2075 propter
2816 2007 2989 2076 ipsam
3017 2011 3538 2080 rectitudinem.Qni

1944 2097 2128 2146 autem
2157 2091 2376 2147 nonnisi
2404 2103 2645 2159 coactus,
2681 2104 2776 2150 aut
2821 2106 3083 2154 extranea
3113 2101 3366 2156 mercede
3402 2117 3537 2156 cou-

1945 2178 2162 2248 duetus,
2192 2182 2310 2238 vult
2356 2183 2501 2254 quod
2553 2186 2718 2242 debet
2763 2186 2835 2260 (si
2877 2203 3102 2245 servare
3144 2190 3409 2249 dicendus
3452 2204 3541 2250 est

1947 2273 2353 2345 rectitudinem)
2395 2290 2503 2331 non
2551 2291 2674 2333 eam
2714 2288 2897 2334 servat
2927 2292 3153 2354 propter
3202 2282 3403 2353 ipsam,
3443 2287 3539 2340 sed

1945 2373 2173 2433 propter
2195 2365 2362 2421 aliud.
2387 2367 2528 2424 MAG.
2561 2369 2830 2426 Voluntas
2856 2387 2987 2444 ergo
3011 2372 3099 2428 illa
3127 2372 3278 2444 justa
3309 2375 3539 2432 dicenda

1946 2464 2033 2509 est
2051 2453 2166 2521 ³⁸³⁸,
2193 2472 2316 2526 quae
2346 2459 2431 2512 sui
2464 2461 2845 2516 rectitudinem
2883 2473 3065 2519 servat
3098 2476 3322 2537 propter
3362 2469 3546 2537 ipsam.

1948 2549 2350 2604 rectitudinem.
2381 2551 2531 2605 DISC.
2585 2553 2696 2607 Aut
2756 2554 2893 2616 ista,
2947 2565 3041 2610 aut
3089 2558 3236 2614 nulla
3283 2561 3542 2618 voluntas

1938 2640 2084 2710 justa
2116 2652 2217 2697 est.
2253 2641 2394 2698 MAG.
2425 2641 2646 2698 Iustitia
2682 2645 2849 2715 igitur
2879 2657 2962 2700 est
2989 2637 3255 2704 rectitudo
3289 2651 3549 2708 volunta-.

1946 2733 2015 2788 tis
2061 2743 2284 2805 propter
2319 2749 2378 2790 se
2429 2743 2666 2792 servata.
2705 2739 2847 2792 DISC.
2881 2739 2995 2794 haec
3036 2747 3118 2794 cst
3148 2738 3373 2810 justitim
3402 2739 3546 2797 dillio.

1942 2827 2109 2892 nitio,
2158 2827 2681 2898 quam~quzerebam.
2718 2829 2858 2885 Mne.
2906 2829 3038 2885 Vide
3077 2841 3257 2889 tamen
3300 2850 3366 2898 ne
3398 2835 3538 2890 forte

1941 2916 2144 2985 aliquid
2177 2917 2228 2971 in
2261 2932 2324 2973 ca
2378 2919 2575 2974 debeat
2605 2920 2831 2992 corrigi.
2866 2923 3011 2979 DISC.
3056 2924 3168 2994 Ego
3209 2924 3345 2978 nihil
3377 2907 3435 2979 in
3471 2941 3538 2981 ea

1941 3010 2343 3080 corrigendum.
2369 3010 2510 3067 MAG.
2559 3010 2670 3067 Nec
2719 3029 2840 3085 ego.
2875 3014 3030 3070 Nulla
3065 3031 3300 3088 namque
3325 3005 3538 3088 justitia

1941 3110 2048 3166 est,
2077 3117 2197 3171 quae
2233 3120 2338 3160 non
2389 3113 2472 3159 est
2514 3105 2828 3172 rectitude;
2858 3123 2959 3163 nec
2989 3108 3119 3175 alia,
3159 3125 3322 3178 quam
3368 3110 3538 3164 recti-

1945 3194 2072 3248 tudo
2098 3192 2414 3260 voluntatis,
2435 3193 2649 3264 justitia
2681 3196 2887 3251 dicitur
2916 3213 3016 3268 per
3050 3213 3128 3253 se.
3148 3198 3356 3253 Dicitur
3383 3199 3530 3262 enim

1940 3283 2210 3338 rectitudo
2257 3283 2508 3347 actionis,
2542 3282 2793 3352 justitia;
2835 3286 2929 3340 sed
2973 3287 3186 3340 nonnisi
3231 3303 3352 3340 cum
3386 3284 3535 3354 justa

1938 3374 2220 3430 voluntate
2279 3375 2336 3429 iit
2386 3376 2550 3430 actio.
2616 3365 2930 3432 Rcctitudo'
2965 3388 3146 3433 autem
3197 3378 3532 3444 voluntatis,

1936 3466 2148 3519 etiamsi
2194 3464 2528 3535 impossibile
2576 3465 2647 3520 sit
2695 3465 2813 3520 ﬁeri
2847 3466 2991 3536 quod
3042 3475 3192 3523 recte
3234 3467 3526 3536 volumus,

1939 3564 2123 3610 tamen
2154 3569 2502 3625 nequaquam
2535 3556 2737 3610 amittit
2779 3555 3244 3625 nomenjustitim.
3271 3559 3406 3634 Quia
3436 3551 3533 3613 au~

1937 3655 2046 3702 tem
2075 3657 2294 3701 servata
2331 3644 2534 3701 dicitur
2565 3663 2578 3700 :
2612 3645 2777 3702 Forte
2827 3648 2969 3703 dicet
2999 3648 3197 3718 aliquis
3223 3690 3238 3715 ,
3281 3650 3329 3722 psi
3373 3635 3534 3706 recti-

1937 3739 2064 3794 tudo
2103 3737 2394 3794 voluntatis
2442 3739 2654 3794 nonnisi
2697 3755 2821 3794 cum
2853 3750 3126 3803 servatur,
3171 3741 3402 3796 dicenda
3446 3753 3533 3797 cst

1929 3828 2170 3898 justitia;
2196 3817 2302 3883 non
2334 3843 2459 3882 mox
2497 3837 2554 3883 ut
2582 3830 2832 3894 habetur,
2866 3822 2950 3885 cst
2973 3830 3183 3899 justitia
3219 3849 3234 3885 :
3265 3849 3365 3887 nec
3389 3834 3532 3887 acci-
3568 3819 3571 3822 ’

1933 3917 2112 3988 pimus
2132 3917 2226 3950 'm
2256 3907 2552 3986 jusdtiam,
2583 3932 2705 3971 cum
2736 3916 2882 3971 illam
2917 3920 3244 3988 accipimus;
3286 3921 3379 3973 sed
3406 3936 3526 3986 nos,

1933 4007 2224 4073 servando,
2273 4006 2503 4063 facimus
2531 4022 2651 4062 eam
2685 4007 2958 4078 justitiam
2998 4025 3141 4064 esse.
3189 4009 3324 4063 Nam
3371 4011 3524 4078 prius

1933 4101 2232 4171 accipimus
2256 4099 2405 4154 illaut
2445 4106 2503 4156 et
2548 4099 2835 4164 habemus,
2869 4116 3033 4172 quam
3065 4117 3347 4158 servemus
3376 4119 3389 4156 :
3421 4118 3528 4158 non

1932 4192 2079 4249 enim
2105 4191 2226 4246 ideo
2261 4191 2411 4245 illam
2436 4189 2756 4258 accipimus,
2791 4205 2890 4246 nec
2921 4191 3121 4246 idcirco
3154 4191 3300 4246 illam
3331 4191 3524 4262 primi-

1933 4293 2022 4340 tus
2064 4284 2353 4351 habemus,
2381 4281 2510 4352 quia
2540 4295 2857 4348 servamus;
2901 4284 2995 4338 sed
3033 4281 3179 4337 illam
3218 4283 3528 4355 incipimus

1933 4375 2055 4432 ideo
2101 4388 2344 4442 servare,
2393 4373 2519 4444 quia
2558 4374 2856 4446 accipimus
2886 4384 2942 4430 et
2985 4376 3269 4431 habemus.
3303 4376 3408 4431 Sed
3460 4379 3528 4433 ad

219 4487 401 4544 quam
430 4472 748 4543 quaerimus.
785 4473 890 4529 Sed
920 4475 1148 4530 ostende
1176 4473 1288 4543 jam
1307 4489 1428 4546 quae
1461 4473 1690 4529 suillciat
1713 4473 1826 4527 “".
1859 4503 1908 4564 υ
1934 4466 2039 4522 hoc
2078 4467 2410 4536 respondere
2447 4480 2546 4520 nos
2585 4481 2876 4564 possumus
2932 4467 3061 4536 quia
3119 4466 3281 4521 simul
3321 4468 3527 4537 accipi-

217 4562 372 4619 ως.
430 4562 626 4618 Omnis
677 4564 928 4621 voluntas
982 4565 1127 4620 sicut
1171 4565 1288 4620 vult
1326 4564 1565 4634 aliquid,
1611 4565 1686 4618 ita
1715 4565 1832 4620 vult

219 4660 466 4723 propter
486 4652 709 4722 aliquid.
726 4652 862 4709 Nam
888 4654 1343 4725 quemadmodum
1374 4653 1826 4709 considerandum

217 4756 309 4801 est
335 4745 485 4817 quid
513 4745 676 4811 velit,
727 4747 801 4802 ita
835 4747 1127 4803 videndum
1174 4756 1258 4802 est
1308 4763 1406 4803 cur
1432 4746 1582 4802 velit.
1622 4745 1829 4816 Quippe

218 4853 330 4894 non
375 4836 560 4907 magis
590 4846 738 4895 recta
784 4839 945 4896 debet
995 4854 1117 4895 esse
1146 4839 1377 4896 volendo
1426 4837 1571 4910 quod
1624 4836 1825 4904 debet,

216 4946 398 5001 quam
429 4927 660 4986 volendo
682 4941 906 5002 propter
934 4931 1078 5002 quod
1118 4931 1296 4986 debet.
1328 4929 1670 5002 Quapropter
1709 4945 1827 4985 om-

213 5025 305 5079 nis
354 5021 619 5078 voluntas
664 5023 830 5082 habet
855 5025 1018 5098 quid,
1050 5033 1106 5082 et
1141 5040 1238 5080 cur
1270 5043 1285 5079 :
1315 5025 1539 5081 omnino
1590 5039 1825 5094 namque

211 5117 361 5171 nihil
405 5114 658 5172 volumus
694 5117 801 5174 nisi
823 5117 896 5174 sit
916 5133 1014 5174 cur
1041 5118 1291 5174 velimus.
1314 5119 1462 5174 DISC.
1487 5110 1691 5174 Omnes
1721 5118 1828 5173 hoc

1935 4575 2055 4615 mus
2079 4558 2225 4612 illam
2253 4565 2310 4612 et
2341 4556 2478 4612 velle
2507 4567 2562 4612 et
2596 4556 2800 4612 habere
2832 4574 2846 4611 :
2871 4573 2977 4612 non
3007 4558 3151 4613 enim
3183 4558 3330 4613 illam
3360 4559 3528 4613 habe-

1932 4667 2076 4717 mus,
2101 4649 2203 4705 nisi
2233 4648 2495 4714 volendo;
2519 4648 2654 4713 et,si
2688 4663 2810 4702 eam
2838 4649 3111 4716 volumus,
3126 4649 3227 4705 hoc
3252 4651 3370 4720 ipso
3403 4666 3524 4705 eam

1933 4745 2024 4777 “'7
2049 4743 2333 4798 habemus.
2367 4738 2526 4796 Sicut
2562 4750 2741 4797 autem
2769 4742 2916 4797 illam
2964 4744 3123 4798 simul
3155 4743 3438 4808 habemus,
3472 4751 3527 4796 et

1930 4834 2216 4899 volumus;
2260 4831 2334 4886 ita
2360 4830 2450 4887 illa
2476 4833 2638 4890 simul
2659 4834 2909 4891 volumus
2939 4847 2997 4890 et
3033 4849 3354 4892 servamus:
3389 4849 3526 4903 quo-

1933 4930 2082 4985 niam
2123 4930 2266 4986 sicut
2297 4946 2418 4985 eam
2459 4944 2566 4984 non
2598 4942 2903 4985 servamus.
2936 4928 3038 4980 nisi
3078 4943 3201 4979 cum
3251 4926 3394 4978 illam
3427 4940 3520 4978 vo-

1934 5023 2146 5090 lumus;
2173 5007 2252 5078 Sic
2281 5039 2386 5079 non
2411 5029 2496 5078 est
2518 5021 2737 5091 quando
2765 5034 2886 5076 eam
2911 5019 3160 5088 velimus,
3189 5027 3243 5072 et
3273 5031 3378 5070 non
3401 5031 3522 5070 ser-

1936 5129 2126 5170 vemus
2169 5131 2184 5168 :
2225 5113 2322 5171 sed
2361 5113 2602 5185 quandiu
2630 5126 2755 5168 eam
2796 5111 3067 5176 volumus,
3117 5123 3435 5175 servamus;
3469 5117 3524 5163 ct

1520 5273 1757 5332 VABUE
1786 5271 2194 5329 LECTIONES.

308 5409 420 5445 suo

205 5482 378 5538 Gem.
415 5478 556 5533 Vict.
585 5481 620 5536 5
644 5491 690 5534 et
722 5483 756 5536 9
781 5478 848 5550 et,
877 5479 1064 5534 (ἐξείη.
1097 5481 1356 5550 quoniam
1409 5481 1532 5536 ideo
1602 5480 1696 5511 'm
1728 5481 1773 5548 Q

485 5407 622 5486 Quid
665 5410 747 5486 sit
775 5408 958 5486 justus
1005 5427 1105 5464 ms.
1161 5407 1303 5486 Vict.
1361 5409 1421 5486 3_
1450 5419 1502 5486 et
1559 5407 1860 5486 S.__‘M_ich.
1911 5409 2035 5486 quis
2064 5409 2150 5486 _sit
2188 5407 2446 5486 justusm
2477 5407 2587 5486 "'1
2622 5407 2888 5486 Quoniam
2921 5407 3121 5486 “igitur
3196 5419 3322 5466 mu.
3357 5407 3455 5486 mlle

1778 5495 1859 5534 nte
1909 5471 2338 5534 s'ulliciaut'mu.
2383 5475 2520 5531 Vict.
2545 5475 2696 5531 Gem.
2743 5473 2869 5529 Bac.
2913 5471 3102 5528 Cistcr.
3133 5489 3254 5543 qua:
3287 5471 3518 5529 sufﬁciat

2477 5406 2568 5441 ωε
2622 5403 2888 5471 Quoniam
2953 5403 3121 5472 igitur
3196 5419 3322 5466 mu.
3387 5402 3511 5458 Bac.

201 5554 312 5587 "m
339 5551 478 5607 Alio
505 5551 664 5604 modo
691 5551 808 5605 vult
832 5549 1009 5618 justus
1057 5542 1160 5606 uti.
1205 5549 1396 5605 Cister.
1441 5551 1592 5603 omit.
1623 5542 1771 5605 vult"
1811 5550 1905 5582 'm
1934 5551 2116 5613 Aliud,
2167 5550 2412 5618 inquam,
2458 5545 2639 5618 justus
2683 5555 2790 5610 est,
2833 5561 2999 5618 quam
3035 5542 3163 5600 nias.
3204 5542 3511 5618 Bec._(i'em.

199 5627 368 5681 aliud
408 5621 729 5689 inquaatum
750 5614 932 5688 justus
958 5629 1042 5675 est
1064 5637 1189 5675 mss.
1214 5620 1340 5675 Bec.
1371 5621 1427 5685 6,
1453 5619 1625 5675 εἱειει-
1659 5620 1791 5677 Vict.
1818 5620 1877 5676 S.
1908 5621 2070 5674 Mirh.
2105 5614 2791 5689 aliudinquantumjustns
2813 5614 3072 5689 dicendus
3097 5624 3181 5671 est
3253 5615 3347 5648 ⁸⁵⁸⁵
3369 5614 3513 5689 βφπθ

192 5697 361 5764 jttsla
403 5681 646 5764 est:_mss.
674 5681 804 5764 ergo
839 5691 926 5745 illa
953 5691 1098 5764 justa
1127 5692 1354 5746 dicenda
1380 5681 1470 5764 est
1499 5707 1596 5764 ius.
1627 5691 1750 5746 Bcc.
1784 5693 1827 5749 6,
1857 5707 1990 5764 ergo
2012 5692 2107 5748 illa
2133 5690 2278 5764 justa
2312 5681 2397 5764 est
2473 5681 2702 5764 ’ἓξ-εὶού
2733 5703 2832 5744 nec
2865 5681 3164 5759 accipimus
3192 5703 3322 5743 mss.
3356 5681 3506 5741 chi.

203 5758 342 5822 Bec.
383 5761 447 5818 S.
479 5761 641 5816 Miclt.
678 5758 873 5817 Cister.
899 5763 1166 5830 omittunt,
1203 5764 1299 5818 sed
1377 5763 1465 5793 ³⁴⁵²⁷
1498 5760 1608 5817 lloc
1642 5764 1756 5832 ipso
1788 5763 1902 5817 solo
1933 5758 2052 5818 eam
2085 5778 2207 5815 mss.
2243 5761 2341 5815 hoc
2381 5760 2496 5830 ipso
2533 5758 2680 5813 illam
