4050 6294
586 291 590 294 ’
612 332 721 388 43:.

1154 330 1213 385 S.
1252 327 1546 407 ANSEL)"
1587 322 1927 383 CANTUAR.
1968 321 2287 380 ARCHIEP.
2318 320 2491 380 ΟΡΡμ
2513 318 2690 379 PARS
2720 320 2759 375 ι.
2797 350 2869 362 -
2906 320 3326 379 DOGMATICA.

3712 330 3803 389 ιει

615 446 787 500 donec
832 456 1129 504 servamus,
1189 441 1455 496 volumus.
1507 439 1773 506 Quoniam
1827 455 1955 509 ergo
1992 438 2183 492 eodem
2214 441 2257 497 Α
2289 435 2457 489 ιιιίιιιι·
2504 436 2860 506 praesentibus
2891 454 2907 492 :
2937 445 2997 491 ut
3042 437 3085 492 si
3131 437 3345 493 dicatur
3387 436 3473 471 ³⁵³³
3507 439 3567 496 dc
3612 442 3804 521 aliquo:

620 544 858 603 tempore
883 532 1146 602 contingit
1189 532 1343 586 nobis
1371 531 1532 585 illam
1568 540 1622 586 et
1665 530 1799 585 velle
1847 542 1902 585 et
1942 530 2187 585 habere:

620 641 720 706 nec
750 624 962 677 diverso
992 633 1235 691 tempore
1270 621 1321 675 in
1355 622 1512 676 nobis
1535 631 1661 676 sunt
1688 630 1742 676 et
1778 620 1945 685 velle,
1989 629 2044 675 et
2071 636 2191 675 ser—

621 728 748 768 vare
777 728 927 775 cam;
954 727 1016 766 ex
1043 713 1366 767 necessitate
1395 713 1557 767 simul
1586 713 1880 782 accipimus
1910 722 1964 767 et
1994 712 2195 775 habere

622 804 788 866 illam,
812 810 865 854 et
902 814 1156 855 scrvare:
1194 811 1250 854 et
1286 801 1429 855 sicut
1476 802 1712 872 quandiu
1764 816 2069 866 servamus,
2102 802 2196 855 ha-

624 892 809 945 bemus
830 890 1011 948 illam;
1050 889 1122 941 ita
1152 891 1391 959 quandiu
1421 891 1704 956 habemus,
1743 907 2061 945 servamus:
2097 906 2197 946 nec

624 979 729 1033 ulla
769 979 860 1043 {"3
897 994 963 1033 ex
1012 978 1096 1032 his
1132 987 1428 1048 generatur
1483 980 1943 1039 inconvenientia.
1975 981 2199 1050 “Quippe

624 1068 767 1123 sicut
794 1068 1033 1138 ejusdem
1066 1070 1411 1123 rectitudinis
1434 1071 1680 1140 acceptio
1714 1080 1908 1126 natura
1941 1072 2091 1141 prius
2114 1083 2199 1127 est

625 1175 789 1227 quam
839 1161 1067 1228 habere,
1126 1172 1220 1216 aut
1259 1160 1394 1213 velle
1434 1158 1583 1213 illam
1628 1178 1640 1213 :
1684 1162 1944 1230 quoniam
1996 1162 2199 1217 habere

628 1250 797 1315 illam,
820 1262 912 1304 aut
944 1253 1099 1319 velle,
1129 1269 1233 1307 non
1267 1263 1349 1307 est
1379 1269 1541 1309 causa
1570 1252 1901 1322 aceeptionis
1924 1293 1939 1319 ,
1979 1254 2073 1306 sed
2108 1268 2201 1308 ac-

628 1343 808 1408 ceptio
839 1343 967 1398 facit
999 1345 1131 1400 velle
1176 1345 1325 1407 illam
1355 1354 1409 1400 et
1436 1346 1639 1399 habere
1687 1360 1700 1397 :
1734 1351 1790 1398 et
1831 1351 2009 1399 tamen
2040 1345 2203 1399 simul

631 1442 757 1485 sunt
802 1442 1040 1501 tempore
1096 1436 1363 1503 acceptio,
1388 1442 1443 1487 et
1472 1433 1673 1487 habere
1717 1441 1773 1487 et
1821 1432 1958 1487 vcllc
1989 1450 2002 1462 '
2042 1432 2202 1486 simul

631 1523 777 1576 enim
836 1524 1122 1594 incipimus
1178 1526 1320 1579 illam
1367 1534 1423 1580 et
1471 1525 1737 1594 accipere,
1769 1533 1825 1578 et
1867 1524 2106 1588 habere,
2148 1532 2204 1577 et

634 1615 798 1679 velle;
843 1626 901 1669 et
957 1626 1137 1671 tamen
1187 1618 1347 1672 simul
1381 1626 1506 1671 sunt
1550 1625 1812 1685 tempore,
1855 1617 2118 1686 acceptio,
2150 1628 2205 1672 et

634 1707 1169 1770 habere,etvellc:ct
1195 1724 1315 1762 mox
1350 1717 1407 1763 ut
1438 1719 1519 1762 est
1540 1716 1783 1776 accepta,
1810 1717 1891 1762 est
1906 1708 2091 1763 habita
2110 1708 2203 1739 “’9

629 1806 684 1851 et
716 1798 959 1853 volumus
981 1813 1132 1864 eam;
1173 1800 1246 1853 ita
1283 1800 1504 1861 habere,
1537 1815 1630 1853 seu
1654 1798 1791 1863 velle
1814 1798 1978 1865 illatn,
2008 1813 2200 1869 quam-
2236 1778 2279 1838 Β

632 1892 713 1943 vis
738 1900 929 1944 natura
964 1890 1119 1959 prius
1168 1892 1298 1958 sint,
1355 1907 1516 1961 quam
1558 1906 1779 1946 servare
1830 1890 2009 1955 illam;
2047 1891 2206 1945 simul

631 1981 723 2013 ⁸⁵⁵³⁰
767 1992 942 2037 tamen
967 1992 1099 2044 sunt
1139 1992 1403 2053 tempore.
1438 1983 1616 2050 Quare
1653 1997 1682 2035 a
1714 1997 1821 2051 quo
1844 1981 2013 2053 _simul
2064 1981 2208 2037 acci-

633 2072 809 2139 pimus
865 2081 921 2126 et
969 2072 1205 2139 habere,
1246 2081 1302 2126 et
1352 2072 1515 2136 velle,
1541 2081 1596 2126 et
1643 2087 1863 2127 scrvare
1912 2072 2205 2128 voluntatis

632 2163 1035 2227 rectitudinem,
1084 2165 1152 2217 ab
1183 2164 1273 2217 illo
1303 2164 1889 2235 accipimusjustitiam
1929 2183 1943 2219 :
1976 2174 2036 2225 et
2084 2180 2209 2219 mox

632 2252 973 2307 uthabcmus
1015 2261 1070 2307 et
1106 2253 1197 2284 ³⁵³¹
1241 2254 1486 2309 volunms
1533 2255 1776 2310 eamdem
1834 2255 2208 2312 rectitudinem

632 2341 956 2417 voluntatis,
985 2342 1192 2413 justitia
1230 2344 1451 2398 dicenda
1498 2354 1601 2400 est.
1631 2345 1785 2411 Quod
1830 2359 1957 2401 vero
2006 2346 2212 2400 addidi-

635 2450 775 2499 mus,
812 2445 1022 2506 propter
1047 2453 1129 2499 σε,
1165 2436 1236 2490 ita
1270 2437 1634 2491 necessarium
1656 2448 1743 2492 est
1782 2445 1840 2491 ut
1873 2437 2211 2493 nullocmodo

632 2524 818 2578 eadem
849 2526 1135 2590 rectitude,
1169 2526 1269 2580 nisi
1293 2536 1511 2595 propter
1533 2542 1591 2591 se
1618 2536 1855 2593 servata,
1880 2526 2089 2595 justitia
2117 2529 2209 2584 sit.

633 2613 778 2667 Dtsc.
820 2613 964 2667 Nntil
1010 2630 1227 2683 possum
1264 2615 1501 2684 cogitare
1546 2625 1759 2671 contra.
1811 2616 1953 2673 MAG.
1989 2616 2212 2674 Videtur

633 2704 726 2757 tibi
756 2705 897 2774 quod
932 2704 1030 2759 ista
1061 2705 1311 2773 dillinitio
1326 2707 1494 2777 possit
1520 2707 1694 2778 aptari
1724 2709 2206 2779 suntmznjustitiac,

629 2794 923 2847 secundum
961 2795 1101 2862 quod
1132 2796 1196 2849 dc
1235 2811 1292 2849 re
1325 2796 1469 2865 loqui
1495 2812 1800 2866 possumus,
1832 2798 1898 2852 de
1925 2814 2031 2868 qua
2058 2800 2209 2863 nihil,

632 2893 726 2936 aut
754 2884 839 2937 vix
869 2885 1082 2953 proprie
1106 2885 1308 2959 aliquid
1349 2895 1527 2954 potest
1553 2887 1691 2940 dici?
1718 2887 1865 2941 Dtsc.
1896 2887 2047 2942 Licet
2072 2903 2210 2951 nou-

632 2974 733 3027 nisi
764 2974 856 3028 tibi
879 2974 1023 3030 aliud
1056 2977 1324 3049 voluntas,
1352 2976 1497 3031 aliud
1522 2978 1786 3034 rectitude
1812 2997 1825 3033 :
1870 2988 2047 3035 tamen
2075 2980 2214 3035 sicut

634 3064 863 3119 dicimus
885 3075 1213 3135 potestatem
1254 3068 1574 3136 divinitatis,
1602 3079 1697 3125 aut
1718 3070 1955 3124 divinam
1976 3081 2211 3140 potesta-

636 3164 765 3219 tem,
794 3156 906 3213 sive
950 3167 1222 3228 potentem
1261 3160 1598 3215 divinitatem
1644 3162 1791 3231 (cum
1832 3163 1887 3217 in
1932 3164 2209 3219 divinitate

633 3263 739 3301 non
778 3250 849 3302 sit
888 3249 1031 3304 aliud
1064 3258 1302 3319 potestas
1326 3266 1489 3321 quam
1531 3252 1843 3322 divinitas);
1888 3254 1962 3308 ita
2002 3271 2109 3311 non
2133 3258 2213 3311 in-

632 3339 1019 3394 convenienter
1068 3340 1296 3396 dicimus
1336 3342 1409 3396 ibi
1458 3344 1842 3399 rectitudinem
1894 3345 2208 3413 voluntatis,

634 3437 728 3482 aut
754 3430 1112 3485 voluntariam
1145 3433 1548 3501 rectitudinem,
1581 3449 1677 3489 seu
1721 3444 1927 3491 rectam
1958 3437 2212 3492 volunta-

634 3530 763 3574 tem.
791 3522 848 3575 Si
878 3538 1006 3576 vero
1029 3522 1175 3575 illam
1203 3524 1587 3579 rectitudinem
1618 3526 1848 3581 dicimus
1890 3537 2111 3598 propter
2155 3543 2214 3583 se

632 3612 877 3677 servari,
909 3613 974 3667 de
1013 3613 1155 3666 nulla
1196 3615 1299 3668 alia
1342 3616 1669 3681 rectitudine
1701 3626 1807 3671 tam
1830 3619 2216 3674 convenienter

636 3698 727 3729 ω’
753 3701 858 3754 dici
897 3716 1055 3770 posse
1083 3703 1315 3757 videtur.
1349 3704 1502 3759 Sicut
1544 3706 1689 3760 enim
1718 3721 1823 3761 non
1874 3707 2017 3763 aliud
2046 3709 2211 3777 illam,

633 3791 735 3867 sed
759 3792 869 3859 ipsa
900 3809 989 3866 se,
1032 3802 1247 3858 servat,
1288 3810 1388 3849 nec
1429 3811 1524 3865 per
1574 3796 1718 3851 aliud
1763 3799 1858 3853 sed
1889 3814 1985 3868 per
2020 3815 2101 3866 se,
2142 3802 2213 3855 ita

608 3900 739 3957 {non
774 3894 991 3952 prrptcr
1018 3885 1161 3939 aliud
1207 3902 1368 3956 quam
1398 3896 1618 3958 propter
1652 3904 1710 3944 se
1732 3888 1846 3946 ³³³³.
1885 3890 2025 3947 MAG.
2054 3892 2216 3948 Indu-

633 3972 869 4026 bitanter
918 3974 1099 4043 itaque
1141 3991 1429 4045 possumus
1479 3979 1661 4033 direre
1715 3981 1841 4050 quia
1874 3978 2085 4049 justitia
2132 3992 2215 4038 est

602 4138 605 4139 ν
632 4067 900 4121 rectitude
928 4067 1221 4123 voluntatis
1265 4086 1277 4122 :
1312 4085 1429 4139 qua:
1458 4071 1724 4133 rectitude
1751 4083 1972 4142 propter
2014 4089 2075 4129 se
2100 4089 2216 4137 ser—

632 4164 810 4209 Vatur.
841 4155 906 4210 Et
955 4158 1209 4226 quoniam
1241 4160 1411 4224 verbi,
1459 4160 1602 4230 quod
1642 4161 1732 4217 hic
1770 4163 1891 4217 dlco
1922 4162 2213 4234 (servatur)

635 4262 741 4299 non
793 4248 1057 4303 habemus
1088 4250 1427 4319 participium
1460 4252 1732 4321 passivum
1765 4254 2045 4321 praesentis
2075 4264 2215 4309 tem-

637 4341 782 4406 poris
801 4379 817 4405 ,
860 4356 956 4410 pro
986 4328 1260 4410 pr:eSenti,
1292 4356 1576 4409 possumus
1599 4345 1674 4398 uti
1703 4333 1917 4413 passivo
1945 4346 2217 4415 praeterito

637 4432 923 4501 participio
959 4431 1197 4500 ejusdem
1246 4435 1416 4488 verbi.
1449 4434 1592 4489 Dtsc.
1645 4436 1802 4492 Hunc
1847 4453 2004 4493 usum
2052 4440 2219 4495 habe-
2249 4467 2292 4521 ι)

638 4536 758 4574 mus
787 4522 1141 4586 notissimum,
1173 4536 1231 4578 ut
1259 4526 1550 4592 prmteritis
1583 4528 1741 4598 115
1766 4529 2066 4600 participiis
2093 4546 2215 4601 pas-

636 4610 770 4668 sivis
817 4623 1034 4667 utamur
1077 4630 1174 4683 pro
1214 4618 1571 4685 prmsentibus
1597 4658 1612 4683 ,
1669 4636 1789 4690 quae
1820 4620 2064 4691 latinitas
2111 4640 2217 4678 non

638 4701 834 4766 habet;
866 4701 1006 4755 sicut
1030 4719 1136 4757 non
1167 4704 1330 4758 habet
1376 4708 1647 4775 praeterita
1676 4711 1958 4781 participia
1987 4728 2017 4767 a
2045 4715 2223 4769 verbis

634 4794 827 4848 activis
857 4802 912 4847 et
940 4795 1174 4861 neutris;
1208 4806 1257 4850 et
1286 4811 1384 4866 pro
1406 4800 1713 4867 praeteritis,
1738 4817 1859 4873 quae
1889 4818 1995 4859 non
2035 4806 2217 4871 habet,

2293 524 2393 578 llic
2418 527 2560 595 quod
2590 527 2825 581 studens“
2852 537 2907 582 et
2945 528 3135 598 legens
3173 528 3378 592 didicit,
3403 531 3597 586 nonnisi
3629 544 3808 592 coactus

2294 616 2471 682 docet,
2497 616 2549 670 id
2575 627 2656 670 est
2674 618 2817 686 quod
2846 618 2972 670 dum
2999 618 3208 672 studuit
3234 627 3288 672 et
3312 618 3456 689 legit,
3494 620 3680 687 didicit,
3704 641 3812 680 nou-

2296 706 2398 761 nisi
2451 722 2572 761 cum
2613 707 2825 775 cogitur
2872 709 3050 763 docet.
3096 708 3237 762 MAG.
3269 708 3412 764 Bene
3457 726 3576 781 ergo
3621 714 3811 771 diximus

2290 798 2557 868 justitiam
2586 814 2705 854 esse
2734 800 3111 854 rectitudinem
3142 799 3431 856 voluntatis
3450 813 3690 858 servatam
3713 822 3812 875 pro-

2298 898 2418 956 pter
2445 904 2522 950 se,
2552 890 2601 944 id
2632 898 2715 944 est
2743 906 2863 959 qua:
2900 899 3152 944 servatur
3181 900 3401 960 propter
3419 907 3492 945 se.
3524 893 3583 946 Et
3600 894 3705 949 hinc
3727 907 3809 961 est,

2292 980 2441 1046 quod
2475 978 2607 1047 justi
2649 980 2906 1035 dicuntur
2955 980 3247 1051 aliquando
3292 982 3425 1036 recti
3455 983 3638 1049 corde,
3664 985 3708 1038 id
3748 998 3813 1041 est

2301 1068 2435 1122 recti
2463 1069 2768 1134 voluntate;
2797 1070 3087 1138 aliquando
3110 1070 3268 1134 recti,
3290 1073 3408 1125 sine
3427 1072 3697 1141 adjeclione
3718 1090 3814 1127 cor.

2300 1161 2410 1227 dis;
2471 1162 2727 1230 quoniam
2766 1160 2943 1215 nullus
2991 1161 3129 1215 alius
3161 1160 3475 1232 intelligitur
3511 1173 3684 1228 rectus,
3731 1164 3812 1228 nisi

2300 1249 2391 1318 qui
2433 1259 2636 1303 rectam
2666 1249 2828 1304 habet
2856 1248 3190 1303 voluntatem
3221 1264 3236 1303 :
3274 1258 3332 1302 ut
3359 1260 3439 1304 est
3467 1250 3584 1303 illud
3609 1268 3621 1303 :
3650 1249 3814 1306 Gloria-

2303 1342 2429 1394 mini
2455 1357 2630 1395 omnes
2666 1342 2791 1394 recti
2817 1342 2973 1396 corde
3008 1338 3181 1411 (Psal.
3228 1357 3388 1405 XXXI,
3434 1343 3537 1411 ll).
3570 1342 3629 1396 Et
3673 1343 3811 1399 illud:

2311 1428 2563 1483 Videbunt
2593 1430 2737 1493 recti,
2765 1441 2811 1484 et
2842 1430 3161 1485 [relabuntur
3186 1428 3476 1499 (Psnl.cvl,
3499 1432 3597 1501 59.).
3620 1432 3713 1487 Dts.
3737 1434 3812 1489 Sa-

2307 1518 2547 1573 tisfecisti
2600 1520 2760 1573 etiam
2805 1519 2991 1589 pueris
3039 1521 3105 1575 de
3129 1520 3223 1573 “’9
3269 1519 3813 1589 ditﬁnitionejustilite;

2308 1619 2648 1666 transeamus
2677 1612 2743 1665 ad
2774 1611 2897 1665 alia.
3013 1653 3029 1669 ρ

2663 1698 2889 1755 CAPUT
2922 1699 3035 1753 xm
3065 1698 3184 1771 [al.,
3229 1699 3369 1772 Xiv]
3415 1702 3522 1773 ειη.

2452 1790 2604 1855 Quod
2646 1807 2748 1844 una
2778 1791 2844 1845 sit
2870 1793 3059 1844 veritas
3090 1791 3144 1844 in
3173 1794 3413 1845 omnibus
3440 1794 3563 1847 reris
3591 1794 3688 1825 ³⁸³⁷⁸

2379 1881 2521 1937 MAG.
2553 1881 2859 1937 Redeamus
2887 1883 2954 1936 ad
2994 1883 3374 1937 rectitudinem
3415 1900 3503 1939 seu
3542 1886 3813 1940 veritatem:

2308 1974 2503 2043 quibus
2545 1973 2754 2045 duobus
2786 1974 3095 2035 nominibus
3134 1974 3411 2044 (quoniam
3455 1976 3519 2030 de
3556 1979 3817 2032 rtctitudine

2310 2075 2490 2120 tuente
2505 2064 2617 2120 sola
2644 2064 2980 2133 perceptibili
3005 2064 3279 2135 loquimur
3303 2083 3402 2120 ttua
3425 2083 3505 2121 res
3522 2067 3815 2137 signiﬁcatur,

2300 2169 2429 2223 qua:
2455 2171 2625 2224 genus
2679 2165 2764 2209 est
2805 2155 3031 2222 justitia:
3061 2173 3074 2208 :
3106 2164 3161 2209 et
3202 2170 3508 2225 qua-ramus
3545 2172 3607 2211 au
3641 2159 3700 2213 sit
3739 2173 3817 2211 una

2299 2246 2424 2315 sola
2457 2245 2658 2300 veritas
2696 2247 2750 2300 in
2791 2246 3045 2302 omnibus
3083 2248 3237 2314 istis,
3281 2249 3334 2302 in
3378 2250 3562 2318 quibus
3594 2250 3817 2304 veritatem

2310 2335 2541 2390 dicimus
2595 2350 2715 2391 esse
2748 2353 2760 2390 :
2790 2352 2859 2390 an
2909 2337 2983 2391 ita
3031 2336 3142 2392 sint
3188 2339 3451 2395 veritates
3496 2341 3677 2417 plures,
3714 2339 3821 2394 sicut

2285 2427 2464 2506 plura
2490 2435 2633 2494 sunt,
2672 2429 2726 2482 in
2764 2428 2959 2498 quibus
2993 2439 3208 2485 constat
3232 2446 3357 2486 esse
3395 2434 3670 2495 veritatem.
3704 2432 3817 2486 Dtsc.

2311 2518 2427 2574 lloc
2457 2520 2684 2575 multum
2714 2536 2872 2576 nosse
2912 2522 3179 2578 desidero.
3223 2522 3368 2579 MAG.
3396 2523 3606 2580 Constat
3636 2527 3741 2596 quia
3779 2525 3819 2577 in

2299 2625 2633 2679 quacunque
2672 2626 2732 2665 re
2757 2611 2828 2666 sit
2854 2613 3076 2678 veritas,
3108 2628 3215 2667 non
3242 2624 3333 2669 est
3360 2615 3498 2668 aliud
3527 2631 3668 2685 quam
3694 2614 3819 2668 recti-

2314 2701 2458 2754 tudo.
2510 2702 2655 2775 Dtsc.
2692 2698 2809 2756 Non
2846 2702 2973 2756 hinc
3003 2703 3211 2758 dubito.
3265 2703 3409 2759 MAG.
3441 2703 3494 2759 Si
3540 2720 3653 2775 ergo
3682 2704 3821 2773 plures

2298 2802 2437 2855 sunt
2467 2772 2743 2857 veritates,
2770 2795 3063 2857 secundum
3109 2794 3294 2865 plures
3324 2813 3409 2851 res
3428 2836 3443 2862 ,
3470 2797 3634 2866 plures
3654 2808 3820 2865 quoque

2311 2893 2437 2939 sunt
2467 2884 2835 2939 rcctitudincs.
2863 2885 3006 2939 DISC.
3042 2883 3153 2939 lloc
3178 2900 3397 2956 quoque
3421 2902 3521 2940 uon
3555 2886 3708 2941 minus
3729 2899 3821 2940 cer-

2299 2983 2425 3044 tum
2473 2983 2576 3028 est.
2643 2973 2783 3030 MAG.
2830 2974 2885 3028 Si
2929 2976 3227 3029 secundum
3286 2977 3609 3045 diversitates
3652 2989 3820 3037 rerum,

2313 3077 2536 3118 necesse
2565 3074 2649 3117 est
2699 3079 2820 3118 esse
2849 3063 3090 3117 diversas
3131 3064 3515 3133 rcctitudincs,
3560 3065 3734 3134 utique,
3755 3078 3818 3117 se-

2313 3154 2545 3208 cundum
2570 3169 2656 3211 res
2682 3156 2845 3224 ipsas,
2876 3156 3080 3213 habent
3107 3175 3228 3215 esse
3254 3175 3414 3216 sumu
3445 3158 3627 3214 ctedem
3647 3156 3822 3211 rectitu-

2315 3248 2470 3303 diues
2502 3267 2514 3302 :
2544 3258 2598 3303 et
2621 3250 2760 3304 sicut
2782 3266 2869 3304 res
2904 3251 3052 3320 ipsa),
3078 3254 3129 3307 in
3157 3254 3358 3323 quibus
3388 3265 3530 3320 sunt,
3569 3251 3822 3311 variantur,

2314 3339 2393 3393 sic
2416 3354 2630 3409 quoque
2657 3340 3008 3396 rcctitudincs
3034 3344 3213 3398 varias
3231 3359 3356 3401 esse
3377 3360 3584 3400 necesse
3605 3353 3694 3399 est.
3715 3343 3821 3395 Dtsc.

2316 3427 2371 3482 ln
2402 3445 2505 3482 una
2532 3444 2590 3484 re
2612 3430 2664 3483 in
2693 3446 2797 3499 qua
2829 3432 3207 3488 rectitudinem
3236 3450 3361 3490 esse
3387 3436 3622 3499 dicimus,
3650 3430 3825 3487 ostende

2295 3520 2462 3590 quod
2491 3521 2543 3574 in
2576 3522 2791 3575 cmtcris'
2820 3522 3135 3594 intelligam.
3164 3525 3308 3581 MAG.
3344 3527 3470 3597 Dico
3495 3526 3606 3595 quia
3638 3524 3676 3579 si
3706 3520 3825 3576 recti-

2317 3614 2455 3683 tudo‘
2484 3613 2896 3683 signiﬁcationis
2937 3616 3057 3683 ideo
3099 3625 3182 3671 est
3227 3617 3363 3682 alia,
3393 3632 3548 3689 quam
3588 3613 3826 3671 voluntatis

2315 3703 2610 3771 rectitudo,
2641 3705 2766 3774 quia
2789 3706 2890 3760 ista
2911 3706 2965 3761 in
2995 3706 3293 3774 voluntate,
3314 3710 3400 3763 illa
3430 3711 3480 3764 in
3502 3705 3828 3779 signiﬁcatione

2315 3802 2400 3847 est
2435 3794 2618 3859 ,habet
2660 3810 2817 3850 suum
2860 3811 2991 3861 esse
3024 3800 3301 3855 rectitudo
3352 3808 3565 3871 propter
3613 3795 3828 3867 signiﬁca-

2318 3885 2543 3958 tionem,
2572 3895 2629 3941 et
2659 3887 2954 3942 secundum
3002 3903 3122 3943 eam
3170 3901 3455 3945 mutatur-
3482 3890 3613 3945 Dtsc.
3648 3889 3712 3941 Ita
3747 3892 3824 3939 est.

2298 3980 2449 4042 .Cum
2473 3982 2616 4036 enim
2653 3981 2992 4052 signiﬁcatur
3031 3995 3153 4036 esse
3179 3983 3325 4052 quod
3353 3992 3454 4049 est,
3486 3990 3573 4036 aut
3615 3994 3705 4034 non
3738 3988 3827 4030 esse

2317 4063 2462 4145 quod
2496 4091 2601 4130 non
2631 4084 2746 4139 est,
2783 4082 2933 4130 recta
2983 4075 3309 4145 signiﬁcatio
3334 4086 3433 4140 est,
3464 4084 3517 4130 et
3538 4079 3828 4129 coustatesse

2318 4164 2723 4230 rectitudinem,
2749 4165 2864 4220 sine
2886 4178 2991 4234 qua
3015 4165 3340 4235 signiﬁcatio
3365 4175 3508 4222 recta
3536 4162 3697 4235 nequit
3721 4170 3827 4214 esse.

2320 4256 2376 4312 Si
2433 4272 2562 4313 vero
2592 4258 2929 4329 signiﬁcetur
2971 4272 3093 4314 esse
3144 4260 3289 4327 quod
3330 4273 3437 4314 non
3486 4265 3594 4321 est,
3646 4260 3827 4306 autnen

2317 4363 2437 4404 esse
2485 4350 2627 4419 quod
2653 4358 2735 4406 est
2753 4390 2768 4415 ,
2799 4359 2890 4405 aut
2910 4350 2953 4405 si
2979 4349 3114 4404 nihil
3138 4350 3361 4406 omnino
3380 4348 3704 4419 signiﬁcetur,
3722 4337 3826 4395 nulla

2318 4442 2425 4495 crit
2453 4442 2720 4497 rectitudo
2752 4441 3186 4511 signiﬁcationis,
3225 4456 3349 4511 qua:
3383 4440 3587 4510 nonnisi
3619 4438 3665 4492 in
3699 4429 3826 4503 signi-

2321 4534 2572 4589 ﬁcatione
2593 4543 2695 4588 est.
2733 4533 3073 4604 Quapropter
3109 4547 3206 4603 per
3245 4531 3674 4604 signiﬁcationem
3709 4524 3829 4578 habet

2317 4642 2456 4692 esse,
2489 4636 2544 4681 et
2582 4640 2677 4695 per
2704 4640 2824 4681 eam
2856 4635 3098 4680 mutatur
3128 4627 3248 4697 ejus
3295 4623 3555 4680 rectitudo
3583 4639 3593 4674 :
3622 4611 3829 4688 quemad-

2321 4718 2539 4773 modum
2566 4716 2713 4772 color
2734 4716 2859 4786 'per
2903 4732 3099 4787 corpus
3134 4718 3298 4773 habet
3350 4731 3489 4780 esse,
3517 4722 3567 4768 et
3604 4725 3693 4765 non
3722 4715 3827 4759 esse.

2322 4807 2600 4863 Existente
2666 4822 2903 4878 namque
2953 4823 3197 4880 corpore,
3243 4808 3479 4864 colorem
3514 4803 3621 4874 ejus
3661 4804 3830 4855 necesse

1917 4957 2149 5016 VARIAE
2190 4960 2601 5018 LECTIONES.

710 5044 804 5132 ξ”ίδ
829 5044 893 5097 Et
909 5044 987 5098 sic
1009 5044 1243 5114 quandiu
1259 5045 1539 5132 habemus,
1555 5060 1838 5132 servamus.
1850 5069 1862 5104 :
1890 5052 2257 5132 nec-ullam”.
2275 5064 2326 5108 et
2344 5056 2485 5132 sicut
2501 5056 3534 5132 quandiuservamus.habemusillatn;
3561 5056 3625 5107 ita
3646 5044 3828 5132 fumidi]!

635 5114 919 5201 habemus,
946 5129 1254 5201 servamus;
1281 5132 1380 5171 nec
1413 5116 1519 5198 ulla
1550 5189 1562 5201 _
1595 5118 1687 5151 ³⁸³³
1715 5119 1870 5175 Facit
1898 5122 2031 5177 velle
2073 5124 2223 5201 illam
2256 5134 2311 5178 et
2342 5114 2561 5201 habere,
2603 5128 2944 5201 simulhenim
2986 5114 3270 5198 incipimus
3297 5128 3443 5182 illam
3478 5114 3530 5181 et
3558 5114 3764 5201 accipere
3792 5120 3832 5201 (ξι

638 5183 841 5269 habere
861 5194 917 5269 et
947 5186 1100 5269 velle,
1124 5194 1179 5240 et
1204 5195 1380 5269 tamen
1405 5188 1563 5242 simul
1594 5199 1720 5244 sunt
1750 5202 1990 5269 tempore
2018 5193 2282 5264 acceptio,
2310 5205 2366 5249 et
2393 5183 2595 5269 habere
2620 5208 2672 5251 et
2700 5198 2867 5253 velle:
2889 5208 2941 5252 et
2965 5183 3173 5253 mox'ut
3197 5209 3442 5269 accepta,
3463 5208 3542 5269 est
3564 5183 3829 5269 habi'laf'l‘ﬁ

641 5253 767 5335 facit
797 5255 929 5308 velle
951 5256 1094 5335 illam
1123 5265 1179 5310 et
1205 5256 1434 5335 habere;
1465 5268 1518 5313 et
1546 5268 1724 5335 tamen
1750 5253 1906 5315 simul
1932 5274 2058 5318 sunt
2086 5253 2329 5334 tempore
2350 5268 2616 5335 acceptio,
2648 5277 2702 5321 et
2736 5269 2938 5322 habere
2968 5279 3023 5322 ct
3043 5268 3177 5323 velle
3204 5286 3215 5321 :
3252 5253 3575 5321 sin-tul'enim
3604 5258 3830 5335 incil’i,',""_s

640 5321 857 5406 ill‘m‘ne‘
871 5326 1126 5406 ξξςεείρετε
1151 5336 1199 5379 εί
1234 5321 1431 5406 habere
1461 5339 1513 5406 et
1543 5331 1821 5406 velle;_cst
1851 5348 1973 5386 mox
2006 5342 2064 5388 ut
2085 5345 2167 5406 est
2188 5321 2432 5406 accepta,
2455 5321 2540 5391 est
2567 5321 2789 5392 habitam
2823 5338 2914 5370 ³⁵³⁰
2943 5321 3173 5393 Servare
3202 5339 3368 5402 illam,
3396 5336 3550 5392 simul
3590 5321 3708 5406 mu.
3730 5322 3828 5406 νισιἶ

618 5388 763 5473 .Bec.
785 5392 844 5473 β,
867 5388 1315 5473 Ciste'rLset-‘vare,
1346 5399 1522 5473 simul
1576 5400 1667 5432 ““
1699 5388 1765 5455 Et
1790 5416 1911 5473 ιιιφε
1940 5412 1997 5456 ut
2021 5388 2342 5459 volumus—et
2361 5388 2773 5462 adsentienti}.
2812 5407 2874 5464 S.
2907 5388 3598 5463 M‘tch"BecTﬁ—‘e'tin—oxrut
3625 5398 3831 5473 habequ

639 5468 694 5510 et
716 5456 967 5545 volumus
1029 5465 1121 5495 “3‘
1145 5467 1276 5545 Tam
1301 5456 1684 5526 convenienter
1714 5488 1836 5545 mss.
1868 5469 1999 5545 Yict.
2025 5456 2467 5538 Βίεέίϐξ-(ῗίᾇίέἶῖ
2480 5456 2969 5534 ἑίἷοόὶὶῖἑὲιίέιῖιέτ
3040 5480 3136 5510 ³ῖ³³
3159 5479 3224 5533 Ει
3250 5480 3323 5533 ita
3353 5493 3455 5531 non
3481 5483 3680 5545 propter
3701 5456 3829 5545 in“)

641 5528 735 5617 at:
764 5540 982 5617 certe"
1007 5549 1066 5615 se.
1089 5551 1222 5617 νηεεο.
1253 5538 1323 5590 ita
1365 5554 1469 5593 ιιοιι
1497 5552 1715 5617 Propter
1742 5542 1887 5617 aliud
1915 5528 2451 5617 ςιυειηφριτοιῑιέιῖέε
2484 5528 2609 5580 ἰλξί
2622 5528 3020 5604 ῡῖέῑδέεεῑίυτ
3044 5528 3591 5617 ηιεεῖγῖεῑςδέέιῖχυί
3626 5540 3664 5594 si
3689 5535 3829 5617 ,σιίηξξξ

618 5596 734 5689 tu"
762 5596 936 5689 Etiam
990 5604 1136 5682 prius
1193 5607 1261 5689 de
1308 5596 1633 5689 mrum-etiam
1674 5596 1873 5689 pueris
1896 5596 1962 5689 de
2000 5596 2128 5689 77'?“
2150 5596 2246 5669 E5:
2271 5596 2337 5689 in
2367 5596 2509 5671 Em.
2548 5596 2702 5689 caput
2722 5596 3829 5687 v1.5"‘iv'irdissz'uod:uita—'sitvcritasill

638 5669 891 5724 omnibus
922 5669 1062 5727 veris
1096 5688 1193 5728 ms.
1219 5675 1340 5730 Bcc.
1367 5679 1417 5731 6.
1441 5679 1592 5745 Quod
1618 5669 1721 5735 una
1744 5685 1814 5737 sit
1844 5685 2114 5756 veritasin
2145 5669 2395 5745 omnibus
2423 5669 2597 5745 rebus
