4076 6288
1104 308 1162 364 S.
1206 307 1503 364 ANSELMI
1544 304 1894 361 CANTUAIL
1940 300 2263 359 ARCIHEP.
2308 299 2455 357 OPP.
2503 300 2680 357 PARS
2707 301 2746 355 1.
2781 331 2849 341 --
2882 299 3307 357 DOGMATICA.

1416 622 2103 738 semen
2172 619 2986 736 ANSELMI

1999 850 2368 939 LIBER

1460 1248 1485 1267 .
1538 1070 1738 1194 DE
1887 1066 2861 1277 ῨΨΤΑΤΕ

636 1358 919 1430 ιιθ(85)
947 1355 1207 1411 Voluntas
1236 1355 1508 1425 :equivoce
1535 1352 1977 1408 dicitur:dicitur
2000 1350 2145 1407 enim
2174 1368 2226 1426 Α
2251 1349 2410 1405 coluit
2432 1350 2689 1406 Dominus
2716 1354 2841 1421 fecit
2864 1353 3187 1427 (Psalcxnt,
3215 1360 3302 1431 3);
3328 1364 3624 1420 secundum
3655 1382 3857 1438 appro-

562 1450 819 1503 voluntas
849 1450 1273 1504 instrumentum
1308 1443 1543 1510 volendi,
1591 1444 1732 1498 sicut
1761 1442 1908 1496 visus
1950 1442 2152 1496 instru-

563 1552 803 1596 mentum
834 1539 1077 1604 videndi;
1105 1546 1161 1592 et
1182 1538 1378 1592 dicitur
1402 1535 1650 1590 voluntas
1669 1533 1885 1590 affectio
1907 1532 2150 1603 ejusdem

562 1631 932 1694 instrumenti,
972 1631 1111 1685 sicut
1141 1629 1358 1685 dilectio
1390 1627 1508 1693 filii,
1541 1644 1661 1697 quae
1710 1641 1928 1696 semper
1960 1633 2044 1682 est
2095 1626 2150 1683 in

562 1722 841 1776 voluntate
897 1719 1111 1784 matris,
1149 1719 1357 1774 scilicet
1407 1718 1460 1771 in
1509 1719 1872 1773 instrumento
1906 1716 2147 1791 volandi,

560 1813 704 1883 quod
726 1828 789 1867 ea
811 1811 1099 1867 affectione
1117 1827 1332 1881 semper
1343 1819 1653 1882 promptum
1677 1809 1839 1865 estad
1866 1806 2151 1864 volendum

557 1903 792 1958 salutem
834 1904 953 1971 filii,
992 1905 1111 1959 sive
1163 1918 1288 1959 cum
1341 1904 1445 1958 hoc
1476 1901 1703 1971 cogitat,
1735 1901 1851 1956 sive
1900 1915 2027 1957 cum
2048 1899 2153 1955 hoc

560 2013 672 2054 non
694 1998 917 2069 cogitat.
944 1997 1141 2052 Dicitui
1172 1996 1337 2052 etiam
1352 1996 1604 2050 voluntas
1600 1991 2152 2069 Mnstrumenti,

562 2103 687 2143 cum
698 2087 988 2158 cogitando
1002 2086 1113 2141 vult
1126 2085 1349 2155 aliquid.
1366 2085 1623 2141 Voluntas
1634 2084 1734 2139 inst
1744 2092 2155 2139 rumeutumna-

563 2180 744 2236 turale
767 2188 851 2235 est
876 2180 1093 2234 animze.
1124 2177 1458 2234 Affectiones
1488 2176 1814 2248 principales
1840 2176 1960 2231 duae
1980 2182 2104 2230 sunt
2131 2189 2149 2233 :

563 2268 799 2338 affectio,
824 2269 1033 2325 scilicet
1057 2267 1633 2339 volendimmm
1654 2267 1801 2337 quod
1823 2265 1959 2321 velle
1976 2271 2154 2335 potest

563 2363 766 2432 aliquid
787 2372 1073 2431 antequam
1099 2361 1314 2426 habeat,
1329 2368 1385 2414 et
1400 2358 1612 2414 affectio
1634 2358 1843 2413 volendi
1862 2355 2151 2425 justitiam.

564 2453 793 2509 Affectio
822 2453 1032 2509 volendi
1068 2451 1413 2508 commodum
1451 2465 1666 2520 semper
1710 2458 1768 2503 et
1815 2447 2155 2518 inseparabi-

564 2544 692 2600 liter
739 2552 822 2599 est
858 2543 911 2597 in
956 2544 1347 2607 instrumento;
1384 2537 1600 2593 affectio
1625 2538 1841 2594 volendi
1872 2532 2153 2608 justitiam

565 2652 668 2692 nec
695 2650 908 2706 semper
938 2634 1101 2700 inest,
1132 2633 1273 2689 sicut
1301 2631 1355 2685 in
1390 2628 1589 2698 injusto
1614 2629 1865 2694 homine;
1898 2642 2000 2683 nec
2026 2640 2151 2681 cum

2251 1441 2470 1503 bantem
2497 1457 2624 1499 vero
2647 1442 2846 1499 dicitur
2866 1445 2995 1514 quia
3020 1447 3164 1504 Deus
3188 1450 3305 1505 vult
3324 1466 3537 1509 omnem
3567 1458 3856 1513 hominem

2252 1531 2463 1587 salvum
2498 1532 2641 1589 ﬁeri.
2668 1533 2949 1606 Approbat
2978 1538 3122 1593 enim
3162 1539 3332 1609 Deus,
3372 1552 3429 1597 et
3456 1544 3638 1613 placet
3672 1547 3751 1603 illi
3782 1549 3860 1605 de

2252 1624 2503 1682 omnibus
2520 1625 2685 1697 justis
2708 1628 2835 1697 quia
2853 1628 2989 1699 justi
3036 1640 3191 1698 sunt,
3224 1643 3285 1689 ut
3313 1634 3446 1690 salvi
3486 1635 3652 1705 flant;
3683 1648 3741 1694 et
3768 1641 3862 1694 ni-

2254 1715 2551 1809 hilominus
2604 1717 2847 1788 placeret
2892 1714 2983 1809 eis
3003 1723 3072 1777 de
3115 1722 3354 1792 injustis,
3384 1726 3430 1782 si
3465 1725 3602 1796 justi
3639 1736 3861 1793 essent,

2256 1815 2315 1862 ut
2343 1806 2480 1865 salvi
2504 1808 2719 1865 fierent.
2756 1809 2888 1865 Tale
2928 1806 3020 1867 est
3044 1814 3191 1868 enim
3229 1816 3376 1886 quod
3410 1817 3617 1873 dictum
3652 1830 3761 1883 est,
3787 1833 3862 1875 ac

2252 1896 2299 1961 si
2344 1897 2559 1954 dicatur
2587 1915 2603 1951 :
2627 1898 2773 1954 Deus
2817 1898 3027 1957 nullum
3074 1901 3209 1959 facit
3235 1902 3527 1973 injustam;
3560 1907 3659 1962 sed
3686 1922 3864 1963 unus-

2252 1984 2484 2057 quisque
2508 2002 2544 2042 a
2576 2002 2637 2044 se
2664 1987 2831 2047 habet
2855 1988 3176 2057 injustitiam
3200 2001 3262 2048 ut
3285 1995 3577 2051 damnetur
3604 2013 3620 2050 :
3646 2004 3705 2051 et
3734 1996 3862 2052 ideo

2252 2092 2364 2135 non
2397 2087 2581 2149 potest
2602 2080 2712 2138 dici
2741 2082 3034 2154 displicere
3061 2082 3192 2148 Deo,
3215 2084 3263 2140 si
3289 2085 3471 2155 justus
3489 2086 3561 2141 sit
3583 2094 3643 2142 et
3676 2085 3865 2142 salve-

2257 2176 2376 2236 tur;
2409 2185 2512 2227 nec
2534 2180 2718 2242 potest
2743 2174 2851 2230 dici
2878 2173 3048 2230 Deum
3079 2188 3385 2246 repugnare
3410 2175 3574 2230 saluti
3596 2175 3861 2248 alicujus,

2255 2261 2351 2316 sed
2396 2263 2700 2332 approbare
2733 2265 2781 2321 si
2816 2264 2889 2320 sit
2919 2263 3014 2335 qui
3048 2264 3309 2319 salvetur.
3362 2263 3677 2320 Secundum
3722 2280 3863 2335 per—

2256 2355 2559 2413 mittentem
2590 2372 2720 2413 vero
2771 2356 3103 2414 voluntatem
3157 2357 3359 2412 dicitur
3398 2358 3525 2435 quia
3550 2374 3710 2427 quem
3746 2358 3865 2413 vult

2256 2445 2488 2509 indurat,
2550 2448 2806 2516 quoniam
2856 2450 3122 2518 permittit
3165 2449 3439 2517 indurari;
3503 2450 3651 2520 quod
3699 2451 3860 2505 enim

2257 2542 2600 2608 praemissum
2621 2551 2728 2608 est,
2744 2542 2830 2596 cui
2850 2542 2958 2596 vult
2986 2543 3279 2608 miseretur,
3294 2542 3591 2598 secundum
3620 2540 3868 2597 efficien-

2260 2641 2369 2687 tem
2416 2631 2752 2688 voluntatem
2803 2633 3008 2688 dictum
3062 2642 3165 2689 est.
3215 2633 3374 2689 Patet
3406 2644 3588 2688 autem
3626 2635 3767 2703 quia
3799 2637 3867 2689 de

567 2727 731 2791 inest,
759 2741 975 2795 semper
996 2734 1080 2780 est
1115 2722 1521 2792 inseparabilis,
1549 2720 1693 2776 sicut
1715 2737 1769 2775 tn
1789 2717 1954 2787 justis
1977 2717 2155 2772 homi-
2184 2729 2233 2788 Β
2260 2719 2471 2777 duabus
2490 2719 2867 2777 affectionibus
2892 2722 3241 2777 instrumenti
3263 2722 3500 2788 volendi,
3519 2722 3607 2776 illa
3627 2724 3868 2779 omnino

567 2823 727 2877 nibus
756 2822 809 2874 in
846 2820 948 2874 hac
974 2818 1083 2871 vita
1114 2823 1369 2885 apparet;
1398 2822 1453 2868 et
1492 2811 1785 2882 aliquando
1817 2818 1902 2865 est
1946 2810 2160 2879 insepa-

568 2913 781 2977 rabilis,
836 2913 979 2966 sicut
1021 2911 1077 2963 in
1119 2907 1309 2963 electis
1356 2906 1584 2978 angelis,
1630 2913 1685 2959 et
1723 2905 1776 2959 in
1820 2902 2060 2967 sanctis;
2104 2903 2158 2956 in

568 3006 792 3069 sanctis,
817 3013 935 3072 post
958 3002 1101 3055 hanc
1124 3000 1309 3063 vitam;
1332 2998 1427 3053 sed
1448 2998 1501 3052 in
1517 2996 1723 3068 angelis
1745 3038 1760 3063 ,
1786 3010 1999 3065 semper
2023 2993 2158 3065 (84).

576 3093 656 3147 Ex
688 3092 772 3146 his
806 3091 1014 3145 duabus
1036 3086 1413 3143 affectionibus
1444 3086 1691 3142 volumus
1718 3084 1978 3156 quidquid
2010 3084 2160 3140 volu-

568 3199 710 3238 mus.
743 3182 849 3237 Aut
870 3182 1016 3236 enim
1039 3181 1286 3238 volumus
1299 3180 1643 3237 commodum
1663 3188 1757 3232 aut
1774 3176 2075 3246 justitiam;
2103 3184 2159 3231 et

568 3275 705 3339 haec,
734 3282 825 3328 aut
849 3283 1068 3344 pr0pter
1096 3276 1462 3338 commodum,
1495 3280 1591 3326 aut
1621 3280 1844 3340 propter
1860 3268 2152 3340 justitiam.

569 3364 855 3447 Voluntas,
874 3382 1151 3437 quaem,
1167 3367 1367 3422 dicitur
1383 3350 2005 3443 veﬂiﬁnstrumcnti,
2019 3363 2160 3417 sicut

567 3458 704 3511 visio
724 3473 860 3527 opus
878 3458 962 3513 vel
987 3474 1115 3514 usus
1139 3459 1287 3513 visus
1318 3455 1665 3514 instrumenti
1682 3454 1923 3522 videndi,
1943 3452 2158 3509 nonnisi

570 3551 623 3603 in
648 3551 920 3620 cogitante
940 3560 1054 3617 est,
1078 3559 1133 3605 et
1163 3560 1249 3605 est
1274 3551 1481 3620 pariter
1501 3552 1624 3603 cum
1649 3547 1766 3617 ipso
1797 3545 2158 3600 instrumento

568 3657 705 3713 opus
736 3641 1061 3707 affectionis,
1091 3643 1235 3698 sicut
1277 3650 1440 3697 acuta
1484 3640 1622 3695 visio
1648 3653 1786 3709 opus
1816 3646 1902 3692 est
1926 3637 2078 3691 visus
2105 3644 2158 3691 ct

572 3734 841 3807 acuminis
868 3714 1053 3810 visus}.
1073 3733 1198 3789 Haec
1226 3734 1390 3803 igitur
1417 3731 1669 3788 voluntas
1712 3739 1807 3784 aut
1828 3739 1909 3784 est
1935 3738 2157 3799 propter

571 3841 709 3892 rem,
737 3814 898 3895 quam
922 3812 1057 3881 velle
1087 3826 1305 3891 dicitur,
1335 3835 1396 3879 ut
1422 3840 1545 3880 cum
1574 3822 1868 3894 cogitando
1898 3821 2153 3897 salutem,

569 3935 689 3973 eam
742 3918 1032 3983 volumus;
1116 3928 1210 3972 aut
1276 3924 1496 3987 propter
1567 3914 1735 3982 aliud,
1790 3922 1850 3967 ut
1910 3912 2155 3982 equitare

568 4012 817 4067 volumus
866 4019 1088 4082 propter
1127 4008 1378 4064 salutem.
1433 4006 1532 4062 Est
1576 4006 1741 4061 etiam
1772 4003 1893 4075 alia
1957 4000 2153 4056 divisio

2261 2815 2455 2870 melior
2475 2825 2559 2870 est
2578 2824 2634 2871 et
2658 2816 2881 2872 omnino
2909 2816 3295 2887 praeponenda,
3312 2831 3434 2887 quae
3457 2825 3539 2871 est
3568 2816 3639 2870 ad
3669 2816 3869 2872 volen-

2260 2906 2388 2960 duin
2418 2906 2687 2975 justitiam
2716 2924 2732 2961 :
2764 2922 2859 2978 per
2890 2909 3033 2963 hanc
3062 2909 3206 2963 enim
3252 2907 3431 2964 omnis
3451 2906 3635 2976 justus
3671 2907 3871 2977 justus

2261 3006 2378 3070 est;
2421 3014 2542 3065 nec,
2576 2998 2681 3053 nisi
2708 3013 2805 3068 per
2827 2998 3010 3066 istam,
3040 2998 3238 3069 aliquis
3263 2998 3456 3056 beatus
3475 3013 3596 3055 esse
3624 3009 3821 3070 potest
3851 3018 3864 3052 :

2261 3006 2378 3158 est;
2421 3014 2542 3065 nec,
2576 3006 2681 3053 nisi
2708 3013 2805 3068 per
2827 3006 3010 3066 istam,
3040 3006 3238 3069 aliquis
3263 3006 3456 3056 beatus
3475 3013 3596 3055 esse
3624 3009 3821 3070 potest
3851 3018 3864 3052 :

2260 3099 2316 3144 et
2368 3090 2383 3145 i
2415 3089 2502 3145 illa
2530 3106 2651 3160 qua:
2680 3098 2765 3145 est
2788 3089 3016 3148 .voleudi
3043 3089 3390 3146 commodum
3431 3100 3655 3161 propter
3686 3089 3870 3159 justi-

2262 3181 2411 3246 tiam,
2441 3183 2663 3237 omnino
2686 3197 2793 3237 non
2816 3191 2963 3238 esset
2988 3182 3040 3237 in
3069 3183 3249 3238 anima
3268 3223 3288 3251 ,
3316 3183 3471 3238 beata
3496 3191 3680 3238 tamen
3710 3194 3869 3241 esset

2270 3272 2451 3327 anima
2498 3273 2611 3328 sola
2641 3272 2931 3328 dilectione
2957 3271 3204 3342 justitiaa,
3242 3288 3344 3328 nec
3389 3273 3665 3328 ullatenus
3715 3284 3871 3330 esset

2259 3361 2456 3419 misera
2495 3377 2593 3431 per
2642 3362 2945 3418 absentiam
3000 3362 3229 3431 alicujus
3282 3363 3510 3418 alterius
3539 3366 3863 3427 commodi,

2258 3452 2386 3521 quia
2413 3468 2521 3507 non
2551 3453 2817 3524 indigeret
2838 3470 2900 3508 ea
2934 3470 2991 3509 re
3046 3470 3210 3524 quam
3236 3469 3342 3509 non
3371 3454 3529 3508 vellet
3558 3472 3571 3507 :
3610 3455 3703 3508 illa
3735 3473 3870 3511 vero

2255 3542 2494 3609 affectio,
2522 3559 2643 3613 qua:
2656 3554 2741 3599 est
2755 3544 2969 3600 volendi
2993 3546 3361 3607 commodum,
3388 3554 3670 3613 perquam
3692 3548 3870 3600 etiam

2256 3649 2449 3692 omnes
2472 3636 2605 3706 justi
2637 3635 2828 3691 volunt
2847 3651 2969 3692 esse
2996 3637 3161 3702 beati,
3190 3636 3232 3690 si
3266 3635 3379 3690 sola
3410 3636 3582 3700 adsit;
3642 3637 3870 3691 nonnisi

2258 3723 2514 3777 miserum
2541 3724 2700 3791 facit;
2740 3726 2871 3795 quia
2911 3741 3014 3779 nus
3030 3742 3179 3795 {nam
3209 3725 3276 3779 ad
3311 3725 3415 3779 hoc
3447 3726 3589 3794 quod
3623 3728 3869 3794 appetit,

2255 3816 2371 3873 sine
2391 3806 2599 3886 justitia
2628 3818 2907 3888 pertingit.

2324 3907 2571 3964 Potestas
2602 3920 2687 3965 est
2726 3911 2971 3981 aptitudo
3009 3912 3076 3967 ad
3107 3910 3410 3967 faciendum
3446 3927 3461 3965 :
3488 3926 3633 3983 pono
3674 3923 3870 3968 autem

2254 3998 2363 4066 hic,
2394 4001 2589 4071 facere,
2620 4018 2722 4073 pro
2744 4004 2892 4059 omni
2923 4004 3091 4060 verbo
3124 4005 3281 4060 finito
3311 4003 3397 4059 vel
3436 4003 3675 4071 infinito,
3710 4007 3865 4076 quod

568 4103 730 4171 hujus
775 4100 1100 4168 voluntatis;
1141 4100 1269 4169 quia
1318 4107 1413 4153 aut
1456 4096 1571 4153 vult
1614 4110 1736 4152 esse
1760 4093 2002 4165 aliquid,
2060 4100 2157 4146 aut
2183 4092 2229 4155 C
2259 4091 2524 4163 frequens
2560 4110 2692 4150 usus
2731 4096 2918 4151 habet.
2945 4095 3047 4163 Qui
3074 4098 3218 4152 enim
3250 4096 3489 4165 loquitur
3514 4111 3641 4173 cum
3671 4097 3709 4152 d

568 4194 682 4248 vult
726 4210 831 4249 non
891 4209 1011 4249 esse
1062 4192 1208 4265 (85);
1276 4201 1331 4246 ut
1375 4190 1515 4248 velle
1587 4203 1709 4245 esse
1746 4188 2045 4252 hominem,
2102 4193 2157 4241 et

568 4284 707 4339 velle
736 4300 841 4340 non
871 4300 994 4340 esse
1038 4285 1334 4339 hominem.
1374 4281 1585 4351 Recipit
1616 4281 1782 4335 etiam
1810 4278 2152 4343 divisionem,

571 4391 732 4444 quam
766 4376 955 4445 recipit
980 4376 1174 4446 facere.
1204 4375 1311 4431 Sex
1339 4374 1485 4430 enim
1519 4373 1692 4431 modis
1722 4371 1953 4427 dicimus
1976 4369 2156 4425 facere

570 4484 709 4531 esse,
742 4477 798 4522 et
840 4470 1057 4524 totidem
1091 4469 1269 4524 facere
1301 4483 1412 4523 non
1433 4480 1575 4522 esse.
1598 4458 1607 4539 ί
1627 4464 1743 4519 Dici
1774 4464 1938 4519 etiam
1983 4472 2158 4534 potest

572 4560 688 4615 haec
714 4558 980 4624 voluntas,
1012 4559 1114 4613 alia
1135 4558 1392 4626 elliciens,
1416 4556 1521 4612 alia
1550 4554 1876 4631 approbans,
1905 4552 2011 4607 alia
2033 4568 2156 4623 per-

572 4650 795 4704 mittens
828 4666 841 4702 :
874 4649 1194 4705 efficientem
1217 4649 1358 4717 dico,
1395 4665 1517 4720 qua:
1558 4646 1725 4703 efficit
1753 4645 1897 4717 quod
1927 4644 2066 4709 vult,
2102 4654 2159 4700 et

568 4757 690 4812 qua:
738 4739 998 4807 efficeret,
1043 4740 1089 4796 si
1124 4750 1333 4812 posset;
1382 4739 1770 4811 approbantem
1824 4754 1975 4805 vero,
2035 4754 2156 4810 quae

569 4831 834 4901 approbat
878 4832 1023 4909 quod
1063 4839 1167 4896 est,
1216 4840 1273 4886 et
1321 4846 1442 4900 qua:
1476 4829 1818 4901 approbaret,
1878 4830 1923 4883 si
1968 4838 2151 4909 esset;

568 4923 975 4990 permittentem
1007 4908 1161 4986 vero,
1197 4937 1318 4991 quae
1362 4921 1631 4991 permittit
1677 4933 1798 4975 esse
1823 4920 1966 4989 quod
2017 4919 2155 4974 velle

569 5015 792 5081 dicitur,
816 5014 861 5071 si
891 5022 997 5081 est,
1021 5022 1077 5071 et
1098 5029 1217 5085 qua:
1241 5013 1607 5086 permitteret,
1637 5011 1681 5067 si
1711 5019 1853 5067 esset
1877 5024 1893 5065 :
1916 5010 2155 5066 efficiens

567 5105 785 5175 quidem
808 5112 893 5161 est
919 5105 1087 5160 etiam
1112 5106 1420 5176 approbans
1449 5112 1506 5160 et
1547 5102 1909 5174 permittens;
1946 5096 2155 5185 lappro-

567 5192 707 5249 bans
731 5204 911 5249 autem
939 5202 1025 5249 est
1057 5202 1116 5248 et
1136 5193 1485 5264 permittens,
1527 5191 1846 5261 permittens
1877 5200 2011 5246 vero
2030 5199 2154 5259 tan:

570 5290 683 5338 tum
711 5298 812 5339 nec
855 5282 1116 5353 eﬂiciens,
1156 5299 1257 5340 nec
1297 5284 1605 5357 approbans
1644 5291 1791 5338 recte
1818 5282 1925 5336 dici
1955 5274 2163 5352 potest."

571 5373 880 5432 Secundum
905 5377 1225 5435 ellicientem
1247 5377 1451 5434 dictum
1474 5384 1557 5433 est
1582 5394 1596 5431 :
1624 5373 1813 5431 Omnia
1836 5390 2156 5446 quwcunque

3712 4100 3824 4153 cbe

2259 4106 2524 4163 irequens
2560 4110 2692 4150 usus
2734 4106 2918 4151 habet.
2945 4106 3047 4163 Qui
3074 4106 3218 4152 enim
3250 4106 3489 4165 loquitur
3514 4111 3641 4175 cum
3671 4106 3875 4241 iisti/ct,

2259 4182 2343 4237 vel
2375 4185 2548 4249 sedet,
2579 4184 2659 4238 vel
2689 4193 2838 4249 stat;
2868 4194 2926 4239 et
2959 4188 3048 4257 qui
3074 4186 3209 4254 vult,
3236 4196 3331 4242 aut
3358 4186 3564 4257 patitur
3589 4192 3713 4255 quo”
3777 4188 3875 4242 de-

2257 4272 2381 4345 bet;
2414 4283 2467 4329 et
2487 4273 2579 4342 qui
2611 4282 2695 4329 cst
2717 4276 2829 4340 ubi,
2860 4285 2917 4331 et
2934 4278 3155 4345 quando
3185 4278 3367 4343 debet,
3396 4276 3533 4331 bene
3563 4274 3740 4343 facit;
3776 4277 3871 4347 qui

2258 4372 2442 4417 autem
2477 4379 2584 4418 non
2616 4364 2857 4434 loquitur
2879 4382 3003 4422 cum
3039 4369 3224 4436 debet,
3253 4384 3353 4424 nec
3380 4365 3552 4431 sedet,
3586 4384 3699 4424 nec
3724 4379 3869 4434 stat;

2257 4462 2314 4508 et.
2341 4454 2434 4523 qui
2468 4470 2571 4510 nec
2596 4457 2732 4522 vult,
2756 4472 2857 4512 nec
2883 4459 3088 4528 patitur
3124 4461 3268 4530 quod
3310 4461 3506 4527 debet;
3538 4470 3593 4514 et
3624 4461 3726 4529 qui
3758 4474 3869 4525 non

2257 4554 2341 4599 est
2370 4544 2482 4610 ubi,
2528 4554 2622 4600 aut
2651 4547 2869 4617 quando
2911 4546 3089 4615 debet,
3124 4550 3267 4607 male
3300 4550 3438 4607 facit
3490 4569 3504 4604 :
3546 4557 3602 4603 ct
3626 4552 3725 4618 qui
3758 4567 3869 4606 non

2257 4634 2394 4690 facit
2428 4638 2573 4705 quod
2593 4638 2768 4703 debet,
2804 4638 2944 4695 male
2971 4636 3134 4708 facit;
3165 4651 3222 4697 et
3249 4645 3341 4713 qui
3368 4656 3476 4698 non
3517 4640 3656 4695 facit
3717 4642 3871 4711 quod

2257 4739 2366 4779 non
2396 4725 2575 4796 debet,
2599 4727 2736 4784 bene
2760 4726 2910 4784 facit.
2936 4729 3138 4802 Liquet
3168 4733 3353 4804 igitur,
3372 4734 3566 4803 facere,
3590 4736 3736 4804 poni
3769 4749 3871 4802 pro

2257 4818 2482 4874 omnino
2514 4820 2679 4876 verbo
2711 4820 2868 4878 linito
2895 4822 2982 4878 vel
3012 4822 3245 4889 infinito,
3273 4826 3439 4880 etiam
3480 4841 3601 4897 pro,
3635 4841 3755 4880 non
3786 4826 3871 4894 [a-

2257 4922 2392 4962 cere.
2423 4908 2519 4963 Est
2534 4909 2698 4980 igitur
2747 4922 2991 4983 potestas
3023 4913 3270 4984 aptitudo
3302 4913 3778 4978 adfaciendum;
3812 4920 3872 4964 et

2256 5001 2433 5055 omnis
2450 5003 2699 5073 aptitudo
2712 5004 2781 5059 ad
2802 5004 3134 5073 faciendum,
3147 5014 3415 5085 potestasa
3430 5006 3489 5061 lu
3501 5020 3613 5076 quo
3660 5018 3872 5060 cavea.

2258 5092 2386 5148 dum
2410 5110 2479 5150 ne
2502 5098 2728 5153 omnino
2750 5112 2852 5168 pro
2880 5099 3072 5154 eodem
3092 5066 3665 5171 a'ccipiatuﬂr‘aptitudo
3681 5097 3760 5152 ad
3783 5094 3871 5153 fa-

2256 5188 2531 5257 ciendum,
2563 5201 2620 5247 et
2647 5193 2895 5263 aptitudo
2916 5192 3153 5250 faciendi
3181 5209 3198 5248 :
3229 5192 3409 5248 omnis
3428 5191 3574 5247 enim
3604 5189 3871 5261 aptitudo

2257 5282 2325 5338 ad
2356 5282 2687 5351 faciendum,
2718 5295 2807 5342 est
2851 5297 2910 5344 et
2958 5285 3223 5354 faciendi;
3271 5285 3369 5341 sed
3396 5299 3506 5341 non
3552 5283 3749 5339 omnis
3778 5282 3873 5336 fa-

2259 5374 2456 5445 ciendi,
2483 5386 2568 5433 est
2591 5380 2755 5436 etiam
2782 5380 2853 5435 ad
2876 5378 3182 5437 faciendum
3210 5395 3227 5436 :
3259 5378 3505 5451 aptitudo
3524 5376 3678 5434 enim
3722 5375 3873 5431 seti-

2070 5482 2302 5542 ΝΟΤᾸΞ.

797 5568 1047 5650 Videlib.
1080 5576 1144 5628 de
1157 5574 1325 5650 μορε.
1350 5591 1534 5644 primo.
1559 5584 1691 5643 etc.,
1713 5590 1765 5645 q.
1790 5577 1843 5633 5.
1865 5590 1912 5633 c.
1944 5574 2002 5633 ll
2028 5585 2081 5634 et
2114 5575 2151 5633 Ι.

572 5640 637 5693 de
666 5638 838 5711 Liber.
866 5643 1051 5697 arbitr.
1081 5660 1133 5699 c.
1154 5647 1207 5711 '5,
1241 5645 1293 5698 τ’.

642 5710 755 5783 (84)
786 5711 904 5768 Lib.
931 5717 993 5769 de
1021 5712 1196 5770 Liber.
1227 5715 1433 5783 arbilr.,
1458 5732 1507 5771 c.
1541 5717 1625 5772 14.

2336 5582 2449 5653 (85)
2480 5581 2554 5657 D_e
2582 5581 2861 5657 multiplici
2896 5582 3178 5640 voluntatis
3234 5584 3871 5657 divisioneacripluratm

2262 5668 2316 5708 se
2341 5652 2701 5725 promiteratl.
2717 5652 2781 5712 de
2803 5654 3027 5712 Concor.
3044 5671 3299 5729 prtrsc.q.
3314 5655 3368 5728 '5,
3387 5670 3438 5713 c.
3458 5655 3544 5725 ll,
3572 5652 3676 5723 aL,
3705 5653 3809 5710 21.
