4076 6288
215 323 310 380 ιευ

1307 330 1578 389 ωιιως.
1615 331 1704 386 DE
1745 331 1994 391 LIBERO
2025 337 2383 398 ABBITRIO.

3377 356 3483 414 ιυο

213 443 389 508 bendi,
418 458 546 514 qua:
572 453 659 500 est
683 444 750 499 ad
770 445 1139 514 scribendum,
1177 458 1262 505 est
1298 451 1466 506 etiam
1497 461 1790 522 antequam
1822 451 1867 509 Α
1899 454 2145 520 aptitudo
2180 472 2287 514 non
2310 466 2428 526 est;
2479 469 2536 516 et
2585 461 2638 518 in
2662 477 2742 518 eo
2769 463 2912 533 quod
2964 465 3031 522 ad
3056 465 3360 524 faciendum
3390 473 3484 526 de-

213 535 484 589 scribatur
503 546 700 608 Qtltl!_8l
727 536 930 593 dicitur
956 548 1198 608 potestas
1218 542 1521 608 scribendi;
1553 546 1797 616 aptitudo

217 641 338 681 vero
385 628 692 695 scribendi,
731 646 852 699 qua!
902 641 988 687 est
1036 633 1089 687 in
1145 634 1455 700 scribendo.
1505 641 1799 694 secundum

213 733 369 789 quam
423 719 682 786 dicimus,
737 733 856 792 apte
919 725 1125 790 scribit,
1186 729 1295 782 non
1349 730 1798 800 praeceditipsam

213 810 595 878 scriptionem;
625 827 724 867 nec
743 822 824 867 est
853 823 1092 882 potestas
1116 818 1406 882 scribendi,
1435 820 1529 874 sed
1550 819 1802 878 etl'ectum

215 902 503 969 potestatis
535 900 808 958 scribendi
840 922 854 958 :
887 906 1012 974 quia
1063 907 1206 960 enim
1243 909 1499 976 praecedit
1559 918 1801 979 potestas

213 999 329 1058 apte
365 990 668 1056 scribendi,
718 993 991 1063 ideoapte
1037 997 1325 1063 scribitur;
1379 1015 1486 1053 non
1522 1001 1648 1069 quia
1677 1010 1802 1070 apte

215 1083 277 1136 sit
301 1084 555 1153 scriptio,
596 1084 718 1139 ideo
752 1096 934 1156 potest
989 1087 1103 1143 fieri
1155 1091 1398 1161 scriptio.
1460 1092 1672 1148 Dictum
1719 1103 1802 1148 est

214 1181 392 1228 autem
423 1174 678 1242 aptitudo
701 1178 770 1231 ad
800 1176 1125 1242 faciendum,
1178 1191 1233 1235 et
1282 1199 1388 1238 non
1438 1185 1684 1240 absolute
1733 1189 1802 1243 ad

214 1262 442 1332 aliquid;
479 1265 608 1334 quia
651 1283 757 1321 non
788 1278 873 1322 est
893 1269 1138 1338 aptitudo
1169 1274 1238 1326 ad
1289 1273 1492 1344 aliquid
1519 1286 1572 1329 et
1602 1279 1802 1334 nonad

217 1354 553 1421 faciendum,
586 1373 708 1428 qute
735 1375 841 1415 non
869 1370 952 1417 est
987 1373 1246 1432 potestas,
1274 1379 1330 1420 ut
1357 1368 1602 1437 aptitudo
1632 1372 1801 1427 vestis

215 1447 277 1501 ad
300 1463 508 1518 corpus
542 1465 558 1502 :
594 1449 796 1504 dicitur
839 1453 984 1507 enim
1025 1462 1146 1523 apta
1179 1456 1245 1510 ad
1275 1472 1503 1527 corpus;
1539 1476 1638 1516 nec
1680 1463 1802 1519 ideo

215 1546 384 1596 tamen
419 1541 627 1596 dicitur
656 1552 846 1612 potens
895 1545 1082 1601 vestis.
1112 1545 1257 1603 Bene
1292 1549 1452 1619 igitur
1481 1552 1687 1609 dictum
1717 1565 1804 1612 est

212 1632 329 1699 quia
353 1642 605 1702 potestas
628 1641 714 1688 est
737 1635 984 1705 aptitudo
1011 1637 1080 1691 ad
1112 1638 1452 1708 faciendum;
1485 1644 1610 1714 quia
1655 1645 1708 1700 in
1732 1661 1803 1702 eo

210 1725 346 1793 quod
385 1725 646 1795 aptit-udo
691 1727 912 1794 dicitur,
964 1740 1251 1801 separatur
1291 1732 1360 1789 ab
1411 1736 1558 1790 onmi
1600 1751 1659 1794 re
1683 1751 1804 1809 quae

253 1933 666 1959 Mc

1907 545 2250 614 terminatur,
2286 549 2548 606 dividitur
2571 553 2642 609 ab
2667 555 2812 610 omni
2843 555 3165 627 aptitmline,
3195 560 3309 615 sive
3330 560 3398 616 ab
3421 579 3488 620 ea

1902 651 2023 705 qua:
2059 653 2164 691 non
2219 648 2305 695 est
2331 629 2397 695 ad
2435 641 2663 714 aliquid,
2693 655 2754 699 ut
2800 661 2922 716 qua:
2964 656 3050 702 est
3079 646 3133 702 in
3163 649 3478 716 scribendo;

1903 727 2016 780 sive
2038 728 2106 783 ab
2125 743 2188 784 ea
2214 718 2440 800 quaeest
2461 734 2526 788 ad
2555 734 2757 806 aliquid
2780 746 2958 793 etnon
2985 737 3053 794 ad
3079 737 3402 805 faciendum,
3426 751 3487 796 ut

1903 830 1964 871 ea
1989 833 2109 887 qum
2126 828 2210 874 est
2238 819 2290 875 in
2318 831 2470 877 veste
2491 824 2557 879 ad
2575 839 2796 896 corpus,
2818 843 2940 897 quae
2976 837 3031 884 et
3051 831 3264 900 corpori
3293 831 3486 900 melius

1903 908 2008 965 dici
2039 921 2217 981 potest
2249 929 2263 966 :
2291 913 2493 968 dicitur
2523 916 2669 970 enim
2701 919 2871 976 vestis
2909 931 3035 990 apta
3073 908 3488 1004 corpori.“-‘1_Yihil

1904 1001 2066 1071 igitur
2101 1003 2221 1074 plus
2246 1003 2330 1060 vel
2362 1006 2541 1062 minus
2567 1008 2728 1064 habet
2759 1009 2875 1066 haec
2909 1010 3156 1068 diliinitio
3177 1000 3482 1084 potestatis,

1903 1109 2065 1163 quam
2115 1095 2295 1150 debet.
2317 1095 2440 1176 [Est
2493 1109 2674 1156 autem
2724 1102 2840 1158 haec
2892 1102 3135 1160 dillinitio
3193 1108 3482 1176 potestatis

1907 1184 2044 1240 facta
2076 1165 2372 1243 secundum
2412 1206 2591 1258 usum,
2622 1209 2728 1249 non
2758 1197 3057 1251 secundum
3095 1199 3488 1267 proprietatem

1903 1278 2188 1346 potestatis
2222 1296 2236 1332 :
2265 1281 2526 1352 quidquid
2573 1286 2718 1339 enim
2771 1286 3118 1358 aliquomodo
3150 1297 3348 1358 potest,
3380 1290 3483 1345 hac

1904 1369 2223 1426 diliinitione
2257 1375 2543 1442 potestatis
2574 1385 2785 1448 potest;
2823 1389 2880 1432 ut
2928 1379 3133 1448 lignum
3190 1389 3366 1451 potest
3406 1385 3493 1437 in-

1904 1463 2035 1529 cidi,
2063 1477 2118 1520 et
2151 1466 2315 1520 homo
2352 1477 2531 1537 potest
2573 1469 2854 1527 incidere:
2889 1488 3013 1526 nam
3053 1483 3108 1528 et
3136 1473 3341 1544 lignum
3372 1475 3497 1531 ideo

1903 1563 2084 1626 potest
2131 1555 2322 1621 incidi,
2373 1557 2500 1627 quia
2556 1559 2720 1614 habet
2757 1552 3116 1629 aptitudinem
3145 1563 3214 1617 ad
3246 1563 3492 1619 inciden-

1905 1643 2067 1710 dum;
2091 1652 2147 1700 et.
2171 1646 2334 1702 homo
2363 1646 2484 1701 ideo
2514 1655 2693 1718 potest
2716 1648 2975 1717 incidere,
3007 1651 3135 1720 quia
3167 1651 3332 1708 habet
3353 1649 3496 1722 apti-

1907 1737 2148 1794 tudinem
2185 1737 2252 1793 ad
2280 1739 2652 1796 incidendum.

669 1942 2892 1972 Μ*-

1057 2098 1760 2222 ΒΔΝΟΤῙ·
1845 2099 2658 2221 ANSELMI

1583 2325 2176 2420 DIALOGUS
2672 2325 2674 2327 ’

821 2539 1021 2666 DE
1111 2540 1686 2670 LIBERO
1773 2537 1840 2664 Α

1909 2540 2532 2668 BBITRIO
2769 2513 2884 2584 (εδ)

648 2871 803 2944 117
836 2869 1064 2928 CAPUT
1088 2871 1377 2929 PRIMUM.

211 2989 362 3056 Quod
417 2997 646 3056 potestas
686 2986 928 3042 peccandi
960 2985 1362 3065 nonnpertineat
1409 2985 1478 3040 ad
1520 2986 1808 3065 libertatem

908 3055 1124 3108 Irbitrii‘.

281 3148 432 3202 Drsc.
473 3145 742 3212 Quoniam
774 3143 1000 3198 liberum
1051 3141 1334 3199 arbitrium
1380 3144 1592 3200 videtur
1646 3161 1809 3214 repu-

209 3254 382 3312 gnare
412 3238 618 3306 gratiae,
657 3247 710 3292 ct
731 3235 1213 3306 prmlestinationi,
1239 3245 1292 3290 ct
1311 3236 1662 3307 prazscientia:
1691 3235 1808 3302 Dei,

207 3335 320 3404 ipsa
343 3334 581 3391 libertas
604 3332 812 3386 arbitrii
836 3333 964 3403 quid
994 3335 1065 3390 sit
1092 3347 1250 3389 nosse
1267 3331 1536 3398 desidero,
1556 3343 1611 3388 et
1632 3341 1810 3387 utrum

207 3425 354 3479 illam
393 3438 607 3495 semper
631 3423 954 3480 habeamus.
1014 3424 1070 3478 Si
1123 3423 1270 3480 enim
1330 3423 1551 3479 libertas
1602 3423 1810 3478 arbitrii

208 3527 289 3571 est
314 3530 487 3585 posse
510 3529 736 3586 peccare
759 3523 812 3570 et
845 3532 951 3570 non
983 3529 1228 3584 peccare,
1269 3515 1410 3572 sicut
1439 3531 1469 3571 a
1493 3515 1812 3586 quibusdam

209 3609 347 3661 solet
385 3606 518 3669 dici,
547 3615 601 3660 et
632 3606 734 3660 hoc
760 3621 983 3676 semper
1011 3605 1273 3661 habemus
1302 3606 1392 3638 ³⁶⁵¹
1421 3605 1690 3677 quomodo
1715 3605 1816 3660 ali-

206 3698 439 3770 quando
469 3697 642 3768 gratia
695 3677 1042 3768 indigi-imis?
1090 3696 1148 3752 Si
1183 3683 1361 3752 autem
1400 3697 1502 3753 hcc
1532 3711 1638 3753 non
1668 3709 1814 3752 sem-

1782 2938 1791 2943 _
1835 2879 1878 2938 Β
1908 2871 2121 2926 differat
2147 2870 2373 2924 liberum
2415 2868 2702 2924 arbitrium
2737 2867 3016 2923 hominum
3051 2882 3078 2922 a
3132 2868 3303 2926 libero
3351 2871 3500 2928 arbi-

1915 2968 2018 3021 trio
2054 2965 2145 3021 Dei
2183 2974 2238 3020 et
2269 2964 2583 3035 angelorum
2629 2964 2892 3018 bonorum
2921 2962 3016 2996 ⁸³⁵⁵
3046 2962 3293 3027 dilliuitio
3326 2973 3504 3020 tamen

1913 3057 2074 3126 lmjus
2123 3056 2391 3111 libertatis
2414 3055 2466 3109 iu
2496 3055 2777 3125 utrisque,
2813 3054 3113 3110 sectmdum
3155 3055 3258 3110 hoc
3287 3071 3505 3122 nomen,

1909 3149 2100 3204 eadem
2131 3149 2287 3203 debet
2313 3162 2432 3202 esse
2461 3164 2473 3198 :
2508 3146 2632 3202 licet
2661 3144 2804 3222 enim
2847 3146 3046 3201 animal
3074 3144 3281 3202 diﬂerat
3304 3149 3373 3202 ab
3391 3149 3507 3204 ani-

1915 3239 2038 3292 mali
2065 3238 2178 3292 sive
2206 3237 2668 3301 substantialitcr,
2701 3237 2816 3292 sive
2845 3239 3283 3303 accidentaliter,
3314 3239 3508 3294 dilliui-

1915 3327 1989 3382 tio
2015 3334 2222 3390 tamen,
2251 3327 2546 3382 secundum
2572 3341 2767 3381 nomen
2797 3327 3071 3402 animalis,
3094 3329 3351 3383 otnuibus
3393 3330 3509 3383 ani-

1914 3417 2147 3473 malibus
2183 3426 2270 3473 est
2295 3417 2508 3472 eadem.
2535 3411 2883 3486 Quapropter
2916 3416 3076 3472 talem
3133 3427 3349 3488 oportet
3375 3418 3510 3474 dare

1915 3508 2286 3565 dillinitionem
2329 3506 2596 3564 libertatis
2645 3509 2875 3574 arbitrii,
2928 3524 3047 3579 qua:
3105 3525 3206 3566 nec
3263 3509 3382 3580 plus
3410 3525 3511 3567 nec

1917 3605 2095 3660 minus
2120 3603 2209 3659 illa
2269 3602 2567 3660 contineat.
2605 3601 2874 3670 Quoniam
2907 3618 3043 3672 ergo
3095 3601 3323 3658 liberum
3365 3605 3510 3658 arbi-

1917 3695 2080 3750 trium
2102 3694 2342 3749 divinum
2391 3700 2447 3749 et
2474 3693 2755 3760 bonorum
2788 3694 3100 3764 angelorum
3151 3709 3376 3770 peccare
3399 3710 3507 3748 non

125 3785 174 3844 \
208 3805 305 3857 per
329 3789 628 3852 habemus,
653 3803 751 3843 cur
780 3785 1258 3856 nobisimputatur
1278 3796 1578 3858 peccatum,
1600 3790 1816 3858 quando
1916 3794 2114 3856 potest,
2138 3800 2241 3840 non
2263 3787 2497 3856 pertinet
2521 3786 2587 3841 ad
2616 3785 2989 3843 dimnitionem
3015 3787 3276 3843 libertatis
3300 3787 3509 3843 arbitrii

207 3880 533 3934 sinelibero
560 3877 790 3935 arbitrio
815 3879 1145 3950 peccamus?
1195 3877 1336 3934 MAG.
1367 3879 1696 3935 Libertatem
1734 3897 1820 3936 ar—
1919 3891 2075 3945 posse
2098 3890 2348 3945 peccare.
2391 3876 2634 3950 Denique
2674 3892 2773 3932 nec
2811 3878 3052 3939 libertas,
3119 3894 3218 3932 nec
3275 3893 3402 3948 pars
3447 3878 3513 3930 li-

207 3974 362 4026 bilrii
403 3987 510 4025 non
538 3981 667 4042 puto
697 3987 817 4028 esse
855 3972 1155 4043 potentiam
1177 3971 1435 4042 peccandi
1478 3980 1662 4026 etnon
1689 3985 1818 4041 pec-
1918 3965 2148 4021 bcrtatis
2169 3973 2255 4020 est
2279 3972 2519 4034 potestas
2545 3965 2825 4033 peccandi.
2854 3965 3016 4032 Quod
3044 3975 3098 4018 ut
3125 3967 3286 4035 plane
3305 3965 3508 4020 intelli-

205 4043 406 4118 randi.
438 4062 647 4134 Quippe
676 4063 719 4118 si
751 4064 866 4119 bare
895 4063 1011 4141 ejus
1056 4070 1202 4124 esset
1250 4061 1342 4093 ³⁸⁸³
1391 4060 1654 4123 deﬁnitio,
1720 4075 1821 4116 nec
1920 4069 2033 4125 gas,
2068 4051 2286 4109 intende
2326 4054 2392 4106 ad
2425 4069 2489 4108 ea
2549 4069 2670 4122 quas
2718 4054 2916 4109 dicam.
2944 4058 3088 4109 Dtsc.
3116 4055 3194 4108 Ad
3249 4055 3352 4108 hoc
3389 4069 3508 4108 sum

208 4155 384 4223 Deus,
418 4169 524 4210 nec
545 4154 744 4224 angeli,
770 4156 860 4225 qui
887 4155 981 4187 3"”
1000 4169 1235 4230 peccare
1263 4159 1558 4223 nequeunt,
1589 4151 1818 4206 liberum

1922 4145 2030 4200 hic.
2072 4145 2214 4200 MAG.
2251 4144 2380 4212 Quae
2421 4144 2518 4200 tibi
2557 4145 2815 4201 voluntas
2862 4145 3087 4199 liberior
3114 4145 3326 4199 videtur
3353 4161 3366 4197 :
3396 4144 3508 4210 illa,

207 4249 492 4304 haberent
540 4248 823 4302 arbitrium
856 4265 868 4301 :
901 4249 1042 4318 quod
1085 4247 1238 4304 nefas
1288 4253 1376 4303 est
1419 4245 1618 4301 dicere.
1665 4243 1812 4318 DISC.

1920 4253 2038 4307 qua:
2064 4237 2145 4292 sic
2177 4237 2293 4291 vult
2319 4246 2399 4291 et
2451 4244 2630 4306 potest
2659 4251 2766 4292 non
2803 4250 3052 4320 peccare,
3102 4244 3162 4289 ut
3206 4234 3512 4290 nullatenus

209 4336 384 4406 Quid,
418 4337 465 4392 si
503 4336 701 4392 dicitur
730 4338 874 4392 aliud
903 4351 1024 4392 esse
1045 4337 1270 4391 liberum
1304 4333 1590 4390 arbitrium
1639 4333 1732 4387 Dei
1760 4343 1816 4388 et

208 4429 542 4487 atwelorum
574 4429 860 4495 honorum,
900 4429 1042 4484 aliud
1075 4427 1357 4482 nostrum?
1396 4426 1533 4483 Man.
1559 4416 1818 4496 Quamvis

1920 4331 2060 4386 tlecti
2092 4330 2267 4384 valeat
2292 4344 2323 4384 a
2353 4344 2457 4384 non
2488 4330 2744 4398 peccandi
2797 4329 3140 4395 rectitudine,
3174 4325 3241 4383 an
3273 4328 3360 4385 illa
3392 4344 3513 4398 quae

1924 4424 2105 4494 aliquo
2133 4424 2290 4479 modo
2318 4422 2456 4479 ﬂecti
2482 4432 2660 4493 potest
2708 4423 2774 4490 ad
2809 4420 3185 4493 peccandum?
3232 4423 3372 4478 DISC.
3405 4421 3514 4477 Cur

1518 4559 1750 4614 VARIIE
1792 4556 2199 4622 LECTIONES.

283 4655 388 4686 ³³η
431 4651 722 4707 Collatum
753 4662 832 4707 est.
891 4652 992 4706 hoc
1035 4650 1351 4720 opusculum
1374 4665 1497 4705 cum
1524 4666 1652 4720 mss.
1680 4648 1804 4702 Bec.
1828 4647 1978 4703 Gem.
2011 4647 2146 4720 Vict.
2177 4649 2343 4720 tribus
2371 4646 2456 4702 CC
2480 4651 2534 4705 9.
2559 4649 2656 4705 EE
2678 4652 2766 4715 15,
2793 4651 2901 4704 Rtl.
2934 4649 3018 4708 l5.
3042 4665 3148 4703 uno
3173 4651 3403 4707 Tbuano
3423 4651 3509 4717 90,

212 4741 325 4780 uno
359 4741 429 4778 ex
470 4722 806 4777 tnouasterio
839 4721 901 4777 S.
937 4718 1102 4802 Micli.
1138 4721 1191 4775 in
1225 4731 1430 4803 monte.
1465 4718 1892 4803 u_no_Cister."et
1913 4718 2310 4803 .(‘tll'llit'adi'LiOne‘
2339 4720 2707 4803 gotbiea."1_us
2739 4720 2886 4775 Gem.
3145 4721 3342 4803 incipit
3367 4733 3515 4803 trac-

211 4806 369 4848 tatus
400 4795 470 4847 de
521 4792 771 4847 libertate
819 4791 1075 4847 arbitrii:
1119 4807 1217 4844 ms.
1265 4790 1458 4845 Cisler.
1490 4787 2040 4860 lncipiuntACapitula
2073 4786 2126 4840 iu
2151 4786 2443 4860 Tractatus
2487 4791 2553 4844 de
2585 4791 2838 4847 libertate
2859 4789 3095 4860 arbitrii.
3137 4786 3510 4860 Etpbsthmc;

211 4865 540 4935 Expliciuut
582 4861 845 4935 capitula:
902 4861 1148 4935 Deinde:
1183 4860 1374 4935 Incipit
1401 4857 1694 4935 Tractaius
1748 4858 1815 4935 de
1865 4857 2144 4935 Libertate
2195 4857 2424 4935 Arbitrii
2463 4861 2642 4935 editus
2689 4863 2758 4917 ab
2787 4859 3059 4935 Anselmq
3087 4857 3514 4935 Archigpiscopo

211 4926 860 5013 Caintitariepsi.'uis.__s.
906 4931 1071 4985 Mich.
1095 4926 1369 5013 incipiunt
1392 4929 1641 5013 Capitula
1669 4929 1724 5012 in
1756 4926 2165 5013 Tractatum‘fie
2195 4927 2463 5013 libertate
2499 4928 2566 5013 lit
2597 4936 2886 5013 postjm’fi
2909 4926 3510 5013 Explicimitﬁapitula.

215 5005 436 5059 Deinde
461 5003 731 5083 :_lneipit_
757 5003 1046 5083 Tractatus
1075 5003 1143 5055 de
1171 4997 1741 5083 Libertate.:Al;l‘iitrii‘.
1771 5013 1873 5052 ms.
1895 4997 2050 5083 lim:
2080 4997 2470 5083 9ti.hln.cipiun_t
2513 4997 2760 5083 Capitula
2807 5001 2954 5083 Libri
2990 4997 3235 5083 ;Aus.eliui
3276 4997 3514 5083 gaulus-

211 5076 431 5136 riensis
481 5067 756 5152 Episcopi,
814 5071 1226 5152 tle‘bibertate_
1256 5071 1508 5152 arbitrii.
1535 5068 1674 5152 .qut
1697 5069 1821 5152 ,ζι-ωιξ
1846 5067 2003 5152 ;.11ἰο“
2025 5067 2218 5152 incipit
2245 5067 2532 5152 Τιίιιοξιιειιε
2574 5067 2642 5152 tie
2686 5073 2937 5152 libertate
2977 5069 3200 5152 arbitrii
3243 5071 3420 5152 editus
3444 5073 3512 5124 ab

213 5133 494 5200 A'nselmo
525 5133 641 5196 "ms.
684 5133 822 5222 Vict1
850 5142 968 5222 ρο.
1021 5143 1072 5197 9.
1122 5141 1388 5222 Incipiunt
1417 5139 1666 5222 capitula
1684 5138 1819 5222 libri
1851 5138 2099 5222 ejusdem
2139 5133 2404 5222 '(Anselini
2450 5139 2861 5222 cantuarieusis
2887 5139 3189 5222 “Art-hiemi
3249 5141 3315 5222 de
3343 5139 3513 5222 libero

207 5216 495 5284 Arbitrio.
535 5214 731 5295 Deinde
760 5230 778 5268 :
804 5213 967 5295 Liber
1017 5207 1264 5295 magistri
1310 5207 1550 5295 Auselmi
1585 5211 1653 5293 de
1684 5207 2161 5295 libero
2194 5225 2298 5295 ms;
2328 5208 2452 5295 βας.
2484 5209 2844 5295 SLIncipiuti-t
2861 5207 3128 5295 “Capitula
3159 5210 3213 5295 in
3249 5207 3510 5295 fractam

207 5289 282 5342 de
314 5279 499 5338 libero
528 5285 787 5347 arbitrio,
823 5283 970 5337 edito
993 5284 1060 5336 ab
1082 5278 1336 5352 Miselmo
1371 5279 2224 5352 Cantuariensialghiepiscoiio.
2253 5278 2452 5352 Deinde
2473 5295 2494 5334 :
2522 5278 3127 5352 Expliéiuugﬂapitula.
3162 5280 3356 5352 Incipit
3379 5281 3422 5335 Τ
3429 5295 3518 5335 ra-

207 5366 414 5410 ctatus
441 5356 510 5408 de
554 5356 725 5407 libero
773 5354 1002 5409 arbitrio
1041 5353 1222 5406 editus
1256 5350 1324 5405 ab
1347 5350 1606 5407 Anselmo
1683 5349 1807 5420 ““_
1834 5349 1901 5403 Et
1943 5349 2051 5420 hoc
2100 5363 2315 5418 semper
2359 5349 2621 5420 habemus
2655 5369 2754 5407 me.
2811 5349 2942 5406 Vict.
2985 5352 3042 5405 3.
3078 5361 3131 5406 et
3164 5349 3515 5420 ltoc'semper

201 5425 498 5480 debemus
571 5426 664 5455 ἰδ’
711 5425 767 5478 Si
820 5426 923 5477 hoc
967 5423 1084 5492 ejus
1115 5430 1262 5477 esset
1289 5438 1416 5476 mss.
1465 5431 1512 5475 et
1559 5419 1735 5493 Edita
1766 5417 1939 5493 δραι.-
1955 5419 2000 5474 si
2041 5419 2158 5493 haec
2179 5417 2326 5493 esset
2350 5417 2469 5486 ejus
2543 5421 2637 5453 ³⁸⁵³
2675 5423 2784 5476 bec
2811 5421 3062 5493 Angelus,
3097 5423 3187 5492 qui
3233 5433 3332 5477 ms.
3373 5417 3509 5478 Vict.

207 5500 277 5548 S.
346 5495 516 5547 Mich.
571 5493 763 5550 Cister.
800 5505 846 5548 et
891 5489 1012 5547 Bec.
1049 5507 1151 5548 nec
1208 5492 1424 5562 Angeli,
1479 5491 1573 5562 qui
1651 5491 1747 5524 ³³⁵³⁵
1799 5491 1866 5544 Et
1914 5489 2245 5560 Angelorum
2298 5489 2562 5547 bonorum
2593 5508 2694 5546 ms.
2733 5489 2922 5549 Cister.
2965 5500 3020 5546 et
3054 5489 3200 5549 aliud
3247 5494 3513 5550 bonorum

208 5570 250 5620 Α
263 5566 590 5636 ngelorum.

292 5738 428 5818 (86)
474 5739 604 5794 Vide
643 5756 802 5809 supra
853 5739 1140 5809 Prologum
1188 5740 1239 5793 in
1302 5739 1602 5813 Dialogum-
1625 5740 1693 5796 de
2053 5745 2056 5748 ’

537 5835 804 5896 Ριτιιοι,
853 5836 1001 5898 CLV
1016 5836 1124 5897 ιιι.
1928 5893 1941 5914 ,
3000 5835 3072 5895 16
