4076 6288
592 348 686 403 491
1102 344 1160 397 s.
1206 338 1503 396 nsum
1560 331 1915 392 caurum.
1960 330 2277 388 ancorae.
2322 328 2470 385 ore.
2515 329 2695 385 rans
2734 329 2771 386 ι.
2815 364 2884 374 -
2924 331 3341 391 DOGMATICA.

3756 340 3855 398 ιιιε

588 478 694 517 non
726 461 794 513 sit
832 458 1050 513 liberior
1106 457 1213 522 illa,
1251 470 1371 525 qure
1424 452 1489 507 ad
1550 461 1839 518 utrumque
1886 463 1944 503 se
1988 449 2171 512 habet,
2208 452 2248 507 Α
2282 463 2396 500 rum
2429 446 2521 478 “"
2548 446 2855 509 arbitrium,
2890 456 2944 501 et
2978 463 3083 501 non
3127 464 3193 503 ex
3225 449 3563 512 noeessitate,
3601 462 3776 506 nostra
3805 465 3857 508 ut

582 568 693 606 non
717 552 891 605 video.
933 549 1070 604 ΜΑο.
1100 549 1178 603 Αιι
1207 562 1312 601 non
1343 545 1493 600 vides
1520 544 1774 614 quoniam
1800 542 1889 615 qui
1913 543 1992 596 sic
2015 541 2177 595 habet

588 643 731 713 quod
756 644 932 708 decet,
965 638 1187 709 etquod
1233 638 1469 708 expedit,
1532 644 1590 690 ut
1638 638 1741 692 hoc
1767 637 2017 719 amittere
2072 650 2175 689 nan

588 742 750 802 queat
784 732 907 796 m";
940 730 1161 784 liberior
1182 738 1265 785 est
1289 743 1452 798 quam
1485 726 1594 792 ille,
1618 727 1708 797 qui
1740 728 1818 781 sic
1878 725 2039 780 habet
2077 726 2179 779 hoc

588 824 782 890 ipsum,
824 830 881 873 ut
904 821 1074 891 possit
1102 819 1353 890 perdere,
1401 826 1455 871 et
1493 817 1559 870 ad
1616 817 1717 870 hoc
1768 818 1911 885 quod
1936 817 2174 877 dedecet,

586 925 638 966 et
662 928 767 967 non
795 913 1044 983 expedit,
1068 911 1249 965 valeat
1299 910 1538 963 adduci?
1566 909 1710 963 Dtsc.
1766 908 1904 960 Nulli
1959 907 2178 959 dubium

587 1006 687 1057 hoc
710 1019 829 1059 esse
857 1012 1006 1074 puto.
1036 1004 1171 1057 Msa.
1209 1002 1319 1056 Hoc
1366 1016 1580 1071 quoque
1619 1015 1723 1053 non
1756 998 1934 1053 minus
1964 997 2180 1052 indubi-

586 1093 750 1147 tabile
780 1094 927 1147 dices
958 1092 1082 1162 quia
1134 1106 1363 1161 peccare
1413 1104 1629 1160 semper
1669 1088 1937 1143 dedecens
1988 1097 2041 1141 et
2079 1101 2177 1139 no-

585 1184 731 1236 xium
762 1184 884 1238 est?
938 1184 1081 1237 Disc.
1125 1182 1316 1237 Nullus
1344 1198 1492 1236 sana:
1522 1180 1717 1235 mentis
1767 1179 1929 1232 aliter
1988 1178 2175 1231 sentit.

586 1273 725 1326 MAG.
754 1271 998 1326 Liberior
1039 1270 1201 1337 igitur
1227 1278 1311 1323 est
1350 1269 1602 1327 voluntas
1633 1282 1753 1335 qua:
1796 1280 1824 1318 a
1859 1264 2181 1319 rectitudine

586 1380 691 1416 non
723 1363 979 1433 peccandi
1011 1362 1286 1417 declinare
1317 1362 1524 1431 nequit,
1558 1376 1720 1430 quam
1766 1374 1887 1430 qua:
1919 1358 2063 1413 illam
2089 1372 2182 1426 po-

586 1464 693 1507 test
712 1453 983 1509 deserere.
1012 1454 1157 1509 Disc.
1206 1451 1347 1507 Nihil
1405 1451 1535 1506 mihi
1598 1449 1978 1505 rationabilius
2010 1450 2179 1503 asseri

584 1558 745 1615 posse
767 1543 1003 1599 videtur.
1033 1544 1169 1600 Msa.
1202 1544 1283 1597 An
1313 1553 1490 1612 putas,
1521 1543 1663 1613 quod
1697 1542 1937 1597 additum
1963 1543 2177 1606 minuit,

582 1648 636 1700 cf.
672 1647 982 1705 separatum
1030 1646 1191 1705 auget
1230 1635 1567 1702 libertatem,
1617 1635 1669 1690 id
1720 1644 1813 1688 aut
1876 1634 2179 1689 libertatem

582 1742 724 1791 esse,
754 1735 1081 1796 autpartem
1131 1728 1441 1783 libertatis?
1484 1728 1631 1782 DISC.
1685 1727 1802 1781 Non
1864 1725 1967 1780 hoc
1990 1736 2181 1795 putare

2282 538 2522 610 angelica
2557 549 2748 593 natura
2779 540 3027 609 primitus
3055 541 3321 609 peccavit,
3358 548 3414 594 et
3456 542 3661 596 servire
3699 544 3859 611 potuit

2278 639 2610 699 peccato;et
2642 639 2953 684 tamennon
3000 630 3073 685 illi
3129 640 3413 696 peccatum
3470 631 3738 686 dominari
3771 648 3859 703 po-

2280 729 2440 786 terat,
2470 723 2612 775 unde
2644 720 2734 775 illa
2766 715 2871 774 n'on
2916 722 3109 787 lit-era,
3164 730 3260 775 aut
3305 720 3423 788 ejus
3449 722 3731 777 arbitrium
3760 739 3857 779 non

2279 812 2507 867 liberum
2542 813 2646 868 dici
2669 813 2857 882 possit.
2894 813 3036 867 DISC.
3059 814 3207 881 Opus
3235 815 3410 868 habeo
3433 826 3512 878 ιιι,
3537 816 3678 883 quod
3713 817 3858 881 dicis,

2280 904 2521 974 aperias;
2555 906 2679 973 quia
2710 904 2951 958 clausum
2999 905 3127 959 mibi
3156 915 3260 958 est.
3303 905 3442 962 MAG.
3485 906 3587 961 Per
3642 907 3857 965 liberum

2280 994 2565 1048 arbitrium
2620 993 2863 1063 peccavit
2919 1002 3160 1063 apostata
3226 996 3469 1065 angelus,
3504 996 3619 1051 sive
3666 999 3859 1067 primus

2282 1085 2462 1147 homo,
2488 1083 2612 1152 quia
2645 1098 2742 1152 per
2784 1099 2939 1137 suum
2993 1086 3282 1140 arbitrium
3327 1089 3594 1156 peccavit,
3626 1088 3768 1157 quod
3789 1089 3860 1144 sic

2282 1175 2507 1229 liberum
2538 1184 2677 1241 erat,
2718 1184 2776 1228 ut
2799 1174 2943 1228 nulla
2973 1175 3077 1229 alia
3110 1190 3168 1230 re
3197 1178 3312 1245 cogi
3358 1186 3541 1247 posset
3558 1179 3625 1231 ad
3649 1192 3864 1247 peccan-

2282 1268 2446 1331 dum;
2482 1276 2537 1321 et
2576 1267 2696 1322 ideo
2740 1268 2885 1337 juste
2930 1272 3366 1340 reprehenditur,
3396 1272 3695 1341 quia,cum
3736 1272 3863 1327 haec

2282 1358 2732 1414 haberetarbitrii
2762 1361 2842 1415 sui
2872 1361 3209 1427 libertatem,
3242 1377 3346 1416 nou
3380 1363 3560 1432 aliqua
3586 1377 3645 1417 re
3677 1376 3862 1432 cogen-

2284 1460 2355 1521 te,
2389 1467 2494 1506 non
2520 1451 2698 1520 aliqua
2732 1454 3082 1519 necessitate,
3113 1454 3209 1509 sed
3236 1464 3429 1523 sponte
3452 1454 3718 1523 peccavit.
3747 1453 3865 1508 Pee-

2265 1544 2430 1616 .cavit
2453 1553 2634 1599 autem
2662 1558 2761 1614 per
2783 1544 3066 1599 arbitrium
3095 1560 3271 1608 suum,
3312 1546 3454 1615 quod
3476 1557 3597 1600 erat
3622 1545 3861 1611 liberum;

2283 1637 2378 1689 sed
2407 1651 2513 1690 non
2551 1651 2649 1706 per
2697 1637 2799 1691 hoc
2827 1638 2969 1692 unde
3020 1638 3248 1693 liberum
3295 1649 3434 1701 erat,
3459 1639 3512 1692 id
3538 1648 3622 1694 est
3660 1652 3760 1709 per
3775 1653 3865 1707 po-

2286 1736 2561 1789 testatem,
2597 1729 2758 1798 118
2784 1729 2910 1797 quia
2938 1739 3164 1799 poterat
3184 1745 3289 1784 non
3318 1744 3566 1801 peccare,
3595 1739 3653 1785 et
3686 1744 3867 1799 pecca-

582 1832 820 1885 possmn.
852 1817 991 1873 litae.
1015 1818 1263 1873 Potestas
1315 1834 1448 1888 ergo
1496 1818 1778 1888 peccandi,
1828 1834 1949 1887 qua:
1997 1820 2174 1873 addita
2212 1814 2253 1867 B
2282 1827 2335 1873 to
2358 1834 2462 1873 non
2500 1821 2735 1885 servire;
2763 1822 2857 1874 sed
2903 1835 2999 1889 per
3048 1830 3371 1890 potestatem
3402 1821 3495 1855 ³⁴ε⁷
3520 1835 3685 1890 quam
3716 1820 3863 1874 hahe-

584 1910 841 1965 voluntati
871 1911 1067 1965 minuit
1104 1911 1221 1981 ejus
1252 1910 1584 1974 libertatem,
1613 1919 1689 1974 et,
1714 1911 1759 1964 si
1787 1911 2036 1964 dematur
2060 1910 2175 1973 ““,

583 2012 774 2072 anget,
833 2017 933 2057 nec
963 2002 1188 2058 libertas
1241 2012 1343 2067 est,
1399 2015 1499 2057 nec
1530 2015 1655 2070 pars
1702 2000 1985 2056 libertatis.
2032 2000 2175 2056 DISC.

584 2092 725 2149 Nihil
758 2095 1204 2166 consequentius.

1150 2204 1375 2262 CAPUT
1409 2204 1449 2258 ΙΙ
1488 2204 1579 2235 ³³⁵⁷
1594 2244 1606 2257 .

584 2314 737 2382 Quod
794 2326 970 2372 tamen
1008 2316 1225 2387 angelus
1261 2326 1312 2371 et
1353 2316 1507 2371 homo
1551 2316 1647 2349 ⁸⁸⁸⁸
1702 2324 2043 2387 peccaverunt
2089 2332 2181 2384 per

652 2389 787 2441 lianc
836 2385 1161 2455 potestatem,
1180 2396 1228 2441 et
1250 2403 1341 2455 per
1369 2388 1590 2440 liberum
1630 2386 1907 2440 arbitrium
1947 2385 2040 2417 “5'
2074 2399 2109 2455 ξ,
2130 2396 2178 2439 et

655 2457 894 2529 quamvis
914 2457 1179 2529 potuerint
1202 2459 1394 2511 servire
1427 2467 1659 2526 peccato,
1711 2472 1813 2509 non
1876 2466 2050 2510 tamen
2108 2455 2179 2510 eis

650 2527 815 2581 notuit
843 2527 1108 2580 dominari
1132 2536 1425 2595 peccatum.

652 2637 793 2694 MAG.
826 2635 942 2692 Non
968 2649 1099 2707 ergo
1134 2636 1371 2707 pertinet
1398 2636 1491 2668 ³³⁸⁸
1513 2636 1581 2691 ad
1614 2636 1919 2691 libertatem
1943 2636 2178 2703 arbitrii,

582 2728 724 2799 quod
758 2728 838 2783 sic
860 2736 946 2783 est
968 2738 1288 2783 extraneum
1321 2744 1351 2782 a
1381 2728 1649 2784 libertate.
1684 2729 1828 2783 Dtsc.
1860 2727 2182 2784 Rationibus

584 2820 690 2874 tuis
714 2816 1022 2873 nullatenus
1062 2817 1444 2873 contradicere
1496 2832 1656 2888 queo.
1710 2816 1816 2873 Sed
1836 2834 1943 2873 non
1990 2834 2179 2888 parum

584 2923 669 2964 me
695 2916 874 2963 movet
909 2907 1037 2979 quia
1063 2916 1118 2963 et
1146 2908 1388 2979 angelica
1412 2918 1467 2962 et
1492 2918 1679 2964 nostra
1710 2919 1905 2964 natura
1939 2910 1993 2964 in
2030 2910 2179 2980 prin-

585 3000 725 3069 cipio
757 2998 947 3054 habuit
974 3006 1296 3069 potestatem
1342 2999 1624 3069 peccandi,
1657 3014 1819 3070 quam
1864 3000 1910 3054 si
1956 3015 2060 3054 non
2093 3000 2182 3055 ha-

585 3091 808 3153 buisset,
842 3103 948 3143 non
980 3096 1263 3159 peccasset
1292 3106 1305 3143 :
1339 3104 1509 3159 quare
1556 3090 1601 3145 si
1642 3106 1741 3159 per
1788 3090 1926 3145 hanc
1947 3099 2183 3161 potesta-

586 3190 715 3247 tem,
752 3196 870 3251 qua:
894 3182 974 3237 sic
1004 3181 1180 3237 aliena
1230 3190 1315 3236 est
1353 3196 1383 3235 a
1425 3180 1595 3237 libero
1643 3181 1888 3247 arbitrio,
1940 3183 2183 3253 peccavit

586 3281 814 3342 utraque
835 3273 1091 3343 przedicta
1120 3281 1334 3340 natura,
1356 3274 1626 3343 quomodo
1648 3272 1891 3328 dicemus
1910 3288 2029 3328 eam
2054 3289 2182 3344 pec-

584 3379 735 3419 casse
757 3379 854 3433 per
876 3363 1109 3420 liberum
1147 3364 1472 3420 arbitrium?
1503 3364 1575 3419 At
1600 3365 1646 3420 si
1687 3380 1784 3435 per
1828 3365 2057 3421 liberum
2091 3367 2181 3405 ³⁸⁸⁸

586 3456 869 3512 arbitrium
896 3472 1003 3512 non
1034 3458 1300 3528 peccavit,
1327 3472 1392 3512 ex
1416 3458 1739 3512 necessitate
1756 3473 2012 3528 peccasse
2033 3458 2185 3514 vide-

587 3558 697 3604 tur.
723 3547 925 3619 Nempe
951 3558 1046 3602 aut
1079 3557 1289 3618 sponte,
1336 3558 1429 3601 aut
1473 3564 1536 3603 ex
1589 3550 1912 3604 necessitate
1938 3567 1950 3602 :
1976 3565 2101 3604 nam
2138 3551 2183 3605 si

587 3647 780 3708 sponte
823 3639 1068 3707 peccavit
1113 3637 1227 3704 “",
1253 3640 1524 3708 quomodo
1574 3655 1677 3694 non
1711 3657 1809 3710 per
1831 3641 1926 3673 ³⁸⁸³
1948 3642 2182 3698 liberum

588 3729 920 3784 arbitrium?
950 3730 1152 3797 Quare,
1207 3731 1252 3786 si
1285 3746 1389 3786 non
1444 3747 1543 3802 per
1594 3732 1824 3788 liberum
1873 3734 2181 3803 arbitrium,

587 3821 773 3891 utique
796 3836 861 3876 ex
902 3822 1224 3877 necessitate
1250 3838 1507 3893 peccasse
1540 3824 1775 3880 videtur.
1806 3826 1900 3881 Est
1929 3836 1983 3881 et
2011 3827 2179 3895 aliud,

588 3913 731 3983 quod
761 3913 815 3967 in
842 3914 943 3968 hac
982 3914 1236 3983 peccandi
1268 3923 1535 3984 potestate
1565 3931 1650 3970 me
1679 3902 1876 3971 movet.
1912 3917 2012 3985 Qui
2038 3920 2180 3973 enim

587 4018 814 4075 peccare
836 4010 1034 4074 potest,
1072 4018 1262 4058 servus
1292 4014 1469 4073 potest
1496 4020 1617 4060 esse
1648 4007 1895 4074 peccati;
1927 4007 2181 4076 quoniam

588 4098 676 4168 qui
708 4094 834 4167 facit
857 4105 1151 4165 peccatum,
1188 4112 1367 4151 servus
1392 4106 1467 4150 est
1497 4097 1698 4167 peccati
1719 4096 1899 4167 (Joan.
1933 4096 2179 4167 vnt,;’)4).

589 4190 688 4257 Qui
718 4198 897 4245 autem
932 4196 1110 4259 potest
1134 4203 1324 4244 servus
1376 4204 1498 4244 esse
1554 4190 1781 4259 peccati,
1833 4190 1958 4244 huic
2006 4198 2185 4259 pctcst

590 4279 855 4332 dominari
886 4288 1168 4348 peccatum
1198 4295 1209 4331 :
1238 4278 1512 4357 quomodo
1545 4295 1675 4349 ergo
1712 4280 1880 4334 libera
1912 4279 2054 4334 facta
2084 4278 2185 4333 fuit

591 4371 684 4402 ³δ⁶⁵
722 4371 810 4425 illa
860 4380 1082 4436 natura;
1124 4380 1218 4425 aut
1257 4369 1555 4439 cujusmodi
1608 4371 1835 4427 liberum
1896 4373 2181 4428 arbitrium

2282 1910 2376 1965 hat
2411 1910 2669 1979 peccandi
2702 1910 2821 1976 ³³⁸⁸,
2851 1927 2955 1981 qua
2989 1927 3089 1966 nec
3116 1913 3185 1967 ad
3211 1926 3315 1967 non
3362 1911 3623 1981 peccandi
3655 1910 3867 1965 liberta-

2285 2007 2390 2055 tem
2413 2001 2731 2069 juvabatur,
2765 2016 2863 2055 nec
2898 2002 2963 2055 ad
3005 2017 3205 2071 pecean
3231 2002 3260 2055 Ti
3308 2002 3622 2056 servitutem
3653 2000 3869 2071 cogeba-

2283 2097 2389 2145 tur.
2420 2089 2573 2156 Quod
2600 2098 2781 2145 autem
2814 2090 3071 2161 consequi
3106 2092 3198 2145 tibi
3228 2093 3445 2147 videtur
3472 2092 3597 2161 quia
3626 2094 3675 2146 si
3708 2094 3870 2163 potuit

2283 2193 2472 2234 servus
2497 2194 2619 2235 esse
2642 2180 2869 2249 peccati,
2904 2181 3078 2249 potuit
3113 2180 3162 2235 ei
3180 2181 3444 2236 dominari
3470 2192 3757 2251 peccatum
3780 2198 3796 2248 ;
3822 2191 3872 2237 et

2283 2271 2405 2326 ideo
2436 2286 2535 2328 nec
2557 2272 2731 2337 illum,
2765 2288 2864 2327 nec
2913 2274 3029 2343 ejus
3074 2273 3357 2328 arbitrium
3408 2274 3634 2329 liberum
3667 2272 3868 2329 fuisse:

2283 2378 2391 2417 non
2430 2362 2501 2417 ita
2549 2372 2652 2418 est.
2699 2364 2911 2418 Etenim
2952 2365 3042 2434 qui
3099 2381 3209 2420 suze
3245 2366 3529 2434 potestatis
3578 2376 3662 2421 est
3688 2375 3749 2420 ut
3774 2383 3870 2421 non

2283 2455 2505 2523 serviat,
2542 2472 2638 2509 nee
2669 2457 2858 2511 alicam
2884 2458 3171 2527 potestatis
3192 2466 3277 2513 est
3305 2466 3361 2512 ut
3390 2457 3873 2527 serviat,quamvis

2285 2556 2552 2617 potestate
2599 2563 2694 2602 sua
2754 2553 2959 2603 servire
3003 2550 3203 2619 possit;
3240 2549 3475 2619 quandiu
3507 2565 3613 2603 non
3647 2549 3738 2604 illa
3765 2563 3875 2619 quia

2284 2649 2367 2692 est
2389 2638 2681 2704 serviendi,
2707 2639 2798 2692 sed
2834 2638 2918 2691 illa
2945 2654 3061 2708 qum
3082 2648 3167 2693 est
3207 2654 3311 2693 non
3337 2638 3608 2693 serviendi
3632 2639 3750 2703 '“’,
3775 2639 3873 2693 uti-

2288 2739 2374 2784 tur
2404 2738 2692 2799 potestate,
2730 2730 2871 2783 nulla
2899 2744 2984 2784 res
3022 2739 3198 2799 potest
3246 2729 3319 2785 illi
3354 2730 3647 2797 dominari,
3685 2740 3740 2784 ut
3766 2746 3874 2785 ser-

2285 2822 2414 2876 viat.
2448 2821 2579 2876 Nam
2631 2823 2732 2876 etsi
2777 2824 2927 2877 dives
2957 2822 3095 2878 liber
3146 2824 3315 2892 possit
3358 2838 3417 2878 se
3444 2823 3627 2878 facere
3668 2838 3874 2879 servum

2284 2914 2574 2984 pauperis:
2606 2914 2840 2983 quandiu
2889 2913 2990 2968 hoc
3050 2928 3157 2968 non
3217 2912 3366 2976 facit,
3399 2928 3497 2968 nec
3554 2914 3646 2969 ille
3690 2929 3875 2969 nomen

2286 3004 2487 3058 amittit
2533 3003 2829 3069 libertatis,
2882 3018 2981 3056 nec
3019 3018 3225 3074 pauper
3251 3004 3323 3058 illi
3354 3005 3553 3059 dicitur
3580 3004 3679 3037 ³⁸⁷⁸
3709 3005 3876 3061 domi-

2289 3097 2403 3148 nari
2426 3110 2441 3160 ;
2489 3102 2582 3148 aut
2605 3093 2890 3159 sildicitur,
2928 3094 3221 3165 improprie
3250 3093 3471 3160 dicitur,
3497 3095 3621 3163 quia
3648 3094 3755 3149 hoc
3780 3109 3875 3148 non

2289 3188 2340 3239 in
2362 3184 2499 3252 ejus,
2544 3184 2640 3239 sed
2675 3184 2726 3237 in
2780 3184 3004 3238 alterius
3044 3194 3124 3239 est
3184 3194 3468 3254 potestate.
3519 3184 3876 3252 Quamobrem

2288 3278 2420 3331 nihil
2448 3275 2699 3346 prohibet
2751 3275 2999 3345 angelum
3026 3284 3082 3331 et
3112 3277 3384 3331 hominem
3431 3287 3558 3332 ante
3601 3288 3878 3347 peccatum

2288 3367 2341 3421 lil
2364 3383 2484 3423 eros
2512 3366 2700 3435 fuisse,
2726 3377 2820 3421 aut
2856 3367 3086 3421 liberum
3123 3368 3410 3423 arbitrium
3438 3368 3723 3425 habuisse.

2905 3476 3136 3534 CAPUT
3176 3478 3260 3533 lll.

2289 3592 2443 3657 Quod
2469 3603 2743 3661 postquam
2796 3590 2888 3623 “7‘
2920 3607 2974 3644 se
3008 3589 3241 3661 fecerunt
3289 3607 3461 3645 servos
3504 3593 3736 3659 peccati,
3757 3592 3876 3644 libe-

2360 3680 2474 3715 rum
2518 3660 2810 3715 habuerunt
2851 3660 3131 3715 arbitrium
3162 3660 3254 3691 “7’
3280 3676 3299 3714 .'
3328 3672 3375 3715 et
3402 3663 3527 3730 quid
3560 3665 3628 3714 sit
3664 3662 3878 3716 liberum

2358 3732 2654 3785 arbitrium.

2361 3823 2507 3877 Disc.
2546 3820 2868 3877 Satisfecisti
2904 3823 3055 3890 mihi,
3086 3823 3208 3892 quia
3253 3821 3388 3876 nihil
3435 3830 3585 3875 certe
3623 3823 3730 3877 hoc
3761 3836 3877 3892 pro-

2288 3913 2438 3967 hibet
2492 3921 2619 3967 ante
2666 3922 2983 3981 peccatum;
3036 3913 3128 3967 sed
3183 3922 3466 3981 postquam
3513 3927 3572 3966 se
3639 3913 3879 3968 fecerunt

2286 4017 2473 4059 servos
2505 4004 2738 4073 peccati,
2771 4004 3039 4072 quomodo
3063 4004 3291 4059 liberum
3329 4001 3614 4057 arbitrium
3662 4017 3877 4060 servare

2284 4094 2621 4165 potuerunt?
2654 4093 2791 4148 MAG.
2848 4094 3001 4149 Licet
3050 4106 3274 4165 peccato
3298 4112 3356 4151 se
3390 4096 3785 4159 subdidissent,
3819 4094 3878 4147 li-

2286 4188 2548 4242 bertatem
2579 4195 2757 4241 tamen
2789 4188 2997 4242 arbitrii
3045 4188 3347 4243 naturalem
3378 4190 3429 4243 in
3474 4202 3532 4243 se
3563 4190 3878 4243 interimere

2285 4278 2686 4348 nequiverunt;
2720 4280 2811 4333 sed
2853 4278 3029 4333 facere
3054 4289 3343 4350 potuerunt
3371 4289 3427 4333 ιιι
3460 4282 3572 4350 jam
3616 4296 3729 4334 non
3770 4278 3879 4333 sine

2285 4370 2387 4424 alia
2429 4370 2625 4441 gratia,
2690 4386 2851 4439 quam
2882 4380 3001 4425 erat
3060 4370 3147 4425 illa
3179 4386 3342 4441 quam
3383 4372 3531 4441 prius
3556 4371 3875 4429 habuerant,

590 4462 720 4516 illud
742 4471 881 4526 erat.
906 4464 990 4517 cui
1015 4474 1294 4533 peccatum
1334 4461 1598 4517 dominari
1644 4470 1855 4533 poterat
1886 4461 2178 4517 “"?Mac.
2208 4494 2261 4555 Β
2288 4462 2375 4515 illa
2402 4462 2651 4516 libertate
2701 4462 2777 4516 uti
2819 4476 2923 4515 non
2974 4461 3204 4516 valeant.
3251 4461 3391 4517 DISC.
3430 4460 3652 4515 Credo:
3688 4459 3784 4515 sed
3811 4459 3881 4512 in-

590 4552 656 4607 Et
686 4570 782 4624 per
815 4562 1135 4625 potestatem
1183 4553 1462 4626 peccandi,
1497 4561 1551 4608 ct
1588 4562 1780 4624 sponte
1828 4564 1882 4609 et
1924 4568 2021 4625 per
2043 4553 2176 4610 libe-
2211 4548 2249 4555 '
2288 4552 2531 4624 te‘ligere
2566 4551 2833 4608 desidero.
2887 4551 3025 4608 Μλς.
3054 4548 3471 4609 Cousiderenms
3516 4552 3760 4622 primum
3792 4562 3879 4603 cu-

1884 4780 2117 4840 VARIE
2153 4779 2559 4838 LECTIONES.

660 4978 754 5011 ³⁸⁵⁸⁵
789 4977 1053 5032 Amittere
1086 4987 1317 5048 nequeat
1344 4996 1446 5034 ms.
1480 4978 1604 5035 Bec.
1634 4995 1741 5036 non
1775 4979 2029 5033 amittere
2052 4989 2213 5048 queat
2257 4979 2351 5016 ³⁸⁵⁸
2402 4978 2470 5032 Ει
2496 4977 2539 5032 si
2570 4976 2844 5032 dividatur
2867 4978 3011 5031 lida.
3042 4975 3223 5031 Venet.
3254 4975 3414 5048 1547ἴ
3438 4977 3626 5048 colon.
3653 4984 3703 5027 et
3727 4972 3879 5029 Cotti.

590 5047 657 5102 Et
678 5049 743 5119 si
765 5048 1048 5103 derivatur
1073 5046 1200 5103 mai.
1230 5058 1287 5103 et
1314 5049 1359 5104 si
1386 5050 1638 5105 dematur
1711 5051 1805 5083 ³³⁸⁷
1844 5048 1909 5102 lu
1944 5046 2083 5102 uisa.
2100 5049 2261 5119 incipi
2291 5050 2357 5103 ab
2382 5049 2463 5102 his
2492 5048 2657 5119 uerbis
2697 5049 2767 5101 Μ.
2794 5048 2911 5101 Non
2936 5048 3326 5119 ergopertiuet
3353 5047 3418 5099 ad
3446 5046 3878 5119 libertatein

658 5118 753 5153 ⁸⁸⁵⁸
786 5118 949 5190 Quod
987 5127 1195 5172 tantum
1230 5119 1392 5173 homo
1443 5129 1499 5175 et
1542 5121 1778 5190 Angelus
1807 5135 1931 5173 nias.
1957 5119 2111 5190 Quod
2143 5116 2325 5190 tamen
2356 5117 2589 5189 Angelus
2613 5119 2774 5190 homo
2848 5118 2942 5149 ³δ³⁹
2974 5118 3039 5171 Ει
3063 5117 3302 5190 liberum
3344 5132 3471 5190 nisa.
3505 5126 3561 5169 et
3607 5116 3880 5190 pet-“libe-

588 5203 710 5261 rum
787 5189 879 5223 M°
908 5187 1023 5241 Non
1054 5190 1290 5261 pertinet
1335 5205 1462 5243 nm.
1518 5185 1656 5245 non'
1670 5206 1801 5261 ergo
1829 5189 2075 5261 pertinet,
2143 5189 2234 5221 m‘
2263 5191 2372 5243 Aut
2412 5185 2464 5261 si
2486 5204 2584 5257 per
2616 5188 2847 5261 liberum
2885 5205 3010 5261 mss.
3044 5189 3114 5241 At
3141 5188 3185 5261 _s_i
3218 5201 3312 5257 per
3344 5186 3573 5261 liberum
3655 5185 3751 5216 ³⁸⁸⁸
3780 5187 3882 5242 Aut

588 5260 658 5331 si!
685 5267 878 5331 sponte
919 5256 1164 5331 peccavit
1203 5275 1331 5331 um.
1388 5275 1519 5331 nam,
1552 5261 1597 5314 si
1655 5256 1848 5331 sponte
1923 5259 2016 5331 ’Ψ
2046 5259 2461 5331 ρυοιιιοιιοίιιὶεί
2488 5256 2731 5331 ρθιῂηιη.
2762 5259 2895 5331 Tim.
2930 5256 3081 5313 Gem.
3134 5256 3258 5331 ιξεπ.
3301 5256 3573 5331 quomodo
3622 5271 3759 5331 nou
3784 5268 3875 5331 per

591 5328 689 5369 ³⁵⁸δ
714 5322 1187 5401 Quomodojibera
1212 5329 1309 5383 fuit
1336 5346 1462 5401 mss.
1494 5322 1772 5396 Quomodo
1793 5344 1925 5401 ergo
1954 5322 2123 5382 libera
2155 5329 2293 5385 facta
2323 5330 2423 5401 fuit
2494 5322 2596 5360 ³⁵⁵⁵
2626 5330 2901 5401 Dominari
2932 5328 3179 5401 poterat9
3205 5344 3302 5379 ms.
3322 5322 3391 5381 ⁷8.
3419 5322 3882 5401 Miclt._dominaﬁ

587 5399 801 5469 potuit?
872 5398 966 5431 W‘
994 5399 1062 5452 Et
1088 5410 1280 5469 sponte
1308 5415 1403 5468 per
1430 5395 1660 5455 liberum
1689 5419 1815 5456 mss.
1848 5395 1903 5455 et
1928 5409 2120 5469 sponte
2141 5410 2195 5454 et
2225 5416 2323 5470 per
2355 5400 2586 5455 liberum
2618 5416 2715 5454 ms.
2760 5398 2895 5453 Vict.
2925 5395 2978 5454 9.
3026 5411 3175 5451 omit.
3206 5410 3261 5451 et
3301 5405 3493 5464 sponte
3550 5395 3667 5470 _"f‘
3706 5396 3763 5470 id
3803 5403 3883 5451 est

589 5466 691 5538 per
726 5476 1069 5540 potestatem
1079 5466 1189 5540 qua
1222 5466 1434 5540 pot—erat
1482 5486 1587 5525 non
1626 5486 1854 5540 peccare
1886 5466 2365 5539 et'peccato'non
2400 5471 2650 5535 servire;
2686 5471 2782 5524 sed
2831 5485 2927 5539 per
2976 5477 3303 5540 potestatem
3357 5466 3753 5540 quamhabuit
3781 5481 3883 5540 non

589 5536 851 5609 peccandi
905 5555 1004 5593 ms.
1048 5536 1196 5594 Gem.
1223 5536 1407 5605 ‘54,“
1447 5549 1531 5594 est
1572 5536 1669 5608 per
1718 5536 2040 5608 potestatein
2080 5555 2243 5609 quam
2281 5541 2517 5595 habebat
2546 5556 2651 5594 non
2699 5536 2996 5609 peccandi:
3039 5538 3133 5570 ³⁵⁸⁸
3170 5538 3341 5604 Quam
3375 5538 3578 5598 habuit.
3612 5536 3883 5609 peccandi

590 5606 719 5680 nisi.
745 5626 909 5678 quam
937 5609 1191 5680 habebat,
1223 5611 1479 5680 peccandi
1554 5606 1647 5644 “‘9
1677 5606 1807 5678 Qua:
1848 5627 1952 5665 non
2006 5606 2111 5665 est'
2143 5612 2416 5665 serviendi
2464 5628 2589 5664 nm.
2630 5606 2766 5665 Vict.
2793 5610 2927 5664 Tlm.
2956 5607 3103 5680 Geni.
3154 5623 3275 5679 qua:
3329 5615 3414 5663 est
3454 5623 3558 5661 non
3600 5606 3885 5680 serviendi

592 5679 687 5751 '5"
719 5675 794 5734 Illi
844 5679 1063 5751 proprie
1105 5675 1305 5751 dicitur
1345 5698 1473 5734 mss.
1530 5682 1606 5736 ΙΙΙί
1646 5675 1847 5736 dicitur
1898 5696 2057 5749 posse
2136 5681 2229 5751 if“
2269 5681 2553 5746 Quomodo
2596 5691 2883 5751 postquam
2920 5697 3019 5735 ms.
3050 5675 3188 5734 Βεσῖ
3220 5680 3364 5748 quod
3411 5688 3714 5747 postquam
3792 5675 3885 5707 ⁸⁶¹⁸

590 5750 892 5808 Arbitrium
926 5766 1054 5804 mss.
1087 5750 1371 5806 arbitrium
1400 5769 1411 5805 :
1442 5760 1496 5807 et
1528 5752 1668 5822 quid
1721 5753 1791 5809 sit
1820 5751 2051 5807 liberum
2089 5750 2377 5806 arbitrium
