4076 6288
270 340 378 397 633

1379 333 1655 392 DIALOG.
1691 332 1780 390 DE
1820 331 2068 389 LIBERO
2100 327 2441 386 ARBITRIO.

3447 331 3549 388 494

266 452 508 525 jumde
557 452 651 485 aut
715 447 925 506 arbitrii
969 446 1280 503 libertatem
1308 445 1581 501 habebant
1622 446 1716 478 ⁸⁸⁷⁸
1746 454 1873 502 ante
1898 451 1947 511 Α
1977 443 2351 514 negligentiam
2393 441 2639 501 servandi
2690 439 2952 496 habitam.
3006 439 3345 513 Quapropter
3385 456 3553 499 restat

273 555 562 618 peccatum
606 542 825 614 quando
884 548 1092 596 certum
1140 546 1226 594 est
1257 536 1349 569 ³⁸⁷³
1399 552 1493 593 eos
1528 537 1756 593 liberum
1778 538 1871 570 “7°

273 638 565 694 arbitrium
598 635 875 691 habuisse.
919 634 1066 687 DISC.
1120 630 1234 686 Hoc
1294 639 1568 702 exspecto.
1622 630 1760 686 Msa.
1789 629 1871 685 Ad

275 732 410 803 quid
436 730 531 786 tibi
554 727 811 783 videntur
842 725 985 780 illam
1013 724 1271 779 habuisse
1297 722 1601 778 libertatem
1625 722 1870 777 arbitrii?

272 824 364 878 An
399 822 467 877 ad
504 818 906 888 assequendum
929 816 1070 885 quod
1118 813 1353 878 vellent;
1388 829 1455 868 an
1492 813 1558 866 ad
1585 813 1867 868 volendum

275 912 425 982 quod
456 911 739 971 deberent,
782 915 836 962 et
864 906 1006 976 quod
1058 902 1167 958 illis
1190 903 1326 958 velle
1378 902 1699 972 expediret?
1722 903 1865 958 Dtsc.

273 1002 360 1057 Ad
423 1000 711 1056 volendum
765 995 909 1068 quod
944 994 1254 1058 ‘deberent.
1312 992 1528 1062 etquod
1591 993 1869 1063 expediret

274 1094 437 1148 velle.
485 1092 627 1147 Mss.
662 1090 804 1159 Ergo
841 1088 910 1143 ad
971 1085 1358 1143 rectitudinem
1414 1085 1711 1140 voluntatis
1773 1085 1868 1138 ba—

274 1182 512 1237 buerunt
536 1180 843 1236 libertatem
908 1175 1162 1231 arbitrii:
1196 1175 1432 1245 quandiu
1492 1189 1727 1244 namque
1766 1190 1865 1230 vo-

275 1272 496 1327 luerunt
533 1270 696 1340 {quod
765 1268 1070 1323 debuerunt
1118 1266 1497 1320 rectitudinem
1560 1265 1866 1321 habuerunt

273 1361 593 1417 voluntatis.
620 1361 766 1415 Dtsc.
804 1358 877 1412 Ita
927 1366 1030 1414 est.
1079 1356 1218 1412 Mss.
1249 1354 1482 1410 Dubium
1535 1364 1618 1409 est
1666 1356 1863 1421 adhuc,

274 1468 405 1508 cum
436 1452 637 1508 dicitur
664 1450 790 1521 quia
819 1448 1119 1504 libertatem
1162 1448 1465 1503 habuerunt
1522 1447 1594 1502 ad
1645 1449 1866 1503 rectitu-

275 1545 460 1599 dinem
491 1543 585 1575 “"
626 1542 939 1609 voluntatis,
998 1544 1042 1597 si
1103 1557 1213 1597 non
1268 1542 1498 1597 addatur
1526 1540 1727 1610 aliquid
1750 1540 1862 1593 “".

273 1616 675 1703 Quaa‘rodgitur
725 1634 996 1703 quomodo
1058 1633 1327 1689 habebant
1381 1633 1524 1687 illam
1560 1633 1861 1690 libertatem

273 1726 349 1779 ad
377 1725 754 1781 rectitudinem
810 1724 1145 1779 voluntatis:
1181 1740 1247 1778 an
1273 1724 1340 1777 ad
1375 1724 1692 1792 capiendum
1737 1740 1860 1779 eam

1973 531 2278 587 libertatem
2303 530 2716 585 arbitriidatam
2772 544 2891 585 esse
2922 531 3173 596 rationali
3197 545 3404 589 natura:
3458 533 3553 566 ³⁵⁸⁸

1972 623 2040 676 ad
2105 620 2425 677 servandam
2482 630 2759 691 acceptam
2812 623 3187 679 rectitudinem
3237 626 3548 684 voluntatis.

1972 711 2111 766 MAG.
2132 710 2277 765 Bene
2314 711 2379 763 ad
2433 709 2763 781 interrogata
2818 713 3163 781 respondisti.
3226 712 3333 770 Sed
3370 718 3549 772 adhuc

1968 815 2104 872 opus
2140 808 2223 854 est
2263 808 2322 853 ut
2346 800 2745 855 consideremus
2792 812 3013 872 propter
3063 804 3192 873 quid
3219 795 3364 860 illam
3392 812 3550 862 recti-

1972 892 2210 945 tudi‘uem
2241 904 2460 945 servare
2492 891 2688 946 debeat
2738 893 3021 949 rationalis
3064 906 3257 951 natura
3298 897 3433 951 ἠδε
3467 900 3549 953 An

1969 990 2191 1049 propter
2228 980 2396 1050 ipsam
2422 980 2801 1035 rectitudinem
2865 997 2932 1034 an
2996 993 3217 1054 propter
3243 985 3386 1040 aliud
3418 977 3552 1041 3"'3‘?

1970 1074 2115 1129 Dtsc.
2145 1074 2199 1129 Si
2233 1089 2336 1129 non
2374 1074 2461 1128 illa
2491 1073 2710 1128 libertas
2764 1073 2888 1127 data
2935 1086 3074 1129 esset
3106 1075 3178 1130 illi
3230 1086 3456 1143 naturae,
3495 1090 3553 1134 ut

1966 1168 2261 1222 voluntatis
2290 1167 2663 1222 rectitudinem
2686 1176 2904 1236 pr0pter
2931 1166 3098 1235 ipsam
3128 1180 3368 1224 servaret
3395 1172 3555 1224 recti-

1970 1258 2231 1324 tudinem,
2258 1275 2360 1311 non
2399 1256 2601 1310 valeret
2633 1255 2698 1308 ad
2726 1254 2990 1324 justitiam
3021 1273 3034 1319 ;
3064 1258 3315 1325 quoniam
3344 1269 3555 1315 constat

1960 1347 2225 1415 justitiam
2256 1335 2407 1402 'esse
2448 1348 2823 1403 rectitudinem
2876 1350 3168 1404 voluntatis
3217 1362 3437 1423 propter
3497 1371 3556 1409 se

1965 1448 2234 1495 servatam
2266 1458 2277 1493 :
2317 1440 2410 1495 sed
2438 1439 2505 1493 ad
2540 1438 2809 1507 justitiam
2848 1442 3102 1510 prodesse
3153 1444 3362 1498 arbitrii
3393 1445 3557 1499 liber-

1966 1540 2131 1588 tatem
2156 1533 2443 1596 credimus.
2477 1531 2657 1599 Quare
2702 1531 3069 1587 indubitanter
3095 1538 3443 1591 asserendmn
3470 1548 3556 1592 est

1963 1623 2282 1678 rationalem
2305 1632 2552 1678 naturam
2583 1638 2690 1679 non
2725 1636 2843 1677 eam
2890 1626 3184 1695 accepisse,
3221 1630 3320 1682 nisi
3347 1630 3411 1683 arl
3438 1646 3557 1685 ser-

1964 1713 2194 1767 vandam
2213 1712 2592 1768 rectitudinem
2621 1714 2915 1769 voluntatis
2944 1722 3162 1785 propter
3199 1717 3367 1785 ipsam
3397 1721 3557 1774 recti-

272 1817 400 1872 sine
420 1816 632 1883 dature,
679 1831 804 1871 cum
848 1815 992 1869 illam
1052 1816 1287 1871 nondum
1314 1815 1619 1887 baberent;
1670 1829 1740 1870 an
1793 1817 1861 1871 ad
1895 1801 1936 1860 B
1960 1804 2227 1859 tudinem.
2256 1803 2395 1858 Mac.
2423 1805 2562 1875 Ergo
2593 1806 2846 1874 quoniam
2891 1809 3069 1863 omnis
3099 1806 3189 1840 “‘7
3222 1808 3442 1865 libertas
3470 1822 3556 1866 est

271 1907 654 1976 accipiendum
707 1908 943 1963 nondum
984 1907 1247 1975 habitam,
1293 1908 1337 1962 si
1376 1908 1600 1962 daretur
1618 1916 1677 1962 ut
1703 1907 1864 1965 habe-

271 2008 399 2052 rent
424 2014 439 2061 ;
470 2015 537 2051 an
567 1999 633 2052 ad
658 1997 1012 2054 deserendum
1038 2002 1569 2069 quam'acceperanl,
1597 2008 1653 2054 et
1683 2011 1781 2070 per
1800 2013 1863 2055 re

268 2087 656 2141 muniendum
714 2089 1026 2154 desertam;
1080 2103 1148 2141 an
1174 2090 1242 2141 ad
1275 2100 1492 2158 semper
1535 2087 1861 2144 servandum

266 2176 602 2244 acceptam?
646 2177 795 2232 DISC.
821 2176 904 2231 Ad
956 2177 1279 2246 capiendum
1330 2178 1708 2233 rectitudinem
1744 2178 1863 2235 sine

267 2268 468 2322 dature
501 2282 605 2322 nou
644 2277 773 2338 puto
802 2268 922 2324 illos
946 2269 1203 2324 habuisse
1226 2268 1566 2334 libertatem;
1602 2269 1860 2338 quoniam

268 2359 412 2412 nihil
440 2359 640 2414 habere
680 2367 972 2430 potuerunt
1025 2360 1169 2429 quod
1215 2374 1323 2414 non
1390 2368 1735 2429 acceperunt.
1778 2360 1859 2415 Ad

267 2448 647 2518 accipiendum
706 2464 835 2504 vero
867 2465 897 2503 a
935 2448 1146 2516 datore,
1189 2466 1351 2520 quam
1405 2451 1641 2505 nondum
1694 2450 1862 2506 habe.

265 2539 425 2605 bant,
465 2547 524 2593 ut
560 2552 682 2593 eam
716 2539 1000 2604 haberent,
1045 2548 1254 2596 nonest
1287 2540 1571 2596 dicendum
1622 2555 1718 2595 eos
1766 2542 1863 2595 ha-

264 2628 458 2683 buisse
507 2628 848 2695 libertatem;
880 2630 1006 2699 quia
1030 2644 1136 2685 non
1177 2640 1261 2685 est
1305 2630 1633 2685 credendum
1663 2646 1755 2687 eos
1779 2630 1861 2685 fa-

265 2732 391 2775 ctos
438 2722 557 2776 sine
596 2729 743 2778 recta
784 2721 1083 2789 voluntate,
1121 2723 1371 2792 quamvis
1411 2735 1516 2778 non
1557 2724 1857 2794 negandum

262 2810 348 2865 sit
376 2824 471 2864 eos
494 2809 751 2866 habuisse
779 2810 1086 2867 libertatem
1101 2813 1395 2882 recipiendi
1431 2814 1680 2867 eamdem
1705 2814 1861 2867 recti-

266 2900 536 2965 tudinem,
566 2900 610 2955 si
659 2915 779 2956 eam
831 2902 1166 2969 desererent,
1208 2910 1262 2958 et
1299 2904 1514 2973 διείρεο
1560 2904 1735 2973 primo
1759 2904 1858 2958 da-

264 3000 391 3044 tnre
427 2990 533 3045 illis
584 2990 902 3047 redderetur
934 2993 1118 3062 :quod
1173 2993 1227 3047 in
1261 2994 1570 3049 hominibus
1612 3009 1754 3065 sarpe
1780 2994 1859 3049 vi-

262 3082 483 3148 demus,
521 3082 615 3151 qui
650 3082 717 3138 de
739 3081 1002 3151 iniustitia
1033 3083 1384 3151 adjustitiam
1412 3099 1644 3156 superna
1684 3070 1856 3156 gratia

261 3168 628 3226 reJucuntur.
669 3168 810 3226 Mne.
867 3169 1063 3226 Verum
1111 3180 1196 3227 est
1240 3174 1382 3243 quod
1431 3174 1566 3229 dicis
1616 3155 1710 3206 “7?
1760 3155 1925 3231 eosC

259 3273 429 3327 posse
469 3261 711 3329 recipere
749 3261 1016 3330 perditam
1048 3264 1449 3331 rectitudinem,
1487 3264 1531 3319 si
1557 3264 1851 3320 reddatur:

258 3351 362 3403 sed
391 3365 492 3403 nos
513 3349 658 3404 illam
681 3351 1011 3419 libertatem,
1038 3368 1201 3424 quam
1231 3355 1539 3409 habuerunt
1562 3364 1852 3425 antequam

261 3447 580 3506 peccarent,
613 3440 927 3509 quaerimus,
951 3456 1071 3496 cum
1100 3442 1219 3498 sine
1241 3441 1403 3498 dubio
1430 3441 1659 3497 liberum
1690 3442 1855 3499 habe-

263 3529 401 3582 bant
440 3530 728 3585 arbitrium
754 3530 850 3563 ³⁸⁸⁸
890 3547 998 3587 non
1053 3532 1223 3599 illam,
1275 3548 1384 3603 qua
1421 3533 1601 3589 nullus
1654 3534 1855 3606 indiget-

268 3630 353 3674 ret
383 3621 497 3689 “",
543 3623 587 3677 si
639 3640 912 3694 nunquam
968 3626 1253 3680 veritatem
1296 3626 1660 3699 deseruisset?
1709 3628 1851 3682 DISC.

264 3710 579 3783 Prosequar
604 3715 815 3785 itaque,
844 3723 899 3770 et
924 3716 1259 3786 respondebo
1304 3718 1371 3771 ad
1401 3732 1466 3772 ea
1498 3733 1618 3788 quae
1647 3728 1856 3775 restant

266 3806 336 3862 de
367 3807 453 3861 his
474 3822 594 3876 qua
616 3807 986 3879 interrogasti.
1014 3807 1096 3863 Ad
1120 3807 1475 3865 deserendum
1498 3819 1677 3865 autem
1708 3825 1855 3866 eam-

264 3898 391 3953 dem
419 3900 822 3966 rectitudinem,
848 3914 941 3956 eos
976 3898 1282 3977 libertatem
1347 3900 1602 3956 habuisse
1642 3916 1746 3956 non
1771 3911 1854 3957 est

264 4005 492 4057 verum;
524 3992 651 4061 quia
710 3992 961 4047 deserere
1026 3991 1322 4047 voluntatis
1369 3992 1746 4047 rectitudinem
1769 4001 1854 4047 est

261 4095 517 4150 peccare,
543 4091 599 4137 et
626 4091 949 4153 potestatem
971 4082 1251 4155 peccandi,
1275 4098 1375 4139 nec
1400 4082 1729 4150 libertatem,
1755 4097 1853 4137 nec

260 4184 477 4237 partem
506 4190 628 4234 esse
656 4177 918 4234 libertatis
947 4194 1109 4250 supra
1132 4179 1448 4235 monstrasti
1482 4178 1622 4250 (cap.
1658 4180 1732 4248 1).
1769 4178 1851 4234 Ad

260 4271 650 4322 resumendum
677 4282 811 4322 vero
864 4283 963 4339 per
995 4283 1054 4325 se
1084 4269 1353 4325 desertam
1376 4268 1753 4324 rectitudinem
1782 4267 1848 4321 li-

260 4361 533 4415 bertatem
566 4375 671 4415 non
729 4369 1090 4432 acceperunt:
1121 4376 1243 4417 cum
1295 4362 1362 4417 ad
1426 4362 1529 4416 hoc
1589 4360 1851 4415 rectitude

1963 1902 2229 1963 potestas;
2268 1893 2358 1948 illa
2387 1894 2612 1950 libertas
2650 1895 2861 1950 arbitrii
2907 1904 2989 1950 est
3013 1908 3254 1966 potestas
3296 1902 3552 1956 servandi

1964 1984 2344 2039 rectitudinem
2369 1979 2906 2054 voluntatis'propter
2945 1986 3115 2054 ipsam
3147 1989 3551 2045 reetitudiuein.

1962 2076 2108 2131 Dtsc.
2142 2076 2259 2131 Non
2301 2085 2482 2147 potest
2503 2075 2648 2132 aliud
2686 2091 2825 2132 esse.
2878 2076 3019 2133 Μια.
3063 2077 3181 2133 Jam
3237 2081 3416 2152 itaque
3445 2084 3555 2137 ela-

1961 2183 2080 2223 rum
2108 2178 2195 2224 est
2226 2169 2454 2224 liberum
2484 2169 2767 2224 arbitrium
2796 2184 2901 2224 non
2929 2185 3051 2226 esse
3075 2171 3237 2236 aliud,
3270 2189 3428 2241 quam
3467 2192 3555 2230 ar-

1960 2256 2181 2314 bitrium
2219 2270 2408 2329 potens
2433 2274 2655 2348 servare
2701 2260 3079 2315 rectitudinem
3112 2262 3404 2319 voluntatis
3426 2280 3555 2334 pra—

1961 2361 2081 2422 pter
2139 2352 2311 2421 ipsam
2370 2350 2766 2405 rectitudinem.
2824 2351 2971 2406 DISC.
3005 2352 3220 2407 Clarum
3249 2355 3434 2424 utique
3460 2357 3555 2389 “9'

1960 2451 2061 2499 est.
2092 2442 2198 2497 Sed
2228 2442 2463 2513 quamdiu
2494 2442 2662 2511 ipsam
2691 2456 2761 2496 re.
2786 2442 3064 2497 tittn!inem
3096 2444 3304 2510 habni',
3334 2461 3555 2504 servare

1959 2536 2297 2609 potuitquod
2324 2537 2511 2591 habuit
2558 2536 2668 2589 ⁸⁸⁸⁸³.
2704 2537 2995 2605 Postquam
3033 2548 3212 2591 autem
3254 2538 3401 2592 illam
3461 2541 3554 2594 de-
3598 2598 3607 2611 Ι

1960 2628 2150 2695 seruit,
2176 2629 2444 2697 quomodo
2471 2637 2648 2700 potest
2674 2644 2892 2684 servare
2918 2630 3057 2700 quod
3086 2646 3189 2684 non
3223 2632 3417 2685 habet?
3441 2632 3552 2685 Ab-

1958 2728 2113 2773 sente
2133 2734 2262 2790 ergo
2292 2720 2630 2784 rectitudine,
2667 2735 2787 2790 quae
2841 2720 3049 2777 servari
3100 2721 3270 2789 possit
3298 2719 3415 2785 “9°,
3444 2738 3548 2775 non

1958 2819 2043 2865 est
2080 2810 2310 2865 liberum
2339 2811 2664 2879 arbitrium,
2704 2812 2847 2882 quod
2895 2827 3015 2867 eam
3076 2828 3295 2868 servare
3327 2802 3497 2867 valeat
3532 2831 3546 2868 :

1958 2918 2065 2957 non
2088 2904 2232 2957 enim
2246 2918 2465 2959 servare
2486 2904 2628 2959 valet
2651 2904 2793 2974 quod
2819 2920 2926 2958 non
2946 2903 3124 2958 habet.
3150 2903 3289 2957 MAG.
3325 2903 3550 2958 Etiamsi

1958 2993 2101 3049 absit
2124 2995 2388 3049 rectitude
2424 2994 2735 3061 voluntatis,
2779 3009 2885 3049 non
2920 3003 3096 3048 tamen
3126 3008 3184 3047 ra
3212 2993 3406 3049 iunalis
3456 3010 3551 3048 na-

1960 3093 2079 3140 tura
2103 3086 2280 3141 minus
2330 3086 2493 3141 habet
2520 3086 2664 3155 quod
2711 3102 2868 3139 suum
2914 3095 3014 3140 est.
3058 3084 3265 3140 Nullam
3318 3100 3551 3156 namque

1958 3184 2281 3247 potestatem
2308 3175 2589 3239 habemus,
2621 3184 2676 3228 ut
2700 3185 2848 3244 puto,
2878 3190 2997 3244 qua!
3023 3174 3136 3229 sola
3159 3173 3407 3239 suiliciat,
3446 3174 3550 3230 sibi

1958 3267 2023 3321 ad
2055 3276 2235 3321 actum
2270 3287 2284 3321 :
2315 3276 2371 3321 et
2400 3278 2603 3334 tamen,
2626 3281 2750 3321 cum
2777 3281 2838 3320 ea
2891 3268 3089 3321 desunt
3112 3268 3229 3321 sine
3266 3267 3461 3335 quitus
3480 3268 3547 3322 ad

1958 3365 2137 3412 actum
2161 3356 2384 3410 minime
2404 3357 2771 3426 perducuntur
2790 3365 2985 3411 nostra:
3001 3356 3088 3387 ""
3105 3366 3419 3426 potestates,
3439 3370 3546 3410 non

1958 3445 2136 3501 minus
2158 3459 2268 3509 eas,
2297 3454 2553 3515 quantum
2582 3444 2637 3498 in
2676 3444 2832 3498 nobis
2885 3452 2990 3509 est,
3046 3444 3249 3499 habere
3291 3442 3543 3498 dicimur.

1958 3536 2113 3593 Sicut
2158 3537 2362 3592 nullum
2412 3538 2830 3593 instrumentum
2874 3535 3046 3591 solum
3102 3536 3204 3590 sibi
3233 3534 3425 3590 suliicit
3479 3536 3547 3589 ad

1955 3628 2322 3697 operandum;
2358 3636 2557 3695 tamen,
2591 3642 2713 3683 cum
2743 3627 2937 3682 desunt
2967 3626 3054 3691 illa
3086 3626 3202 3681 sine
3233 3626 3428 3697 quibus
3452 3624 3546 3659 ³⁸³³

1957 3718 2314 3775 instrumento
2367 3720 2442 3773 uti
2480 3718 2785 3787 nequimus,
2845 3717 3263 3773 instrumentum
3304 3732 3403 3772 nos
3455 3716 3547 3771 eu-

1949 3808 2175 3879 juslibet
2195 3810 2375 3881 operis
2397 3810 2598 3865 habere
2622 3809 2741 3865 sine
2770 3808 3001 3864 falsitate
3031 3807 3284 3862 fatemur.
3308 3807 3459 3875 Quod
3490 3818 3547 3863 ut

1956 3902 2009 3956 in
2032 3902 2215 3957 multis
2240 3901 2657 3965 animadvertas,
2692 3900 2745 3953 in
2774 3914 2881 3953 uno
2914 3898 3005 3953 tibi
3033 3899 3369 3954 monstrabo.
3410 3898 3544 3952 Nul-

1955 3990 2039 4046 lus
2072 3991 2241 4045 visum
2287 3991 2493 4045 habens
2542 3989 2739 4044 dicitur
2793 3988 3099 4042 nullatenus
3146 4003 3305 4059 posse
3362 3989 3544 4043 videre

1956 4090 2214 4137 montem.
2253 4080 2395 4135 DISC.
2419 4079 2517 4145 Qui
2580 4088 2815 4133 montem
2859 4079 3041 4133 vidsre
3070 4093 3174 4133 non
3196 4087 3393 4149 potest,
3422 4094 3545 4148 pro-

1954 4173 2094 4228 fecto
2115 4172 2316 4226 nullum
2348 4172 2509 4226 habet
2536 4169 2730 4225 visum.
2767 4168 2905 4223 Msa.
2938 4168 3112 4225 Habet
3137 4185 3265 4241 ergo
3305 4180 3542 4240 potesta—

1957 4271 2149 4316 temet
2196 4261 2613 4315 instrumentum
2643 4257 2855 4314 videndi
2910 4266 3171 4327 montem,
3236 4259 3326 4328 qui
3369 4259 3540 4314 visum

1954 4353 2119 4408 habet
2150 4371 2160 4406 :
2193 4364 2247 4407 et
2269 4361 2448 4407 tamen
2466 4351 2507 4406 si
2526 4365 2679 4405 mons
2701 4346 2869 4415 abest,
2900 4359 2953 4404 et
2976 4349 3112 4405 dicis
3137 4351 3207 4415 ei,
3237 4349 3370 4405 Vide
3392 4366 3542 4405 mon-

261 4451 354 4505 illa
380 4452 506 4505 data
547 4452 637 4483 ’δι’
662 4454 754 4518 sit,
802 4461 862 4508 ut
905 4467 1179 4523 nunquam
1220 4453 1702 4515 desereretur,““.
1732 4453 1849 4523 Ipsa
1883 4487 1931 4548 ο
1957 4453 2087 4535 ιειηἶ
2129 4443 2421 4514 respondet
2461 4442 2598 4548 tibi:
2640 4440 2756 4548 Non
2798 4456 3036 4548 possunt.
3068 4439 3195 4510 quia
3257 4441 3447 4548 abest;
3497 4443 3541 4497 si

262 4558 500 4614 namque
554 4553 795 4615 potestas
845 4547 1150 4603 resumendi
1210 4546 1477 4603 desertam
1504 4586 1519 4612 ,
1565 4554 1850 4615 generaret
1883 4523 1930 4548 ν
1957 4523 2191 4604 adesset,
2217 4550 2429 4607 posse!“
2462 4534 2666 4589 νίάενεο
2729 4534 2859 4588 "ei"
2892 4548 2909 4588 ε
2946 4532 3005 4589 Si
3035 4548 3142 4588 ηοη
3210 4532 3445 4599 adesset.
3489 4541 3544 4587 ει

1550 4673 1783 4729 VARle
1818 4672 2221 4728 LECTIONES.

343 4786 438 4823 ³³⁷³
468 4785 892 4843 Consideremus
917 4789 1218 4853 cujusmodi
1254 4807 1351 4844 ms.
1396 4792 1519 4843 Bec.
1574 4790 1608 4843 ε)
1688 4790 2093 4845 consideremus
2145 4802 2273 4855 ergo
2318 4802 2550 4856 primum
2597 4786 2895 4855 cujusmodi
2952 4803 3077 4840 mss.
3132 4789 3538 4840 consideremus

263 4858 506 4929 primum
543 4857 846 4926 cujusmodi
922 4858 1018 4929 ἕδη
1050 4858 1386 4913 Libertatem
1440 4862 1747 4914 habuerunt
1795 4876 1921 4913 mss.
1970 4860 2279 4929 libertatem
2331 4856 2605 4929 habebant
2654 4857 2774 4929 7”"

2826 4857 2961 4923 Quia
3008 4866 3217 4910 certum
3275 4866 3357 4910 est
3411 4872 3534 4909 mss.

304 4927 486 4980 nando
509 4925 727 4980 certum
758 4938 842 4982 est
915 4928 1010 4960 'm
1039 4929 1145 4981 Eos
1192 4930 1420 4984 libermn
1457 4948 1555 4983 ms.
1600 4930 1789 4984 Cister.
1830 4945 1923 4983 eos
1959 4940 2084 4983 ante
2132 4927 2355 4979 liberum
2435 4926 2525 4960 ³⁸⁷⁷
2566 4926 2885 4993 Habuerunt
2929 4926 2996 4979 ad
3029 4925 3406 4979 rectitudinem
3436 4941 3534 4979 ms.

304 4944 486 4980 "anno
509 4944 727 4980 certum
758 4944 842 4982 εει
915 4944 1010 4960 ’δι’
1039 4944 1145 4981 nos
1192 4944 1420 4984 tttiertun
1457 4948 1555 4983 ms.
1600 4944 1789 4984 (λυθεῖεν.
1830 4945 1923 4983 eos
1959 4944 2084 4983 ante
2132 4944 2355 4979 liberum
2566 4944 2885 4993 Habuerunt
2929 4944 2996 4979 au
3029 4944 3406 4979 recutuuruem
3436 4944 3534 4979 ms.

260 4944 414 5069 ἳίόιῄι.
442 4997 678 5069 3.9M}.
711 5000 777 5051 ad
852 4998 950 5029 ³⁸⁷⁸
986 5000 1231 5069 At'ldatur
1265 5001 1406 5052 aliud
1434 5018 1559 5053 nias.
1592 5004 1827 5054 addatur
1855 5000 2060 5069 aliquid
2133 4999 2225 5069 ΨΥ
2256 4996 2408 5051 Unde
2439 5008 2521 5069 est
2562 5002 2705 5069 quod
2737 4994 3025 5069 dicis_ms_s.
3059 5010 3245 5069 verum
3287 5005 3368 5047 est
3395 4997 3537 5062 quod

264 5067 410 5120 diris
486 5066 583 5097 ⁸⁸⁸⁸
631 5067 886 5121 Liberum
920 5068 1227 5123 habuerunt
1271 5070 1554 5123 arbitrium
1594 5086 1719 5125 mss.
1773 5064 2002 5125 liberum
2058 5067 2334 5123 habebant
2384 5067 2666 5120 arbitrium
2744 5068 2834 5098 ³⁵⁸⁸
2885 5065 3075 5119 Nullus
3117 5064 3378 5133 indigeret
3406 5081 3531 5119 mss.

259 5136 405 5207 Tim,
446 5137 625 5190 nullus
673 5139 877 5207 indiget

949 5136 1045 5170 ⁸⁸⁸³
1087 5138 1375 5194 Βενιίιυιιο
1420 5139 1495 5193 illi
1527 5141 1654 5194 data
1704 5158 1829 5194 mss.
1885 5139 2154 5194 rectitudo
2209 5137 2297 5190 illa
2350 5138 2472 5190 data
2548 5137 2643 5167 ³⁸⁸³
2686 5138 2972 5191 Deseratur
3008 5153 3130 5189 mss.
3191 5136 3535 5189 desereretur

254 5206 361 5238 ³⁸⁸⁸
386 5200 657 5261 Rationali
701 5200 967 5262 creatura).
999 5209 1081 5261 vel
1114 5219 1320 5263 natura:
1361 5226 1489 5263 mss.
1522 5210 1775 5264 ra<ionali
1805 5219 2011 5264 natura:
2087 5208 2181 5239 ³⁸⁸⁸⁵
2219 5208 2519 5261 Rationalis
2567 5216 2813 5260 creatura
2856 5222 2981 5258 mss.
3028 5204 3305 5258 rationalis
3341 5216 3533 5262 natura

250 5276 359 5309 ³⁸⁸⁸
390 5278 755 5349 ᾼιιινισοηιθι·
795 5279 941 5331 aliud
985 5295 1111 5331 mss.
1172 5278 1310 5333 Vict.
1367 5279 1492 5335 Bec.
1527 5280 1663 5333 Tim.
1713 5297 1780 5334 an
1813 5291 2034 5349 propter
2072 5279 2218 5333 aliud
2296 5278 2386 5309 ³⁸⁸⁷

2437 5278 2705 5359 Quonia‘ui
2731 5277 2909 5359 om't‘ds
2950 5288 3234 5359 maximae
3271 5276 3531 5359 quoniam

247 5347 440 5419 orrtnis
512 5342 606 5419 ξω
631 5342 854 5419 Clarum
889 5350 1071 5416 itaque
1099 5366 1224 5403 mss.
1255 5350 1462 5403 clarum
1497 5352 1681 5419 utique
1750 5342 1841 5382 "3"
1875 5342 2052 5405 Potuit
2083 5350 2227 5418 quod
2259 5348 2449 5419 debuit
2466 5342 2777 5419 ίηιςςεκγὲτι.
2804 5345 2928 5419 Dec.
3072 5343 3234 5397 Miclt.
3271 5342 3402 5397 Tliu.
3439 5362 3533 5415 po-

250 5416 365 5469 tuit
386 5417 527 5484 quod
564 5418 749 5471 hahtt’it
825 5419 918 5449 ³⁸¹³⁰
948 5414 1119 5485 Quam
1154 5435 1372 5474 servare
1396 5421 1563 5487 possit
1591 5414 1715 5474 mss.
1745 5436 1864 5489 qua:
1891 5414 2113 5474 servari
2137 5420 2308 5488 possit
2385 5415 2475 5489 ’Ψ
2509 5415 2884 5489 Suiliciatjibi
2913 5414 3187 5489 adactum
3213 5432 3232 5489 _:
3266 5425 3319 5489 et
3352 5414 3528 5471 tamen

248 5482 472 5559 cuui‘ea
501 5489 698 5559 desint,
738 5489 855 5542 sine
883 5482 1076 5557 quibus
1103 5492 1167 5542 ad
1200 5482 1639 5543 actum-minime
1669 5482 2033 5559 perducuntur
2063 5482 2261 5544 nostrae
2289 5504 2384 5540 ms.
2409 5486 2533 5539 Bcc.
2567 5487 2665 5559 sibi
2691 5483 2935 5559 sufficiat.
2965 5482 3222 5559 Nanretsi
3249 5487 3314 5559 ad
3348 5499 3527 5541 aetum

247 5556 483 5611 minime
511 5554 934 5626 perducerentu‘r
965 5570 1159 5612 lttDSll‘tl!
1191 5577 1314 5613 mss.
1348 5560 1576 5614 sutiiciat
1616 5554 1717 5614 sibi
1749 5561 1814 5612 ad
1846 5570 2021 5614 actmu
2052 5576 2065 5613 :
2099 5570 2148 5613 et
2183 5572 2358 5612 tamen
2391 5572 2511 5610 cum
2539 5573 2600 5611 ea
2630 5557 2844 5620 desunt,
2869 5554 3219 5626 sinequibus
3250 5556 3326 5626 ad
3348 5567 3525 5611 actum

249 5627 483 5681 minimc

248 5700 457 5750 desunt
502 5698 589 5750 illa
611 5738 626 5761 ,
656 5698 772 5753 sine
801 5700 997 5766 quibus

586 5628 1109 5705 rtluctttittir_tiostra-
1184 5628 1273 5664 1‘"
1305 5631 1436 5684 Cum
1467 5630 1661 5686 desunt
1691 5630 1801 5697 illa,
1839 5631 2035 5699 quibus
2078 5646 2202 5682 utss.
2235 5644 2355 5681 cum
2391 5627 2585 5691 desunt
2615 5627 2723 5693 illa,
2766 5627 2884 5681 sine
2926 5624 3122 5696 quibus
3157 5642 3253 5678 ms.
3302 5624 3424 5680 Bec.
3479 5629 3527 5705 si
