4076 6288
593 393 696 448 493

1128 384 1183 439 S.
1228 382 1524 439 ANSELMI
1564 379 1913 438 CANTL’AR.
1957 378 2277 435 ARClllEP.
2316 379 2467 435 Ol’P.
2503 378 2679 435 PARS
2705 377 2744 433 l.
2771 410 2836 419 —
2880 376 3302 435 DOGMATICA.

3760 380 3858 436 ‘96

593 506 682 559 lux
709 507 953 567 abesset;
981 499 1323 569 responderet
1357 513 1417 552 se
1439 505 1675 551 montem
1700 495 1751 549 vi
1775 496 1881 548 'ere
1908 493 2172 559 monenti,
2206 497 2245 556 Α
2279 493 2460 549 invitis
2528 493 2791 548 rectitmlo
2856 493 3146 547 voluntatis
3205 511 3309 547 non
3376 503 3585 564 ροιιτειι
3638 494 3857 550 auferri.

593 596 718 664 quia
783 591 877 623 ““
928 606 1035 644 non
1092 597 1275 658 posset
1320 586 1543 641 absente
1582 582 1677 615 “”
1714 583 1831 638 luce
1858 596 1871 645 ;
1902 582 1995 637 sed
2020 583 2062 637 si
2086 580 2173 634 lux

593 684 830 744 adesset,
871 690 998 733 tunc
1026 687 1205 748 posset
1232 676 1345 729 “".
1378 674 1611 729 Rursum
1643 690 1655 725 :
1683 674 1730 727 si
1760 673 1933 727 visum
1960 669 2177 725 habenti

595 785 750 824 mons
774 780 829 824 et
855 768 941 822 lux
974 781 1209 837 pmsens
1262 774 1367 828 est,
1395 773 1448 819 et
1500 763 1703 832 aliquid
1728 762 1863 815 visui
1903 760 2097 822 obstet,
2123 768 2180 812 ut

591 865 635 915 si
661 862 783 931 quis
809 860 885 915 illi
916 858 1104 914 oculos
1124 857 1361 920 claudat,
1390 856 1533 911 dicet
1583 870 1643 910 se
1689 854 1783 885 'm
1817 869 1973 924 posse
1994 852 2178 909 videre

590 960 829 1005 montem
857 966 871 1003 :
901 949 996 1005 sed
1026 948 1069 1004 si
1096 947 1229 1001 nihil
1251 947 1388 1001 visui
1415 945 1531 1015 ejus
1560 945 1868 1004 obsisteret,
1902 953 2030 998 tunc
2060 943 2176 998 sine

590 1043 755 1096 dubio
809 1050 1047 1096 montem
1100 1039 1315 1093 videndi
1382 1046 1704 1109 potestatem
1752 1037 2000 1092 haberet.
2028 1036 2175 1090 Dtsc.

593 1132 790 1185 Totum
837 1131 941 1184 hoc
964 1128 1217 1185 omnibus
1270 1136 1456 1181 notum
1486 1134 1591 1181 est.
1643 1126 1786 1181 Msa.
1845 1125 2004 1179 Vides
2051 1138 2179 1193 ergo

590 1224 715 1291 quia
736 1230 976 1291 potestas
1005 1218 1217 1274 videndi
1250 1218 1467 1288 aliquod
1512 1232 1733 1286 corpus,
1760 1216 1862 1270 alia
1891 1226 1975 1270 est
2014 1216 2065 1269 in
2098 1215 2178 1268 vi-

589 1316 780 1379 dente;
812 1312 914 1366 alia
949 1311 1000 1365 in
1031 1326 1089 1365 re
1119 1310 1376 1377 videnda;
1406 1307 1508 1362 alia
1559 1308 1609 1361 in
1637 1298 1834 1371 medio,
1882 1307 1933 1361 id
1964 1318 2047 1360 est
2079 1323 2176 1359 ne-

591 1420 695 1471 que
714 1404 766 1457 in
795 1403 1027 1463 vidente,
1071 1414 1246 1471 neque
1276 1400 1328 1454 in
1355 1400 1583 1455 videndo
1606 1399 1695 1430 ³⁸³⁷
1733 1416 1746 1451 :
1773 1408 1828 1454 et
1856 1414 1918 1453 ea
1944 1414 2064 1467 quae
2094 1406 2178 1451 est

590 1496 644 1547 in
675 1495 870 1557 medio,
900 1492 1002 1546 alia
1026 1500 1107 1546 est
1157 1492 1209 1544 in
1240 1488 1556 1559 adjuvante;
1588 1490 1690 1543 alia
1738 1489 1788 1543 in
1846 1505 1951 1542 non
2004 1488 2175 1556 impe-

590 1588 790 1649 diente,
814 1585 866 1637 id
894 1594 977 1638 est
998 1598 1118 1637 cum
1147 1580 1282 1636 nihil
1324 1581 1465 1650 quod
1490 1580 1753 1649 impedire
1811 1580 1980 1649 possit
2009 1579 2177 1647 impe-

588 1677 686 1731 dit.
718 1676 864 1730 DISC.
899 1676 1065 1730 Video
1092 1674 1272 1744 plane.
1309 1673 1449 1728 MAG.
1481 1672 1725 1741 Quatuor
1748 1674 1913 1743 igitur
1940 1673 2054 1726 istae
2084 1686 2176 1741 po-

588 1778 810 1823 testates
833 1777 980 1831 sunt,
1011 1782 1242 1837 quarum
1270 1768 1313 1822 si
1340 1782 1443 1820 una
1468 1764 1721 1835 quaelibet
1737 1766 1899 1830 desit,
1924 1764 2041 1819 alia:
2066 1774 2174 1819 tres

2904 582 3131 637 CAPUT
3171 583 3233 637 V.

2447 670 2597 735 Quod
2628 670 2772 723 nulla
2800 672 3013 723 tentatio
3040 680 3188 740 cogat
3220 671 3434 725 invitum
3462 689 3678 740 peccare

2350 760 2456 817 Sed
2502 777 2644 814 nunc
2684 762 2953 829 quomodo
2982 773 3065 814 ρει
3112 762 3364 815 humana:
3392 762 3689 817 voluntatis
3715 762 3859 821 arbi-

2282 852 2444 907 tritnn
2476 852 2581 905 hac
2608 862 2873 922 potestate
2899 851 3165 917 liberum;
3198 868 3322 908 cum
3354 868 3498 923 sepe
3525 866 3734 908 rectam
3766 855 3860 909 hac

2280 942 2413 995 bens
2438 942 2600 995 homo
2628 940 2981 1007 voluntatem,
3030 942 3201 1011 ipsam
3230 943 3610 998 rectitudinem
3644 945 3859 1009 invitus,

2280 1040 2505 1102 cogente
2535 1031 2851 1096 tentatione,
2884 1031 3138 1085 deserat?
3167 1031 3304 1087 MAG.
3336 1030 3505 1087 Nemo
3540 1033 3688 1087 illam
3716 1033 3863 1087 dese-

2278 1121 2369 1188 rit,
2398 1122 2501 1177 nisi
2526 1121 2775 1178 volendo.
2824 1122 2881 1176 Si
2925 1137 3056 1192 ergo
3089 1124 3289 1177 invitus
3313 1124 3512 1178 dicitur
3533 1124 3726 1177 nolens
3746 1122 3861 1188 ⁸³³⁸,

2280 1226 2437 1266 nemo
2459 1212 2662 1266 deserit
2698 1212 2841 1266 illam
2872 1211 3074 1267 invitus
3103 1229 3119 1268 :
3151 1212 3301 1284 ligari
3328 1214 3472 1268 enim
3500 1214 3665 1268 homo
3693 1224 3865 1284 potest

2281 1302 2500 1367 invitus,
2539 1304 2667 1373 quia
2702 1303 2893 1359 nolens
2933 1314 3113 1374 potest
3146 1302 3346 1373 ligari;
3399 1307 3642 1374 torqueri
3692 1315 3866 1374 potest

2278 1392 2505 1459 invitus,
2538 1393 2666 1462 quia
2700 1394 2892 1450 nolens
2935 1404 3116 1464 potest
3152 1392 3432 1464 torqueri;
3464 1394 3643 1450 occidi
3690 1405 3866 1466 potest

2279 1482 2498 1545 invitus,
2529 1484 2656 1553 quia
2686 1483 2874 1538 nolens
2903 1493 3081 1553 potest
3106 1485 3313 1550 occidi;
3362 1484 3498 1540 velle
3538 1494 3726 1539 autem
3764 1500 3863 1539 non

2278 1585 2452 1645 potest
2476 1575 2696 1643 invitus,
2721 1576 2847 1645 quia
2869 1575 3007 1631 velle
3035 1592 3141 1632 non
3156 1586 3335 1647 potest
3350 1577 3467 1641 ⁸⁵⁸⁸,
3483 1577 3676 1631 nolens
3700 1578 3862 1639 velle;

2279 1680 2403 1719 nam
2472 1666 2648 1719 omnis
2691 1665 2877 1722 volens
2922 1666 3098 1736 ipsum
3146 1682 3303 1721 suum
3352 1667 3489 1721 velle
3534 1667 3674 1720 vult.
3723 1666 3861 1721 Disc.

2279 1755 2558 1822 Quomodo
2584 1770 2713 1825 ergo
2739 1757 2938 1811 dicitur
2961 1757 3055 1789 'm
3082 1756 3284 1813 invitus
3313 1758 3557 1823 mentiri,
3590 1758 3682 1826 qui
3712 1772 3864 1812 men-

588 1860 681 1891 ³⁸⁹⁸
717 1874 814 1913 nec
837 1834 1081 1928 singulae,
1130 1872 1232 1912 nec
1283 1834 1497 1911 omnes,
1522 1856 1681 1911 simul
1726 1854 1929 1925 aliquid
1951 1863 2177 1927 possunt
2210 1834 2251 1887 Β
2280 1848 2409 1901 titur
2432 1860 2500 1901 ne
2521 1847 2798 1901 occidatur
2823 1865 2837 1900 :
2862 1862 2985 1903 cum
3010 1848 3114 1903 hoc
3138 1848 3349 1903 nonnisi
3376 1848 3563 1903 volens
3586 1848 3718 1903 facit
3744 1847 3866 1900 "“l

587 1950 798 2005 eflicere
839 1967 851 2002 :
882 1963 982 2002 nec
1013 1956 1217 2011 tamen,
1264 1946 1580 2002 absentibus
1606 1945 1745 2012 aliis,
1796 1961 2054 2015 negamus
2084 1956 2177 2000 aut

588 2056 709 2093 eum
735 2039 824 2107 qui
854 2037 1027 2091 visum
1060 2037 1153 2069 “9’
1183 2037 1343 2090 habet
1396 2037 1597 2090 habere
1638 2036 1833 2102 visum,
1866 2045 1957 2090 aut
1980 2036 2179 2090 instru-

590 2137 829 2181 mentum
861 2128 975 2181 sive
1004 2134 1323 2195 poteslatem
1374 2124 1618 2189 videndi;
1652 2133 1743 2179 aut
1769 2140 1880 2179 rem
1913 2124 2174 2179 visibilem

590 2233 746 2293 posae
783 2216 984 2281 videri;
1025 2226 1117 2269 aut
1140 2216 1311 2271 lucem
1344 2230 1504 2285 posse
1542 2218 1713 2270 visum
1748 2216 1962 2285 juvare.

1103 2324 1263 2395 119
1300 2323 1529 2381 caper
1571 2323 1659 2379 ιν.

591 2414 865 2481 Quomodo
902 2422 1209 2483 potestatem
1245 2415 1467 2468 habeant
1509 2415 1751 2469 servandi
1794 2414 2173 2477 rectitudinem,

1121 2501 1279 2554 quam
1308 2501 1409 2538 non
1435 2486 1643 2538 habent.

657 2572 799 2629 Macr.
847 2573 1052 2641 Quarta
1099 2582 1275 2626 autem
1323 2580 1562 2643 potestas
1605 2573 1899 2643 improprie
1929 2572 2173 2628 dicitur:

589 2663 731 2734 quod
762 2662 907 2717 enim
936 2662 1069 2718 solet
1114 2661 1375 2730 impedire
1398 2662 1598 2728 visum,
1624 2677 1730 2716 non
1759 2663 1829 2717 ob
1865 2662 2008 2717 aliud
2040 2662 2178 2716 dici-

590 2768 677 2809 tur
703 2755 832 2809 dare
874 2761 1195 2823 potestatem
1240 2752 1476 2814 vivendi,
1509 2768 1632 2807 cum
1664 2769 1769 2807 non
1802 2752 2042 2822 impedit,
2076 2752 2178 2808 nisi

590 2845 714 2913 quia
740 2859 844 2899 non
879 2842 1080 2897 aufert.
1114 2840 1361 2896 Potestas
1382 2850 1561 2897 autem
1582 2843 1798 2898 vivendi
1825 2843 2022 2910 lucem,
2047 2860 2181 2899 non-

592 2937 691 2990 nisi
727 2938 778 2989 in
814 2935 985 2988 tribus
1009 2934 1172 2988 rebus
1203 2943 1319 2989 est:
1348 2934 1472 3003 quia
1507 2942 1633 2989 tunc
1655 2944 1740 2989 est
1763 2935 1927 3003 idem,
1957 2945 2013 2991 et
2039 2937 2179 3006 quod

594 3028 830 3091 videtur,
855 3034 911 3080 et
937 3026 1078 3095 quod
1103 3023 1338 3093 adjuvat.
1370 3024 1557 3080 Nonne
1584 3026 1685 3081 hoc
1712 3028 1965 3083 omnibus
1985 3039 2067 3082 est
2086 3027 2181 3059 'm

593 3119 811 3174 notum!
863 3117 1008 3172 DISC.
1043 3116 1179 3170 Nulli
1214 3116 1400 3187 utique
1429 3116 1521 3148 ³⁸⁰¹
1548 3126 1631 3173 est
1660 3117 1921 3189 ignotum.
1950 3117 2089 3173 ΜΑα.
2120 3118 2176 3174 Si

591 3224 738 3279 ergo,
764 3208 989 3262 absente
1019 3222 1076 3260 re
1098 3221 1219 3276 quae
1245 3206 1409 3261 videri
1435 3208 1622 3276 possit,
1653 3208 1706 3263 in
1737 3208 1972 3264 tenebris
1997 3210 2177 3281 positi,

590 3310 645 3355 et
674 3298 889 3354 clausos
918 3298 1031 3353 sive
1065 3297 1256 3369 ligatos
1286 3296 1471 3352 oculos
1513 3298 1791 3360 habentes,
1824 3309 2083 3369 quantum
2111 3300 2178 3355 ad

592 3406 692 3446 nos
731 3390 983 3460 pertinet,
1014 3390 1230 3444 videndi
1260 3388 1556 3459 quamlibet
1588 3406 1699 3444 rem
1732 3390 1996 3446 visibilem
2028 3400 2177 3460 pote-

592 3492 788 3537 statem
815 3482 909 3514 ³⁵⁰²
940 3482 1232 3548 habemus;
1275 3484 1403 3553 quid
1446 3484 1693 3553 prohibet
1722 3499 1819 3537 nos
1859 3484 2057 3539 habere
2084 3500 2179 3554 po-

595 3582 844 3627 testatem
898 3573 1151 3627 servandi
1198 3574 1577 3628 rectitudinem
1623 3574 1917 3629 voluntatis
1962 3583 2181 3645 propter

595 3663 768 3733 ipsam
801 3662 1198 3727 rectitudinem,
1232 3664 1395 3717 etiam
1436 3666 1657 3718 absente
1689 3665 1801 3734 ipsa
1836 3667 2178 3731 rectitudine,

596 3752 833 3823 quandiu
882 3762 937 3807 et
988 3753 1126 3808 ratio
1167 3754 1223 3807 in
1273 3753 1428 3809 nobis
1461 3763 1579 3819 est,
1630 3771 1733 3825 qua
1770 3771 1889 3809 eam
1942 3756 2182 3813 valemus

595 3857 965 3913 cognoscere;
1005 3851 1059 3897 et
1095 3843 1362 3907 voluntas,
1412 3859 1517 3913 qua
1572 3844 1716 3899 illam
1764 3854 1947 3901 tenere
1989 3862 2179 3916 possu-

594 3932 863 3991 mus?'Ex
897 3936 980 3990 his
1009 3936 1152 3990 enim
1182 3948 1392 3991 constat
1432 3936 1649 4007 praefata
1684 3937 1905 3993 libertas
1947 3938 2179 3994 arbitrii.

596 4027 740 4081 Dtsc.
792 4024 1110 4081 Satisfceisti
1165 4027 1457 4082 intellectui
1501 4042 1640 4093 meo,
1688 4036 2009 4099 potestatem
2041 4030 2181 4084 hanc

596 4116 842 4170 servandi
868 4116 962 4147 ⁸⁸⁸⁵³
989 4117 1365 4173 rectitudinem
1392 4117 1683 4172 voluntatis
1705 4118 1953 4173 rationali
1976 4127 2183 4173 natura:

596 4223 810 4276 semper
852 4207 1051 4275 inesse,
1082 4217 1243 4279 atque
1285 4208 1425 4263 hanc
1460 4217 1780 4278 potestatem
1813 4209 1865 4263 in
1904 4208 2063 4279 primi
2088 4209 2183 4241 "“

2278 1935 2435 2005 Nam,
2472 1937 2611 1991 sicut
2639 1936 2839 1991 invitus
2883 1937 3164 2002 mentitur,
3192 1938 3272 1993 sic
3312 1938 3517 1993 invitus
3547 1940 3668 1994 vult
3709 1955 3861 1995 men-

2280 2030 2366 2083 tiri
2391 2045 2407 2093 ;
2431 2038 2486 2082 et
2512 2031 2604 2098 qui
2639 2029 2839 2083 invitus
2864 2029 2980 2082 vult
3002 2030 3243 2096 mentiri,
3272 2029 3463 2085 nolens
3483 2030 3604 2085 Vult
3626 2030 3862 2086 mentiri.

2280 2118 2420 2173 MAG.
2444 2117 2569 2173 ideo
2594 2118 2824 2173 forsitan
2850 2108 2945 2150 ⁸⁵⁸⁸
2974 2119 3177 2175 invitus
3206 2120 3424 2176 mentiri
3449 2122 3686 2188 dicitur;
3720 2125 3864 2193 quia,

2278 2208 2401 2264 eum
2438 2208 2519 2263 sic
2548 2208 2666 2262 vult
2704 2208 2992 2264 veritatem
3036 2216 3097 2261 ut
3135 2224 3241 2263 non
3286 2210 3582 2265 mentiatur
3626 2212 3737 2267 nisi
3778 2214 3866 2245 ⁸⁸¹⁹

2279 2307 2499 2368 propter
2530 2300 2717 2366 vitam,
2757 2306 2814 2353 et
2844 2298 2956 2352 vult
2984 2299 3344 2365 mendacium,
3374 2302 3503 2369 quia
3533 2314 3760 2371 propter
3786 2304 3862 2357 vi-

2283 2396 2423 2449 tam;
2457 2396 2513 2442 et
2538 2403 2645 2443 non
2673 2387 2789 2443 vult
2814 2388 3158 2444 mendacium
3191 2399 3412 2459 propter
3437 2390 3614 2459 ipsum
3646 2393 3867 2447 menda-

2279 2479 2445 2543 cium,
2492 2480 2751 2550 quoniam
2784 2479 2903 2535 vult
2942 2480 3227 2535 veritatem
3257 2499 3271 2535 :
3301 2490 3357 2537 et
3401 2483 3525 2537 ideo
3563 2485 3781 2549 volens,
3815 2494 3868 2540 et

2280 2569 2468 2625 nolens
2502 2571 2782 2625 mentitur.
2812 2570 2931 2625 Alia
2960 2586 3196 2641 namque
3220 2581 3303 2627 est
3332 2573 3608 2639 voluntas,
3640 2592 3751 2645 qua
3780 2588 3871 2630 νο-

2281 2660 2459 2715 lumus
2488 2660 2690 2731 aliquid
2725 2669 2948 2732 propter
2972 2676 3054 2721 se.
3086 2669 3144 2713 ut
3180 2677 3303 2717 eum
3358 2665 3607 2720 volumus
3638 2667 3865 2722 salutem

2281 2764 2503 2823 pr0pter
2545 2768 2648 2819 se;
2682 2764 2738 2809 et
2777 2754 2903 2821 alia,
2947 2770 3068 2810 cum
3116 2757 3320 2826 aliquid
3360 2756 3613 2813 volumus
3652 2770 3871 2830 propter

2281 2844 2447 2913 aliud,
2497 2855 2557 2899 ut
2600 2859 2723 2899 cum
2752 2846 3004 2900 volumus
3034 2847 3366 2902 absinthium
3414 2848 3602 2903 bibere
3651 2860 3871 2921 propter

2282 2935 2534 2990 salutem.
2568 2934 2724 2991 Unde
2754 2944 2949 3006 potest
2998 2937 3226 2993 forsitan
3274 2938 3378 2993 diei
3428 2942 3732 2994 secundum
3780 2940 3870 2995 bas

2282 3028 2527 3083 diversas
2572 3028 2899 3094 voluntates,
2949 3030 3073 3097 quia
3128 3030 3360 3096 invitus,
3408 3040 3462 3085 et
3506 3045 3617 3085 non
3669 3031 3871 3085 invites

2286 3121 2568 3176 mentitur.
2608 3118 2951 3189 Quapropter
2981 3135 3106 3175 cum
3146 3119 3345 3174 dicltur
3385 3119 3585 3175 invitus
3632 3119 3869 3184 mentiri,

2286 3215 2411 3283 quia
2443 3228 2549 3267 non
2582 3212 2635 3265 id
2670 3211 2782 3265 vult
2806 3211 3128 3281 inquantum
3160 3211 3277 3265 vult
3304 3212 3614 3273 veritatem,
3653 3227 3760 3266 non
3790 3225 3871 3265 reo

2286 3316 2485 3376 pugnat
2529 3305 2603 3359 illi
2651 3306 2935 3360 sententia:
2980 3322 3085 3377 qua
3133 3307 3255 3361 dico
3326 3306 3599 3360 neminem
3646 3306 3871 3359 invitum

2286 3400 2539 3453 deserere
2589 3396 2965 3451 rectitudinem
3013 3395 3341 3460 voluntatis;
3389 3396 3515 3464 quia
3563 3393 3873 3449 mentiendo

2286 3489 2400 3543 vult
2434 3504 2553 3543 eam
2594 3487 2845 3543 deserere
2891 3498 3112 3558 propter
3138 3489 3304 3542 vitam
3337 3505 3351 3542 :
3382 3488 3684 3542 secundum
3715 3500 3872 3557 quam

2286 3580 2616 3634 voluntatem
2650 3594 2756 3633 non
2794 3578 2995 3634 invitus
3023 3594 3140 3634 eam
3171 3579 3394 3645 deserit,
3422 3579 3518 3634 sed
3554 3579 3779 3641 volens;
3809 3578 3873 3631 de

2284 3686 2387 3740 qua
2414 3670 2689 3726 voluntate
2715 3686 2857 3727 nunc
2882 3671 3173 3741 loquimur.
3203 3672 3279 3726 De
3308 3670 3395 3724 illa
3428 3684 3667 3739 namque
3697 3668 3872 3739 loqui-

2285 3778 2427 3828 mur,
2454 3778 2559 3833 qua
2590 3762 2705 3816 vult
2729 3764 2945 3817 mentiri
2986 3773 3207 3833 prapter
3249 3763 3443 3827 vitam;
3496 3776 3607 3815 non
3649 3763 3720 3816 de
3766 3761 3871 3823 illa,

2285 3868 2389 3922 qua
2436 3867 2542 3907 non
2578 3850 2693 3906 vult
2735 3851 3077 3907 mendacium
3126 3859 3345 3920 propter
3388 3864 3467 3905 se.
3520 3852 3632 3904 Aut
3674 3849 3874 3903 idcirco

2284 3954 2435 3998 certe
2466 3942 2729 3997 mentitur
2776 3941 2995 4005 invitus,
3046 3942 3171 4011 quia
3218 3941 3420 3995 invitus
3455 3950 3547 3993 aut
3588 3938 3873 4001 occiditur,

2287 4042 2380 4087 aut
2407 4032 2700 4097 mentitur,
2735 4032 2787 4087 id
2824 4042 2904 4086 est
2942 4030 3147 4085 invitus
3180 4038 3263 4085 est
3293 4030 3345 4083 in
3381 4031 3485 4083 hac
3512 4027 3793 4099 angustia,
3820 4032 3877 4078 ut

2286 4134 2354 4175 ex
2401 4121 2726 4175 necessitate
2774 4134 2940 4175 unum
2976 4120 3167 4174 hormn
3202 4115 3481 4188 quodlibet
3516 4115 3614 4171 fiat
3641 4133 3656 4166 :
3685 4128 3878 4185 quam-

2286 4213 2370 4268 vis
2395 4213 2541 4267 enim
2578 4227 2798 4268 necesse
2835 4212 2908 4267 sit
2949 4211 3099 4265 illum
3143 4219 3236 4264 aut
3278 4209 3451 4263 occidi
3497 4217 3594 4261 aut
3633 4203 3873 4268 mentiri,

600 4271 834 4353 hominis
854 4306 908 4353 et
930 4271 1241 4368 angelorum
1269 4271 1496 4355 arbitrio
1522 4298 1747 4354 liberam
1778 4271 1960 4365 fuisse,
1992 4298 2185 4369 quibus
2214 4271 2261 4328 θ
2291 4317 2395 4355 non
2428 4309 2609 4356 tamen
2642 4316 2866 4358 necesse
2887 4309 2968 4357 est
2999 4299 3149 4356 illum
3174 4299 3369 4365 occidi,
3403 4298 3529 4371 quia
3558 4304 3746 4368 potest
3771 4307 3876 4353 non

1888 4413 1983 4470 VA
2000 4412 2135 4472 lile
2179 4412 2584 4472 LECTIONES.

676 4525 768 4558 ⁸⁸⁸³
798 4525 1165 4595 Responderet
1190 4539 1251 4579 se
1278 4532 1516 4579 montem
1544 4539 1651 4580 non
1680 4540 1835 4594 posse
1860 4525 2065 4589 videre,
2096 4526 2221 4595 quia
2252 4544 2374 4581 mss.
2396 4526 2532 4581 Vict.
2560 4526 2686 4581 Bec.
2718 4525 2854 4581 Tim.
2882 4523 3026 4581 Gem.
3052 4524 3140 4581 54.
3170 4524 3516 4595 responderet
3548 4539 3608 4595 se
3635 4531 3873 4578 montem

602 4594 1067 4667 viileremonenti,
1093 4596 1219 4664 quia
1243 4610 1343 4649 ms.
1369 4594 1555 4649 Cister.
1581 4606 1922 4667 seﬂmolitem
1974 4611 2080 4651 non
2113 4594 2269 4667 posse
2300 4597 2482 4667 videre
2514 4599 2749 4651 monenti
2774 4638 2789 4659 .
2819 4597 2945 4667 quia
3021 4596 3115 4667 *Ψ
3142 4594 3269 4667 Non
3304 4603 3487 4664 posset
3514 4594 3745 4647 absente
3778 4606 3871 4643 ms.

611 4664 747 4717 Vict.
786 4665 872 4719 15.
906 4680 1011 4736 non
1051 4680 1267 4736 possum
1326 4666 1550 4719 absente
1625 4664 1717 4736 ’9‘
1750 4665 1910 4736 Tunc,
1937 4664 2126 4734 posset
2170 4682 2267 4720 ms.
2325 4666 2459 4720 Vict.
2506 4668 2595 4722 15.
2634 4676 2761 4721 tunc
2794 4664 3010 4736 possum
3088 4666 3180 4701 ³⁶⁹⁶
3208 4665 3322 4719 Lux
3365 4674 3421 4719 et
3452 4676 3876 4736 ironsprasens

604 4744 781 4799 esset,
820 4745 876 4789 et
902 4734 1103 4805 aliquid
1130 4734 1271 4805 visui
1304 4736 1567 4805 obstaret,
1598 4734 1744 4789 velut
1783 4736 1825 4789 si
1865 4735 2060 4805 aliquis
2102 4736 2176 4791 illi
2211 4737 2396 4790 oculos
2428 4736 2732 4799 clauderet,
2764 4734 2970 4792 diceret
2995 4750 3054 4789 se
3080 4752 3205 4788 mss.
3240 4745 3294 4789 et
3326 4750 3480 4787 mons
3511 4744 3566 4805 et
3612 4735 3704 4785 lux
3736 4748 3874 4800 pra:-

603 4820 734 4860 scns
762 4813 843 4859 est
859 4813 952 4875 “et
981 4803 1178 4875 aliquid
1219 4804 1355 4857 visui
1382 4803 1579 4875 obstet,
1607 4807 1727 4859 utsi
1758 4807 1879 4875 quis
1903 4803 1974 4859 illi
2003 4807 2190 4861 oculos
2223 4806 2459 4867 claudat,
2490 4807 2632 4861 dicet
2660 4822 2718 4861 se
2746 4822 2843 4859 ms.
2877 4808 2938 4860 δ.
2974 4805 3133 4859 Mich.
3166 4814 3220 4858 et
3248 4819 3403 4858 mons
3432 4811 3485 4856 et
3517 4804 3605 4875 lux
3634 4812 3876 4875 prmsetis

604 4885 719 4939 est,
748 4883 855 4929 etc.
879 4872 945 4927 ‘ut
973 4873 1025 4927 in
1056 4872 1174 4945 aliis
1199 4888 1325 4945 nisa.
1372 4872 1493 4945 ff”
1534 4874 1678 4928 ldem
1709 4872 1883 4945 neque
1912 4878 1962 4929 in
1997 4877 2211 4941 vidente
2240 4890 2427 4945 neque,
2448 4877 2500 4929 in
2545 4891 2603 4930 re
2630 4875 2858 4930 videnda
2902 4892 3027 4929 mss.
3084 4875 3263 4945 id_est
3300 4874 3585 4945 n_eque__iu
3617 4872 3873 4945 _vidente,

604 4959 779 5014 neque
827 4945 881 4998 in
912 4942 1212 5015 videndo”
1234 4941 1329 5015 '1“
1357 4942 1488 5015 Alia:
1535 4951 1645 4998 tres
1674 4940 1810 5015 sunt
1826 4962 1952 4999 mss.
1996 4949 2164 5000 omitt.
2198 4940 2341 4999 sunt'
2394 4944 2488 4977 ³³⁵⁵⁸
2526 4947 2634 4999 Aut
2663 4947 2754 5015 qui
2779 4945 2952 4998 visum
2974 4960 3109 5015 mss.
3138 4942 3271 5015 Tim.
3304 4940 3452 4996 Geni.
3483 4942 3574 4996 54.
3594 4940 3736 5015 βα.
3756 4948 3871 5015 Δειιιι

603 5010 728 5069 eum
754 5015 845 5077 qui
874 5013 1047 5069 visum
1123 5012 1217 5048 ³³⁸⁸
1240 5010 1373 5067 Nam
1405 5013 1618 5082 hocest
1638 5012 1888 5070 omnibus
1909 5032 2036 5068 mss.
2072 5030 2250 5070 nonne
2280 5015 2382 5068 hoc
2406 5015 2659 5070 omnibus
2680 5010 2778 5070 'est
2852 5015 2945 5045 ³⁸⁰¹
2971 5012 3107 5069 Nulli
3142 5014 3322 5082 itaque
3349 5029 3476 5066 mss.
3512 5012 3643 5065 nulli
3662 5010 3877 5082 riutique

604 5086 701 5119 ⁸⁸⁰¹
756 5083 893 5138 Rem
948 5090 1270 5155 potestatem
1328 5098 1453 5136 mss.
1501 5081 1809 5155 Tltu.__l'_elli_
1855 5084 2143 5149 visibilem,
2191 5092 2320 5137 tunc
2357 5091 2676 5155 potestatem
2752 5083 2846 5155 '9'
2881 5083 3019 5155 Meo,
3066 5081 3390 5155 potestatem
3443 5081 3694 5155 servandi
3748 5094 3873 5155 una.

604 5148 1589 5239 meo,[potestatemnhane‘servandi.
1641 5152 1765 5239 "°‘__
1795 5152 1848 5233 l_n
1886 5154 2076 5239 primis
2128 5148 2371 5239 magna"
2389 5153 2533 5235 βάξις
2586 5150 2748 5239 6.0m:
2782 5154 2836 5208 in
2863 5154 3024 5222 primi
3067 5148 3194 5184 ’³⁸η
3228 5152 3433 5233 invitus
3462 5151 3664 5230 dicitur
3692 5148 3873 5239 νρΙειις

605 5218 906 5279 mssJIem.
935 5224 1060 5277 Bec.
1101 5222 1233 5294 Vict.
1263 5221 1451 5294 Cister.
1484 5223 1685 5294 invitus
1717 5218 1916 5277 dicitur
1942 5224 2133 5279 nolens
2210 5223 2306 5255 ³⁸⁰⁸
2332 5223 2523 5294 Ligeri
2555 5223 2700 5277 enim
2737 5218 2897 5278 homo
2933 5230 3110 5293 potest
3145 5231 3199 5294 et
3229 5222 3448 5294 invitus,
3481 5222 3606 5289 quia
3642 5218 3873 5294 nolens:

604 5304 783 5376 potest
823 5294 1061 5376 torqueri
1087 5293 1332 5376 _invitus,
1362 5292 1490 5376 quia
1540 5293 1728 5376 nolens
1758 5307 1772 5346 :
1806 5294 2190 5376 potestoccidi
2212 5309 2229 5375 ξ
2241 5292 2397 5376 velle
2413 5289 2610 5376 autem
2648 5308 2754 5348 non
2783 5289 2958 5376 potest
2988 5308 3113 5346 mss.
3143 5290 3471 5376 ligarienim
3512 5289 3879 5376 homo

608 5361 985 5461 ίέἒέξῖωὲλιὲῗῗί
1004 5361 1592 5461 33.¹,¹ῗ2³29ἑξῗὲί.¹⁵ἕ.ἷ¹ιτὶ
1616 5362 2716 5461 ⁵ηὲῗ).¹1ἓ2⁸¹’ἷ.29ίῖῗ.ΞῗῗίίῗῗδτίιίέξέἓὶῖῬ
2927 5361 3622 5461 ξθὶίιὲξθτίηὶὲἓῒᾘῖνίὲἓὶ
3648 5361 3875 5461 ίὲῗξξξξῗζ

607 5435 731 5501 quia
775 5428 961 5487 neléns
1004 5442 1179 5502 potest
1212 5428 1383 5487 occidi
1412 5450 1425 5485 :
1456 5428 1592 5486 velle
1631 5428 1809 5486 autem
1874 5428 1978 5485 non
2025 5442 2201 5501 potest
2274 5428 2693 5499 'W'Quomodo
2735 5428 2954 5487 'dicitur
2997 5428 3121 5485 mss.
3173 5428 3458 5501 quomodo
3494 5443 3622 5498 ergo
3673 5428 3878 5507 dicitur

612 5503 709 5534 ³⁵⁰⁸
741 5500 857 5554 Νοη
901 5503 1002 5555 nisi
1049 5502 1236 5555 nolens
1282 5502 1408 5555 facit
1454 5518 1579 5555 mss.
1622 5519 1727 5555 non
1762 5504 1861 5555 nisi
1905 5502 2088 5556 volens
2117 5502 2280 5557 facit?
2353 5503 2445 5534 m’
2490 5501 2690 5557 Nolens
2728 5504 2843 5555 vult
2872 5502 3110 5555 rnentiri.
3138 5500 3207 5554 Μ.
3240 5501 3362 5554 Ideo
3392 5501 3613 5554 forsitan
3641 5513 3779 5550 Ius.
3818 5494 3875 5546 δ.

610 5572 774 5626 Mich.
821 5570 1007 5641 nolens
1034 5572 1145 5624 vult
1179 5573 1391 5641 mentiri
1425 5589 1438 5624 :
1474 5573 1728 5639 quoniam
1763 5574 2075 5641 priusquam
2115 5573 2294 5626 veniat
2327 5573 2392 5627 ad
2430 5571 2567 5626 hanc
2601 5572 3001 5635 necessitatem,
3033 5586 3141 5625 non
3184 5571 3298 5625 vult
3352 5569 3589 5632 tnentiri,
3621 5580 3731 5641 nec
3769 5562 3879 5616 vult

612 5654 668 5696 ut
701 5644 801 5695 hoc
831 5640 1117 5712 aliquando
1146 5640 1289 5712 velit.
1321 5641 1443 5693 Ideo
1474 5658 1593 5694 cum
1629 5639 2052 5712 haecccasione
2082 5645 2366 5706 mentitur,
2402 5644 2606 5712 judicat
2636 5657 2695 5695 se
2725 5642 2951 5694 invitmn
2986 5641 3197 5694 mentiri
3231 5648 3457 5710 propter
3483 5639 3878 5712 praecedentem

612 5708 1012 5782 necessitatem.
1044 5709 1108 5761 Μ.
1147 5708 1542 5782 ldeo_l_'or§_itan,
1568 5722 1672 5765 etc.
1706 5710 1833 5765 Ηατ
1865 5714 2063 5764 addilio
2113 5712 2177 5765 ab
2215 5708 2746 5782 aliquo'exscriptore
2772 5713 2856 5782 hic
2886 5713 3083 5766 inserta
3109 5708 3310 5765 videtur
3332 5708 3363 5764 ’ζ
3410 5708 3527 5763 cum
3572 5708 3621 5762 in
3668 5708 3879 5759 ceteris

612 5802 735 5837 mss.
765 5798 867 5835 non
898 5781 1171 5833 habeatur.
1252 5778 1344 5809 ”‘°
1376 5779 1445 5833 Ut
1475 5782 1788 5846 mentiatur,
1828 5782 1925 5836 nisi
1960 5798 2083 5835 um.
2129 5792 2185 5837 ut
2213 5778 2316 5837 non
2350 5778 2663 5843 mentiatur,
2700 5781 2803 5835 nisi
3252 5802 3257 5811 ι
