4076 6288
264 335 373 391 Ιθῖ

1385 331 1656 389 DlALOG.
1692 333 1781 389 DE
1822 333 2071 393 LIBERO
2107 336 2458 395 ARBITRIO.

3465 350 3566 407 408

266 452 482 520 occidi,
515 451 562 508 si
594 448 888 516 mentitur;
923 463 1025 505 nec
1070 461 1294 505 necesse
1320 457 1405 503 est
1439 449 1594 504 illum
1641 452 1878 518 mentiri,
1910 453 1956 510 Α
1983 449 2177 506 falsum
2205 466 2326 507 esse
2352 450 2530 509 video.
2559 452 2698 511 Mm.
2726 453 2857 523 Quis
2885 469 3015 527 ergo
3039 464 3219 527 potest
3245 459 3571 520 voluntatem

266 546 408 616 quia
458 552 642 615 potest
687 557 797 597 non
826 540 1068 605 mentiri,
1110 539 1155 594 si
1186 540 1452 596 occiditur
1476 541 1590 594 3‘“.
1625 539 1882 597 Neutrum

267 636 427 690 enim
458 643 546 690 est
577 631 943 689 determinate
989 630 1044 684 in
1094 629 1451 695 necessitate;
1502 632 1627 701 quia
1674 640 1887 686 utrum-

269 726 414 781 libet
436 733 529 780 est
558 724 612 777 in
644 730 913 794 potestate
944 721 1061 774 ⁸⁸¹¹.
1093 720 1168 775 Ita
1202 736 1436 791 quoque,
1471 721 1597 777 licet
1622 721 1719 753 ³⁸⁸³
1748 721 1885 777 invi-

266 822 366 871 tus
411 824 512 870 aut
543 796 857 877 mentiatur,
902 819 997 866 aut
1037 811 1339 878 occidatur,
1388 826 1493 867 non
1536 820 1717 868 tamen
1764 813 1884 870 ideo

267 904 643 977 consequitur
666 910 725 958 ut
755 902 959 959 invitus
993 903 1307 967 mentiatur,
1347 913 1439 957 aut
1471 912 1530 957 ut
1560 905 1759 961 invitus
1792 919 1884 961 oc-

267 993 524 1051 cidatur.
577 993 683 1048 Est
722 1001 782 1048 et
831 991 936 1047 alia
995 992 1159 1061 ratio,
1210 1008 1372 1063 quam
1420 992 1675 1065 frequens
1718 997 1883 1052 habet

265 1100 431 1151 usus,
463 1098 569 1141 cur
596 1085 799 1140 invitus
825 1092 882 1139 et
912 1082 1102 1140 nolens
1131 1092 1187 1140 et
1215 1100 1281 1140 ex
1325 1088 1649 1143 necessitate
1683 1088 1883 1145 dicitur

265 1177 480 1249 aliquis
517 1176 721 1242 facere,
751 1178 897 1247 quod
928 1184 1107 1232 tamen
1143 1176 1333 1233 volens
1376 1177 1527 1233 facit.
1572 1178 1708 1235 Nam
1737 1182 1883 1252 quod

266 1269 499 1324 nonnisi
530 1268 745 1323 dillicile
770 1267 952 1324 facere
977 1268 1241 1333 valemus,
1266 1279 1321 1324 et
1352 1269 1472 1325 ideo
1496 1286 1602 1326 non
1628 1270 1879 1334 facimus.

266 1361 516 1415 dicimus
546 1361 649 1416 hoc
678 1374 779 1415 nos
802 1359 986 1417 facere
1021 1375 1129 1415 non
1156 1375 1337 1432 posse,
1375 1376 1427 1416 et
1459 1377 1523 1416 ex
1557 1363 1882 1421 necessitate

266 1469 400 1517 nos,
426 1453 551 1509 sive
578 1453 799 1519 invitos,
824 1452 1078 1508 deserere
1105 1470 1121 1507 :
1149 1460 1203 1507 et
1227 1453 1370 1522 quod
1395 1453 1489 1485 ³⁸¹⁵
1517 1454 1631 1509 sine
1658 1454 1881 1510 difﬁcul-

268 1552 389 1597 tate
418 1542 703 1597 dimittere
731 1541 1039 1613 nequimus,
1067 1550 1124 1597 et
1152 1541 1356 1596 idcirco
1386 1541 1617 1599 facimus
1639 1543 1751 1605 πίε,
1778 1544 1880 1599 hoc

268 1650 375 1688 nos
428 1634 654 1702 invitos,
697 1644 755 1688 et
802 1633 1070 1699 nolentes,
1119 1642 1175 1689 ct
1214 1649 1281 1689 ex
1329 1635 1652 1690 necessitate
1699 1634 1881 1691 facere

266 1728 599 1803 asset-imus.
631 1728 743 1783 lloc
770 1728 933 1799 igitur
964 1727 1142 1793 modo,
1174 1727 1266 1797 qui
1296 1728 1557 1783 mentitur
1584 1742 1653 1783 ne
1682 1728 1875 1783 moria.

1987 543 2169 598 dicere
2195 556 2301 597 non
2327 556 2448 598 esse
2474 544 2694 600 liberant
2721 547 2787 601 ad
2815 549 3141 603 servandam
3169 551 3573 621 rectitudinem,

1987 643 2042 689 et
2076 636 2301 692 liberam
2328 655 2357 693 a
2391 638 2692 695 tentatioue
2720 650 2775 695 et
2799 649 3025 710 peccato
3053 658 3069 698 :
3098 642 3144 697 si
3173 644 3318 699 nulla
3352 648 3576 704 tentatio

1987 734 2165 796 potest
2195 726 2374 791 illam,
2416 728 2518 783 nisi
2549 728 2849 795 volentem,
2882 737 3129 785 avertere
3172 747 3204 786 a
3251 734 3576 792 rectitudine

1985 815 2051 870 ad
2081 826 2386 887 peccatum,
2433 820 2485 873 id
2516 828 2600 875 est
2638 821 2705 874 ad
2735 819 3016 876 volendum
3054 825 3199 892 quod
3228 839 3337 881 non
3380 827 3575 883 debet?

1984 906 2120 962 Cum
2164 922 2295 978 ergo
2342 909 2593 978 vincitur,
2635 926 2739 966 non
2775 911 2949 968 aliena
3002 914 3237 971 vincitur
3281 926 3570 987 potestate,

1985 1000 2079 1055 sed
2123 1015 2238 1056 sua.
2287 1002 2428 1058 Dtsc.
2462 1003 2575 1058 lloc
2626 1016 2931 1060 monstrant
2965 1022 3028 1062 ea
3075 1024 3194 1079 quae
3235 1011 3378 1065 dicta
3424 1021 3571 1068 sunt.

1985 1091 2124 1148 MAG.
2160 1092 2348 1149 Nonne
2376 1095 2527 1150 vides
2552 1111 2617 1150 ex
2660 1096 2744 1152 his
2777 1099 3033 1168 consequi
3064 1102 3188 1169 quia
3222 1104 3365 1157 nulla
3400 1114 3575 1159 tenta-

1984 1184 2059 1238 tio
2100 1194 2276 1254 potest
2300 1186 2392 1219 ³⁸¹¹
2421 1188 2638 1243 vincere
2683 1198 2887 1244 rectam
2920 1190 3287 1247 voluntatem?
3327 1193 3490 1259 Nam,
3524 1197 3572 1252 si

1984 1284 2189 1345 potest,
2223 1276 2386 1332 habet
2424 1287 2748 1349 potestatem
2786 1280 3066 1347 vincendi,
3097 1292 3151 1338 et
3181 1298 3275 1337 sua
3309 1294 3574 1353 potestate

1983 1368 2150 1422 vincit
2176 1369 2301 1435 "’3;
2330 1372 2423 1425 sed
2453 1371 2553 1427 hoc
2583 1387 2706 1429 esse
2736 1389 2840 1428 non
2872 1383 3068 1443 potest,
3097 1377 3354 1445 quoniam
3389 1378 3576 1433 volun—

1988 1467 2067 1516 tas
2094 1463 2311 1518 nonnisi
2345 1478 2442 1518 sua
2470 1464 2707 1519 vincitur
2736 1473 3024 1535 potestate.
3058 1466 3240 1534 Quare
3269 1468 3576 1526 nullatenus

1983 1561 2162 1621 potest
2199 1554 2423 1609 tentatio
2461 1555 2680 1611 vincere
2713 1566 2919 1613 rectam
2950 1558 3318 1626 voluntatem;
3363 1569 3418 1615 et
3452 1574 3575 1616 cum

1982 1643 2205 1710 dicitur,
2237 1643 2527 1715 improprie
2559 1646 2779 1701 dicitur.
2814 1646 2930 1703 Non
2960 1648 3105 1704 enim
3138 1648 3284 1704 aliud
3325 1650 3578 1721 intelligi-

1984 1748 2091 1802 tur,
2124 1752 2288 1807 quam
2326 1739 2451 1807 quia
2482 1738 2735 1794 voluntas
2778 1748 2957 1810 potest
2996 1755 3054 1796 se
3093 1742 3361 1812 subjicere
3404 1752 3577 1798 tenta-

267 1828 384 1882 tur,
429 1819 651 1872 meut'ri
692 1819 895 1874 invitus
929 1827 983 1874 et
1015 1817 1205 1874 nolens
1238 1818 1459 1885 dicitur,
1491 1829 1547 1873 et
1573 1834 1650 1888 ,εκ
1690 1834 1878 1875 ucces-
1917 1811 1957 1866 Β
1984 1827 2149 1892 tioni;
2182 1827 2322 1881 sicut
2344 1841 2375 1883 e
2398 1841 2684 1894 converso,
2713 1843 2837 1884 cum
2867 1829 3156 1886 imbecillis
3188 1811 3388 1886 dicitur
3415 1845 3577 1900 posse

268 1910 477 1972 sitatc,
514 1911 639 1979 quia
676 1911 1013 1979 mendacium
1044 1911 1221 1966 vitare
1274 1926 1381 1965 non
1413 1911 1557 1966 valet
1589 1914 1706 1968 sine
1738 1928 1881 1968 mor-

270 2002 346 2055 tis
378 1999 728 2056 difﬁcultate.
761 2000 914 2057 Sicut
939 2001 1104 2073 igitur
1126 2002 1220 2072 qui
1258 2003 1522 2058 mentitur
1549 2013 1769 2073 propter
1805 2005 1879 2058 vi-

269 2102 421 2157 tant,
475 2091 769 2162 intszprie
817 2093 1017 2148 dicitur
1069 2093 1272 2149 invitus
1320 2094 1570 2162 mentiri,
1622 2095 1878 2165 quoniam

270 2186 546 2239 mentitur
569 2186 785 2251 volens;
815 2187 887 2239 ita
917 2202 1023 2241 non
1052 2187 1272 2256 proprie
1297 2186 1497 2241 dicitur
1523 2187 1725 2242 invitus
1743 2188 1881 2244 velle

270 2276 533 2337 inetitiri,
584 2276 841 2346 quoniam
899 2277 1003 2331 hoc
1050 2277 1269 2332 nonnisi
1322 2277 1505 2333 volens
1558 2279 1691 2333 vult.
1744 2279 1880 2335 Nam

269 2368 445 2431 sicut,
471 2384 598 2422 cum
645 2369 924 2434 mentitur,
956 2369 1071 2423 velt
1115 2370 1288 2438 ipsum
1338 2369 1593 2434 mentiri;
1627 2371 1726 2436 sic,
1756 2386 1879 2427 cum

271 2461 391 2516 vnit
425 2462 669 2525 utentiri,
709 2461 823 2516 vult
868 2463 1039 2532 ipsum
1090 2461 1247 2517 velle.
1294 2461 1443 2517 Dtsc.
1495 2461 1614 2518 Non
1662 2478 1877 2534 possum
1934 2458 1939 2463 ’

270 2568 482 2623 negare
511 2554 657 2623 quod
691 2554 847 2609 dicis.
892 2554 1031 2610 Mss.
1065 2555 1349 2621 Quomodo
1374 2569 1506 2625 ergo
1549 2570 1657 2612 non
1701 2563 1786 2610 est
1816 2554 1879 2609 li-

270 2645 410 2700 hem
450 2646 727 2711 voluntas,
767 2662 931 2717 quam
974 2647 1149 2702 aliena
1202 2656 1445 2718 potestas
1484 2648 1603 2702 sine
1646 2662 1746 2704 suo
1793 2662 1880 2704 as-

268 2755 445 2795 sensu
485 2740 758 2809 subjicere
793 2756 898 2796 non
932 2741 1144 2809 potest?
1176 2740 1325 2797 Dtsc.
1364 2739 1556 2795 Nonne
1591 2740 1755 2796 simili
1792 2756 1881 2797 ra-

272 2832 429 2888 tione
456 2846 747 2902 possumus
769 2831 951 2887 dicere
974 2830 1307 2887 voluntatem
1332 2830 1458 2900 equi
1484 2845 1605 2886 esse
1632 2831 1877 2897 liberam,

270 2923 407 2994 quia
440 2938 552 2977 non
592 2923 851 2993 appetitui
891 2924 1076 2979 carnis
1108 2923 1299 2986 servit,
1339 2922 1442 2978 nisi
1481 2923 1705 2978 volens?
1737 2921 1874 2977 Msa.

226 3014 229 3015 ⁷
273 3010 397 3067 Non
422 3020 513 3069 est
541 3012 632 3068 bic
672 3013 923 3069 similiter
946 3013 1069 3080 “m;
1104 3013 1157 3068 in
1188 3027 1330 3083 equo
1360 3028 1597 3081 namque
1633 3028 1739 3068 non
1766 3013 1876 3083 ipsa

273 3105 537 3161 voluntas
564 3121 624 3160 se
651 3105 890 3175 subjicit,
919 3106 1013 3161 sed
1043 3105 1362 3161 naturaliter
1385 3104 1629 3176 subjecta
1665 3121 1879 3176 semper

274 3198 614 3253 necessitate
640 3200 901 3268 nppedtui
934 3199 1118 3253 carnis
1146 3199 1336 3255 servit.
1385 3199 1440 3253 lu
1476 3199 1692 3255 homine
1722 3214 1875 3261 vero,

274 3288 529 3356 qnandiu
559 3287 675 3357 ipsa
706 3287 952 3341 voluntas
980 3297 1125 3343 recta
1150 3301 1254 3351 est.
1287 3304 1385 3343 nec
1414 3289 1598 3355 servit,
1624 3304 1723 3343 nec
1753 3290 1879 3343 sub-

273 3376 421 3447 iecta
453 3386 541 3433 est
570 3378 658 3433 cui
690 3393 802 3432 non
834 3378 1013 3442 debet,
1048 3393 1150 3434 nec
1176 3379 1245 3434 ab
1268 3379 1382 3449 ipsa
1416 3379 1739 3435 rectitudine
1772 3379 1877 3434 ulla

276 3468 331 3522 vi
363 3468 547 3522 aliena
576 3468 864 3533 avertitur,
907 3469 1009 3524 nisi
1043 3471 1179 3539 ipsa,
1217 3473 1301 3527 cui
1334 3487 1440 3526 non
1475 3472 1654 3539 debet,
1691 3474 1878 3529 volens

276 3559 635 3615 consentiat:
667 3574 829 3631 quem
875 3575 1197 3617 consensum
1238 3577 1345 3617 non
1392 3562 1733 3631 naturaliter,
1779 3580 1879 3620 nec

276 3666 347 3707 cx
379 3651 712 3707 necessitate
741 3652 884 3707 sicut
909 3666 1101 3721 equus,
1127 3653 1223 3709 sed
1248 3668 1316 3710 ex
1353 3668 1414 3709 se
1441 3666 1629 3725 aperte
1667 3656 1880 3713 videtur

278 3748 513 3803 habere.
559 3746 704 3801 Dtsc.
761 3746 1087 3803 Satisfecisti
1138 3748 1265 3804 huic
1305 3746 1595 3818 olzjectioni
1642 3763 1774 3806 mea:
1814 3750 1880 3806 de

276 3839 568 3896 voluntate
610 3840 758 3909 equi.
808 3839 941 3895 Redi
990 3840 1081 3895 ubi
1128 3856 1364 3897 eramus.
1408 3841 1547 3898 MAG.
1591 3841 1673 3895 Au
1718 3857 1879 3914 nega-

277 3930 369 3988 bis
398 3931 497 3964 ""
547 3946 763 3986 omnem
804 3948 917 3986 rem
960 3932 1185 3987 liberam
1224 3947 1343 3989 esse
1384 3933 1453 3988 ab
1494 3947 1558 3989 ea
1605 3948 1665 3990 re
1704 3948 1733 3987 a
1773 3948 1878 4003 qua

278 4023 406 4092 cogi
440 4021 544 4078 nisi
572 4022 758 4078 volens
784 4022 901 4090 "‘8,
930 4022 1012 4078 vel
1043 4024 1318 4092 prohiberi
1352 4039 1460 4078 non
1496 4025 1710 4095 potest?
1734 4025 1877 4080 Dtsc.

277 4112 407 4170 Non
433 4114 592 4168 video
613 4116 884 4185 quomodo
906 4130 1115 4185 negent.
1144 4114 1283 4170 ΜΑθ.
1310 4115 1404 4169 Dic
1427 4116 1589 4171 etiam
1612 4117 1884 4185 quomodo

280 4210 517 4272 superat
538 4213 685 4258 recta
718 4205 987 4270 voluntas,
1015 4214 1071 4260 et
1097 4206 1366 4275 quomodo
1388 4207 1709 4274 superatur?
1738 4207 1881 4262 Dtsc.

280 4294 444 4352 Velle
473 4295 647 4365 ips-m
676 4297 1050 4353 rectitudinem
1084 4304 1516 4368 perseveranter,
1540 4304 1626 4352 est
1661 4297 1737 4352 illi
1770 4298 1887 4355 vin-

282 4400 450 4450 cere;
505 4387 639 4443 velle
684 4397 866 4444 autem
911 4390 1053 4459 quod
1097 4405 1202 4444 non
1245 4389 1426 4455 debet,
1472 4398 1556 4446 est
1598 4389 1675 4445 illi
1720 4390 1885 4445 vinei.

284 4478 436 4533 MAG.
469 4479 604 4536 Puto
641 4482 766 4551 quia
807 4481 1033 4536 tentatio
1061 4491 1266 4537 rectam
1303 4482 1636 4539 voluntatem
1675 4485 1885 4540 nonnisi

282 4569 589 4636 volentem,
620 4582 713 4626 aut
735 4573 803 4627 ab
836 4572 952 4642 ipsa
983 4572 1306 4628 rectitudine
1330 4573 1426 4607 ’δι’
1452 4574 1763 4643 prohibere,
1790 4586 1885 4633 aut

1981 1918 2123 1975 vinci
2147 1937 2177 1973 a
2208 1918 2330 1974 forti
2348 1960 2363 1986 ,
2395 1936 2498 1975 non
2528 1936 2622 1977 sua
2644 1931 2915 1992 potestate
2939 1938 3099 1993 posse
3120 1924 3340 1990 dicitur,
3364 1926 3456 1981 sed
3481 1925 3576 1958 ³⁸⁸⁸

1980 2012 2186 2077 aliena;
2225 2013 2482 2083 quoniam
2530 2029 2635 2069 non
2684 2014 3023 2086 signiﬁcatur
3071 2017 3239 2081 aliud,
3292 2018 3395 2073 nisi
3444 2018 3570 2088 quia

1983 2104 2137 2160 fortis
2164 2105 2326 2160 habet
2355 2105 2450 2137 ³⁸³³
2478 2114 2802 2177 potestatem
2831 2108 3081 2162 vincendi
3114 2106 3454 2163 imbecillcm.

2507 2218 2667 2288 120
2702 2217 2933 2273 CAPUT
2972 2217 3059 2273 vr.

1983 2305 2255 2371 Quomodo
2277 2306 2342 2361 sit
2364 2317 2543 2377 nostra
2568 2306 2804 2363 voluntas
2824 2319 3005 2377 potem
3026 2318 3207 2374 contra
3230 2309 3541 2363 lentaliones
3558 2350 3573 2373 ,

2434 2376 2554 2430 licet
2586 2376 2830 2432 videatur
2849 2380 3123 2449 impotens.

2052 2465 2200 2523 Dtsc.
2243 2467 2503 2535 Quamvis
2552 2469 2631 2523 sic
2671 2470 2853 2524 omnia
2899 2469 3271 2540 impugnantia
3313 2470 3578 2525 voluntati

1982 2567 2180 2613 nostra:
2225 2558 2505 2628 subjicias,
2536 2568 2700 2629 atque
2744 2558 2945 2614 nullam
2976 2560 3326 2615 tentatiouem
3374 2560 3447 2613 illi
3483 2561 3577 2613 :lo-

1982 2647 2178 2703 tninari
2220 2647 2529 2717 permituts,
2566 2654 2625 2702 ut
2667 2647 2721 2701 in
2752 2646 2898 2704 nullo
2924 2646 3123 2719 possim
3150 2647 3372 2703 obviare
3398 2663 3575 2703 asser-

1978 2739 2218 2795 tionibus
2246 2738 2384 2804 tuis;
2420 2754 2526 2793 non
2557 2746 2733 2794 tamen
2764 2752 2982 2807 possum
3011 2736 3356 2793 dissimulare
3385 2751 3576 2807 quam-'-

1980 2834 2102 2888 dam
2149 2831 2519 2902 impotentiam
2563 2845 2683 2888 esse
2730 2829 2784 2885 in
2827 2830 3016 2885 eadem
3061 2830 3356 2896 voluntate,
3406 2846 3573 2901 quam

1982 2923 2095 2980 fere
2123 2938 2313 2979 omnes
2339 2923 2673 2994 experimur,
2704 2937 2827 2977 cum
2859 2921 3111 2978 violentia
3143 2922 3455 2978 tentationis
3483 2939 3576 2978 su-

1984 3031 2263 3086 peramur.
2312 3014 2655 3086 Quapropter
2708 3014 2812 3069 nisi
2867 3014 3015 3070 illam
3068 3014 3362 3086 potentiam
3411 3031 3573 3085 quam

1983 3107 2208 3177 probas,
2234 3116 2291 3162 et
2319 3106 2480 3162 istam
2506 3106 2877 3176 impotentiam
2903 3120 3066 3177 quam
3097 3106 3381 3172 sentimus,
3409 3106 3576 3161 facias

1980 3197 2275 3253 convenire
2302 3214 2316 3251 :
2348 3211 2452 3252 non
2476 3203 2655 3265 potest
2680 3194 2896 3250 animus
2926 3209 3079 3251 meus
3109 3195 3175 3250 ad
3209 3195 3318 3264 QIlit
3338 3202 3443 3250 tem
3475 3195 3576 3249 lm-

1968 3292 2063 3361 jus
2101 3288 2417 3358 quzestionis
2462 3286 2765 3358 pervenire.
2810 3285 2949 3342 MAG.
2996 3287 3158 3342 lstam
3201 3286 3568 3356 impotentiam

1980 3379 2289 3445 voluntatis,
2324 3394 2484 3448 quam
2516 3377 2677 3443 dicis,
2718 3377 2772 3432 in
2813 3392 2921 3448 quo
2961 3388 3121 3449 putas
3158 3377 3312 3431 esse?
3347 3379 3487 3430 Dtsc.
3520 3377 3576 3430 lo

1978 3487 2045 3527 eo
2092 3471 2219 3542 quia
2274 3487 2380 3527 non
2432 3478 2613 3542 potest
2660 3478 3075 3542 perseveranter
3120 3469 3427 3525 rectitudini
3473 3469 3569 3522 ad-

1981 3565 2207 3621 haerere.
2257 3564 2400 3625 Mss.
2455 3562 2512 3619 Si
2569 3579 2664 3635 per
2716 3564 3086 3634 impotentiam
3141 3578 3247 3619 non
3294 3562 3563 3625 adllatret,

1985 3657 2159 3712 aliena
2188 3657 2240 3711 vi
2279 3658 2541 3711 avertitur
2571 3672 2599 3710 a
2634 3656 2976 3712 rectitudine.
3009 3656 3154 3711 Dtsc.
3182 3655 3431 3710 Concedo
3462 3654 3577 3708 ³³³³.

1983 3746 2126 3803 MAG.
2169 3746 2299 3814 Quae
2338 3757 2422 3802 est
2455 3747 2570 3802 llth
2600 3746 2715 3802 vis?
2761 3747 2907 3801 Dtsc.
2941 3746 3032 3807 Vis
3064 3747 3402 3801 tentationis.
3437 3744 3577 3802 MAG.

1983 3837 2111 3893 Haec
2142 3838 2221 3893 vis
2254 3852 2359 3892 non
2388 3851 2510 3893 eam
2558 3836 2753 3891 avertit
2781 3836 2875 3870 ""
2900 3852 2929 3890 a
2979 3836 3323 3901 rectitudine,
3369 3836 3411 3889 si
3463 3836 3577 3904 ipsa

1984 3945 2090 3985 non
2122 3928 2234 3983 vult
2273 3928 2418 3998 quod
2460 3930 2698 3998 suggerit
2731 3927 2980 3982 tentatio.
3015 3928 3159 3981 Dtsc.
3211 3928 3283 3979 lta
3326 3935 3427 3979 est.
3467 3924 3575 3978 Sed

1986 4024 2099 4094 ipsa
2129 4023 2356 4078 tentatio
2399 4037 2498 4075 sua
2527 4020 2577 4074 vi
2607 4021 2754 4091 cogit
2786 4033 2904 4072 cam
2941 4017 3077 4072 velle
3121 4019 3265 4087 quod
3312 4016 3574 4085 suggerit.

1986 4117 2127 4173 Mss.
2152 4114 2398 4181 Qomodo
2424 4112 2569 4182 cogit
2595 4126 2713 4167 eam
2742 4109 2910 4164 velle?
2958 4110 3038 4162 An
3068 4109 3140 4162 ita
3173 4117 3229 4163 ut
3259 4106 3426 4177 possit
3453 4107 3577 4175 qui-

1986 4209 2108 4265 dem
2156 4205 2295 4260 nolle
2320 4204 2434 4267 πη,
2485 4203 2578 4259 sed
2607 4217 2711 4256 non
2741 4201 2858 4256 sine
2893 4200 3045 4271 gravi
3095 4199 3367 4262 molestia;
3403 4213 3470 4250 an
3505 4197 3577 4250 ita

1959 4309 2047 4355 ⁵ιιι
2073 4298 2375 4353 nullatenus
2417 4295 2590 4365 possit
2630 4291 2808 4349 nolle?
2840 4294 2982 4348 Dtsc.
3018 4292 3275 4361 Quamvis
3304 4292 3460 4345 I'ateri
3493 4306 3579 4344 me

1990 4400 2238 4461 oporteat
2267 4403 2366 4444 nos
2406 4386 2696 4458 aliquando
2737 4387 2817 4442 sic
2860 4386 3028 4456 premi
3077 4384 3491 4448 tentationihus,
3527 4392 3586 4438 ut

1992 4482 2109 4537 sine
2137 4477 2449 4535 difﬁcultate
2474 4492 2582 4533 non
2614 4475 2890 4532 valeamus
2918 4475 3056 4530 nolle
3084 4476 3226 4545 quod
3252 4483 3581 4545 suggerunt;

1992 4590 2098 4630 non
2128 4582 2303 4627 tamen
2335 4584 2552 4641 possum
2580 4569 2764 4624 dicere
2793 4568 2939 4639 quod
2968 4567 3047 4623 sic
3082 4581 3181 4622 nos
3221 4580 3455 4634 unquam
3486 4579 3581 4633 0p-

286 4660 360 4715 ad
394 4660 478 4725 id,
506 4662 650 4731 quod
681 4677 785 4716 non
818 4663 1007 4731 debet,
1042 4678 1237 4736 cogere
1265 4674 1441 4734 potest
1468 4683 1484 4720 :
1520 4673 1578 4720 ut
1612 4666 1756 4720 illam
1787 4680 1885 4724 no-
1992 4666 2253 4736 primant,
2282 4673 2340 4719 ut
2368 4661 2510 4732 quod
2536 4668 2760 4716 monent
2781 4660 2875 4692 ³⁸¹⁸
2901 4660 3209 4715 nullatenus
3236 4657 3375 4711 nolle
3410 4654 3583 4725 possi-

284 4750 376 4819 lit,
410 4763 466 4809 et
494 4754 635 4809 istud
666 4755 793 4811 velit
813 4755 930 4810 ⁸⁸³⁸.
976 4756 1120 4812 Dtsc.
1149 4754 1262 4811 Nec
1288 4757 1391 4813 hoc
1418 4756 1521 4811 ulla
1546 4756 1639 4788 ³⁸¹¹¹
1671 4755 1884 4813 ratione
1991 4770 2134 4811 mus.
2165 4754 2307 4811 Iliae.
2335 4753 2529 4809 Nescio
2557 4751 2831 4822 quomodo
2858 4752 3030 4822 possit
3054 4749 3179 4805 dici.
3211 4746 3266 4802 Si
3297 4748 3441 4802 enim
3471 4743 3587 4797 vult

1596 4909 1831 4967 VARI/8
1873 4909 2285 4969 LECTIONES.

368 5075 464 5109 ³⁸⁸⁸
497 5055 614 5129 Non
645 5073 887 5138 mentiri,
911 5062 1008 5129 sed
1032 5073 1204 5130 occidi
1233 5090 1359 5129 mss.
1394 5087 1499 5126 non
1533 5071 1773 5135 mentiri,
1800 5069 1843 5124 si
1867 5068 2138 5125 occiditur
2211 5066 2306 5098 ³⁸η
2330 5063 2659 5138 Utrumlibet
2684 5070 2769 5138 est
2799 5060 2851 5114 in
2884 5058 3158 5138 voluntate
3182 5055 3265 5110 vel
3295 5060 3582 5138 potestate.

290 5161 425 5198 mu.
452 5127 887 5214 utruntlibetres—t:
912 5127 1279 5214 inpotem—ate.
1319 5127 1330 5128 ί
1356 5144 1449 5176 ³⁸¹³
1479 5143 1668 5214 Itaque
1697 5127 1826 5214 licet
1851 5156 1976 5214 mu.
2006 5138 2081 5193 lta
2107 5136 2481 5214 quoque-lic?!
2554 5132 2961 5214 af“.D€SBT¢3_[ﬁ’-3
2986 5127 3585 5214 ﬂ3l°d_'f{‘ﬁf“{esfi':

292 5192 532 5283 grauari
550 5192 1342 5271 “iis?iaciiaa'eaa;'§;aaa.s
1367 5192 1991 5271 me:'n'aéca‘n'atns
2014 5192 2146 5283 ξηεέ.
2179 5192 2322 5283 Βὲρέ
2339 5205 2539 5283 idcirco
2562 5202 2795 5283 fecimus
2857 5200 2961 5283 fw
2990 5192 3218 5283 Non'est
3251 5196 3360 5283 hoc,
3394 5192 3585 5283 simili:

288 5267 538 5341 {et-hii.
566 5298 675 5338 non
699 5267 1346 5341 esi'tiié'sim'itnér""tm
1370 5267 1815 5354 ‘Aowne’savimus
1844 5298 1972 5354 "m-
2014 5277 2355 5354 Aeacsabis
2429 5274 2523 5307 ³⁵¹⁸
2548 5274 2725 5354 ΑΠυὲ
2755 5271 2872 5342 οοεί
2903 5285 3009 5325 ¹¹⁰¹¹
3038 5267 3223 5354 "91‘2"?
3260 5279 3584 5354 'f“‘:-9.flff“

290 5338 419 5424 cogi
452 5338 554 5427 nisi
586 5338 777 5427 volans
798 5338 1027 5427 eisiis.
1060 5338 1224 5410 Micﬁh.
1249 5357 1314 5412 ad
1344 5338 1647 5425 quanico'gi
1672 5352 2020 5427 nisi-volens“
2069 5350 2171 5427 ”"_
2193 5338 2300 5427 Kut
2332 5347 2452 5427 ipsa
2476 5338 2799 5427 rectilin'line
2824 5338 2952 5427 plus.
2988 5338 3343 5427 antiabnijp‘sq‘
3357 5338 3584 5427 {geli-ll}:

300 5402 609 5482 ---δή
1903 5402 2048 5475 nolit
2076 5428 2131 5474 ct
2159 5402 2300 5491 istud
2335 5402 2461 5470 velit
2534 5410 2769 5491 "_’_’__Nﬁcc
2799 5410 2903 5464 ulla
2927 5426 3050 5491 mss.
3076 5420 3122 5464 et
3300 5402 3455 5460 Coth.
3489 5418 3589 5491 nec

298 5499 408 5551 hoc
436 5495 545 5566 ulla
620 5494 713 5530 ³³³³
743 5498 882 5566 Quia
908 5495 1054 5550 nulla
1084 5506 1325 5566 potestas
1355 5506 1533 5565 potest
1561 5509 1688 5549 iure.
1717 5494 1845 5563 quia
1878 5492 2023 5566 nulla
2058 5490 2286 5566 tentatio
2319 5494 2496 5556 potest
2569 5482 2664 5566 ³⁵²ξ
2691 5482 2811 5566 sua.
2826 5489 3107 5566 potestate
3115 5482 3583 5566 vincitur-mssket

302 5545 624 5637 ifaic'iiém.
660 5545 1064 5637 sua‘iiiiésiité
1085 5545 2117 5637 ii’déit'"siﬁ"slia"insidiatricum,
2167 5558 2258 5613 sed
2289 5545 2417 5637 nias.
2457 5545 3051 5637 sna-poteSIate‘posse
3077 5545 3586 5637 dicitur,As-ed__-:‘:

297 5637 419 5692 Nisi
456 5636 614 5707 fortis
640 5624 947 5694 habet'mu.
975 5636 1077 5707 nisi
1106 5638 1232 5707 quia
1263 5637 1417 5694 fortis
1446 5624 1649 5693 habet“.
1688 5635 1781 5666 ³³²⁶
1806 5632 1983 5707 credo
2008 5648 2141 5707 mss_._
2163 5627 2438 5707 concedo"
2479 5626 2568 5657 ³⁸³⁷
2599 5624 2931 5707 Νοηέιῖθτιίι
2957 5638 3082 5707 mss.
3108 5636 3214 5707 non
3239 5624 3583 5707 eatnavcrllt

300 5687 418 5740 Ξέᾶἶ
1771 5687 1989 5774 quidem
2035 5702 2177 5778 nolle
2210 5696 2357 5752 Eilit.
2399 5695 2575 5752 Venet.
2620 5706 2665 5751 et
2705 5692 2890 5748 Colon.
2936 5701 2993 5747 ιιι
3023 5692 3335 5764 possiteam
3365 5687 3584 5759 quidem

303 5780 448 5834 nolle
524 5772 619 5811 ³⁸⁵⁸
647 5779 799 5847 Quod
832 5772 1050 5834 movent
1080 5778 1381 5835 nullatenus
1407 5794 1532 5833 mss.
1561 5772 1706 5848 quod
1737 5772 1961 5832 monent
1988 5772 2316 5827 nullatenus.
3524 5784 3525 5787 η
