4076 6288
520 300 628 365 499

1023 309 1080 365 S.
1123 309 1421 366 ANSELMI
1461 308 1809 367 CANTUAR.
1863 309 2181 367 ARCUIEP.
2224 310 2373 368 OPP.
2416 311 2593 367 PARS
2634 311 2671 366 1.
2703 342 2769 351 ——
2804 310 3220 368 DOGMATICA.

3693 292 3796 350 $00

521 424 682 477 homo
710 422 944 501 mentiri,
969 430 1155 476 utnon
1186 424 1447 478 sustineat
1474 434 1702 480 mortem
1730 434 1783 481 et
1806 435 1985 480 servet
2008 425 2105 457 ⁸⁸³⁸
2137 428 2181 486 Α
2213 436 2450 480 mentum
2480 425 2713 479 videndi.
2742 423 2894 478 Sicut
2925 425 3089 494 igitur
3112 426 3307 487 visum,
3337 424 3427 492 qui
3469 431 3556 478 est
3600 423 3791 477 instru-

517 512 685 564 vitam
727 511 794 565 ad
827 519 1069 581 tempus;
1113 512 1235 582 quis
1274 512 1415 566 dicet
1457 512 1787 581 impossibile
1824 513 1957 567 velle
1984 529 2107 567 eum

520 600 625 656 nan
660 604 895 666 mentiri,
926 612 983 657 ut
1015 604 1144 658 vitet
1174 613 1431 659 aeternam
1469 612 1720 667 mortem,
1752 613 1805 657 et
1847 604 1963 658 siue
2002 605 2108 659 line

519 695 698 749 vivat?
732 694 1197 766 Quapropterjam
1227 696 1474 749 dubitare
1508 712 1612 749 non
1643 694 1804 748 debes
1846 694 1984 748 hanc
2015 694 2107 726 ³⁸³¹

520 785 890 852 impetentiam
932 786 1182 839 serVandi
1235 786 1633 851 rectitudinem,
1681 804 1841 858 quam
1890 788 2023 840 dicis
2058 788 2108 839 in

520 887 701 930 nostra
730 876 1003 931 voluntate
1027 875 1121 907 ³⁵³³
1145 890 1267 929 cum
1302 877 1690 931 tentationibus
1718 877 2109 939 censentium“,

519 981 629 1020 non
661 981 779 1020 esse
805 981 871 1021 ex
906 966 1359 1036 impossibilitate,
1390 967 1482 1021 sed
1514 982 1577 1021 ex
1612 966 1942 1021 difﬁcultate.
1978 965 2107 1018 Fre-

520 1058 703 1125 quenti
738 1072 970 1124 namque
998 1072 1096 1110 usu
1127 1056 1356 1111 dicimus
1384 1072 1485 1111 nos
1526 1072 1629 1110 non
1677 1071 1835 1126 posse
1873 1055 2103 1125 aliquid;

518 1164 629 1201 non
654 1150 777 1217 quia
805 1148 964 1201 nobis
980 1156 1063 1202 est
1090 1148 1439 1216 impassibilc,
1465 1151 1556 1202 sed
1582 1148 1704 1217 quia
1732 1148 1858 1201 illud
1885 1146 2110 1201 sineam

521 1240 837 1295 dilﬁculate
864 1256 968 1294 non
999 1253 1306 1308 possumus.
1334 1239 1457 1293 Haec
1484 1249 1661 1292 autem
1690 1238 1974 1292 dillicultas
2000 1254 2109 1293 non

518 1334 741 1401 perimit
778 1332 1081 1387 libertatem
1117 1330 1407 1385 voluntatis
1438 1349 1450 1383 :
1486 1331 1803 1399 impugnare
1833 1328 1925 1361 ³⁵³⁸
1959 1344 2107 1382 nam-

519 1439 627 1494 que
671 1432 846 1493 potest
892 1424 1114 1476 invitam
1159 1422 1522 1485 voluntatem,
1567 1437 1880 1491 expugnare
1923 1421 2111 1489 nequit

490 1556 491 1559 η
522 1516 767 1568 invitam.
799 1514 908 1567 Hoc
940 1515 1119 1583 itaque
1147 1514 1323 1577 modo,
1356 1522 1487 1582 puto
1513 1522 1563 1566 te
1586 1526 1742 1581 posse
1768 1512 1953 1565 videre
1978 1526 2111 1580 quo-

519 1608 682 1663 modo
729 1608 1051 1671 conveniant
1098 1608 1335 1676 potentia
1381 1606 1703 1671 voluntatis,
1759 1620 1925 1674 quam
1972 1605 2110 1658 ratio

520 1698 767 1751 veritais
816 1698 1044 1758 asserit;
1095 1706 1147 1751 et
1204 1698 1540 1767 impotentia,
1589 1712 1750 1766 quam
1805 1696 2112 1750 humanitas

516 1800 699 1844 nostra
733 1789 917 1843 sentit.
967 1766 1291 1843 Sicut'enim
1322 1787 1608 1844 difﬁcultas
1641 1802 1978 1857 nequaquam
2012 1801 2107 1841 vo-
2144 1766 2185 1823 Β

518 1881 745 1935 luntatis
793 1882 1060 1934 interimit
1111 1881 1448 1947 libertatem;
1503 1881 1575 1934 ita
1633 1879 1721 1934 illa
1773 1879 2108 1949 impotentia,

519 1987 679 2040 quam
710 1988 815 2025 non
848 1971 918 2025 ob
947 1972 1090 2025 aliud
1138 1973 1189 2025 in
1233 1973 1506 2028 voluntate
1551 1972 1782 2026 dicimus
1822 1987 1965 2037 esse,
2006 1973 2110 2030 nisi

520 2062 648 2129 quia
682 2078 785 2115 non
819 2070 992 2130 potest
1026 2071 1209 2116 tenere
1240 2078 1392 2117 suam
1426 2062 1801 2117 rectitmlinem
1832 2063 1949 2117 sine
1976 2064 2113 2116 (ΙὶΠὶ-

521 2151 743 2215 rultate,
777 2166 880 2205 non
918 2150 1095 2205 aufert
1139 2152 1311 2207 eidem
1344 2151 1605 2207 voluntati
1648 2152 2024 2222 perseverandi
2058 2153 2110 2206 in

461 2292 467 2297 .
521 2243 847 2298 rectitudine
875 2253 1217 2313 potestatem.

1133 2353 1358 2410 CAPUT
1400 2353 1509 2408 Vll.

523 2445 797 2511 Quomodo
840 2442 1080 2499 voluntas
1130 2445 1319 2513 fortior
1362 2447 1428 2499 sit
1464 2462 1622 2515 quam
1665 2444 1916 2511 tentatio;
1953 2446 2110 2500 etiam

1020 2531 1138 2569 cum
1165 2516 1230 2569 ab
1261 2515 1353 2570 illa
1383 2517 1624 2570 vincitur.

595 2608 738 2662 Dtsc.
768 2607 921 2662 Sicut
946 2621 1285 2677 nequaquam
1311 2606 1463 2662 valeo
1488 2607 1629 2676 quod
1658 2607 1854 2678 probas
1880 2622 2107 2678 negare;

518 2701 596 2755 ita
635 2700 941 2755 nullatenus
980 2714 1120 2769 queo
1148 2699 1478 2755 voluntatem
1512 2699 1792 2755 fortiorem
1834 2714 1956 2756 esse
1996 2708 2113 2754 ten-

522 2791 748 2853 tatione.
776 2806 896 2845 cum
925 2791 991 2843 ab
1020 2805 1081 2844 ea
1115 2786 1425 2859 superatur,
1453 2789 1741 2845 afﬁrmare.
1774 2789 1909 2844 Nan
1940 2792 1984 2844 si
2016 2805 2111 2844 vo-

522 2884 703 2937 iunias
725 2883 973 2936 servandi
1006 2882 1381 2936 rectitudiuem
1415 2882 1605 2935 fortior
1630 2892 1779 2937 esset
1801 2899 1963 2951 qualn
1998 2892 2116 2937 ten-

525 2972 745 3025 tatiouis
796 2972 1057 3039 impetus;
1113 2971 1307 3023 fortius
1353 2971 1440 3022 illa
1486 2970 1714 3023 volendo
1757 2972 1898 3039 quod
1948 2980 2111 3036 tenet,

525 3064 807 3117 resisteret
851 3078 1010 3129 quam
1060 3062 1144 3115 illa
1201 3062 1494 3115 insisteret.
1546 3060 1660 3115 Non
1708 3062 1851 3114 enim
1898 3060 2114 3116 aliunde

525 3154 640 3209 scio
669 3156 753 3207 me
780 3154 951 3223 magis
982 3153 1066 3206 vel
1090 3154 1269 3207 minus
1298 3153 1493 3206 fortem
1520 3152 1615 3185 ³⁸³³
1645 3152 1844 3206 habere
1870 3152 2116 3207 volunta-

525 3257 657 3313 tem,
693 3245 795 3301 nisi
832 3246 959 3317 quia
1003 3248 1175 3315 magis
1207 3245 1289 3300 vel
1332 3246 1511 3300 minus
1556 3244 1770 3300 fortiter
1801 3245 1938 3300 volo.
1973 3245 2118 3313 Qua-

522 3349 745 3411 propter
778 3356 898 3395 cmn
936 3340 1119 3394 minus
1161 3338 1373 3394 fortiter
1409 3340 1528 3396 volo
1554 3341 1695 3411 quod
1734 3341 1922 3405 debeo,
1952 3358 2113 3414 quam

524 3433 753 3488 tentatio
798 3433 929 3488 mihi
977 3432 1218 3503 suggerit
1258 3432 1401 3502 quod
1450 3448 1553 3487 non
1598 3434 1799 3499 debeo;
1846 3434 2117 3504 quomodo

530 3525 755 3581 tentatio
796 3524 987 3578 fortior
1017 3540 1123 3579 non
1172 3525 1242 3579 sit
1289 3524 1563 3579 voluntate
1610 3534 1767 3589 mea,“
1792 3540 1897 3578 non
1940 3525 2115 3579 video.

529 3616 668 3670 Msa.
701 3613 770 3669 Ut
797 3615 974 3677 video,
1000 3614 1358 3684 aaquivocatio
1385 3614 1677 3669 voluntatis
1710 3623 1761 3670 te
1790 3614 1941 3669 fallit.
1971 3615 2115 3669 Dtsc.

530 3707 701 3776 Ipsam
762 3705 953 3761 vellem
1017 3706 1500 3775 aequivocationem
1560 3722 1908 3778 cognoscere.
1975 3707 2115 3763 Msc.

530 3798 685 3854 Sicut
727 3800 873 3853 visus
911 3779 1185 3868 tequivo'ee
1225 3799 1457 3865 dicitur;
1511 3802 1581 3855 ita
1625 3810 1679 3856 et
1708 3802 1977 3858 voluntas.
2012 3803 2119 3858 Vo-

528 3910 712 3949 cmnus
740 3893 884 3946 enim
920 3893 1117 3958 visum,
1144 3894 1319 3959 ipsum
1352 3894 1771 3951 instrumentum
1796 3894 2033 3962 videndi,
2068 3897 2119 3951 id

528 3998 610 4043 cst
642 3989 849 4043 radium
896 3988 1275 4057 procedentem
1322 4004 1417 4058 per
1459 3988 1669 4052 oculos,
1703 4004 1811 4058 quo
1857 3989 2121 4044 sentimus

529 4081 702 4135 lucem
733 4060 786 4132 (τι
834 4094 954 4148 qua:
979 4087 1105 4133 sunt
1140 4080 1191 4133 in
1224 4078 1343 4133 luce
1372 4096 1385 4132 :
1417 4089 1471 4132 et
1497 4079 1726 4133 dicimus
1756 4079 1952 4145 visum,
1986 4094 2120 4150 opus

529 4170 875 4224 instrmnenti
914 4170 1100 4240 ipsius,
1132 4173 1346 4239 quando
1373 4169 1462 4223 illo
1495 4172 1719 4235 utimur,
1756 4171 1809 4224 id
1835 4181 1919 4226 est
1953 4173 2131 4227 visio-'

531 4278 678 4317 nem.
716 4262 917 4316 Eodem
963 4261 1121 4316 modo
1150 4262 1347 4316 dicitur
1380 4263 1645 4328 voluntas,
1696 4263 1869 4332 ipsum
1916 4264 2119 4319 instru-

531 4361 771 4408 mentum
810 4350 1043 4418 volendi,
1088 4353 1231 4421 quod
1271 4361 1355 4407 est
1395 4353 1447 4407 in
1490 4354 1688 4416 anima,
1721 4362 1776 4408 et
1811 4356 1953 4422 quod
1994 4370 2120 4410 con-

530 4442 796 4497 vertimus
825 4443 890 4495 ad
924 4444 1206 4496 volt-udum
1236 4444 1336 4497 hoc
1369 4444 1449 4499 vel
1483 4444 1640 4507 illml;
1674 4446 1806 4499 sicut
1845 4447 2016 4500 vismn
2052 4448 2117 4499 ad

530 4534 823 4588 videndum
852 4534 1066 4587 diversa
1101 4535 1467 4589 convertimus
1494 4552 1507 4588 :
1540 4544 1595 4588 et
1626 4535 1822 4589 dicitur
1852 4538 2120 4603 voluntas,

533 4639 664 4680 usus
695 4621 811 4691 ejus
848 4622 1159 4689 voluntatis,
1193 4640 1310 4691 qua:
1333 4632 1416 4678 est
1440 4624 1859 4680 instrumentum
1888 4626 2117 4693 volendi,

2212 526 2452 573 mentum
2482 516 2718 580 videndi,
2753 514 3011 569 habemus
3038 514 3202 569 etiam
3236 530 3359 568 cum
3388 530 3495 567 non
3524 514 3789 578 videmus;

2210 613 2357 666 visus
2392 618 2591 673 autem,
2635 609 2725 678 qui
2774 618 2855 663 est
2882 623 3017 677 opus
3063 606 3199 676 ejus,
3247 622 3352 661 non
3402 616 3487 660 est
3528 608 3629 661 nisi
3680 622 3791 661 cum

2213 704 2457 758 videmus
2495 721 2509 755 :
2554 701 2626 756 ita
2675 702 2947 765 voluntas,
2996 701 3410 754 instrumentum
3458 699 3671 753 scilicet
3709 713 3792 749 va-

2212 796 2376 859 lemli,
2406 809 2618 863 semper
2654 801 2735 847 est
2768 792 2819 846 in
2847 792 3025 845 anima
3055 789 3172 854 "'°,
3199 790 3365 843 etiam
3392 802 3514 843 cum
3553 804 3662 842 non
3696 788 3795 840 vult

2209 886 2440 955 aliquid,
2472 886 2616 940 velut
2648 900 2769 938 eum
2804 883 3032 948 dormit;
3076 880 3413 936 voluntatem
3457 894 3607 944 vero,
3644 894 3795 946 quam

2211 976 2331 1031 dico
2360 991 2512 1029 usum
2545 975 2661 1028 sive
2690 988 2825 1042 opus
2854 972 3096 1043 ejusdem
3137 970 3509 1034 instrumenti,
3562 986 3675 1021 non
3715 971 3798 1021 ha-

2212 1066 2401 1121 bemus
2430 1065 2530 1119 nisi
2581 1065 2799 1134 quando
2824 1063 3074 1119 volumus
3118 1062 3341 1132 aliquid.
3387 1061 3477 1115 Illa
3512 1061 3685 1131 igitur
3713 1060 3796 1092 m'

2212 1158 2485 1221 voluntas,
2516 1172 2678 1227 quam
2710 1171 2843 1211 voco
2893 1156 3311 1209 instrumentum
3343 1152 3579 1217 volendi,
3616 1170 3723 1207 una
3751 1146 3800 1208 et

2212 1252 2398 1306 eadem
2431 1264 2645 1320 semper
2672 1259 2778 1313 est,
2810 1247 3071 1318 quidquid
3100 1246 3349 1303 velimus.
3390 1245 3479 1300 Illa
3510 1260 3666 1310 vero,
3692 1262 3803 1317 quae

2211 1357 2347 1412 opus
2372 1340 2488 1407 ejus
2510 1349 2594 1395 est
2616 1340 2732 1406 ³⁸³⁵,
2767 1348 2874 1393 tam
2907 1338 3185 1408 multiplex
3212 1348 3313 1401 est,
3346 1352 3506 1407 quam
3559 1338 3728 1392 multa
3754 1348 3803 1393 et

2212 1449 2372 1504 quam
2419 1448 2560 1501 sazpe
2602 1430 2881 1495 volumus;
2930 1429 3382 1499 quemadmodum
3428 1430 3598 1495 visus,
3650 1446 3805 1499 quem

2213 1525 2374 1578 etiam
2408 1522 2459 1575 in
2489 1520 2728 1577 tenebris
2751 1520 2832 1591 vel
2858 1520 3060 1576 clausis
3083 1519 3255 1575 oculis
3278 1520 3563 1582 habemus,
3594 1535 3806 1589 semper

2214 1615 2353 1670 idem
2395 1622 2498 1681 est,
2545 1614 2809 1684 quidquid
2854 1615 3153 1668 videamus.
3200 1612 3359 1668 Visus
3394 1622 3601 1678 autem,
3640 1612 3693 1665 id
3727 1621 3804 1666 est

2213 1723 2348 1775 opus
2378 1705 2511 1774 ejus,
2560 1706 2648 1775 qui
2679 1715 2734 1761 et
2769 1706 2905 1761 visio
2948 1706 3279 1769 nominatur,
3328 1713 3436 1759 tam
3485 1719 3807 1759 mnuerosus

2215 1808 2297 1854 est
2336 1815 2497 1868 quam
2542 1812 2854 1862 numerosa,
2901 1782 2959 1851 et
2999 1812 3161 1866 quam
3213 1810 3498 1850 numerose
3539 1796 3807 1849 videmus.

2214 1890 2357 1945 Dtsc.
2391 1888 2554 1943 Plane
2587 1887 2771 1951 video,
2816 1897 2868 1941 et
2920 1902 3043 1943 amo
3077 1888 3215 1940 hanc
3260 1885 3555 1940 voluntatis
3603 1886 3805 1939 discre-

2216 1981 2413 2036 tionem
2438 1980 2531 2012 ³⁸³⁹
2556 1998 2569 2033 :
2595 1990 2646 2035 et
2664 1977 2775 2049 jam
2803 1979 2933 2033 mibi
2965 1978 3150 2033 videor
3176 1978 3379 2041 videre,
3402 1991 3569 2046 quam
3598 1993 3668 2031 ex
3698 1976 3807 2043 ejus

2214 2074 2515 2145 ignorantia
2571 2073 2846 2143 patiebar,
2897 2071 3306 2141 deccptionem;
3366 2068 3459 2124 sed
3513 2079 3701 2123 tamen
3757 2078 3807 2121 tu

2213 2178 2545 2236 prosequere
2574 2163 2715 2232 quod
2767 2161 3055 2231 incoepisti.
3096 2160 3236 2216 Msa.
3272 2161 3403 2215 Cum
3448 2174 3583 2230 ergo
3631 2160 3815 2214 videas

2215 2259 2352 2313 duas
2379 2256 2685 2311 voluntates
2711 2268 2850 2317 esse,
2881 2254 3300 2307 iustrmncntum
3332 2252 3541 2307 scilicﬂ
3576 2251 3815 2316 volcndi,

2216 2357 2271 2404 et
2308 2364 2445 2418 opus
2474 2347 2611 2417 ejus,
2644 2347 2697 2401 in
2742 2360 2847 2415 qua
2879 2346 3071 2399 harum
3105 2345 3334 2399 duarum
3370 2343 3634 2414 intelligis
3666 2341 3813 2395 forti-

2217 2439 2455 2493 tudinem
2489 2448 2743 2493 constare
2776 2435 3025 2491 volendi?
3053 2436 3197 2490 Dtsc.
3231 2436 3285 2489 In
3315 2434 3404 2489 illa
3443 2451 3567 2503 qin
3611 2447 3697 2489 est
3735 2436 3815 2487 iu-

2215 2533 2574 2584 strumentum
2601 2524 2833 2579 volendi.
2878 2523 3019 2579 Msa.
3059 2522 3117 2579 Si
3159 2539 3290 2595 ergo
3334 2525 3479 2579 scias
3510 2526 3699 2578 virum
3744 2526 3814 2578 ita

2216 2618 2444 2685 fortem,
2492 2626 2552 2671 ut
2594 2632 2663 2673 eo
2708 2626 2928 2673 tenente
2963 2625 3175 2670 taurum
3226 2617 3576 2676 indomitum.
3632 2628 3818 2671 taurus

2215 2727 2323 2767 non
2354 2710 2527 2781 possit
2553 2724 2614 2764 se
2639 2725 2856 2765 movere
2886 2724 2902 2763 :
2940 2717 2995 2763 et
3022 2708 3205 2763 videas
3230 2708 3480 2762 eumdem
3524 2709 3714 2762 virum
3748 2710 3819 2761 iia

2218 2812 2486 2860 tenentem
2533 2804 2628 2835 ³⁸³⁸
2662 2803 2912 2867 arietem,
2962 2812 3020 2855 ut
3050 2802 3165 2872 ipse
3192 2802 3337 2857 aries
3377 2818 3497 2856 sese
3533 2802 3607 2855 de
3646 2804 3822 2869 maui-

2217 2897 2316 2952 bus
2345 2896 2460 2965 ejus
2492 2895 2757 2959 excutiat,
2787 2895 3002 2963 putabis
3030 2909 3097 2947 ne
3125 2893 3272 2947 illum
3318 2894 3495 2947 mitms
3523 2892 3730 2946 fortem
3767 2894 3819 2946 iu

2218 2986 2451 3040 tenemlo
2487 2985 2713 3039 arietem
2759 3000 2920 3053 quam
2970 2984 3021 3038 in
3080 2984 3312 3038 tenendo
3362 2984 3620 3037 taurum?
3679 2985 3820 3037 Dtsc.

2217 3074 2371 3129 lllmn
2403 3074 2616 3142 quidem
2654 3089 2757 3127 non
2787 3073 3125 3127 dissimiliter
3153 3071 3347 3127 fortem
3380 3072 3431 3126 in
3462 3082 3705 3141 utroque
3734 3072 3827 3126 illo

2218 3180 2381 3236 opere
2425 3166 2517 3196 ‘5“
2559 3164 2829 3233 judicabo,
2879 3164 2971 3219 sed
3022 3179 3143 3218 eum
3192 3179 3288 3218 sua
3344 3163 3668 3219 fortitudine
3721 3180 3823 3218 non

2219 3257 2501 3327 aequaliter
2554 3257 2627 3309 uti
2689 3256 2900 3310 fatebor
2947 3272 2960 3308 :
3022 3256 3214 3309 fortius
3264 3256 3408 3310 enim
3455 3266 3730 3325 operatur
3774 3258 3825 3311 in

2223 3355 2399 3411 tauro,
2441 3362 2603 3414 quam
2642 3346 2694 3398 in
2729 3346 2918 3400 ariete.
2964 3345 3067 3399 Sed
3116 3346 3202 3399 ille
3248 3346 3403 3401 fortis
3429 3356 3532 3412 est,
3566 3349 3703 3417 quia
3733 3348 3827 3380 ’m

2223 3435 2593 3491 fortitudinem
2641 3435 2834 3499 habet;
2888 3436 3031 3489 actio
3077 3450 3203 3489 vero
3250 3433 3365 3503 ejus
3414 3434 3573 3490 fortis
3622 3438 3829 3492 dicitur

2222 3529 2347 3599 quia
2396 3527 2615 3581 fortiter
2640 3527 2734 3558 ³⁵⁵³
2766 3525 2843 3580 fit.
2884 3527 3025 3581 MAG.
3067 3528 3156 3581 Sic
3194 3528 3432 3598 intellige
3463 3528 3826 3591 voiuntatem.

2222 3635 2383 3689 quam
2408 3630 2540 3673 voco
2567 3619 2987 3672 instrumentum
3018 3618 3250 3681 volemli,
3283 3619 3711 3689 inseparabilem
3735 3621 3830 3653 ωδ

2223 3717 2277 3763 et
2321 3707 2465 3761 nulla
2504 3707 2608 3761 alia
2650 3708 2700 3761 vi
2743 3707 3101 3776 superabilem
3149 3706 3522 3763 fortitudinem
3561 3710 3775 3765 habere
3812 3729 3828 3764 :

2223 3814 2327 3869 qua
2364 3799 2654 3869 aliquando
2685 3799 2777 3831 ³⁸³⁸
2812 3784 3002 3869 magis,
3035 3799 3325 3869 aliquando
3354 3801 3532 3856 minus
3562 3804 3747 3857 utitur
3777 3805 3832 3859 in

2225 3891 2474 3947 volendo.
2521 3892 2673 3946 Unde
2706 3892 2848 3962 quod
2894 3892 3084 3947 fortius
3114 3894 3226 3947 vult
3260 3894 3564 3950 nullatenus
3594 3898 3829 3963 deserit,

2224 3984 2404 4039 oblato
2431 3999 2495 4038 eo
2518 3984 2611 4015 ’5"
2631 3986 2776 4053 quod
2803 3985 2978 4038 minus
3010 3984 3222 4039 fortiter
3248 3987 3360 4040 vult
3384 4005 3396 4039 :
3422 3996 3473 4041 et
3505 4003 3629 4040 cum
3661 3988 3837 4042 offer-

2226 4086 2313 4131 tur
2343 4077 2485 4146 quod
2518 4075 2631 4130 vult
2660 4077 2751 4109 "‘7
2783 4078 2995 4141 fortius,
3029 4079 3209 4132 statim
3257 4080 3477 4133 dimittit
3520 4080 3664 4145 quod
3720 4096 3831 4134 non

2226 4170 2430 4239 pariter
2458 4168 2571 4221 vult
2601 4182 2616 4221 :
2643 4178 2699 4222 et
2731 4178 2857 4223 tunc
2886 4168 3159 4235 voluntas,
3197 4184 3358 4239 quam
3397 4170 3577 4224 dicere
3625 4185 3831 4239 possu—

2227 4276 2344 4314 mus
2365 4259 2631 4314 actionem
2665 4260 3006 4314 iustrumenti
3041 4259 3231 4328 hujus;
3265 4261 3519 4329 quoniam
3546 4260 3660 4329 agit
3686 4244 3834 4329 opus

2202 4366 2381 4405 suum
2409 4350 2526 4415 ⁸⁸⁵⁸,
2557 4366 2676 4405 cum
2711 4350 2912 4419 aliquid
2941 4350 3082 4416 vult;
3114 4360 3260 4415 tunc,
3293 4352 3537 4421 inquam,
3570 4352 3836 4405 voluntas

2228 4442 2368 4496 actio
2403 4442 2573 4513 magis
2602 4442 2684 4497 vel
2718 4442 2896 4497 minus
2927 4441 3082 4498 fortis
3110 4444 3329 4509 dicitur,
3358 4445 3615 4513 quoniam
3652 4445 3837 4515 magis

2232 4535 2315 4588 vel
2363 4535 2541 4588 minus
2574 4533 2789 4589 fortiter
2824 4534 2901 4588 fit.
2940 4535 3083 4589 Dtsc.
3123 4534 3319 4605 Aperta
3356 4533 3469 4602 jam
3515 4536 3648 4589 mihi
3680 4550 3836 4598 esse,

2229 4644 2350 4698 qua:
2380 4628 2636 4699 explicas,
2669 4643 2887 4683 necesse
2918 4637 3002 4682 est
3030 4637 3087 4683 ut
3128 4628 3318 4682 fatear.
3354 4627 3494 4681 Mm.
3529 4626 3693 4682 Vides
3734 4628 3839 4697 igi'

533 4718 674 4773 sient
706 4715 905 4769 dicitur
943 4713 1113 4780 visus,
1146 4731 1273 4770 usus
1312 4716 1427 4786 ejus
1468 4717 1639 4783 visus,
1679 4718 1883 4789 quiest
1921 4719 2122 4775 instru-
2204 4729 2318 4776 tur
2348 4721 2494 4790 quia,
2524 4737 2644 4776 cum
2677 4723 2837 4776 homo
2870 4720 3109 4775 habitam
3135 4720 3511 4775 rectitudinem
3532 4719 3839 4773 voluntatis

1816 4833 2047 4889 VARlAE
2087 4832 2504 4892 LECTIONES.

599 4968 694 5000 ³⁸³⁰
730 4967 797 5022 Ut
823 4979 997 5023 servet
1031 4984 1156 5019 mss.
1186 4975 1239 5018 et
1262 4976 1437 5019 servet.
1517 4966 1607 4997 ³⁵³¹
1645 4968 1898 5021 Dubitare
1945 4970 2100 5025 hane.
2137 5008 2151 5021 .
2185 4983 2289 5022 non
2320 4967 2487 5022 debes
2516 4983 2644 5019 mss.
2688 4966 2938 5020 dubitare
2971 4982 3075 5019 non
3113 4964 3279 5021 debes
3301 4965 3463 5019 hanc.
3495 5005 3508 5018 .

534 5042 743 5093 lnntate
785 5054 907 5093 esse
940 5057 952 5090 :
984 5055 1106 5092 cmn
1150 5054 1275 5107 mss.
1324 5039 1471 5089 omit.
1503 5053 1624 5091 esse
1699 5039 1792 5071 ⁸⁸³³
1826 5039 1931 5092 Sed
1963 5041 2088 5107 quia
2119 5041 2238 5094 sine
2280 5054 2404 5091 mss.
2438 5038 2532 5091 sed
2570 5036 2694 5106 quia
2725 5037 2853 5089 illud
2890 5038 3008 5090 sine
3040 5036 3134 5068 ³⁸³⁵
3164 5036 3275 5089 Non
3304 5035 3571 5107 permittit
3600 5035 3841 5092 libarta-

534 5121 642 5164 tem
671 5108 964 5163 voluntatis
990 5109 1155 5163 vinci.
1198 5106 1517 5177 lmpugnare
1558 5124 1682 5161 mss.
1720 5126 1825 5163 uon
1858 5105 2073 5177 perimit
2104 5108 2397 5162 voluntatis
2426 5105 2733 5161 libertatem
2765 5122 2779 5159 :
2817 5108 3137 5177 impugnare
3212 5106 3305 5177 im
3340 5105 3517 5164 Minus
3549 5109 3841 5162 fortiorem

532 5196 659 5232 mss.
690 5179 867 5233 minus
896 5179 1089 5234 fortem
1168 5178 1261 5211 ³⁵³⁸⁵
1284 5176 1517 5246 Semper
1537 5188 1620 5231 est
1646 5181 1822 5233 anima
1854 5176 1977 5233 mss.
2008 5190 2054 5233 et
2082 5179 2225 5233 Edit.
2254 5178 2412 5232 Galli.
2446 5186 2773 5248 semperest
2811 5178 2866 5230 in
2898 5178 3077 5230 anima
3097 5246 3121 5248 Α
3156 5176 3249 5212 ³⁸η
3282 5178 3371 5232 Illa
3402 5180 3590 5248 utique
3618 5189 3843 5233 Μειδία

502 5314 505 5317 _
536 5248 681 5302 Edit.
714 5248 869 5320 Gotlt.
916 5250 1005 5303 illa
1039 5251 1203 5320 igitur
1244 5245 1495 5320 voluntas
1518 5319 1540 5320 η
1568 5249 1663 5320 ³⁸ξξ⁶
1698 5252 1827 5316 Quae
1862 5266 1997 5318 opus
2023 5260 2107 5304 est
2155 5267 2279 5303 mss.
2310 5264 2446 5320 qua:
2468 5245 2605 5320 opus
2631 5245 2773 5320 ejus
2798 5258 2883 5303 est
2957 5248 3054 5280 ³⁵³³
3091 5246 3395 5303 Voluntatis
3424 5245 3841 5304 distinctionem

532 5333 660 5370 mss.
695 5318 987 5375 voluntatis
1022 5316 1404 5375 discretionem
1481 5319 1577 5349 ³⁵³⁸
1613 5318 1795 5372 Virum
1831 5316 2105 5375 tenentem
2134 5336 2260 5373 mss.
2293 5316 2340 5372 ei
2368 5316 2693 5389 Edit.Goth.
2726 5318 2905 5373 virum
2942 5319 3014 5372 ita
3043 5330 3313 5374 tenentem
3391 5320 3484 5351 ""
3514 5321 3567 5371 lu
3596 5328 3844 5389 utmqne

533 5402 698 5454 opere
724 5403 848 5458 mss.
884 5389 1004 5444 Bec.
1053 5390 1188 5443 Vict.
1218 5390 1366 5445 Gem.
1404 5389 1493 5443 54.
1537 5389 1673 5443 Tim.
1706 5390 1794 5445 90.
1834 5402 1879 5444 et
1927 5391 2114 5445 Cister.
2171 5391 2224 5444 in
2260 5398 2491 5456 utroque
2518 5387 2607 5441 illo
2655 5402 2821 5458 opere
2897 5390 2991 5422 ³⁸η
3026 5390 3204 5443 Fortis
3241 5398 3344 5450 est.
3377 5391 3468 5458 qui
3509 5407 3632 5442 mss.
3666 5387 3848 5443 fortis

534 5468 647 5519 est;
678 5457 804 5530 quia
878 5458 970 5491 ³⁸⁵³
1007 5461 1106 5527 Qui
1147 5460 1361 5515 fortiter
1408 5477 1532 5514 mss.
1583 5470 1630 5513 et
1680 5461 1821 5514 Εάίι.
1862 5461 2019 5515 Gelli.
2071 5461 2198 5530 quia
2250 5459 2466 5530 fortiter
2542 5458 2640 5530 ’δν
2685 5457 3119 5528 lnseparabilem
3163 5457 3544 5514 fortitudinem
3579 5474 3703 5512 mss.
3754 5461 3848 5511 in-

536 5524 897 5600 separabilem
927 5538 981 5582 et
1013 5524 1151 5583 nulla
1186 5531 1287 5583 alia
1331 5532 1378 5583 vi
1415 5530 1775 5596 superabilem
1808 5524 2177 5587 fortitudinem
2208 5546 2334 5600 mss.
2388 5528 2538 5600 Vict._
2575 5528 2629 5600 9.
2680 5538 2726 5581 et
2756 5524 2844 5584 15.
2879 5531 3299 5600 inseparabilem
3333 5538 3391 5583 et
3417 5530 3617 5583 nullam
3658 5530 3847 5583 aliam

539 5598 957 5670 inseparabilem
984 5601 1354 5670 fortitudinem
1434 5602 1525 5631 ³⁸⁵⁵
1553 5602 1686 5666 Quia
1716 5602 2005 5670 aliquando
2038 5619 2162 5655 mss.
2196 5612 2243 5653 et
2293 5598 2723 5670 EdiliogGolhica
2759 5616 2869 5670 qua
2906 5598 3199 5668 aliquando
3273 5601 3369 5633 u“
3389 5601 3583 5653 Ablato
3609 5614 3671 5651 eo
3697 5616 3844 5651 mss.

536 5668 718 5741 oblato
748 5682 811 5721 eo
842 5667 932 5699 3’"
970 5667 1205 5723 Olfertur
1242 5669 1431 5722 fortior
1470 5673 1609 5739 quod
1653 5673 1761 5725 vult
1810 5667 1935 5727 'mss.
1970 5672 2194 5727 oll'crtut'
2224 5670 2366 5741 quod
2402 5668 2515 5723 vult
2546 5668 2739 5723 fortius
2778 5667 2791 5670 ⁷
2818 5671 2915 5705 ³⁵⁸⁸
2972 5667 3158 5738 Hujus,
3193 5672 3295 5741 agit
3335 5687 3472 5741 opus
3512 5686 3662 5725 suum
3697 5684 3845 5721 mss.

538 5738 717 5810 hujus,
751 5743 1007 5809 quoniam
1046 5740 1153 5811 agit
1185 5756 1339 5793 smun
1367 5738 1501 5808 opus

3587 4964 3679 4995 ssss
3722 4962 3840 5016 γε),
