4076 6288
253 301 350 358 501

1197 381 1199 383 ι
1229 297 1506 358 DIALOG.
1548 298 1644 356 DE
1683 296 1936 378 LIBERO
1973 296 2312 355 ARBITRIO.

3378 272 3388 282 ’
3430 304 3536 360 sua

242 418 424 489 allqua
468 417 759 488 ingruente
783 413 986 472 deserit
1027 414 1345 481 tentatione,
1379 413 1523 469 nulla
1563 415 1615 468 vi
1662 415 1836 471 aliena
1872 417 1918 470 A
1944 411 2032 467 cui
2061 409 2204 464 nulla
2222 412 2302 464 vis
2327 408 2499 465 aliena
2521 419 2696 480 potest
2719 427 2870 467 suam
2897 411 3112 468 auferre
3137 413 3531 471 rectitudinem.

244 506 610 572 shstrahitnr;
659 505 752 561 sed
799 503 915 574 ipsa
961 505 1231 559 convertit
1257 504 1351 536 3‘"
1379 520 1437 561 se
1483 505 1550 560 ad
1598 506 1648 560 id
1699 506 1843 576 quod

247 599 443 655 fortius
475 597 608 652 vult.

847 685 1075 741 CAPUT
1118 685 1247 741 VIII.

249 781 402 847 Quod
432 798 524 835 nec
555 778 696 834 Deus
724 791 887 842 potest
916 781 1126 849 auferre
1151 779 1434 834 voluntatis
1460 780 1840 835 rectitudinem.

318 871 468 924 DtsC.
500 867 753 939 Nunquid
783 869 863 924 vel
892 868 1032 924 Deus
1063 878 1238 940 potest
1267 870 1339 923 illi
1372 873 1588 924 auferre
1620 871 1843 925 rectitu-

250 959 475 1014 dinem?
509 959 649 1015 Msa.
678 959 808 1014 Vide
835 961 1107 1029 quomodo
1135 975 1241 1014 non
1277 961 1464 1030 possit.
1493 961 1683 1014 Totam
1721 960 1844 1032 qui-

248 1052 368 1112 dem
407 1051 789 1114 substantiam,
823 1067 986 1121 quam
1019 1050 1084 1106 de
1123 1051 1292 1106 nihilo
1321 1051 1469 1116 fecit,
1496 1062 1674 1123 potest
1701 1053 1842 1111 redi-

248 1160 379 1215 gere
415 1145 468 1198 in
508 1143 769 1209 nihilum;
811 1157 843 1197 a
881 1142 1156 1198 voluntate
1191 1159 1318 1198 vero
1352 1143 1583 1200 habente
1619 1146 1844 1200 rectitu-

247 1237 456 1304 dinem,
498 1252 602 1291 non
645 1236 790 1291 valet
835 1235 976 1290 illam
1023 1250 1298 1305 separare.
1342 1235 1490 1292 Dtsc.
1533 1236 1703 1306 Ilujus
1743 1246 1846 1294 tua:

249 1327 382 1382 mihi
418 1325 676 1382 inauditae
702 1327 1021 1382 assertionis
1050 1328 1277 1382 multant
1312 1344 1342 1382 a
1371 1337 1423 1382 te
1457 1329 1722 1383 rationem
1752 1344 1846 1383 ex-

247 1427 458 1486 specto.
493 1416 633 1472 MAG.
666 1417 774 1473 Nos
801 1417 1072 1487 loquimur
1098 1419 1163 1472 de
1190 1419 1278 1473 illa
1305 1420 1598 1475 voluntatis
1626 1420 1847 1475 rectitu-

249 1507 399 1574 tliuc,
429 1523 536 1578 qua
559 1505 708 1576 justa
746 1506 946 1562 dicitur
979 1507 1251 1575 voluntas,
1283 1510 1334 1566 id
1364 1519 1447 1567 est
1476 1526 1596 1582 quae
1626 1521 1848 1582 propter

249 1613 305 1650 se
330 1607 608 1654 servatur.
637 1596 790 1652 Nulla
815 1608 994 1655 autem
1019 1609 1103 1656 est
1123 1599 1268 1670 justa
1301 1602 1570 1668 voluntas,
1595 1603 1699 1660 nisi
1728 1620 1846 1675 quae

250 1689 365 1744 vult
395 1691 550 1760 121
583 1691 726 1761 quod
763 1693 905 1746 Deus
936 1693 1049 1748 vult
1078 1710 1197 1749 eam
1222 1695 1382 1751 velle.
1411 1696 1554 1753 DISC.
1588 1696 1717 1765 Quae
1742 1697 1846 1755 hoc

1948 499 2149 571 Nempe
2178 501 2221 556 si
2250 501 2478 558 dicimus
2500 503 2625 573 quia
2648 544 2664 570 ,
2695 519 2817 560 cum
2843 504 3038 576 aliquis
3063 505 3178 561 vult
3214 509 3429 564 mentiri
3444 509 3537 543 'm

1949 606 2016 646 ne
2042 592 2411 660 perdatvitam
2439 600 2533 647 aut
2562 592 2816 660 salutem,
2841 595 3052 666 cogitur
3069 597 3322 656 deserere
3346 599 3540 656 timore

1947 682 2165 748 mortis,
2193 692 2287 738 aut
2306 683 2591 744 tormentis
2605 685 2697 717 ⁸⁸⁶ί
2727 687 3014 743 veritatem
3047 704 3063 742 :
3094 704 3201 745 non
3224 699 3308 745 est
3329 705 3538 746 verum.

1948 769 2063 826 Non
2088 772 2232 828 enim
2255 773 2466 845 cogitur
2487 773 2658 844 magis
2682 774 2821 830 velle
2842 779 3006 831 vitam
3026 793 3189 848 quam
3221 781 3537 847 veritatem;

1947 860 2042 916 sed
2094 863 2352 931 quoniam
2403 861 2456 918 vi
2504 863 2676 919 aliena
2735 868 3053 937 prohibetur
3097 877 3383 942 utrantque
3429 887 3543 927 ser-

1948 967 2081 1010 vare
2109 953 2206 987 ³⁸⁸¹
2229 954 2421 1023 simul,
2449 955 2563 1027 ipsa
2591 957 2742 1028 eligit
2786 960 2927 1030 quod
2960 963 3184 1029 mavult,
3215 972 3404 1034 sponte
3438 966 3543 1019 uti-

1947 1059 2072 1115 que,
2117 1054 2172 1100 et
2219 1060 2326 1101 non
2359 1046 2556 1113 invita;
2589 1050 2839 1117 quamvis
2866 1050 2916 1104 in
2963 1053 3291 1108 necessitate
3337 1062 3540 1108 utram-

1950 1135 2078 1193 libet
2098 1129 2377 1194 deserendi
2401 1139 2571 1210 posita
2599 1140 2672 1195 sit
2702 1156 2807 1194 non
2844 1150 3056 1211 Sponte,
3088 1143 3181 1198 sed
3207 1143 3392 1199 invita.
3425 1143 3542 1200 Non

1949 1226 2096 1304 enim
2127 1227 2306 1282 minus
2336 1226 2494 1284 fortis
2521 1237 2604 1284 est
2636 1229 2703 1284 ad
2733 1229 3019 1286 volendum
3052 1233 3359 1299 veritatem,
3379 1249 3542 1304 quam

1948 1319 2016 1374 ad
2041 1318 2329 1376 volendum
2360 1321 2609 1386 salutem;
2634 1322 2726 1377 sed
2756 1321 2951 1378 fortius
2980 1323 3092 1378 vult
3118 1324 3366 1379 salutem.
3388 1326 3542 1394 Nam,

1948 1410 1994 1464 si
2023 1421 2343 1480 praesentem
2365 1412 2572 1468 videret
2605 1413 2831 1484 gloriam
2862 1423 3150 1480 teteruam,
3176 1409 3336 1486 quam
3362 1418 3545 1471 statim

1949 1511 2070 1572 post
2119 1512 2390 1558 servatam
2453 1505 2734 1561 veritatem
2785 1518 3206 1577 assequeretur,
3243 1518 3298 1563 et
3347 1507 3546 1566 inferni

1952 1603 2244 1662 tormenta,
2276 1597 2474 1670 quibus
2524 1607 2649 1670 post
2694 1599 3033 1654 mendacium
3085 1602 3204 1656 sine
3249 1616 3400 1654 mora
3442 1610 3548 1655 tra-

1951 1687 2173 1744 deretur
2191 1689 2315 1756 ⁸⁸⁸⁸;
2345 1689 2536 1761 procul
2569 1691 2732 1746 dubio
2764 1707 2888 1747 mox
2928 1692 3126 1747 virium
3170 1690 3547 1764 suﬂieientiam

251 1798 358 1836 non
409 1785 545 1846 vult,
577 1770 746 1854 plane
795 1784 990 1854 iujusta
1040 1795 1143 1842 est.
1193 1785 1335 1841 Mtte.
1387 1762 1626 1845 Servare
1669 1790 1849 1861 itaque
1879 1762 2020 1833 Bad
2068 1781 2392 1836 servandam
2438 1782 2722 1838 veritatem
2767 1782 2968 1839 habere
3015 1791 3349 1840 cerneretur.
3402 1783 3544 1837 DISC.

253 1873 638 1944 rectitudinem
675 1875 970 1931 voluntatis
999 1887 1220 1947 propter
1245 1879 1414 1947 ipsam
1445 1879 1846 1950 rectitudinem,

251 1975 334 2020 est
388 1965 681 2036 unicuique
725 1981 846 2022 eam
897 1969 1132 2022 servauti
1179 1969 1315 2024 velle
1364 1971 1508 2040 quod
1563 1970 1701 2027 Deus
1739 1973 1852 2027 vult

254 2059 407 2114 il!um
456 2059 612 2116 velle.
667 2062 810 2118 Dtsc.
858 2060 950 2117 Sic
993 2072 1206 2132 oportet
1254 2063 1414 2118 fateri
1443 2063 1559 2118 ³⁸⁸⁸³.
1607 2063 1746 2120 MAG.
1793 2063 1849 2120 Si

253 2151 401 2208 Deus
428 2152 522 2184 ³³⁸¹
555 2162 774 2223 separat
809 2154 949 2209 hanc
982 2155 1362 2210 rectitudinem
1392 2153 1460 2209 ab
1491 2152 1720 2225 alicujus
1753 2170 1849 2210 vo-

253 2243 489 2309 luntate,
530 2255 624 2300 aut
663 2245 846 2300 volens
875 2244 1005 2300 facit
1046 2246 1168 2312 hoc,
1195 2254 1289 2302 aut
1321 2245 1527 2303 nolens.
1567 2248 1714 2302 Dtsc.
1741 2245 1850 2303 No-

253 2340 371 2393 leus
400 2353 524 2392 non.
548 2346 746 2410 potest.
781 2337 923 2395 MAG.
961 2337 1018 2394 Si
1055 2339 1240 2410 itaque
1283 2338 1461 2396 aufert
1505 2339 1734 2410 alicujus
1761 2355 1856 2395 vo-

254 2427 451 2482 Innutti
483 2431 760 2498 praifatam
793 2431 1174 2488 rectitudinem
1208 2431 1320 2486 vult
1346 2431 1492 2503 quid
1518 2432 1668 2487 facit.
1704 2432 1849 2489 Dtsc.

254 2518 480 2589 Absque
507 2518 671 2574 dubio
701 2521 830 2575 vult.
864 2520 1001 2578 MAG.
1035 2520 1234 2593 Utique
1265 2523 1332 2578 ab
1361 2524 1516 2594 cujus
1542 2523 1633 2554 ³⁸⁵²
1663 2521 1853 2578 volun-

255 2617 370 2664 tate
402 2607 520 2662 vult
563 2625 817 2680 separare
847 2611 1093 2668 eamdem
1140 2613 1555 2682 rectitudinem,
1602 2629 1708 2670 non
1742 2615 1854 2670 vult

254 2717 381 2760 eum
430 2701 528 2733 ’⁸³³
585 2703 961 2761 rectitudinem
1013 2719 1235 2761 servare
1291 2705 1584 2762 voluntatis
1634 2715 1857 2778 propter

257 2793 431 2863 ipsam
480 2795 884 2852 rectitudinem.
937 2796 1084 2854 Dtsc.
1118 2797 1209 2854 Sic
1244 2798 1508 2870 sequitur.
1556 2799 1698 2855 hinc.
1748 2799 1855 2857 Sed

257 2903 363 2953 jam
396 2887 632 2956 positum
664 2897 747 2943 est
772 2903 994 2944 servare
1017 2890 1118 2944 hoc
1150 2891 1309 2946 IltOtIO
1353 2892 1733 2948 rectitudinem
1765 2908 1857 2948 vo-

256 2981 486 3036 luntatis
527 2996 649 3036 esse
692 2981 838 3037 omni
890 2985 1130 3039 servanti
1181 2985 1315 3041 velle
1361 2988 1503 3057 quod
1553 2988 1694 3044 Deus
1741 2988 1857 3044 vult

1951 1869 2152 1940 Aperte
2179 1871 2282 1926 hoc
2308 1871 2542 1940 videtur,
2580 1887 2702 1928 cum
2727 1872 2961 1943 majores
2987 1873 3132 1929 vires
3156 1873 3437 1928 exhiberet
3453 1871 3548 1904 ““

1955 1961 2021 2015 ad
2064 1961 2350 2017 volendum
2383 1963 2610 2037 salutem
2649 1974 2908 2020 teternam
2941 1975 3161 2036 propter
3189 1981 3267 2031 se,
3301 1973 3354 2020 et
3400 1965 3547 2021 veri-

1956 2061 2118 2108 tatem
2151 2049 2373 2125 pr0pter
2396 2055 2700 2125 praemium,
2733 2071 2893 2127 quam
2924 2056 2993 2112 ad
3021 2055 3250 2113 salutem
3279 2067 3547 2127 tempora-

1955 2142 2059 2197 lem
2090 2145 2432 2200 servandam.

2579 2255 2808 2313 CAPUT
2845 2255 2914 2313 Χ.

1961 2367 2236 2445 Quomodo
2264 2387 2483 2445 peccans
2503 2371 2570 2445 sit
2595 2372 2688 2404 ⁸⁸⁸⁸
2709 2388 2886 2445 seruus
2913 2373 3116 2445 peccati
3139 2390 3161 2440 ;
3191 2383 3240 2428 et
3264 2376 3404 2445 quod
3439 2391 3547 2429 nta-

2019 2439 2113 2510 jus
2153 2441 2470 2510 miraculum
2507 2442 2591 2510 ﬁt,
2629 2459 2747 2496 cum
2795 2439 2934 2496 Deus
2981 2439 3552 2507 redditreditudinem

2026 2509 2174 2562 illam
2203 2509 2478 2577 deserenti,
2496 2509 2653 2583 quam
2690 2528 2808 2565 cum
2835 2523 3041 2568 mortuo
3069 2514 3238 2568 reddit
3269 2516 3447 2568 vitam.

2035 2618 2176 2675 llas.
2211 2619 2438 2692 Semper
2484 2621 2669 2693 itaque
2716 2623 2881 2679 habet
2929 2625 3214 2680 rationalis
3236 2624 3332 2657 ³⁵⁸⁸
3360 2634 3551 2680 natura

1959 2711 2188 2768 liberum
2232 2714 2550 2781 arbitrium;
2586 2715 2712 2786 quia
2751 2729 2968 2786 semper
3017 2715 3176 2772 habet
3228 2725 3554 2787 potestatem

1959 2804 2212 2860 servandi
2248 2803 2631 2860 rectitudinem
2675 2802 2993 2873 voluntatis,
3024 2815 3242 2878 propter
3271 2807 3441 2877 ipsam
3468 2821 3556 2860 re-

1961 2894 2302 2962 etitudinem,
2327 2895 2576 2965 quamvis
2603 2895 2894 2966 aliquando
2916 2911 3040 2952 cum
3063 2895 3399 2953 diliicultate.
3424 2895 3555 2963 Sed,

1958 3002 2083 3043 eum
2121 2987 2289 3043 libera
2318 2987 2571 3044 voluntas
2602 2986 2820 3062 deserit]
2843 2988 3247 3058 rectitudinem,
3281 3006 3378 3061 per
3415 2989 3557 3046 ditii-

257 3073 408 3127 Illum
443 3073 601 3128 velle.
635 3073 784 3130 DISC.
831 3073 888 3130 Si
920 3077 1155 3145 positum
1190 3094 1294 3135 non
1333 3088 1511 3145 esset,
1555 3081 1628 3136 ita
1673 3090 1852 3140 tamen

1958 3079 2216 3134 cultatem
2256 3080 2539 3148 servandi;
2578 3080 2770 3152 utique
2807 3092 2934 3153 post
2964 3081 3131 3138 servit
3182 3091 3427 3153 peccato,
3463 3097 3559 3154 per

255 3177 424 3221 βδέω.
469 3165 609 3220 Mtc.
649 3166 789 3236 Ergo
819 3167 865 3223 si
904 3167 1048 3225 Deus
1079 3169 1174 3202 ³⁵⁸⁸
1200 3185 1342 3242 sape
1376 3171 1543 3226 fatam
1574 3173 1856 3230 rectitudi-

259 3273 383 3313 nem
423 3257 560 3314 tollit
587 3260 656 3314 ab
695 3258 906 3330 aliquo,
940 3277 1047 3317 non
1086 3263 1201 3318 vult
1237 3278 1362 3318 eum
1395 3265 1531 3320 velle
1565 3267 1706 3336 quod
1745 3266 1859 3321 vult

257 3365 385 3403 eum
414 3347 572 3404 velle.
609 3350 753 3406 Dtsc.
779 3349 926 3405 Nihil
953 3357 1394 3427 consequentius,
1423 3366 1478 3410 et
1499 3356 1635 3412 nihil
1660 3357 1859 3426 impos-

259 3442 496 3496 sibiltus.
538 3441 676 3499 MAG.
713 3442 878 3514 Igitur
905 3444 1038 3498 nihil
1083 3446 1258 3514 magis
1302 3447 1656 3518 impossibile,
1695 3464 1856 3518 quam

267 3533 435 3588 Deum
465 3534 843 3590 rectitudinem
873 3535 1169 3592 voluntatis
1207 3537 1439 3596 auferre.
1485 3539 1636 3608 Quod
1680 3550 1858 3598 tamen

262 3619 449 3676 facere
477 3621 697 3689 dicitur,
731 3623 950 3693 quando
983 3642 1088 3682 non
1120 3625 1248 3684 facit
1278 3636 1334 3683 ut
1368 3631 1554 3686 eadem
1594 3633 1860 3689 rectitudo

267 3726 374 3764 non
407 3711 708 3766 deseratur.
746 3711 914 3769 Porro
941 3715 1210 3782 diabolus,
1240 3717 1322 3773 vel
1355 3721 1601 3785 tentatio,
1633 3721 1753 3776 ideo
1782 3721 1864 3778 di-

264 3798 412 3852 citur
433 3798 537 3853 hoc
569 3797 771 3868 facere,
796 3801 912 3858 sive
942 3803 1275 3860 voluntatem
1298 3807 1394 3838 ³⁵⁸⁵
1418 3807 1590 3878 ipsam
1624 3810 1862 3878 vincere,

262 3899 320 3944 et
363 3905 393 3944 a
440 3891 779 3957 rectitudine,
815 3908 978 3963 quam
1026 3904 1170 3952 tenet
1213 3897 1565 3966 abstrahere;
1609 3903 1863 3971 quoniam

268 3983 372 4037 nisi
404 3983 746 4054 promitteret
767 3986 860 4018 ³⁸⁸⁸
883 3988 931 4043 ei
956 3987 1159 4060 aliquid
1185 4001 1280 4046 aut
1303 3993 1602 4048 minaretur
1625 3996 1862 4063 auferre,

264 4077 416 4143 quod
463 4077 634 4146 magis
672 4092 835 4148 quam
881 4078 1052 4148 ipsam
1104 4085 1487 4140 rectitudinem
1517 4085 1660 4154 vult;
1695 4088 1867 4142 nulla-

269 4179 433 4224 tenus
478 4168 592 4238 ipsa
635 4185 695 4226 se
734 4171 804 4226 ab
849 4171 939 4228 illa
971 4174 1087 4240 ³⁸⁸⁷,
1133 4192 1296 4247 quam
1343 4177 1685 4248 aliquatenus
1729 4181 1864 4248 vult,

267 4269 547 4314 averteret
569 4259 684 4314 ³⁸⁸⁸.
721 4259 867 4316 DISC.
914 4261 1005 4318 Sic
1038 4265 1256 4336 planum
1301 4269 1513 4324 videtur
1551 4270 1685 4326 mihi
1725 4272 1869 4341 quod

269 4349 431 4417 dicis,
456 4359 512 4405 ut
531 4351 666 4406 nihil
688 4361 876 4407 contra
903 4370 1061 4426 posse
1083 4357 1188 4414 dici
1211 4358 1306 4390 ⁸⁸⁸³
1327 4358 1654 4420 existimem.

883 4449 1111 4507 CAPUT
1141 4450 1229 4506 IX.

495 4536 650 4603 Quod
679 4540 810 4595 nihil
842 4541 908 4596 sit
945 4541 1157 4597 liberius
1195 4553 1336 4598 recta
1371 4543 1652 4600 voluntate.

350 4629 490 4686 ΜΑθ.
532 4633 723 4689 Cernis
763 4634 946 4707 itaque
980 4635 1115 4692 nihil
1142 4635 1365 4694 liberius
1392 4647 1539 4693 recta
1570 4637 1866 4708 voluntate,

1961 3169 2449 3240 impossibilitatem
2481 3186 2580 3242 per
2611 3170 2683 3227 se'
2711 3171 3085 3242 recuperandi.
3119 3172 3176 3226 Si
3205 3188 3336 3242 ergo
3361 3173 3422 3228 lit
3451 3173 3560 3243 spi-

1961 3261 2093 3314 ritus
2123 3260 2334 3326 vadens,
2366 3270 2415 3316 et
2464 3277 2570 3315 non
2609 3261 2812 3316 rediens
2847 3261 3023 3333 (Psal.
3057 3263 3392 3333 uxvn,39),
3423 3279 3558 3333 quo-

1963 3351 2108 3404 niam
2134 3351 2228 3420 qui
2255 3349 2382 3419 facit
2411 3359 2700 3420 peccatum,
2719 3366 2896 3405 servus
2920 3359 2996 3406 est
3017 3353 3213 3422 peccati
3233 3351 3557 3423 (Joan.vm,

1961 3440 2074 3513 54).
2104 3427 2332 3514 Quippe,
2351 3441 2491 3496 sicut
2516 3439 2660 3495 nulla
2687 3439 2935 3496 voluntas
2956 3482 2972 3509 ,
3003 3449 3295 3512 antequam
3335 3440 3561 3497 haberet

1964 3533 2366 3599 rectitudinem,
2408 3532 2583 3604 potuit
2618 3547 2772 3598 eam,
2813 3533 2924 3589 Deo
2955 3549 3062 3590 non
3105 3534 3289 3600 dante,
3321 3547 3557 3605 capere;

1965 3623 2038 3678 ita
2064 3639 2186 3679 cum
2216 3623 2418 3679 deserit
2448 3634 2751 3694 acceptam,
2781 3639 2888 3679 non
2933 3633 3112 3695 potest
3143 3639 3263 3680 eam
3309 3625 3412 3679 nisi
3451 3624 3560 3680 Deo

1965 3716 2225 3773 reddente
2272 3717 2536 3788 recipere.
2583 3716 2650 3772 Et
2695 3717 2870 3787 majus
2913 3716 3237 3773 miraculum
3282 3717 3557 3786 existimo,

1967 3824 2090 3864 cum
2131 3808 2276 3864 Deus
2321 3809 2585 3865 voluntati
2619 3809 2896 3866 desertam
2934 3810 3112 3866 reddit
3157 3809 3559 3875 rectitudinem,

1967 3915 2283 3971 quamcum
2333 3910 2546 3958 mortuo
2587 3902 2767 3957 reddit
2812 3903 2982 3957 vitam
3029 3903 3307 3960 amissam.
3352 3901 3561 3972 Corpus

1967 3991 2114 4046 enim
2145 3993 2475 4048 necessitate
2502 3991 2783 4049 moriendo
2801 4007 2909 4047 non
2928 4001 3139 4062 peccat,
3164 3999 3224 4046 ut
3247 3993 3411 4048 vitam
3431 4008 3563 4048 nun-

1968 4093 2132 4152 quam
2160 4079 2427 4150 recipiat;
2461 4079 2713 4136 voluntas
2763 4095 2894 4136 vero
2939 4095 3038 4150 per
3079 4094 3140 4135 se
3181 4080 3562 4136 rectitudinem

1971 4173 2290 4240 deserendo,
2310 4181 2551 4228 meretur
2573 4181 2632 4228 ut
2654 4171 2741 4227 illa
2765 4186 2979 4242 semper
3001 4171 3341 4242 indigeat.Et
3368 4172 3412 4228 si
3442 4174 3564 4243 quis

1970 4274 2166 4337 sponte
2197 4266 2300 4322 sibi
2337 4275 2566 4321 mortem
2612 4265 2796 4328 infert,
2825 4280 2934 4320 non
2963 4264 3142 4322 aufert
3169 4265 3275 4320 sibi
3315 4266 3560 4336 quod”"

1975 4374 2255 4429 nunquam
2285 4366 2404 4416 erat
2455 4358 2760 4414 amissurus
2789 4374 2806 4425 ;
2837 4359 2930 4430 qui
2962 4372 3091 4414 vero
3136 4357 3438 4416 voluntatis
3481 4372 3565 4413 re-

1897 4443 1948 4506 D
1972 4451 2288 4508 ctitudinem
2311 4450 2531 4518 deserit,
2556 4451 2659 4506 hoc
2687 4449 2870 4520 abjicit
2890 4451 3032 4522 quod
3052 4466 3122 4506 ex
3138 4451 3322 4506 debito
3350 4464 3566 4520 semper

1974 4553 2096 4602 erat
2118 4543 2213 4576 ³⁸⁸³
2237 4552 2571 4600 servaturos.
2619 4543 2764 4599 Dtsc.
2798 4540 2998 4597 Verum
3027 4541 3194 4607 valde
3226 4540 3384 4598 video
3422 4541 3563 4613 quod

1976 4636 2070 4669 ³⁸⁸³
2097 4636 2234 4693 dicis
2279 4637 2346 4692 de
2399 4634 2684 4692 servitute.
2722 4649 2830 4690 oua
2857 4648 3048 4690 servus
3094 4633 3166 4689 sit
3197 4633 3292 4667 ³⁵⁷⁸
3323 4631 3560 4705 peccati,

1583 4791 1814 4850 VARUE
1855 4791 2258 4850 LECTIONES.

355 4929 450 4963 ³³³⁹
482 4927 601 4998 Ipse
628 4928 896 5004 gzgttvertit
925 4943 1050 5004 ms_s_.
1079 4929 1191 5004 ipsa
1217 4937 1500 5004 convertit
1575 4929 1671 4962 "'°
1706 4927 1824 5004 Dis.
1857 4928 1950 4985 Sic
1978 4924 2389 5004 oportetfateri
2410 4963 2426 4990 ,
2465 4937 2587 4994 quae
2621 4938 2750 5004 mss.
2786 4921 2928 5004 Vict:
2953 4918 3114 5004 (ictu;
3133 4917 3559 5004 Bccz'yiclt.

281 5003 401 5057 Dis.
433 4988 557 5070 qua:
630 4997 722 5030 ³⁸⁸¹
753 4998 907 5053 Illum
935 4988 1186 5055 vellefSi
1214 4999 1400 5070 itaque
1425 5001 1566 5055 Deus
1606 5017 1732 5056 mss.
1760 5001 1913 5054 Illum
1959 4988 2118 5053 velle.
2138 4997 2260 5070 pic.
2292 4988 2640 5070 Sic_‘op'9_rt_et
2669 4993 2851 5048 fateri.
2981 4992 3037 5046 Si
3075 4988 3562 5070 Deu_s_l'”_f.Utj_que

279 5075 326 5129 si
369 5065 711 5140 tib-alicujus
736 5086 862 5124 mss.
891 5071 1079 5140 utique
1101 5085 1130 5122 a
1156 5065 1327 5137 cujus
1385 5069 1478 5104 ³⁵⁵³
1506 5073 1622 5126 Non
1651 5071 1763 5126 vult
1788 5085 1914 5126 eum
1966 5067 2315 5140 mss.Cister.
2360 5065 2422 5122 S.

2514 5066 2619 5118 ich.
2674 5079 2780 5118 non
2829 5062 2943 5116 vult
2969 5076 3090 5116 eam
3166 5060 3261 5092 "“
3311 5060 3367 5115 Si
3423 5061 3562 5115 Dens

279 5126 428 5198 hanc
449 5126 582 5198 mss:
597 5126 667 5198 Si
721 5140 862 5194 Deus
1052 5126 1239 5211 fatatn'
1295 5140 1390 5173 ³⁸⁸⁸
1423 5140 1552 5196 Sine
1580 5141 1856 5197 voluntate
1888 5157 2014 5195 mss.
2057 5137 2195 5211 Sive,
2211 5136 2543 5211 voluntatem
2619 5134 2713 5167 ⁸⁸⁸⁸
2749 5131 2864 5187 Non
2897 5131 3233 5201 permitteret
3258 5147 3383 5211 mss.
3412 5126 3558 5186 Cet».

283 5214 410 5269 Bec.
453 5211 593 5270 Vict.
633 5211 747 5268 Nisi
771 5201 1114 5283 promitteret
1187 5210 1282 5243 ³³⁸⁷
1314 5211 1431 5281 Ipse
1457 5211 1524 5266 ab
1557 5211 1643 5265 illa
1676 5230 1804 5267 mss.
1831 5209 2121 5283 ipsaseab
2144 5208 2254 5283 illa_
2308 5207 2404 5241 ³⁵⁸⁸
2434 5205 2578 5283 Vult,
2605 5214 2790 5283 posset
2818 5211 3065 5283 avertere
3086 5218 3210 5256 mss.
3237 5201 3564 5283 vulgaveri-

285 5293 428 5340 teret
502 5285 596 5320 ⁸⁸⁸’
627 5280 938 5339 Coutradici
977 5297 1136 5352 posse
1162 5280 1504 5352 mssacontra
1527 5297 1687 5352 posse
1713 5283 1817 5338 dici

1859 5271 1867 5322 ῗ
1894 5282 1987 5315 ³⁵⁶⁰
2009 5281 2141 5336 Cum
2169 5279 2282 5336 vult
2316 5275 2533 5333 mentiri
2569 5271 2695 5330 mss.
2723 5273 2872 5329 Gem.
2913 5271 3040 5326 Bec.
3073 5287 3197 5328 eum
3227 5271 3424 5341 aliquis
3451 5271 3563 5324 vult

284 5354 508 5410 mentiri
584 5356 676 5388 ³⁸⁸⁸
705 5355 815 5424 Aut
845 5343 1094 5424 tormenti
1127 5369 1253 5406 mss.
1288 5351 1423 5406 Vict.
1454 5343 1606 5408 Ge'm.
1649 5351 1781 5424 Bec.
1801 5351 1989 5407 Cister.
2013 5359 2107 5406 aut
2143 5343 2599 5424 tormentisgﬁ“:
2622 5345 2921 5422 Utrumque
2951 5357 3170 5424 servare
3197 5358 3321 5424 mss.
3349 5353 3560 5397 utram-

285 5441 392 5494 que
430 5440 656 5482 servare
728 5423 822 5500 ξ⁸⁶³
854 5421 1158 5500 Sinetnora
1187 5424 1560 5500 deputamur,
1587 5439 1712 5500 mss.
1739 5422 1858 5478 sine
1884 5423 2360 5500 moratradere'tur
2434 5415 2532 5449 "“
2561 5413 2958 5500 Eamtnajgfeg
2976 5413 3120 5500 νξγβε
3146 5413 3404 5500 exhibere
3428 5427 3554 5500 ﬂm-

286 5483 409 5551 enm
438 5497 674 5566 majores
694 5495 836 5550 vires
864 5493 1147 5567 egt_liilt_eret
1221 5483 1315 5567 'f'“
1345 5483 1582 5567 l’eceans
1624 5494 1698 5567 sit
1720 5493 1944 5567 mss._S.
1971 5492 2202 5567 Mica.“
2241 5489 2373 5567 Vict.
2403 5487 2720 5567 peccans'tit
2793 5483 2889 5567 ³⁸ξ⁶
2918 5483 3552 5567 ᾓεςξρηειιίθξιοφεαηιξρ.

288 5552 575 5621 rationalis
625 5575 816 5620 natura
893 5563 996 5637 f'f'_
1019 5561 1134 5618 Non
1164 5563 1342 5620 aufert
1366 5564 1468 5620 sibi
1499 5565 1698 5637 aliquid
1724 5564 1868 5637 quod
1896 5580 2026 5618 mss.
2081 5561 2210 5615 Vict.
2245 5552 2565 5637 Gent.'Be_c.
2603 5556 2720 5612 Non
2767 5555 2950 5637 aufert.
2977 5554 3080 5637 sibi
3119 5554 3258 5637 quod

289 5637 473 5692 debito
489 5647 611 5691 erat
636 5651 760 5690 mss.
783 5649 847 5688 ex
878 5634 1062 5690 debito
1091 5649 1306 5705 semper
1343 5645 1462 5690 erat
1537 5623 1627 5668 3'"
1653 5623 1817 5690 Valde
1844 5649 2029 5689 verum
2057 5639 2141 5687 est
2167 5630 2310 5700 quod
2339 5647 2463 5684 mss.
2497 5628 2693 5684 Verum
2720 5627 2872 5682 valde
2903 5626 3060 5682 video
3085 5623 3227 5697 quod
3299 5623 3393 5655 ⁹⁵⁷⁰
3424 5623 3559 5690 Quia

289 5722 482 5763 servus
515 5708 573 5762 lit
609 5724 733 5761 mss.
763 5721 870 5776 qua
901 5719 1091 5760 servus
1112 5703 1188 5760 fit.
