4076 6288
228 351 329 410 ωε

1327 348 1597 407 οιικιος.
1638 350 1727 405 DE
1766 349 2033 411 LIBERO
2070 354 2420 417 ABBITRIO.

3410 326 3516 427 sos

230 460 501 536 repetere.
553 462 697 521 οπερ.
735 462 957 520 Graiam
1001 462 1177 518 habeo
1220 438 1365 518 tuam
1405 464 1815 535 indulgentiam.
1846 470 1893 530 Α
1924 470 2150 538 nitione,
2183 475 2327 545 quod
2358 491 2463 533 non
2487 475 2556 533 sit
2593 478 2960 542 necessarium
2987 483 3055 538 ad
3090 485 3515 543 concludendam

232 558 334 614 Sed
360 573 429 613 ne
456 557 695 623 mireris,
720 557 764 611 si
797 572 859 613 ea
890 570 1011 626 quae
1039 570 1145 611 non
1181 558 1542 611 consuevi"”
1564 560 1824 628 cogitare,

232 664 333 702 non
389 654 521 701 sunt
574 646 704 701 mihi
755 655 976 716 propter
1026 662 1187 701 uuam
1238 645 1568 702 auditionem
1614 662 1830 720 semper

230 738 410 794 otnnia
446 739 517 792 ad
556 736 986 793 intuendumum
1018 737 1071 791 in
1111 738 1274 792 corde
1302 739 1611 806 praesentia.

820 848 1051 903 CAPUT
1094 847 1228 902 XIII.

234 956 387 1019 Quod
416 966 648 1031 potestas
692 958 935 1031 servandi
976 959 1333 1031 rectitudine»:
1358 959 1669 1031 uoluntatis
1715 978 1833 1031 pro.

296 1036 416 1099 pter
427 1027 596 1099 ipsam
614 1028 998 1095 rectitudineu.,
1010 1030 1075 1081 sit
1088 1030 1317 1098 perfecta
1329 1030 1567 1099 cli/ﬁnitio
1580 1027 1831 1088 libertatis

298 1097 535 1150 arbitrii.

299 1208 443 1263 llas.
480 1208 577 1264 Dic
598 1209 773 1264 adhuc
804 1208 853 1264 si
872 1209 1001 1279 quid
1025 1210 1079 1263 in
1103 1209 1421 1265 dillinitiono
1450 1212 1720 1269 libertatis
1742 1230 1832 1269 ar-

230 1298 404 1362 bitrii,
430 1313 594 1368 quam
630 1297 877 1363 fecimus,
897 1299 1111 1353 dubitas
1138 1300 1161 1353 ?
1190 1299 1334 1355 Dtsc.
1367 1300 1541 1355 Unum
1570 1304 1835 1372 est,quod

232 1394 411 1447 adhuc
425 1408 513 1446 me
536 1390 927 1460 aliquantulum
958 1392 1010 1445 in
1037 1405 1099 1445 ea
1127 1391 1395 1447 sollicitat.
1415 1390 1551 1445 Nam
1573 1408 1713 1462 saepe
1741 1394 1831 1448 ha-

232 1484 426 1537 bemus
447 1491 770 1551 potestatem
794 1483 1045 1538 servandi
1065 1483 1296 1552 aliquid;
1322 1498 1441 1554 quae
1460 1494 1635 1540 tamen
1666 1486 1832 1542 libera

234 1586 340 1627 non
374 1581 481 1635 est,
520 1581 579 1626 ut
607 1558 782 1626 aliena
814 1571 863 1625 vi
897 1573 1143 1641 impediri
1177 1589 1284 1628 non
1340 1574 1531 1644 possit.
1562 1574 1837 1643 Quamob-

234 1678 376 1729 rem,
422 1679 550 1719 cum
593 1665 729 1719 dicis
773 1665 901 1734 quia
941 1664 1167 1720 libertas
1210 1666 1424 1722 arbitrii
1466 1678 1549 1723 est
1598 1678 1837 1739 potestas

235 1753 493 1807 servandi
534 1754 916 1808 rectitudiuem
956 1753 1249 1810 voluntatis
1280 1767 1498 1828 propter
1549 1760 1720 1830 ipsam
1751 1775 1838 1814 re-

238 1844 563 1900 ctitudinem
583 1886 601 1910 ,
629 1844 754 1900 vide
780 1860 847 1900 ne
886 1846 1024 1901 forte
1050 1846 1353 1904 addendum
1384 1850 1478 1914 sit,
1512 1852 1654 1921 quod
1689 1850 1833 1907 illam

235 1945 564 2005 potestatem
607 1944 714 1990 tam
760 1937 984 1993 liberam
1025 1938 1270 2009 designet
1308 1956 1449 2008 esse,
1491 1953 1548 1997 ut
1600 1945 1743 1999 mdla
1786 1945 1836 1999 vi

235 2025 488 2094 superari
512 2027 697 2096 possit.
743 2027 884 2082 MAG.
917 2027 974 2083 Si
1000 2039 1241 2094 potestas
1275 2036 1526 2089 servandi
1561 2036 1838 2091 rectitudi-

236 2132 360 2172 nem
417 2116 755 2187 voluntatis,
794 2131 1014 2191 propter
1057 2126 1229 2195 ipsam
1279 2127 1698 2194 rectitudiuem,
1734 2130 1837 2184 ali-

234 2209 457 2277 quando
509 2208 737 2265 inveniri
769 2222 952 2281 posset
990 2214 1195 2286 absque
1240 2216 1328 2271 illa
1363 2234 1523 2287 quam
1560 2215 1837 2290 perspexi-

236 2313 357 2353 mus
406 2298 684 2367 libertate,
715 2304 996 2372 expediret
1043 2317 1100 2360 ut
1139 2308 1282 2377 quod
1337 2310 1475 2364 dicis
1507 2312 1837 2368 adderetur:

236 2389 327 2442 sed
359 2404 493 2443 cum
529 2390 675 2445 dicta
701 2391 949 2449 dilliuitio
980 2395 1059 2450 sic
1096 2396 1334 2466 perfecta
1364 2400 1438 2453 sit
1466 2414 1530 2453 ex
1561 2416 1758 2471 gmcre
1788 2413 1843 2458 et

238 2478 587 2547 differentiis,
613 2490 673 2535 ut
718 2497 818 2539 nec
867 2482 1045 2540 minus
1072 2488 1273 2559 aliquid
1315 2489 1561 2552 claudat,
1598 2508 1693 2545 rce
1725 2494 1844 2562 plus

238 2587 405 2641 quam
436 2571 527 2626 illa
560 2589 722 2644 quam
760 2578 1053 2648 qumrimus
1083 2579 1326 2647 libertas,
1353 2582 1484 2637 nihil
1516 2584 1591 2638 illi
1644 2586 1845 2640 adden-

238 2663 392 2730 dum,
423 2674 522 2720 aut
551 2667 877 2724 demendum
922 2671 1145 2743 intelligi
1185 2683 1383 2743 potest.
1420 2675 1517 2730 Est
1557 2678 1700 2730 enim
1746 2694 1845 2749 po-

238 2766 434 2821 testas,
479 2756 741 2815 libertatis
784 2777 973 2832 genus.
1018 2764 1169 2831 Quod
1220 2776 1400 2821 autem
1450 2769 1688 2824 additum
1738 2781 1843 2829 est.

236 2847 524 2914 servandi,
554 2859 774 2918 separat
819 2867 939 2906 eam
985 2854 1054 2909 ab
1081 2856 1227 2909 omni
1265 2865 1537 2926 potestate
1578 2875 1697 2927 qua:
1738 2876 1844 2914 non

235 2947 316 2993 est
348 2939 883 3004 servandi,sicutest
909 2954 1147 3013 potestas
1172 2944 1381 3001 ridendi
1405 2949 1843 3003 autambulandi.

235 3030 506 3085 Addendo
534 3046 688 3098 vero,
738 3034 1134 3098 rcetitudinem,
1185 3038 1516 3093 secrevimus
1545 3052 1667 3093 eam
1697 3038 1845 3095 “"a

1932 562 2237 618 libertatem
2291 565 2505 622 arbitrii
2559 569 2838 627 rationalis
2866 570 3180 640 voluntatis,
3211 582 3266 630 et
3305 574 3372 630 ad
3412 576 3518 632 alia

1931 658 2287 723 excludenda,
2337 661 2675 719 sufficienter
2713 666 2798 719 illa
2836 665 3154 731 includitur,
3198 679 3251 724 et
3297 669 3398 725 alia
3425 687 3522 726 cx‘

1830 747 2223 835 .‘icluduntur
2254 766 2268 803 :
2312 765 2412 807 nec
2443 753 2727 811 abundans
2759 757 2965 827 utique,
3000 775 3101 814 nec
3147 760 3395 831 indigens
3434 770 3524 817 est.

1932 839 2050 895 hmc
2078 852 2260 895 nostra
2298 842 2570 899 diffinitio.
2621 846 2770 903 Itane
2804 850 2895 905 tibi
2923 851 3133 905 videtur
3159 852 3182 906 ?
3213 852 3357 907 Disc.
3390 851 3521 908 Mihi

1932 931 2119 1001 utique
2159 933 2399 1004 perfecta
2440 936 2675 992 videtur.
2715 939 2855 995 MAG.
2895 940 2989 995 Dic
3018 958 3167 1013 ergo,
3199 944 3241 999 si
3268 943 3363 978 ³⁵³⁸
3391 944 3522 1014 quid

1934 1023 2018 1077 vis
2052 1024 2281 1094 amplius
2312 1026 2379 1080 de
2406 1024 2655 1083 libertate
2692 1030 2812 1097 hac,
2843 1042 3063 1101 propter
3083 1049 3245 1104 quam
3288 1036 3523 1105 imputa-

1934 1120 2026 1167 tur
2071 1112 2215 1168 illam
2246 1114 2493 1182 habcnti,
2526 1118 2642 1173 sive
2691 1117 2856 1175 faciat
2894 1123 3115 1189 bonum,
3147 1125 3261 1181 sive
3296 1128 3519 1182 malum.

1938 1205 2012 1259 De
2041 1204 2141 1259 hac
2166 1204 2309 1259 enim
2338 1206 2449 1262 sola
2484 1223 2625 1263 nunc
2652 1220 2838 1264 noster
2865 1223 2947 1266 est
2977 1229 3180 1270 sermo.

2524 1299 2754 1356 CAPUT
2802 1302 2938 1358 XIV.

2347 1388 2548 1444 Divisio
2578 1393 2813 1460 ejusdem
2840 1395 3118 1459 libertatis.

2010 1478 2155 1534 Disc.
2190 1478 2382 1535 Restat
2423 1497 2568 1536 nunc
2597 1492 2656 1537 ut
2681 1484 2890 1539 dividas
2916 1489 3161 1542 eamdem
3198 1490 3524 1545 libertatem.

1939 1568 2198 1636 Quamvis
2238 1570 2405 1633 enim.
2452 1574 2751 1629 secundum
2784 1577 2924 1633 hanc
2956 1577 3349 1643 dilﬁnitioncm,
3377 1600 3528 1637 com-

1941 1662 2121 1718 munis
2150 1662 2220 1717 sit
2244 1664 2391 1719 omni
2420 1667 2676 1723 rationali
2706 1678 2941 1737 natura};
2979 1674 3205 1728 multum
3222 1675 3313 1708 ³⁵⁸⁷
3351 1688 3527 1731 tamen

1941 1751 2126 1807 ditl‘ert
2153 1752 2241 1807 illa
2265 1768 2387 1823 qua:
2419 1755 2511 1810 Dei
2542 1767 2647 1824 est,
2673 1759 2741 1814 ab
2776 1761 2881 1815 illis
2910 1764 3045 1833 quaef
3067 1767 3347 1822 rationalis
3377 1784 3532 1823 crea-

1943 1852 2078 1900 turae
2110 1844 2375 1910 suntm“;
2404 1857 2458 1901 et
2488 1846 2591 1903 illa:
2613 1850 2682 1903 ab
2714 1851 2964 1907 invicem.
2990 1853 3129 1910 MAG.
3173 1855 3420 1912 Libertas
3443 1874 3531 1912 ar-

1939 1938 2087 1993 bitrii
2119 1937 2221 1993 alia
2253 1947 2335 1994 est
2374 1955 2403 1993 a
2436 1954 2516 2005 se,
2554 1956 2674 2011 quae
2723 1957 2823 1998 nec
2852 1944 2997 1999 facta
3023 1954 3130 2011 est,
3176 1962 3276 2001 nec
3319 1949 3386 2003 ah
3425 1948 3531 2003 alio

1941 2037 2185 2098 accepta,
2216 2042 2337 2098 quae
2370 2039 2455 2084 est
2494 2032 2666 2087 solius
2687 2032 2821 2099 Dei;
2856 2035 2961 2089 alia
2993 2051 3023 2090 a
3050 2037 3159 2091 Deo
3191 2037 3330 2091 facta
3355 2047 3408 2091 et
3436 2055 3529 2092 ac-

1942 2130 2121 2190 cepta,
2149 2135 2270 2190 qua:
2314 2128 2399 2176 est
2429 2123 2745 2194 angelorum
2787 2135 2843 2182 et
2895 2127 3196 2182 hominum.
3245 2128 3408 2183 Facta
3439 2129 3532 2162 ³³⁸³

1942 2222 2125 2268 autem
2174 2210 2289 2265 sive
2325 2223 2577 2284 accepta,
2631 2216 2739 2271 alia
2771 2227 2854 2273 est
2894 2219 3102 2274 habens
3152 2221 3531 2277 rcctitudinem

1942 2316 2105 2372 quam
2138 2312 2359 2369 servet;
2393 2304 2497 2358 alia
2526 2320 2738 2361 carens.
2776 2308 3010 2372 llabens,
3037 2309 3143 2364 alia
3172 2318 3343 2377 tenet,
3375 2328 3536 2381 sepa-

1944 2391 2304 2461 parabiliter;
2349 2393 2455 2449 alia
2508 2394 2963 2465 insepambiliter.
3010 2399 3105 2457 Illa
3149 2402 3367 2471 quidem
3418 2418 3538 2472 qua!

1944 2481 2315 2553 separabililer
2367 2493 2579 2553 tenent,
2608 2488 2707 2543 fuit
2742 2489 3057 2560 angelorum
3082 2492 3347 2557 omnium,
3379 2502 3537 2547 ante-

1945 2591 2108 2647 quam
2146 2574 2272 2633 boni
2304 2579 2759 2636 conﬁrmarentur
2776 2591 2832 2634 et
2866 2580 2992 2635 mali
3019 2584 3278 2636 caderent
3307 2599 3321 2647 ;
3356 2592 3413 2638 et
3454 2592 3539 2638 est

1945 2668 2186 2724 omnium
2227 2669 2506 2725 hominum
2547 2678 2671 2724 ante
2712 2678 2964 2736 mortem,
2994 2671 3087 2740 qui
3139 2671 3343 2726 habent
3374 2672 3539 2726 recti-

1950 2762 2191 2817 tudinem
2238 2761 2507 2817 eamdem.
2536 2761 2666 2830 Qua:
2690 2775 2820 2817 vero
2875 2769 3025 2818 tenet
3074 2763 3533 2834 inseparabiliter,

1946 2863 2033 2909 est
2059 2856 2359 2913 electorum
2401 2851 2713 2923 angelorum
2747 2861 2803 2906 et
2846 2852 3150 2908 hominum.
3179 2852 3285 2907 Sed
3318 2854 3539 2922 angelo-

1950 2961 2069 2999 rum
2092 2942 2412 3005 electorum,
2449 2947 2571 3009 post
2609 2938 2819 2993 ruinam
2853 2939 3242 3008 reproborum;
3276 2946 3330 2992 et
3364 2940 3541 2993 homi-

1924 3032 1927 3033 ⁷
1952 3054 2077 3092 num
2108 3035 2223 3101 m‘,
2252 3044 2375 3106 post
2405 3042 2636 3089 mortem
2679 3045 2855 3086 suam.
2901 3028 2992 3084 Illa
3041 3039 3220 3084 autem
3243 3046 3363 3099 qua:
3392 3041 3537 3085 Caret

236 3126 500 3194 potestati
533 3127 787 3181 servandi
819 3143 1030 3194 aurum,
1064 3138 1119 3183 et
1143 3130 1406 3199 quidquid
1435 3146 1540 3185 non
1575 3142 1657 3187 est
1687 3134 1846 3189 recti-
1875 3151 1920 3212 ε
1952 3129 2277 3184 rectitudine
2307 3144 2320 3179 :
2354 3124 2460 3179 alia
2493 3132 2639 3179 caret
2688 3121 3156 3192 recuperabiliter,
3188 3122 3297 3175 alia
3336 3122 3540 3176 it‘recuv

241 3216 391 3271 tudo.
443 3215 551 3271 Per
596 3217 1055 3294 additamentum,
1091 3219 1414 3285 voluntatis,
1461 3233 1776 3294 segregatur
1808 3242 1837 3279 a

238 3317 516 3377 potestate
554 3292 813 3363 servandi
858 3310 1237 3366 rectitudinem
1284 3312 1514 3366 aliarum
1548 3329 1749 3380 rerum,
1784 3326 1843 3371 ut

237 3398 430 3470 virgae,
478 3407 573 3453 aut
601 3400 892 3469 opinionis.
926 3402 1026 3455 Per
1062 3403 1165 3457 hoc
1213 3415 1395 3457 autem
1434 3405 1577 3473 quod
1634 3406 1837 3460 dictum

238 3498 589 3560 est,propter
618 3491 994 3546 rectitudinem
1024 3493 1218 3563 ipsam,
1246 3493 1506 3548 dividitur
1526 3510 1555 3548 a
1579 3504 1844 3565 potestae

239 3581 502 3636 servandi
548 3582 930 3638 rectitudinem
975 3583 1271 3639 voluntatis
1309 3596 1530 3656 propter
1572 3588 1749 3654 aliud,
1786 3600 1844 3645 ut

238 3690 362 3727 cum
408 3685 664 3729 servatur
709 3685 930 3745 propter
979 3679 1290 3746 pecuniam,
1342 3688 1435 3734 aut
1470 3682 1842 3747 ,naturallter.

240 3764 442 3818 Servat
487 3765 631 3819 enim
682 3767 1007 3822 naturaliter
1035 3770 1187 3823 cauis
1223 3771 1598 3827 rectitudincm
1651 3774 1845 3829 volun-

240 3858 394 3923 tatis,
414 3874 539 3911 cum
570 3868 715 3913 amat
740 3860 947 3914 catulos
969 3871 1225 3923 suos,aut
1247 3863 1525 3918 domimuu
1556 3880 1711 3919 suum
1740 3866 1841 3921 sibi

235 3948 984 4016 benefacientem.Quoniam
1009 3952 1174 4022 igitur
1204 3952 1335 4006 nihil
1365 3962 1444 4008 est
1487 3954 1539 4008 in
1576 3956 1675 4010 hac
1704 3955 1843 4009 ditii-

1945 3220 2280 3293 pcrabiliter.
2306 3218 2436 3284 Qua:
2468 3213 2912 3285 rccuperabiliter
2938 3223 3111 3280 caret,
3143 3222 3227 3268 est
3259 3223 3464 3267 tantum
3490 3215 3541 3268 in

1945 3316 2047 3370 hac
2078 3313 2187 3368 vita
2211 3312 2451 3367 omnium
2474 3310 2750 3365 hominum
2773 3308 2861 3364 illa
2892 3309 3192 3363 carentium
3210 3308 3325 3375 ³⁶⁰¹,
3354 3326 3542 3380 quam-

1948 3405 2029 3458 vis
2060 3403 2207 3456 illam
2247 3399 2400 3455 multi
2442 3414 2548 3453 non
2585 3405 2926 3467 recuperent.
2958 3396 3090 3465 Quae
3118 3408 3305 3452 autem
3338 3398 3543 3452 irrecu-

1946 3493 2257 3565 pcrabiliter
2292 3501 2464 3557 caret,
2490 3498 2574 3545 est
2605 3489 2959 3559 reproborum
2991 3489 3268 3544 hominum
3294 3499 3349 3544 et
3376 3505 3541 3559 ange-

1948 3588 2145 3650 lurum,
2172 3583 2264 3640 sed
2308 3582 2730 3654 augelorum'“'
2758 3590 2879 3653 post
2912 3584 3146 3649 ruinam,
3177 3592 3231 3638 et
3262 3582 3541 3637 hominum

1952 3688 2074 3749 post
2118 3680 2259 3734 hanc
2299 3678 2485 3732 vitam.
2536 3674 2687 3729 Dtsc.
2718 3672 2795 3730 De
2820 3672 3137 3729 diﬂinitione
3168 3682 3223 3728 et
3275 3674 3541 3728 divisione

1952 3773 2221 3828 libertatis
2256 3771 2438 3839 hujus,
2474 3768 2585 3825 Deo
2636 3776 2933 3833 annuente,
2962 3767 3042 3822 sic
3065 3766 3195 3821 mihi
3228 3765 3539 3822 satisfecisti

1952 3866 2047 3904 ³⁸⁰³
2074 3874 2129 3918 ut
2159 3865 2288 3919 nihil
2318 3877 2511 3933 queam
2563 3861 2809 3916 invenire
2853 3861 2999 3929 quod
3045 3874 3268 3914 necesse
3311 3861 3539 3917 habeam

1954 3958 2024 4012 de
2049 3957 2153 4012 illis
2180 3956 2537 4026 interrogare.
2556 3951 2650 3985 ‘m

1530 4092 1769 4149 VARUE
1804 4090 2221 4151 LECTIONES.

314 4205 419 4239 ⁸⁸⁹⁸
446 4205 715 4261 Consuevi
742 4204 851 4260 noti
868 4220 991 4258 mu.
1017 4204 1551 4275 consuevicogitare,
1572 4221 1678 4259 non
1754 4203 2437 4282 "9‘Adimluemlumiure.
2458 4200 2524 4282 ad
2543 4196 2856 4282 intuendum
2919 4195 3029 4282 7""
3044 4196 3537 4282 Qiscertiimuseam

233 4296 365 4333 mss.
386 4277 721 4332 secrevimus
740 4293 859 4331 eam
924 4276 1018 4307 ⁸⁸⁸⁸
1040 4275 1133 4330 Dic
1149 4268 1427 4345 quoque'si
1444 4293 1567 4329 mss.
1587 4278 1673 4331 die.
1695 4293 1824 4347 ergo
1835 4278 1879 4331 si
1938 4277 2029 4349 "i7
2054 4272 2319 4349 Rationali
2346 4268 2714 4349 ereaturaarvel
2733 4269 3199 4349 natu-raednultum
3224 4285 3349 4349 mss.
3377 4272 3541 4326 ratio-

241 4350 583 4405 ualinaturae
614 4347 840 4400 multum
916 4346 1009 4377 “’3
1033 4334 1334 4400 llatioual'is
1362 4356 1569 4399 natura:
1599 4334 1869 4402 sttttttiiss.
1896 4344 2179 4400 rationalis
2214 4352 2479 4397 creatura:
2501 4348 2628 4394 sunt
2647 4355 2770 4392 mss.
2800 4334 3050 4393 Tltu.'90.
3075 4339 3364 4393 rationales
3383 4355 3539 4405 crea-

240 4404 386 4474 tune
440 4426 569 4472 sunt
642 4416 736 4448 ³⁸³³
787 4417 881 4471 Est
930 4404 1285 4493 Angelorunt:
1327 4415 1489 4470 Facta
1518 4434 1661 4493 _mss.
1714 4427 1798 4472 est
1844 4415 2171 4493 Angelorum
2216 4424 2275 4493 ct_
2317 4413 2614 4493 hominum.
2668 4407 2832 4490 facta
2908 4408 3003 4439 “°°
3032 4407 3161 4493 .Sed
3206 4404 3536 4493 Angelorum

235 4490 577 4551 electorum,
612 4497 727 4555 post
757 4481 1108 4563 reproboriun
1154 4487 1363 4540 ruinam
1386 4503 1407 4563 ;Δ
1430 4496 1484 4541 et
1518 4488 1796 4563 hominum
1829 4481 1958 4542 ηιεεῖ
1990 4487 2081 4563 sed
2110 4483 2449 4563 Angelor‘ttm.
2475 4490 2606 4563 post
2625 4481 2837 4563 mittam
2869 4481 3241 4563 reproborunt,
3265 4490 3320 4533 et
3362 4482 3536 4563 homi-

240 4576 381 4613 num
464 4548 572 4589 “"7
592 4548 879 4611 Ilomintiut
903 4557 1205 4635 carentium
1233 4574 1358 4610 mu.
1389 4548 1686 4635 ’Itominunr
1709 4559 2129 4635 illahcareutiu’ui
2198 4548 2308 4635 ’ποί
2324 4548 2545 4635 Scilicet
2578 4548 2902 4635 AIItgfflorutt}
2928 4551 3538 4635 uisa-ISthIHAIIgCIOI‘tIm

236 4630 339 4662 ⁸⁸⁸³
391 4628 523 4683 Mihi
574 4628 887 4683 satisfecisti
921 4645 1046 4681 mss.
1092 4627 1172 4681 sic
1197 4630 1350 4681 .mihi
1377 4629 1688 4682 satisfecisti
1766 4629 1862 4661 3"“
1889 4628 2021 4683 Mss.
2051 4627 2237 4682 Cister.
2266 4623 2388 4678 Bec.
2424 4624 2471 4678 I.
2500 4621 2728 4692 Explicil
2763 4629 3024 4677 tractatus
3043 4621 3109 4678 de
3134 4620 3403 4678 Libertate
3430 4624 3536 4678 Ar-

236 4699 429 4765 bitrti,
455 4699 631 4754 editus
655 4699 723 4754 ab
768 4694 1026 4756 AuseImo
1068 4698 1494 4771 Archiepiscopo
1522 4699 1930 4756 Cautuariensi.
