4076 6288
249 316 351 374 509

1084 310 1176 369 DE
1204 312 1547 371 GONCORD.
1580 315 1854 373 Ριιιεδα.
1884 317 1996 373 DEI
2035 317 2177 375 CUM
2216 319 2346 375 LIB.
2388 316 2657 375 ARBITB.

3407 322 3512 378 Sili

250 429 556 489 necessitas
576 427 721 482 enim
750 426 963 484 videtur
995 430 1833 501 sonarecoaetiouemvelprohi-
1864 437 1909 493 A
1934 436 2037 490 erit
2065 434 2133 489 aii
2153 434 2288 502 prid,
2317 450 2421 489 non
2449 449 2513 488 ex
2543 432 2894 497 necessitate,
2923 440 2977 488 et
2990 432 3133 502 'quia
3180 446 3405 511 necesse
3431 445 3516 489 est

249 519 535 576 bitionem.
569 516 747 583 Quare
769 516 811 569 si
872 530 1094 572 necesse
1138 526 1220 571 est
1248 533 1334 573 me
1364 533 1591 587 peccare
1649 536 1713 574 ex
1741 536 1834 575 vo-

249 609 731 679 iuntate,inteiiigo
764 624 849 665 me
874 611 991 681 cogi
1019 610 1196 681 aliqua
1227 612 1440 667 occulta
1471 614 1523 668 vi
1552 615 1620 668 ad
1646 614 1835 669 volun-

251 710 415 755 tatem
468 698 770 770 peccandi;
842 707 896 754 et
937 699 984 754 si
1054 716 1160 755 non
1210 716 1423 772 pecco,
1482 718 1511 756 a
1574 704 1832 773 peccandi

246 790 525 844 voluntate
550 788 1219 861 prohiberi.Quapropter
1273 793 1599 848 necessitate
1650 793 1835 847 videor

246 879 377 934 mihi
401 889 633 948 peccare
669 879 785 945 ³⁸⁸⁸,
808 878 853 934 si
886 895 1078 950 pecco;
1109 879 1194 936 vel
1218 897 1323 937 non
1354 896 1603 951 peccare,
1637 882 1680 937 si
1724 900 1829 937 non

245 985 411 1042 pecco
450 971 570 1025 ισιτ.

243 1105 373 1163 Cn.
396 1106 460 1161 li.
497 1136 568 1148 —
592 1106 868 1172 Quomodo
908 1123 1111 1161 necesse
1158 1107 1228 1161 sit
1266 1122 1374 1161 rem
1420 1124 1533 1162 esse
1577 1108 1816 1176 futuram

311 1177 527 1246 quando
567 1176 708 1230 Deus
731 1178 940 1243 prwscit
969 1193 1085 1231 eam
1113 1193 1227 1231 esse
1254 1177 1489 1245 futuram
1515 1195 1533 1243 ;
1565 1190 1613 1231 et
1652 1189 1828 1231 tamen

310 1247 636 1327 voluntatem
690 1247 911 1302 liberant
966 1262 1179 1301 manere
1209 1264 1223 1299 :
1257 1256 1303 1300 et
1331 1249 1395 1301 de
1424 1247 1622 1318 duplici
1658 1264 1830 1302 neces-

310 1326 489 1370 male.

312 1431 456 1503 Ergo
482 1432 761 1487 sciendum
793 1431 887 1464 ³⁸η
913 1441 996 1487 est
1025 1432 1151 1502 quia
1182 1448 1324 1503 saepe
1353 1431 1584 1487 dicimus
1607 1446 1830 1487 necesse

240 1534 363 1577 esse
391 1524 535 1591 quod
560 1521 702 1577 nulla
734 1522 783 1578 vi
825 1538 944 1578 esse
975 1524 1206 1594 cogitur,
1236 1532 1291 1579 et
1313 1540 1534 1579 necesse
1566 1539 1670 1578 non
1709 1537 1829 1579 esse

240 1609 383 1680 quod
414 1608 557 1663 nulla
592 1610 956 1679 prohibilioue
1009 1622 1339 1668 removetur.
1379 1612 1514 1667 Nam
1574 1615 1826 1682 dicimus,

241 1713 468 1753 necesse
499 1707 583 1754 est
610 1700 776 1754 Demn
810 1700 1168 1756 immortalem
1214 1719 1354 1770 esse,
1387 1713 1442 1757 et
1475 1720 1698 1761 necesse
1741 1716 1828 1761 est

1936 523 2101 578 fuisse
2136 540 2292 578 omne
2323 524 2465 592 quod
2489 521 2612 589 fuit,
2640 531 2694 578 et
2717 537 2839 578 esse
2862 522 3004 592 quod
3035 534 3120 578 est
3177 531 3234 578 et
3267 522 3513 579 futurum

1937 631 2058 672 esse
2083 617 2241 687 quod
2266 616 2389 671 erit.
2426 616 2637 686 Quippe
2663 631 2768 670 non
2796 624 2879 671 est
2902 616 3043 671 idem
3073 631 3186 672 rem
3217 630 3339 672 esse
3375 631 3514 687 prae-

1935 711 2172 773 teritam,
2204 719 2284 764 let
2325 724 2439 764 rem
2475 709 2802 779 praeteritam
2833 724 2956 764 esse
3013 711 3379 779 praeteritam;
3420 719 3515 766 aut

1935 815 2044 854 rem
2070 815 2189 854 esse
2214 809 2563 867 praesentem,
2584 808 2640 853 et
2666 814 2776 853 rem
2798 806 3118 866 praesentem
3139 813 3260 854 esse
3279 813 3513 868 praesen-

1936 901 2076 954 tem;
2110 900 2203 944 aut
2239 906 2351 944 rem
2377 904 2496 945 esse
2523 890 2779 952 futuram,
2809 898 2864 944 et
2891 904 3002 945 rem
3019 889 3255 948 luturam
3282 905 3403 946 esse
3429 890 3514 944 fu-

1935 991 2137 1045 turam,
2165 982 2305 1053 sicut
2328 996 2431 1036 non
2455 989 2539 1035 est
2571 981 2709 1034 idem
2744 994 2859 1036 rem
2883 994 3003 1034 esse
3033 980 3234 1045 albam,
3279 989 3335 1036 et
3394 995 3510 1037 rem

1932 1072 2112 1126 album
2138 1087 2259 1126 esse
2290 1071 2489 1125 albam.
2530 1070 2756 1141 Lignum
2786 1071 2929 1125 enim
2953 1058 3155 1126 nonest
3173 1085 3388 1139 semper
3414 1086 3512 1127 ne-

1932 1161 2187 1218 cessitate
2209 1161 2412 1222 album.
2428 1161 2554 1229 quia
2577 1160 2868 1230 aliquando
2896 1160 3209 1233 priusquam
3243 1159 3383 1215 (ierit
3425 1159 3510 1212 al-

1932 1252 2081 1317 bum,
2111 1252 2403 1322 potuitnon
2428 1252 2545 1309 iieri
2576 1250 2799 1314 album;
2823 1258 2879 1303 et
2913 1257 3196 1318 postquam
3226 1257 3310 1303 est
3329 1247 3511 1303 album

1931 1353 2107 1413 potest
2135 1344 2252 1398 ﬁeri
2284 1359 2386 1398 non
2416 1344 2597 1397 album
2630 1361 2642 1395 :
2672 1342 2873 1413 lignum
2904 1356 3037 1396 vero
3072 1341 3276 1407 album,
3298 1353 3514 1409 semper

1932 1450 2152 1490 necesse
2180 1444 2264 1489 est
2284 1450 2403 1490 esse
2425 1434 2645 1497 album;
2678 1433 2804 1502 quia
2840 1447 2939 1487 nec
2969 1441 3263 1502 antequam
3290 1431 3383 1495 sit,
3403 1446 3504 1497 nec

1930 1538 2216 1599 postquam
2246 1537 2331 1582 est
2360 1528 2567 1594 album,
2598 1527 2713 1582 ﬁeri
2736 1534 2917 1595 potest
2939 1534 2998 1579 ut
3027 1526 3209 1579 album
3241 1523 3400 1579 simul
3441 1524 3513 1579 sit

1931 1636 2035 1674 non
2063 1620 2264 1673 album.
2301 1618 2564 1673 Similiter
2595 1632 2680 1674 res
2709 1632 2817 1670 non
2872 1614 3198 1670 necessitate
3246 1621 3332 1668 est
3380 1629 3516 1682 prte-

1891 1714 1900 1782 ρ
1932 1729 2089 1778 sens;
2118 1713 2376 1782 quoniam
2409 1722 2701 1781 antequam
2729 1717 2885 1767 esset.
2908 1720 3167 1779 praesens,
3199 1704 3511 1777 potuittieri

241 1792 407 1845 Deum
444 1807 550 1845 non
581 1806 703 1847 esse
733 1791 1027 1863 iniustum;
1064 1810 1167 1847 non
1201 1795 1344 1863 quod
1366 1796 1447 1851 vis
1479 1796 1830 1867 aliquacogat
1861 1774 1905 1833 Β
1939 1812 1997 1856 ιιι
2047 1774 2285 1872 praesens
2333 1816 2438 1855 non
2473 1774 2618 1855 esset
2642 1815 2657 1865 ;
2683 1808 2739 1856 et
2778 1808 3068 1869 postquam
3114 1807 3197 1852 est
3249 1810 3511 1867 praesens,

239 1894 361 1933 eum
400 1893 521 1934 esse
551 1880 935 1944 immortalem,
969 1890 1062 1935 aut
1094 1884 1378 1952 prohibeat
1407 1900 1529 1939 esse
1561 1885 1819 1953 injustam

240 1970 350 2035 ⁸⁸⁸⁹.
384 1973 480 2027 sed
510 1972 768 2040 quoniam
794 1972 936 2025 nulla
967 1989 1053 2028 res
1086 1983 1262 2043 potest
1290 1975 1470 2032 facere
1520 1986 1577 2030 ut
1607 1992 1713 2032 non
1748 1979 1821 2034 sit

238 2061 588 2126 nmnortalis,
622 2071 716 2114 aut
749 2073 808 2115 ut
841 2062 913 2117 sit
946 2061 1198 2130 injustus.
1229 2064 1319 2119 Sic
1347 2066 1527 2134 itaque
1573 2066 1619 2122 si
1671 2066 1826 2135 dico,

236 2166 467 2206 necesse
504 2162 728 2207 estesse
756 2160 808 2206 te
840 2162 1212 2221 peccaturum,
1237 2156 1320 2210 vel
1347 2171 1452 2211 non
1476 2169 1825 2228 peccaturum

236 2245 348 2300 sola
382 2244 683 2307 voluntate.
712 2245 853 2299 sicut
887 2245 1029 2300 Deus
1085 2248 1321 2315 prmscit,
1374 2264 1478 2304 non
1512 2258 1595 2303 est
1631 2250 1828 2305 intelli-

237 2339 472 2409 gendum
504 2338 645 2407 quod
678 2337 1180 2407 aliquidprohibeat
1220 2340 1551 2395 voluntatem
1566 2356 1688 2412 qua:
1714 2356 1821 2396 non

237 2428 358 2491 erit,
379 2434 481 2480 aut
500 2436 659 2495 cogat
691 2425 833 2480 illam
870 2442 988 2481 esse
1016 2442 1134 2496 ψιεὲ
1167 2429 1305 2484 erit:
1334 2430 1436 2486 hoc
1465 2431 1641 2501 ipsum
1673 2448 1797 2486 nam

235 2534 334 2588 que
361 2519 587 2588 praescit
613 2519 775 2581 Deus,
803 2520 892 2589 qui
932 2520 1189 2589 prrevidet
1241 2521 1442 2591 aliquid
1488 2523 1728 2579 futurum
1758 2540 1824 2580 ex

236 2608 347 2663 sola
379 2608 690 2674 voluntate,
716 2610 859 2678 quod
893 2609 1140 2665 voluntas
1178 2626 1283 2667 non
1327 2611 1423 2644 ³⁶²⁰
1446 2614 1681 2684 cogitur,
1733 2622 1826 2668 aut

242 2702 569 2772 prohibetur
592 2700 694 2752 ulla
724 2700 827 2754 alia
857 2715 952 2764 re;
984 2710 1039 2755 et
1070 2703 1150 2756 sic
1179 2717 1246 2756 ex
1276 2703 1527 2759 libertate
1577 2705 1669 2736 ³⁸³³
1731 2706 1821 2773 lit,

234 2794 374 2862 quod
405 2794 469 2846 lit
495 2807 561 2846 ex
594 2779 881 2846 voluntate.
919 2791 975 2846 Si
1006 2792 1170 2863 igitur
1200 2794 1314 2849 haec
1339 2794 1624 2863 diligenter
1655 2796 1815 2850 intel-

236 2884 503 2954 liguntur,
538 2893 667 2951 puto
688 2884 811 2952 quia
846 2892 901 2937 et
928 2884 1323 2953 prmscientiam
1358 2886 1454 2940 Dei
1495 2897 1549 2941 et
1601 2887 1824 2943 liberta-

234 2985 340 3031 tem
369 2976 589 3029 arbitrii
622 2975 779 3028 simul
801 2989 922 3029 esse
950 2974 1091 3029 nulla
1140 2976 1391 3043 prohibet
1439 2976 1823 3034 inconvenien-

237 3067 329 3121 tia.
357 3068 607 3134 Denique
634 3066 681 3121 si
704 3066 829 3135 quis
855 3065 1189 3120 intellectum
1211 3067 1359 3122 verbi
1386 3070 1603 3137 proprie
1646 3070 1823 3125 consi-

234 3160 413 3225 derat,
442 3161 548 3213 hoc
573 3159 688 3229 ipso
725 3160 869 3228 quod
917 3159 1159 3227 praasciri
1188 3159 1390 3228 aliquid
1422 3161 1640 3226 dicitur,
1675 3161 1822 3216 lutu-

234 3272 352 3309 rum
377 3272 506 3310 esse
528 3255 951 3323 pronuntiatur:
985 3269 1089 3308 non
1113 3254 1257 3308 enim
1290 3255 1394 3308 nisi
1424 3256 1564 3323 quod
1581 3254 1821 3311 futurum

230 3342 315 3400 est
365 3346 679 3413 pnescitur,
734 3346 859 3415 quia
910 3345 1139 3400 scientia
1165 3359 1269 3398 non
1300 3352 1384 3399 est
1412 3345 1515 3399 nisi
1556 3346 1823 3400 veritatis.

218 3439 415 3503 Quare
448 3428 578 3491 cum
608 3438 729 3492 dico
753 3438 878 3507 quia
910 3438 953 3492 si
991 3438 1208 3507 prmscit
1256 3439 1398 3493 Dens
1443 3438 1647 3507 aliquid
1696 3440 1823 3504 ³⁶³²,
1857 3472 1861 3475 Α

234 3527 397 3599 124
420 3542 649 3581 necesse
670 3536 754 3582 est
778 3527 906 3581 illud
934 3543 1055 3582 esse
1084 3527 1359 3594 futurum;
1387 3528 1527 3583 idem
1551 3537 1655 3593 est,
1690 3544 1754 3584 ac
1777 3530 1822 3584 si

230 3619 409 3674 dicam
441 3620 540 3653 ⁸⁸³³
565 3636 579 3673 :
607 3620 663 3673 Si
693 3621 819 3684 erit,
859 3636 923 3676 ex
958 3622 1279 3684 necessitate
1299 3622 1438 3687 erit;
1473 3622 1566 3677 sed
1598 3623 1711 3678 haec
1725 3640 1826 3678 neq

228 3708 467 3767 cessitas
497 3726 603 3764 non
658 3716 820 3782 cogit,
878 3727 979 3767 nec
1023 3713 1273 3781 prohibet
1299 3713 1504 3782 aliquid
1549 3728 1690 3777 esse,
1731 3723 1825 3769 aut

227 3816 337 3855 non
368 3814 520 3854 esse.
551 3799 677 3855 ideo
703 3802 845 3855 enim
875 3803 1002 3871 quia
1035 3802 1253 3872 ponitur
1288 3818 1373 3858 res
1430 3819 1576 3867 esse,
1625 3804 1826 3858 dicitur

224 3906 291 3946 ex
314 3892 417 3923 ²⁶²¹⁵
437 3893 767 3948 necessitate
790 3909 939 3958 esse;
975 3903 1066 3947 aut
1091 3895 1218 3965 quia
1268 3896 1488 3966 ponitur
1527 3911 1632 3949 non
1660 3910 1782 3950 esse
1807 3936 1822 3961 ,

222 3984 539 4040 amrmatur
569 3986 664 4019 ⁸⁸⁸⁸
723 4003 826 4043 non
876 4002 995 4043 esse
1038 4004 1104 4043 ex
1147 3990 1502 4054 necessitate;
1557 4005 1664 4044 non
1698 3989 1859 4063 quia,

227 4079 543 4134 necessitas
594 4089 753 4151 cogat
807 4089 900 4135 aut
948 4080 1255 4151 prohibeat.
1283 4094 1399 4136 rem
1426 4094 1567 4145 esse,
1590 4090 1685 4135 aut
1717 4096 1822 4135 non

224 4184 381 4224 esse.
416 4168 556 4223 Nam
581 4186 702 4225 eum
747 4172 911 4227 dico:
941 4172 997 4227 Si
1020 4174 1145 4237 erit,
1173 4171 1502 4228 necessitate
1542 4172 1680 4237 erit;
1737 4172 1824 4227 hic

220 4263 488 4333 sequitur
519 4265 813 4319 necessitas
836 4266 913 4320 rei
953 4267 1277 4335 positionem
1327 4266 1446 4332 ⁸⁸⁸⁸,
1483 4280 1590 4321 non
1623 4272 1826 4335 praece-

216 4352 317 4406 dit.
358 4352 511 4407 Idem
551 4354 715 4418 valet,
740 4355 784 4407 si
815 4355 895 4408 sic
924 4356 1303 4424 pronuntietur
1355 4375 1370 4409 :
1401 4356 1556 4423 Quod
1606 4357 1730 4422 erit,
1756 4372 1825 4411 ex

215 4447 559 4500 necessitate
583 4447 711 4499 erit.
742 4444 855 4499 Non
893 4445 1038 4500 enim
1063 4446 1206 4500 aliud
1234 4447 1504 4518 signiﬁcat
1553 4449 1670 4504 haec
1722 4465 1817 4503 ne-

216 4540 460 4593 cessitas
492 4539 605 4602 "",
627 4539 729 4592 nisi
748 4538 873 4607 quia
898 4540 1038 4607 quod
1067 4540 1171 4593 erit
1188 4555 1291 4593 non
1306 4541 1503 4609 poterit
1524 4540 1685 4595 simul
1704 4557 1811 4594 non

213 4643 359 4685 esse.
401 4629 614 4684 Pariter
632 4639 812 4683 autem
842 4645 1026 4684 verum
1055 4639 1133 4684 est
1164 4630 1290 4686 ouia
1321 4630 1445 4697 fuit,
1502 4640 1556 4686 et
1599 4642 1707 4696 est,
1750 4640 1809 4686 et

1932 1903 2111 1964 potest
2158 1894 2271 1948 ﬁeri
2328 1908 2431 1947 non
2490 1908 2750 1963 praesens.
2786 1893 2917 1946 Rem
2972 1904 3150 1947 autem
3181 1897 3502 1960 praesentem

1932 2002 2153 2043 necesse
2176 1995 2261 2042 cst
2288 2002 2408 2041 esse
2431 1996 2750 2056 praesentem
2778 1984 3021 2054 sernper';
3065 1984 3192 2054 quia
3224 1998 3326 2038 nec
3352 1982 3508 2051 prius

1931 2093 2091 2149 quam
2121 2077 2211 2145 sit,
2234 2091 2335 2131 nec
2362 2084 2649 2144 postquam
2669 2082 2753 2129 est
2774 2088 3034 2145 praesens,
3063 2081 3240 2143 potest
3266 2086 3510 2141 praesens

1930 2166 2089 2223 simul
2117 2180 2363 2220 essenon
2390 2179 2628 2234 praesens
2658 2164 2773 2218 ³⁸³⁸.
2810 2163 3012 2219 Eodem
3042 2164 3202 2217 modo
3253 2176 3342 2217 res
3404 2161 3506 2215 aii-

1929 2274 2055 2329 qua,
2090 2267 2147 2311 ut
2172 2256 2418 2326 quaedam
2447 2256 2613 2320 actio,
2649 2270 2756 2309 non
2792 2254 3117 2311 necessitate
3158 2254 3340 2309 futura
3387 2264 3503 2319 est;

1932 2348 2090 2417 quia,
2119 2348 2431 2417 priusquam
2457 2345 2549 2407 sit.
2590 2345 2707 2400 ﬁeri
2735 2353 2912 2415 potest
2935 2354 3124 2400 utnon
3153 2346 3223 2399 sit
3269 2343 3445 2398 futura
3490 2358 3508 2396 :

1930 2453 2043 2493 rem
2071 2452 2200 2491 vero
2238 2435 2474 2489 futuram
2512 2449 2734 2490 necesse
2787 2441 2872 2489 est
2912 2448 3034 2489 esse
3074 2433 3340 2497 futuram;
3374 2447 3512 2501 quo-

1928 2528 2075 2583 niam
2117 2528 2355 2581 luturum
2389 2525 2577 2595 nequit
2620 2539 2741 2579 esse
2783 2524 2943 2579 simul
2968 2539 3072 2578 non
3118 2523 3355 2577 futurum
3395 2523 3509 2576 “”.

1929 2626 2006 2681 De
2033 2625 2311 2696 prmterito
2339 2630 2518 2677 autem
2542 2621 2797 2675 similiter
2824 2636 3011 2675 verum
3035 2628 3115 2674 est
3144 2619 3273 2687 quia
3298 2633 3383 2672 res
3413 2618 3513 2670 aii-

1929 2734 2036 2790 qua
2067 2733 2180 2771 non
2205 2725 2288 2772 est
2312 2716 2404 2747 ³⁸⁸⁸
2430 2714 2755 2768 necessitate
2784 2712 3056 2783 prmterita
3075 2728 3090 2777 ;
3112 2713 3391 2781 quoniam,
3419 2725 3513 2763 au-

1930 2820 2144 2882 tequam
2171 2817 2335 2872 esset,
2361 2806 2536 2877 potuit
2560 2805 2675 2859 iieri
2707 2812 2765 2858 ut
2786 2819 2894 2857 non
2924 2812 3069 2857 esset
3095 2820 3109 2856 :
3148 2812 3204 2856 et
3232 2800 3359 2871 quia
3376 2816 3514 2871 pra:-

1926 2903 2149 2958 teritum
2184 2914 2399 2969 semper
2427 2910 2652 2951 necesse
2686 2902 2770 2950 est
2794 2908 2916 2950 esse
2950 2893 3320 2963 prieteriturn;
3367 2906 3508 2961 quo-

1929 2996 2071 3049 niam
2104 3009 2207 3047 non
2236 3000 2414 3062 potest
2436 2988 2599 3045 simul
2623 3002 2727 3041 non
2751 3001 2871 3041 esse
2903 2985 3258 3055 pneteritum.
3289 2982 3397 3037 Sed
3416 2983 3510 3014 ³⁸⁸³

1929 3087 1983 3140 in
2012 3100 2070 3139 re
2096 3082 2369 3153 praeterita
2393 3089 2477 3135 est
2496 3077 2776 3149 quiddam.
2806 3076 3070 3145 quodnon
3097 3083 3182 3130 est
3217 3074 3270 3127 in
3289 3087 3352 3128 re
3368 3088 3512 3144 pra:-

1929 3174 2067 3229 senti
2098 3175 2182 3226 vel
2213 3171 2414 3225 futura.
2437 3166 2723 3236 Nunquam
2754 3165 2900 3219 enim
2932 3162 3051 3217 ﬁeri
3076 3170 3252 3232 potest
3277 3170 3343 3217 ut
3392 3176 3503 3227 res,

1926 3281 2047 3337 qua:
2074 3263 2345 3334 praeterita
2375 3269 2479 3325 est,
2509 3259 2600 3314 ﬁat
2635 3257 3027 3327 nonpraaterita
3053 3271 3069 3306 :
3096 3255 3239 3308 sicut
3262 3268 3349 3307 res
3366 3266 3512 3321 quae-

1926 3359 2072 3418 dam,
2100 3369 2219 3423 quae
2240 3366 2483 3421 praisens
2505 3357 2609 3414 est,
2640 3355 2818 3419 potest
2843 3346 2957 3403 ﬁeri
2990 3360 3095 3399 non
3138 3359 3404 3413 pmsens;
3459 3352 3513 3396 et

1930 3449 2115 3517 aliqua
2166 3459 2273 3509 res,
2326 3458 2447 3513 qua:
2473 3457 2579 3496 non
2606 3440 2930 3495 necessitate
2954 3436 3133 3491 futura
3171 3443 3276 3498 est,
3323 3442 3506 3502 potest

1928 3539 2045 3595 ﬁeri
2088 3547 2146 3591 ut
2180 3552 2285 3590 non
2323 3536 2392 3591 sit
2418 3532 2623 3589 futura.
2651 3531 2860 3599 Itaque,
2890 3543 3013 3585 cum
3046 3526 3244 3581 dicitur
3272 3525 3510 3580 futurum

1927 3633 1993 3688 de
2038 3631 2242 3694 futuro,
2280 3640 2500 3683 necesse
2519 3634 2604 3680 est
2639 3638 2762 3678 esse
2815 3620 2957 3692 quod
2989 3619 3227 3682 dicitur;
3266 3617 3392 3686 quia
3425 3616 3512 3670 lu-

1929 3733 2108 3777 turum
2139 3733 2414 3788 utinquam
2441 3726 2524 3772 est
2548 3732 2652 3771 non
2668 3714 2909 3769 futurum
2939 3725 2954 3765 :
2984 3711 3355 3780 sicutquoties
3368 3710 3511 3763 idem

1925 3814 2159 3868 dicimus
2208 3813 2274 3866 de
2318 3810 2531 3865 eodem.
2563 3807 2697 3863 Cum
2728 3806 2874 3860 enim
2906 3804 3138 3859 dicimus
3157 3802 3285 3871 quia
3331 3799 3513 3854 ornuis

1928 3906 2090 3959 homo
2110 3914 2195 3959 est
2218 3903 2404 3965 homo,
2427 3908 2519 3954 aut
2544 3900 2589 3954 si
2619 3910 2701 3951 est
2725 3898 2889 3951 homo
2902 3897 3065 3950 homo
3090 3904 3202 3957 est;
3233 3900 3326 3945 aut
3348 3906 3509 3945 orune

1927 3994 2107 4049 album
2160 4002 2244 4048 est
2282 3992 2569 4056 aibum,et
2594 3990 2646 4043 si
2678 3996 2763 4043 est
2819 3987 3002 4041 album
3035 3984 3214 4039 album
3243 3992 3326 4037 est
3364 4000 3377 4033 :
3410 3996 3500 4035 ne-

1926 4099 2081 4141 cesse
2104 4093 2189 4139 est
2219 4097 2333 4138 esse
2360 4080 2501 4151 quod
2533 4078 2750 4139 dicitur,
2796 4077 2923 4147 quia
2945 4091 3052 4129 non
3078 4082 3256 4144 potest
3305 4072 3510 4141 aliquid

1926 4177 2087 4235 simul
2123 4191 2243 4232 esse
2272 4183 2327 4231 et
2350 4189 2455 4228 non
2484 4185 2625 4226 esse.
2649 4168 2863 4239 Quippe
2892 4167 2938 4222 si
2994 4180 3100 4221 non
3155 4171 3241 4219 est
3290 4176 3512 4217 necesse

1912 4284 2088 4325 omne
2121 4267 2363 4321 futurum
2385 4279 2506 4320 esse
2533 4263 2773 4316 futurum
2802 4278 2816 4322 ;
2843 4259 3116 4331 quoddam
3143 4257 3238 4289 ³⁸³³
3272 4256 3512 4310 futurum

1929 4377 2034 4416 non
2061 4370 2145 4416 est
2170 4359 2446 4413 futurum:
2478 4354 2623 4425 quod
2648 4361 2733 4408 est
2773 4350 3125 4421 impossibile.
3174 4348 3515 4404 Necessitate

1929 4468 2059 4521 ergo
2098 4465 2257 4507 omne
2276 4449 2539 4513 futurum,
2571 4445 2811 4513 futurum
2837 4453 2967 4509 est;
2992 4442 3105 4497 etsi
3138 4451 3219 4496 est
3243 4440 3509 4503 futurum,

1925 4543 2166 4607 futurum
2194 4549 2299 4603 est,
2326 4555 2448 4594 cum
2477 4536 2728 4592 futurum
2754 4535 2956 4590 dicitur
3012 4532 3082 4588 de
3132 4532 3315 4589 futuro
3347 4544 3363 4583 :
3410 4530 3511 4586 sed

1927 4634 2027 4665 ³⁸³⁸
2057 4632 2382 4688 necessitate
2412 4636 2696 4698 sequente,
2720 4641 2841 4696 qua:
2864 4624 3001 4681 nihil
3025 4638 3148 4680 esse
3168 4622 3329 4694 cogit.

1512 4813 1751 4869 vanus
1790 4774 2190 4869 LECTIONES.

309 4970 418 5004 ⁸⁸⁸⁸
492 4969 689 5025 Videor
728 4972 895 5043 inde
944 4985 1170 5042 peccare
1238 4988 1336 5024 ms.
1391 4968 1538 5026 Gem.
1617 4975 1751 5029 mihi
1818 4975 2007 5030 videor
2075 4974 2202 5028 inde
2274 4988 2504 5043 peccare
2576 4991 2701 5028 mss.
2775 4972 2907 5026 Vict.
2974 4971 3162 5025 Cisler.
3227 4967 3357 5043 mihi
3429 4968 3509 5022 vi-

209 5045 351 5099 deor
390 5042 811 5115 ‘peccarew'm
843 5041 902 5097 Si
946 5040 1297 5115 Vnonpecco.
1352 5058 1478 5095 mss.
1530 5043 1573 5097 si
1592 5061 1737 5115 ν-ιιοιι
1803 5046 1970 5115 pecCo
2022 5055 2076 5099 et
2136 5058 2238 5111 ego
2275 5040 2411 5075 ’⁸⁸η
2467 5044 2607 5115 Ergo
2661 5044 2942 5115 sciendum
2996 5040 3343 5115 [ηιμ-σφεα.-
3382 5052 3514 5107 ergo

208 5115 311 5147 κί’
367 5107 488 5168 Aut
546 5111 832 5187 prohibeat
902 5126 1024 5167 esse
1080 5107 1335 5187 iniustum
1370 5130 1519 5187 _ms._s.
1577 5113 1765 5187 Cister.
1804 5107 1911 5169 'aut
1959 5107 2246 5187 prohibeat
2287 5129 2439 5187 eum.
2480 5107 2608 5187 esse
2659 5110 3091 5187 injust_u_rt_t;_“'°
3121 5108 3237 5187 Sed
3257 5107 3512 5187 voluntas

207 5200 322 5239 non
359 5198 474 5235 nm
527 5178 670 5251 quod
699 5184 947 5235 voluntas
976 5196 1081 5235 non
1157 5180 1249 5212 ⁸⁰¹¹
1279 5180 1419 5248 Quia
1445 5183 1525 5237 sic
1573 5198 1639 5238 ex
1671 5184 1925 5242 libertate
1962 5178 2101 5240 'mss.
2143 5195 2197 5238 et
2252 5186 2299 5240 si
2370 5200 2435 5238 ex
2488 5178 2741 5238 libertate
2814 5184 2908 5214 ³⁶⁹²
2939 5181 2995 5237 Si
3048 5179 3265 5251 prmscit
3311 5178 3513 5251 aliquid

206 5272 344 5309 mu.
397 5252 442 5306 si
478 5248 697 5321 pricscit
728 5252 866 5306 Dens
898 5251 1121 5319 aliquid,
1198 5251 1292 5283 ³⁸³³
1324 5252 1377 5306 Id
1406 5262 1490 5308 est
1519 5268 1584 5307 ac
1616 5254 1659 5308 si
1714 5256 1889 5310 dicam
1955 5273 2081 5310 mss.
2142 5256 2286 5309 idem
2338 5265 2422 5308 est
2454 5270 2517 5308 ac
2571 5254 2616 5308 si
2643 5254 2820 5308 dicam
2876 5269 2974 5307 ms.
3046 5248 3177 5304 Vict.
3223 5248 3271 5321 E7
3316 5248 3379 5321 Ε.
3423 5249 3512 5305 l5.

206 5325 364 5379 idem
401 5318 493 5392 est
520 5336 585 5375 ac
609 5321 656 5392 si
684 5322 896 5375 tiieatur
967 5321 1060 5353 ³⁸³⁵
1090 5322 1379 5376 Ponuntur
1410 5339 1501 5379 res
1534 5340 1685 5388 esse,
1709 5325 1967 5381 dicuntur
1999 5342 2065 5381 ex
2088 5342 2213 5379 mss.
2256 5322 2390 5377 Vict.
2423 5323 2612 5377 Cisler.
2656 5323 2875 5392 ponitur
2900 5337 3014 5377 rem
3046 5318 3425 5392 esse,‘dieil_ur
3445 5334 3509 5374 ex

201 5394 308 5427 ³⁸⁸⁸
374 5390 489 5446 Ant
535 5391 661 5464 quia
708 5398 984 5464 ponuntur
1028 5406 1132 5445 non
1162 5407 1303 5455 esse,
1329 5392 1668 5464 afﬁrmantur
1690 5412 1816 5451 mss.
1855 5396 1990 5451 Vict.
2017 5397 2250 5464 autquia
2279 5394 2497 5464 ponitur
2519 5408 2624 5464 non
2646 5388 2786 5453 esse,
2816 5392 3132 5464 allirmatur_
3189 5389 3287 5464 ’Ὗ
3311 5388 3485 5464 Neees

201 5466 351 5520 sitas
381 5476 509 5536 quae
533 5462 963 5536 rei__pos_i_tion_em
994 5478 1119 5515 mss.
1156 5463 1454 5520 necessitas
1508 5466 1582 5521 rei
1635 5468 1959 5536 positionem
2036 5460 2158 5501 ³⁸⁸⁷⁷
2182 5460 2465 5534 Significat
2486 5463 2577 5536 hic
2604 5464 2907 5536 necessitas
2932 5478 3062 5536 mss.
3088 5460 3362 5532 signiﬁcat
3395 5460 3510 5536 huic

203 5531 530 5603 necessitas
604 5531 697 5563 ³⁸³⁸
719 5531 894 5603 Simul
918 5546 1038 5587 esse
1054 5541 1108 5585 et
1137 5547 1245 5587 non
1277 5549 1516 5603 praesens
1543 5531 1669 5590 mss.
1705 5537 1862 5592 simul
1889 5553 2011 5593 esse
2035 5553 2139 5592 non
2168 5531 2408 5603 praesens
2483 5533 2576 5565 ³⁶³⁹
2601 5531 2774 5603 Simul
2803 5542 2858 5586 et
2878 5549 2985 5587 non
3009 5531 3253 5588 futurum
3286 5547 3411 5584 mss.
3437 5531 3509 5584 si-

204 5606 329 5660 mul
365 5617 483 5676 non
508 5600 747 5676 futurum
825 5602 919 5676 'f”
937 5602 1129 5671 Aliqua
1153 5600 1297 5658 nunc
1316 5613 1398 5676 est
1420 5622 1545 5676 mss.
1578 5606 1755 5676 aliqua
1781 5624 1887 5664 non
1919 5617 2003 5665 est
2076 5600 2359 5660 ""Simui
2381 5617 2502 5676 esse
2525 5602 2893 5676 praeteritum,
2911 5612 2966 5658 et
3008 5618 3115 5658 non
3134 5616 3257 5658 esse
3281 5609 3508 5676 praeter-

201 5678 381 5729 itum.
414 5670 521 5725 Sed
549 5688 671 5744 mu.
690 5673 847 5727 simul
874 5690 976 5728 non
1000 5670 1120 5728 esse
1141 5675 1494 5744 praeteritum.
1520 5675 1625 5730 Sed
1671 5670 1780 5709 ’³⁶³¹
1799 5678 1970 5735 Omne
1987 5679 2225 5732 futurum
2256 5674 2397 5743 quod
2423 5670 2693 5729 futurum:
2718 5674 2988 5744 quoddam
3006 5690 3137 5744 mss.
3158 5670 3330 5728 omne
3358 5671 3502 5744 lutuf

202 5761 337 5800 rum
371 5756 500 5799 esse
552 5740 791 5798 futurum
824 5763 833 5797 :
863 5738 1157 5810 quoddam:
1234 5745 1329 5779 ⁸⁸³³
1350 5744 1415 5801 Ει
1439 5759 1558 5802 cum
1609 5745 1853 5812 futurum
1884 5750 2087 5807 dicitur
2116 5748 2182 5803 de
2236 5738 2435 5812 futuro,
2472 5744 2518 5801 si
2545 5754 2630 5803 est
2670 5738 2939 5815 laturum,
2993 5743 3239 5802 futurum
3281 5751 3384 5809 est,
3416 5738 3513 5795 sed
