4076 6288
243 364 343 423 509

1074 360 1162 417 DE
1194 361 1538 420 CONCORD.
1571 364 1844 422 ΡῐιΑῖεε.
1874 366 1987 423 DEI
2025 365 2168 424 CUM
2207 367 2337 424 LIB.
2379 365 2648 424 ARBITB.

3397 371 3501 427 510

245 477 545 538 necessitas
566 476 711 532 enim
740 475 953 533 videtur
985 461 1823 549 sonarecoactiouemvelprohi-
1853 486 1899 541 Α
1924 484 2027 539 erit
2055 483 2123 537 ali
2144 483 2279 551 mid,
2307 498 2411 538 non
2439 497 2503 537 ex
2534 481 2884 546 necessitate,
2913 481 3123 551 et‘quia
3170 495 3393 538 necesse
3420 493 3505 549 est

243 567 526 625 bitionem.
560 564 738 631 Quare
760 565 802 618 si
863 579 1084 620 necesse
1128 574 1210 619 est
1238 581 1324 621 me
1354 582 1582 636 peccare
1639 584 1703 623 ex
1732 584 1824 624 vo-

244 657 723 727 hmtate,intelligo
755 673 839 713 me
865 659 981 730 cogi
1008 658 1187 729 aliqua
1217 661 1431 716 occulta
1462 663 1513 716 vi
1542 663 1610 718 ad
1636 663 1825 718 volun-

244 758 406 803 tatem
458 746 760 818 peccandi;
832 756 887 802 et
927 747 973 801 si
1043 763 1150 802 non
1201 764 1414 820 pecco,
1473 766 1502 805 a
1565 753 1822 821 peccandi

240 839 516 893 voluntate
541 837 840 909 prohiberi.
863 836 1209 908 Quapropter
1263 840 1590 896 necessitate
1639 842 1825 895 videor

240 928 365 983 mihi
390 938 624 997 peccare
660 928 775 994 ³⁶¹⁶,
798 927 843 982 si
876 943 1069 998 pecco;
1099 928 1184 984 vel
1209 945 1313 985 non
1345 944 1593 999 peccare.
1627 931 1670 985 si
1714 949 1820 985 non

239 1034 401 1090 pecco
440 1019 560 1073 seu.

238 1153 361 1211 Cn.
387 1154 450 1209 11.
487 1154 859 1225 —Quomodo
897 1170 1102 1209 necesse
1149 1155 1218 1209 sit
1257 1170 1365 1209 rem
1410 1172 1524 1211 esse
1568 1156 1806 1225 futuram

301 1226 517 1294 quando
557 1224 698 1278 Deus
722 1226 931 1291 prwscit
960 1241 1076 1279 eam
1104 1240 1217 1279 esse
1244 1225 1479 1294 futuram
1506 1243 1524 1291 ;
1556 1238 1603 1280 et
1643 1237 1819 1280 tamen

299 1295 627 1375 voluntatem
680 1295 901 1350 liberam
956 1311 1169 1349 manere
1198 1313 1213 1348 ε
1247 1305 1293 1349 et
1322 1298 1385 1349 de
1415 1295 1612 1366 duplici
1649 1312 1821 1350 neces-

299 1374 480 1418 atate.

301 1479 447 1551 Ergo
472 1480 751 1535 sciendum
783 1479 876 1512 ³⁶¹⁸
903 1489 986 1534 εει
1015 1480 1141 1550 quia
1173 1496 1315 1551 saepe
1344 1480 1574 1535 dicimus
1596 1495 1820 1536 necesse

234 1581 354 1625 esse
382 1572 525 1640 quod
550 1569 693 1625 nulla
724 1569 773 1625 vi
815 1586 933 1625 esse
964 1571 1196 1642 cogitur,
1228 1580 1282 1627 et
1304 1588 1524 1628 necesse
1556 1588 1659 1627 non
1699 1585 1820 1627 esse

234 1658 373 1727 quod
404 1656 547 1711 nulla
582 1658 946 1727 prohibitione
1000 1670 1330 1716 removetur.
1370 1661 1505 1715 Nam
1564 1663 1816 1731 dicimus,

234 1761 459 1802 necesse
489 1755 573 1802 est
600 1748 766 1802 Deum
799 1747 1160 1804 immortalem
1205 1767 1344 1818 esse,
1377 1761 1432 1805 et
1466 1767 1688 1809 necesse
1731 1764 1817 1809 est

1926 571 2091 627 fuisse
2126 588 2283 627 onmc
2313 572 2455 641 quod
2481 570 2602 637 fuit,
2631 580 2830 627 etesse
2852 572 2994 641 quod
3025 583 3110 627 est
3168 581 3224 627 et
3257 558 3502 628 futurum

1927 680 2048 721 esse
2073 665 2231 735 quod
2256 665 2380 720 erit.
2416 664 2627 734 Quippe
2653 679 2759 718 non
2786 673 2869 719 est
2892 664 3033 719 idem
3063 680 3176 722 rem
3207 680 3329 722 esse
3365 680 3503 736 prae-

1926 759 2162 822 teritam,
2193 767 2273 813 tet
2316 773 2429 813 rem
2466 757 2793 827 praeteritam
2823 772 2946 813 esse
3004 759 3369 828 prater-itam;
3408 768 3504 815 aut

1926 864 2035 903 rem
2059 863 2179 903 esse
2203 857 2552 916 praesentem,
2574 856 2631 901 ΕΙ.
2656 862 2766 901 rem
2788 855 3108 915 praesentem
3130 863 3250 903 esse
3269 862 3502 917 praesen.

1926 950 2066 1004 tem;
2100 949 2191 993 aut
2228 955 2341 993 rem
2367 954 2486 993 esse
2513 938 2771 1000 futuram.
2800 947 2855 993 et
2882 953 2993 993 rem
3009 938 3245 997 futuram
3272 954 3391 995 esse
3418 938 3503 993 fu-

1926 1040 2126 1094 turam,
2154 1031 2297 1102 sicut
2317 1045 2421 1085 non
2445 1038 2530 1084 est
2562 1029 2700 1082 idem
2735 1043 2850 1085 rem
2874 1043 2993 1083 esse
3024 1028 3224 1093 albam,
3269 1037 3325 1085 et
3384 1044 3499 1085 rem

1924 1120 2101 1174 albam
2128 1135 2248 1175 esse
2279 1120 2479 1174 albam.
2520 1118 2746 1190 Liguum
2776 1120 2920 1173 enim
2944 1107 3145 1174 nonest
3164 1133 3378 1187 semper
3405 1134 3502 1175 ue-

1923 1210 2176 1266 cessitate
2199 1210 2402 1271 album,
2418 1210 2544 1278 quia
2567 1209 2858 1280 aliquando
2887 1208 3199 1285 priusquam
3233 1207 3373 1262 (ierit
3414 1207 3500 1261 al-

1922 1300 2072 1365 bum,
2101 1302 2393 1370 potuitnon
2419 1300 2535 1355 lieri
2566 1299 2746 1359 album
2770 1314 2789 1363 ;
2813 1306 2869 1352 et
2903 1305 3186 1368 postquam
3216 1305 3300 1351 est
3318 1296 3501 1351 album

1921 1401 2097 1461 potest
2125 1392 2242 1446 ﬁeri
2274 1408 2377 1446 non
2406 1392 2587 1446 album
2620 1409 2632 1444 :
2662 1391 2863 1462 lignum
2894 1406 3027 1446 vero
3062 1390 3503 1457 album,semper

1922 1498 2143 1538 necesse
2171 1491 2254 1537 est
2274 1497 2395 1538 esse
2415 1483 2636 1546 album;
2668 1482 2795 1550 quia
2830 1496 2929 1536 nec
2959 1490 3253 1551 antequam
3281 1481 3373 1544 sit,
3393 1495 3494 1545 nec

1920 1587 2207 1647 postquam
2236 1585 2321 1631 est
2350 1577 2558 1643 allnnn,
2589 1575 2704 1631 ﬁeri
2727 1583 2907 1644 potest
2929 1582 2988 1628 ut
3017 1574 3199 1627 album
3231 1572 3390 1629 simul
3432 1572 3504 1628 sit

1922 1684 2026 1722 non
2053 1668 2255 1723 album.
2291 1667 2556 1721 Similiter
2585 1681 2671 1723 res
2699 1679 2808 1719 non
2862 1662 3188 1719 necessitate
3237 1670 3322 1717 est
3370 1678 3506 1731 prae-

1923 1777 2079 1826 sens;
2108 1761 2367 1830 quoniam
2399 1769 2692 1829 antequam
2720 1765 2875 1815 esset,
2898 1769 3157 1826 praesens,
3189 1753 3501 1826 potuitlieri

234 1840 398 1893 Deum
434 1855 540 1893 non
571 1854 693 1895 esse
723 1839 1017 1910 iujustum;
1055 1858 1158 1895 non
1192 1843 1335 1911 quod
1357 1844 1437 1899 vis
1469 1844 1820 1915 aliquacogat
1851 1822 1896 1881 Β
1929 1860 1988 1905 ιιι
2037 1822 2275 1921 praesens
2322 1864 2428 1903 non
2463 1857 2648 1913 esset;
2673 1855 2730 1904 et
2769 1855 3058 1917 postquam
3104 1855 3188 1900 est
3240 1859 3501 1915 praesens,

232 1941 351 1981 eum
390 1941 511 1981 esse
540 1928 926 1992 immortalem,
959 1939 1052 1984 aut
1085 1932 1368 2001 prohibeat
1398 1948 1519 1987 esse
1551 1932 1809 2001 injustam

233 2017 340 2083 “‘9,
375 2021 471 2073 sed
500 2020 759 2088 quoniam
784 2021 927 2074 nulla
958 2037 1044 2076 res
1076 2032 1254 2091 potest
1281 2022 1460 2079 facere
1510 2033 1567 2079 ut
1597 2040 1703 2080 non
1738 2028 1811 2082 sit

231 2109 578 2173 unmortalis,
613 2119 706 2162 aut
739 2121 797 2163 ut
831 2109 903 2165 sit
936 2109 1189 2178 injustus.
1220 2112 1310 2167 Sic
1337 2113 1517 2183 itaque
1563 2114 1609 2170 si
1661 2114 1816 2183 dico,

229 2213 457 2254 necesse
495 2209 720 2254 estesse
747 2208 799 2254 te
829 2210 1203 2269 peccaturum,
1228 2204 1311 2258 vel
1338 2220 1443 2259 non
1466 2218 1816 2276 peccaturum

229 2293 338 2347 sola
373 2292 673 2355 voluntate,
703 2293 844 2347 sicut
877 2292 1020 2348 Deus
1075 2295 1313 2363 praescit,
1365 2312 1469 2352 non
1503 2307 1586 2352 est
1620 2299 1817 2354 intelli-

230 2387 464 2456 gendum
495 2386 635 2454 quod
668 2385 1171 2455 aliquidprohibeat
1210 2388 1542 2444 voluntatem
1557 2405 1678 2460 quae
1704 2405 1811 2445 non

229 2475 351 2538 erit,
372 2483 650 2543 autcogat
682 2474 824 2529 illam
861 2490 978 2529 esse
1006 2491 1124 2545 quae
1157 2477 1296 2532 erit:
1323 2479 1427 2534 hoc
1456 2479 1631 2549 ipsum
1664 2496 1787 2535 nam

226 2581 326 2636 que
355 2567 578 2635 praescit
604 2567 766 2630 Deus,
794 2568 883 2637 qui
922 2568 1180 2637 przevidet
1231 2569 1433 2639 aliquid
1478 2571 1719 2627 futurum
1749 2588 1815 2628 ex

228 2656 339 2711 sola
374 2656 683 2721 voluntate,
708 2658 849 2726 quod
883 2657 1130 2713 voluntas
1168 2674 1275 2715 non
1318 2660 1415 2692 ⁸⁶¹⁰
1437 2661 1672 2732 cogitur,
1724 2670 1817 2716 aut

234 2749 559 2820 prohibetur
582 2748 685 2801 ulla
715 2748 819 2802 alia
848 2763 942 2813 re;
974 2758 1029 2804 et
1061 2751 1140 2804 sic
1170 2766 1236 2804 ex
1267 2751 1517 2807 libertate
1568 2753 1660 2784 m‘
1722 2753 1812 2821 lit,

226 2842 368 2910 quod
399 2842 463 2894 lit
488 2856 552 2894 ex
584 2828 871 2894 voluntate.
909 2839 965 2894 Si
995 2840 1160 2910 igitur
1190 2842 1305 2897 haec
1330 2842 1615 2912 diligenter
1645 2844 1807 2899 intel-

228 2932 495 3003 liguntur,
530 2942 658 3000 puto
678 2932 801 3001 quia
836 2940 891 2986 et
917 2932 1314 3001 pnnscientiam
1350 2934 1445 2989 Dei
1486 2946 1540 2989 et
1592 2935 1814 2992 liberta-

227 3033 333 3079 tem
363 3023 579 3077 arbitrii
612 3023 769 3077 simul
791 3037 913 3077 esse
940 3022 1082 3078 nulla
1131 3024 1382 3092 prohibet
1430 3026 1815 3082 inconvenien-

231 3116 322 3169 tia.
350 3116 598 3183 Deuique
625 3114 672 3169 si
694 3114 819 3183 quis
846 3114 1179 3169 intellectum
1202 3116 1350 3171 verbi
1377 3118 1594 3186 proprie
1637 3119 1815 3173 consi-

227 3209 406 3273 derat,
434 3209 539 3261 hoc
563 3208 678 3277 ipso
715 3208 860 3276 quod
907 3208 1149 3276 ιιι-ειεεείιὶ
1179 3208 1380 3277 aliquid
1413 3209 1631 3275 dicitur,
1666 3210 1813 3264 lutu-

226 3320 345 3357 rum
370 3320 496 3359 esse
518 3304 905 3372 pronuntiatur
930 3321 941 3356 :
976 3318 1079 3357 non
1104 3304 1247 3358 enim
1281 3303 1385 3357 nisi
1414 3305 1554 3372 quod
1573 3303 1812 3358 futurum

223 3404 307 3448 est
357 3395 669 3461 praescitur,
726 3394 850 3464 quia
900 3394 1129 3449 scientia
1155 3408 1259 3447 non
1290 3401 1374 3448 est
1403 3394 1505 3448 nisi
1547 3394 1813 3448 veritatis.

212 3487 407 3552 Quare
440 3478 568 3540 cum
598 3487 720 3541 dico
744 3487 869 3556 quia
901 3487 943 3540 si
982 3487 1198 3555 praescit
1246 3488 1388 3542 Deus
1433 3487 1637 3556 aliquid
1687 3488 1813 3553 ³⁸η,
1846 3522 1851 3523 κ

228 3576 389 3648 124
410 3590 639 3630 necesse
660 3585 744 3630 est
769 3576 896 3629 ilhul
924 3592 1045 3631 esse
1075 3575 1349 3643 futurum;
1377 3578 1518 3632 idem
1542 3586 1646 3642 est,
1680 3592 1744 3633 ac
1767 3579 1813 3633 si

224 3667 400 3722 dicam
432 3668 530 3701 m'
555 3685 569 3721 :
598 3668 653 3722 Si
684 3670 809 3733 erit,
849 3684 912 3724 ex
948 3670 1269 3733 necessitate
1289 3671 1427 3735 erit;
1463 3671 1557 3726 sed
1588 3672 1702 3726 haec
1715 3688 1816 3727 ne-

222 3760 455 3815 cessitas
487 3775 593 3813 non
648 3764 811 3830 cogit,
868 3776 968 3815 nec
1012 3761 1264 3829 prohibet
1289 3761 1494 3831 aliquid
1539 3776 1681 3826 esse,
1722 3772 1815 3817 aut

222 3864 329 3902 non
361 3862 510 3903 esse.
543 3847 667 3903 Ideo
693 3850 835 3903 enim
865 3851 992 3919 quia
1026 3850 1244 3920 ponitur
1278 3866 1364 3906 res
1420 3868 1566 3917 esse,
1616 3852 1816 3907 dicitur

218 3953 286 3993 ex
308 3940 406 3971 ³⁸⁸⁸
428 3941 757 3996 necessitate
779 3957 929 4007 esse;
965 3951 1057 3995 aut
1081 3943 1209 4012 quia
1258 3943 1477 4014 ponitur
1516 3961 1622 3998 non
1651 3959 1773 3999 esse
1798 3985 1813 4010 ,

217 4032 529 4088 aﬂirmatur
560 4034 654 4067 “"
712 4051 816 4091 non
865 4050 986 4091 esse
1028 4051 1093 4091 ex
1138 4038 1492 4103 necessitate;
1548 4053 1654 4092 non
1689 4037 1816 4107 quia

222 4127 534 4182 necessitas
584 4137 742 4199 cegat
797 4137 890 4183 aut
937 4128 1247 4199 prohibeat.
1275 4143 1389 4185 rem
1415 4143 1557 4194 esse,
1580 4138 1676 4183 aut
1707 4144 1813 4183 non

218 4232 373 4273 esse.
407 4216 547 4272 Nam
571 4233 692 4273 eum
737 4219 858 4274 dico
885 4236 901 4273 :
930 4220 987 4274 Si
1010 4220 1136 4284 erit,
1164 4220 1491 4275 necessitate
1532 4220 1670 4285 erit;
1727 4220 1815 4275 hic

214 4311 479 4381 sequitur
508 4312 803 4367 necessitas
826 4312 903 4367 rei
944 4314 1268 4383 positionem
1318 4313 1436 4379 ³⁸³⁸,
1473 4328 1579 4369 non
1612 4320 1816 4383 praece-

210 4400 311 4454 dit.
350 4400 501 4455 Idem
541 4401 704 4465 valet,
730 4402 772 4455 si
805 4402 885 4465 sic
912 4403 1294 4472 pronuntietur
1346 4422 1360 4456 :
1391 4404 1546 4470 Quod
1596 4405 1720 4469 erit,
1746 4419 1814 4458 ex

209 4494 549 4548 necessitate
572 4494 701 4546 erit.
731 4492 844 4546 Non
882 4494 1027 4548 enim
1052 4494 1197 4548 aliud
1225 4494 1495 4566 signiﬁcat
1542 4497 1659 4552 hrec
1711 4512 1806 4551 ue-

210 4586 449 4641 cessitas
482 4585 595 4650 "",
618 4587 719 4641 nisi
738 4587 862 4656 quia
886 4588 1028 4656 quod
1057 4587 1162 4641 erit
1178 4589 1493 4657 non’poterit
1515 4589 1675 4643 simul
1694 4605 1800 4642 non

206 4689 352 4731 esse.
390 4677 606 4731 Pariter
623 4688 801 4732 autem
832 4694 1015 4733 verum
1045 4688 1124 4733 est
1154 4679 1280 4734 ouia
1312 4678 1436 4744 fuit,
1492 4687 1546 4734 et
1589 4690 1696 4743 est,
1740 4688 1799 4734 et

1923 1952 2101 2012 potest
2148 1942 2262 1996 ﬁeri
2317 1956 2422 1995 non
2480 1955 2740 2011 prtesens.
2777 1940 2908 1994 Rem
2962 1952 3141 1995 autem
3171 1946 3492 2009 praxseutem

1923 2050 2144 2091 necesse
2166 2043 2252 2090 est
2278 2050 2399 2089 esse
2422 2044 2740 2105 prresentem
2768 2032 3011 2102 semper;
3055 2032 3182 2102 quia
3215 2047 3316 2087 nec
3342 2031 3499 2099 prius

1921 2141 2082 2198 quam
2112 2125 2201 2193 sit,
2225 2140 2326 2180 nec
2352 2133 2638 2194 postquam
2659 2132 2743 2178 est
2765 2136 3026 2194 praesens,
3053 2129 3231 2191 potest
3256 2135 3501 2190 praesens

1920 2215 2080 2271 simul
2107 2228 2227 2269 esse
2249 2230 2353 2269 non
2380 2228 2618 2284 praesens
2647 2212 2763 2267 ⁸⁶¹⁸.
2800 2212 3002 2268 Eodem
3032 2212 3193 2266 modo
3244 2224 3333 2265 res
3394 2209 3496 2263 ali-

1918 2322 2046 2377 qua,
2080 2316 2137 2360 ut
2163 2305 2408 2375 quaedam
2437 2305 2602 2368 actio,
2639 2319 2745 2358 non
2782 2302 3107 2359 necessitate
3149 2302 3329 2357 futura
3377 2312 3494 2365 est;

1921 2396 2081 2467 quia,
2109 2396 2421 2465 priusquam
2447 2394 2538 2455 sit,
2580 2393 2697 2449 ﬁeri
2725 2401 2903 2463 potest
2925 2403 2984 2447 ut
3008 2409 3113 2448 non
3143 2394 3214 2447 sit
3259 2391 3435 2446 futura
3479 2405 3497 2444 :

1920 2503 2033 2542 rem
2062 2501 2191 2540 vero
2229 2484 2464 2538 futuram
2502 2497 2724 2539 necesse
2777 2491 2862 2537 est
2902 2497 3025 2537 esse
3064 2481 3329 2545 futuram;
3364 2495 3502 2549 quo-

1919 2578 2065 2633 niam
2107 2577 2345 2631 futurum
2378 2574 2567 2643 nequit
2609 2587 2731 2627 esse
2773 2572 2933 2628 simul
2958 2588 3062 2625 non
3107 2572 3344 2625 futurum
3385 2571 3499 2624 “”.

1920 2675 1996 2730 De
2023 2675 2301 2745 praeterito
2328 2679 2507 2725 autem
2532 2669 2787 2724 similiter
2814 2684 3002 2723 verum
3025 2676 3105 2721 est
3134 2667 3262 2735 quia
3287 2681 3373 2720 res
3404 2666 3503 2717 aii-

1920 2783 2027 2839 qua
2058 2782 2170 2820 non
2195 2774 2277 2821 est
2301 2764 2394 2796 ⁸⁶⁸⁰
2419 2761 2745 2816 necessitate
2774 2760 3079 2830 praeterita;
3102 2761 3381 2828 quoniam,
3408 2772 3503 2810 au-

1921 2868 2135 2930 tequam
2162 2866 2324 2921 esset,
2350 2854 2525 2926 potuit
2550 2853 2665 2907 lieri
2697 2861 2756 2906 ut
2776 2867 2883 2905 non
2914 2859 3059 2905 esset
3085 2867 3099 2904 :
3138 2860 3193 2904 et
3222 2848 3348 2919 quia
3366 2864 3504 2919 pra:-

1918 2951 2140 3006 teritnm
2175 2962 2387 3017 semper
2415 2958 2642 2999 necesse
2676 2950 2759 2997 est
2784 2956 2906 2997 esse
2940 2941 3310 3010 prteteriturn;
3356 2954 3498 3009 quo-

1920 3044 2062 3098 niam
2096 3057 2198 3095 non
2226 3049 2402 3110 potest
2424 3036 2588 3093 simul
2612 3050 2717 3089 non
2740 3049 2861 3089 esse
2893 3033 3248 3102 praeteritum.
3279 3030 3387 3085 Sed
3406 3031 3500 3063 ³⁸³³

1920 3136 1973 3188 in
2003 3148 2061 3187 re
2087 3131 2357 3201 prmterita
2381 3138 2465 3185 est
2484 3125 2766 3197 quiddam,
2796 3124 3060 3193 quodnon
3087 3131 3172 3178 est
3207 3123 3260 3175 in
3279 3136 3502 3192 veprat-

1919 3222 2057 3277 scnti
2089 3222 2173 3273 vel
2204 3219 2402 3272 futura.
2425 3215 2712 3285 Nunquam
2743 3213 2890 3267 enim
2922 3211 3040 3266 ﬁeri
3066 3218 3242 3281 potest
3267 3218 3326 3263 ut
3382 3224 3493 3276 res,

1917 3329 2037 3385 quia
2065 3311 2333 3383 pneterita
2363 3318 2468 3373 est,
2497 3309 2589 3362 liat
2624 3306 3018 3376 nonprteterita
3043 3321 3058 3356 :
3086 3304 3230 3358 sicut
3252 3318 3339 3356 res
3356 3316 3502 3370 qua:-

1917 3407 2063 3467 dam,
2090 3418 2210 3472 qure
2230 3413 2473 3470 praesens
2493 3406 2597 3462 est,
2629 3404 2807 3467 potest
2832 3395 2947 3453 ﬁeri
2980 3409 3084 3448 non
3128 3408 3394 3463 presseris;
3448 3400 3503 3445 et

1921 3497 2106 3566 aliqua
2158 3508 2263 3557 res,
2315 3506 2436 3561 quae
2462 3505 2568 3544 non
2595 3490 2919 3543 necessitate
2943 3485 3123 3540 futura
3161 3492 3265 3548 est,
3312 3492 3496 3552 potest

1918 3587 2036 3643 ﬁeri
2079 3596 2137 3640 ut
2170 3600 2274 3639 non
2311 3584 2380 3639 sit
2406 3580 2613 3636 futura.
2640 3579 2849 3648 Itaque,
2879 3593 3003 3634 cum
3037 3576 3234 3631 dicitur
3262 3574 3500 3628 futurum

1917 3681 1983 3736 de
2028 3680 2232 3743 futuro,
2270 3689 2489 3731 necesse
2509 3683 2594 3729 est
2629 3686 2752 3728 esse
2805 3670 2946 3741 quod
2978 3669 3217 3731 dicitur;
3256 3666 3381 3735 quia
3415 3665 3502 3718 lu-

1920 3781 2099 3826 turmn
2129 3783 2403 3836 intnquam
2429 3775 2514 3820 est
2537 3780 2643 3820 non
2659 3762 2898 3818 futurum
2928 3774 2943 3813 :
2973 3759 3500 3828 sicutquotiesidem

1916 3863 2149 3917 dicimus
2198 3862 2263 3915 de
2307 3859 2521 3914 eodem.
2552 3856 2687 3911 Cum
2717 3855 2865 3908 enim
2895 3852 3128 3907 dicimus
3146 3851 3275 3920 quia
3321 3849 3502 3903 onmis

1919 3954 2080 4008 homo
2100 3961 2184 4007 est
2207 3952 2393 4014 homo,
2417 3958 2509 4003 aut
2534 3949 2578 4003 si
2609 3958 2691 4000 est
2715 3946 2878 3999 homo
2892 3945 3054 3998 homo
3080 3953 3192 4006 est;
3223 3950 3316 3994 aut
3338 3954 3499 3995 outne

1918 4042 2097 4097 album
2150 4050 2233 4096 est
2272 4041 2558 4105 album,et
2584 4038 2635 4091 si
2667 4045 2753 4091 est
2809 4035 2991 4089 album
3024 4033 3204 4087 album
3233 4041 3316 4086 est
3354 4048 3367 4083 :
3400 4046 3490 4084 ne-

1917 4147 2071 4189 cesse
2095 4141 2179 4186 est
2209 4146 2322 4186 esse
2350 4129 2490 4199 quod
2522 4127 2739 4188 dicitur,
2786 4125 2914 4195 quia
2936 4139 3042 4178 non
3068 4131 3246 4192 potest
3294 4121 3499 4190 aliquid

1916 4224 2077 4282 siuud
2113 4238 2233 4279 esse
2261 4230 2315 4277 et
2340 4236 2445 4274 non
2474 4233 2614 4273 esse.
2639 4217 2853 4286 Quippe
2883 4214 2929 4270 si
2984 4228 3091 4269 non
3145 4220 3232 4267 est
3280 4226 3503 4266 necesse

1902 4331 2078 4371 omne
2111 4314 2353 4368 futurum
2375 4326 2496 4367 esse
2522 4310 2763 4365 futurum
2791 4326 2807 4372 ;
2833 4307 3106 4380 quoddam
3133 4306 3229 4337 ³⁸³³
3263 4305 3502 4359 futurum

1918 4424 2024 4463 non
2051 4417 2135 4463 est
2159 4405 2437 4460 futurum:
2468 4403 2613 4474 quod
2638 4411 2723 4457 est
2763 4398 3115 4471 impossibile.
3165 4396 3505 4452 Necessitate

1918 4515 2049 4568 ergo
2087 4513 2247 4554 omne
2267 4496 2529 4561 futurum,
2562 4494 2800 4563 futurum
2827 4502 2957 4555 est;
2982 4490 3095 4545 etsi
3128 4499 3210 4544 est
3234 4489 3499 4551 futurum,

1914 4592 2155 4656 futurum
2184 4597 2288 4651 est,
2316 4602 2439 4642 cum
2468 4584 2718 4639 futurum
2744 4582 2946 4641 dicitur
3002 4580 3072 4636 de
3122 4580 3305 4634 futuro
3337 4593 3353 4632 :
3401 4579 3501 4635 sed

1916 4683 2016 4713 ³⁸³³
2046 4681 2373 4737 necessitate
2402 4684 2687 4747 sequente,
2712 4689 2831 4744 quae
2853 4671 2991 4729 nihil
3015 4686 3139 4727 esse
3159 4670 3319 4741 cogit.

1502 4860 1741 4917 unus
1780 4820 2179 4916 moneatis.

303 5017 409 5051 m‘
483 5017 679 5072 Videor
712 5018 887 5096 inde“
933 5032 1160 5088 peccare
1228 5035 1326 5071 ms.
1381 5014 1563 5096 Gem._
1608 5021 1741 5076 mihi
1809 5022 1998 5096 videor
2067 5021 2192 5075 inde
2264 5036 2495 5096 peccare
2566 5038 2728 5096 mss._
2765 5020 2896 5096 Vict.
2964 5020 3153 5074 Cister.
3219 5016 3348 5096 mihi
3420 5017 3499 5071 vi-

202 5092 345 5163 deor
383 5088 801 5163 _peccare___'°"
833 5088 891 5144 Si
952 5104 1287 5163 nou_pecco.
1343 5106 1468 5142 mss.
1520 5091 1564 5144 si
1584 5108 1727 5163 {non
1794 5091 1960 5163 pceCo
2013 5102 2067 5146 et
2127 5106 2228 5160 ego
2266 5088 2401 5123 “³⁶¹³
2456 5091 2598 5163 Ergo
2652 5091 2932 5163 sciendum
2985 5089 3333 5163 ξιιμ-σηιξη..
3373 5102 3504 5155 ergo

202 5162 305 5194 ’θη
364 5158 480 5215 Aut
537 5159 821 5234 prohibeat
892 5173 1013 5213 esse
1069 5155 1325 5234 iniustum
1361 5178 1509 5234 Διιιιιιι.
1567 5160 1755 5234 Cister.
1794 5155 1901 5217 'aut
1949 5155 2236 5234 prohibeat
2279 5177 2427 5234 eum.
2470 5155 2599 5234 esse
2650 5158 3081 5234 injustAumLf‘"
3111 5157 3228 5234 Sed
3248 5155 3501 5234 voluntas

199 5248 316 5287 non
354 5246 466 5282 mss
518 5226 660 5298 quod
688 5231 937 5282 voluntas
966 5245 1071 5282 non
1147 5228 1239 5260 ³⁶¹¹
1270 5229 1410 5296 Quia
1435 5231 1515 5285 sic
1564 5246 1629 5286 ex
1661 5231 1916 5290 libertate
1951 5226 2092 5288 'mss.
2133 5242 2187 5286 et
2242 5233 2289 5287 si
2360 5248 2425 5286 ex
2478 5226 2733 5287 libertate
2806 5230 2899 5262 ³⁶¹²
2930 5229 2985 5284 Si
3039 5227 3255 5298 prmscit
3301 5226 3503 5298 aliquid

200 5248 316 5287 non
354 5246 466 5282 mss
518 5245 660 5298 quon
688 5245 937 5282 voluntas
966 5245 1071 5282 non
1147 5245 1239 5260 ϋ-
1270 5245 1410 5296 unm
1435 5247 1515 5285 sic
1564 5246 1629 5286 ex
1661 5245 1916 5290 libertate
1969 5251 2092 5288 mss.
2133 5245 2187 5286 et
2242 5249 2289 5287 ει
2360 5248 2425 5286 ex
2478 5245 2733 5287 ubertate
2806 5245 2899 5262 ὀ·-
2930 5245 2985 5284 Si
3037 5245 3255 5351 praesen
3301 5245 3502 5295 anqutu

200 5319 338 5356 mss.
387 5300 431 5354 si
468 5300 685 5369 prmscit
717 5300 856 5354 Dens
887 5299 1111 5369 aliquid,
1188 5298 1283 5331 ³⁸³³
1314 5300 1367 5353 id
1396 5309 1480 5355 est
1509 5316 1574 5355 ac
1606 5302 1649 5356 si
1704 5304 1880 5358 dicam
1945 5321 2072 5358 mss.
2134 5304 2276 5357 idem
2328 5312 2412 5357 est
2444 5318 2507 5357 ac
2562 5303 2607 5356 si
2634 5301 2812 5355 dicam
2866 5317 2965 5354 ms.
3079 5300 3167 5353 iet.
3213 5297 3259 5369 Er
3306 5296 3369 5369 Ε.
3414 5297 3502 5353 15.

200 5372 359 5427 idem
393 5367 482 5423 est
511 5383 575 5421 ac
600 5368 647 5441 si
674 5369 885 5423 dicatur
957 5368 1050 5400 ³⁸⁸⁵
1080 5369 1491 5441 Ροιιιιιιιιινιεε
1525 5387 1675 5436 εεεε,
1699 5374 1957 5429 dicuntur
1989 5390 2055 5428 ex
2078 5391 2203 5427 mss.
2247 5370 2380 5425 Vict.
2414 5371 2603 5425 Cister.
2647 5370 3005 5441 poniturirem
3037 5367 3415 5441 essetdicitur
3435 5383 3499 5423 ex

196 5442 302 5474 m'
369 5440 478 5493 Aut
525 5438 651 5512 quia
698 5446 973 5512 ponuntur
1018 5454 1122 5494 non
1152 5455 1293 5504 esse,
1319 5440 1658 5512 aliirmantur
1680 5459 1806 5499 mss.
1846 5444 1980 5499 Vict.
2006 5445 2240 5512 autquia
2270 5443 2488 5512 ponitur
2509 5456 2615 5512 non
2637 5436 2777 5501 esse,
2796 5440 3123 5512 allirmaturg
3180 5437 3277 5512 'ff‘
3301 5436 3475 5512 Neces

196 5513 347 5567 sitas
376 5525 499 5583 qua?
523 5509 953 5583 reihposjtionem
985 5527 1109 5563 mss.
1146 5511 1443 5567 necessitas
1499 5513 1573 5568 rei
1626 5515 1949 5583 positionem
2026 5508 2149 5549 ³⁶²⁷’
2173 5508 2455 5582 Significat
2479 5511 2567 5583 hic
2594 5511 2897 5583 necessitas
2923 5525 3053 5583 mss.
3079 5508 3352 5581 signiﬁcat
3385 5508 3500 5583 haec

198 5580 521 5652 necessitas
592 5579 686 5610 κη’
710 5579 1027 5652 Simulesse
1044 5590 1097 5634 et
1127 5595 1235 5636 non
1268 5596 1506 5650 prmsens
1535 5579 1659 5638 mss.
1695 5585 1851 5640 simul
1879 5602 2001 5642 esse
2025 5601 2130 5640 non
2159 5579 2421 5652 praesens
2473 5580 2567 5613 “"
2590 5580 2764 5652 Simul
2793 5588 2848 5634 et
2868 5596 2976 5635 non
3001 5579 3244 5635 futurum
3275 5596 3401 5633 mss.
3427 5580 3499 5632 si-

198 5653 324 5707 mul
361 5665 473 5724 non
497 5648 737 5724 futurum
815 5650 908 5724 f'”
927 5650 1119 5718 Aliqua
1142 5648 1286 5706 nunc
1305 5661 1387 5724 est
1410 5669 1536 5724 mss.
1569 5653 1747 5724 aliqua
1772 5672 1877 5712 non
1909 5666 1992 5713 est
2066 5648 2350 5708 m"Simul
2372 5666 2493 5724 esse
2516 5651 2883 5724 praeteritum,
2901 5660 2956 5707 et
3001 5666 3106 5706 non
3125 5664 3247 5706 esse
3271 5658 3498 5724 prseter-

194 5724 375 5776 ‘rtum.
402 5718 509 5773 Sed
539 5720 836 5792 mss.simul
864 5736 967 5775 non
981 5736 1109 5792 esse
1130 5721 1485 5792 praeteritum.
1510 5722 1617 5779 Sed
1662 5718 1771 5757 ’³⁸³³
1789 5725 1960 5783 Omne
1976 5727 2215 5780 luturmn
2246 5723 2388 5791 quod
2415 5718 2683 5792 futurum:
2708 5722 2979 5792 quoddam
2998 5738 3129 5792 mss.
3148 5718 3320 5776 omne
3348 5720 3492 5792 futui

193 5808 330 5847 tum
364 5804 490 5846 esse
540 5788 779 5845 futurum
813 5810 823 5844 :
852 5785 1146 5857 quoddam:
1223 5792 1318 5826 ³⁸⁸⁸
1340 5791 1406 5849 Ει
1429 5808 1549 5850 cum
1601 5793 1843 5860 futurum
1875 5798 2077 5854 dicitur
2106 5796 2172 5851 de
2225 5785 2426 5860 futuro,
2463 5791 2509 5850 si
2536 5802 2621 5850 est
2660 5785 2929 5863 fututum,
2984 5791 3227 5850 futurum
3271 5800 3373 5855 est,
3405 5785 3503 5843 sed
