4076 6288
555 386 663 444 διι

1099 390 1158 447 S.
1200 391 1496 448 ANSELMI
1532 391 1888 451 CANTUAR.
1930 395 2252 453 AllCiilEP.
2299 398 2453 457 OPP.
2488 370 2671 459 PARS
2695 402 2736 458 I.
2763 435 2831 445 ——
2871 403 3295 464 DOGMATICA.

3710 414 3821 468 5ιί

549 500 677 557 (In.
721 499 805 556 ΙΙΙ.
839 530 911 542 --
949 501 1103 590 Quod
1138 503 1522 590 libere‘futura,
1551 522 1679 590 .non
1701 508 1802 590 sint
1838 498 2129 563 necessaria
2161 515 2205 572 Α
2236 522 2447 582 sponte,
2482 529 2585 568 non
2615 524 2957 586 Operarctur,
2984 519 3231 589 quamvis
3256 521 3396 590 quod
3418 520 3567 585 facit,
3594 537 3827 579 necesse

786 573 1087 626 necessitate
1108 573 1453 643 prteredente,‘
1474 576 1564 629 scd
1586 588 1853 645 sequente.

621 660 757 716 Cum
805 672 986 716 autem
1010 661 1253 717 futurum
1278 664 1479 719 dicitur
1510 666 1577 720 de
1612 681 1697 731 re,
1750 682 1858 721 non
1915 682 2133 737 semper

549 763 639 806 res
664 753 985 808 necessitate
1005 761 1107 819 est,
1132 756 1382 824 quamvis
1402 756 1474 811 sit
1502 755 1707 812 futura.
1736 756 1873 813 Nam
1904 758 1950 813 si
1976 759 2127 815 dico:

550 838 683 894 Cras
711 842 900 895 seditio
928 843 1117 912 futura
1151 854 1227 899 cst
1257 846 1315 900 in
1334 846 1551 917 populo,
1587 864 1692 903 non
1719 856 1902 904 tamen
1937 866 2131 906 neces-

550 936 716 989 sitate
739 936 847 990 erit
876 937 1092 993 seditio.
1122 938 1306 994 Potest
1326 941 1470 995 enim
1490 941 1629 1006 ﬁeri,
1647 951 1939 1012 antequam
1957 943 2049 1010 sit,
2074 952 2133 998 ut

550 1037 659 1080 non
720 1026 843 1093 ﬂat,
883 1029 1101 1084 etiamsi
1141 1040 1226 1085 est
1272 1029 1456 1085 futura
1487 1031 1602 1083 ⁸⁸⁸⁵.
1651 1031 1958 1101 Aliquando
2002 1049 2133 1089 vero

549 1124 655 1179 est,
706 1125 764 1170 ut
789 1131 880 1172 res
907 1118 977 1173 sit
998 1134 1065 1174 ex
1093 1122 1421 1178 necessitate
1450 1138 1571 1193 quae
1594 1122 1792 1178 dicitur
1825 1124 2032 1190 futura,
2066 1135 2125 1181 ut

551 1206 596 1259 si
635 1206 761 1263 dico
806 1222 924 1263 cras
950 1224 1063 1264 esse
1091 1208 1331 1279 futurum
1360 1222 1533 1266 ortum
1558 1212 1781 1266 solis.Si
1832 1228 1962 1283 ergo
1999 1229 2124 1269 cum

556 1299 890 1354 necessitate
944 1301 1186 1355 futurum
1243 1303 1539 1373 pronuntio
1585 1306 1650 1358 de
1686 1318 1744 1358 re
1802 1303 1979 1359 futura
2031 1310 2133 1362 boc

554 1390 736 1456 modo,
765 1392 960 1447 seditio
1022 1407 1144 1448 eras
1192 1394 1395 1460 futura,
1428 1394 1778 1450 necessitate
1806 1393 1983 1450 futura
2012 1409 2131 1463 est;

556 1489 669 1547 aut,
732 1494 887 1539 ortus
923 1484 1055 1539 solis
1086 1500 1211 1541 cras
1240 1485 1480 1553 futurus,
1529 1488 1859 1542 necessitate
1912 1486 2131 1546 futurus

550 1580 634 1624 est
666 1588 679 1625 :
708 1573 905 1627 seditio
930 1574 1168 1643 quidem,
1212 1590 1332 1644 quae
1380 1591 1487 1631 non
1516 1578 1623 1632 erit
1664 1593 1730 1632 ex
1784 1580 2131 1647 necessitate,

553 1661 667 1715 sola
700 1666 945 1732 sequenti
974 1666 1296 1721 necessitate
1326 1666 1511 1723 futura
1541 1670 1841 1733 asset-itur;
1891 1674 2018 1742 quia
2052 1672 2133 1726 fu-

551 1760 672 1808 tura
704 1755 770 1809 de
796 1757 975 1812 futura
994 1758 1197 1813 dicitur
1228 1775 1241 1810 :
1281 1760 1325 1814 si
1345 1762 1488 1815 enim
1522 1777 1646 1817 cras
1672 1762 1854 1818 futura
1893 1776 2003 1830 est,
2038 1781 2134 1819 ne-

550 1845 810 1901 cessitate
850 1846 1029 1901 futura
1059 1858 1141 1902 est
1181 1867 1194 1903 :
1237 1860 1391 1906 ortus
1430 1868 1558 1907 vero
1605 1854 1736 1909 solis
1777 1858 1987 1910 duabus
2040 1872 2134 1911 ne-

552 1938 906 1992 cessitatibus
955 1940 1170 1997 futurus
1218 1942 1559 2013 intelligitur,
1589 1946 1795 2000 scilicet
1844 1957 1897 2000 et
1930 1963 2134 2016 praece-

550 2026 699 2080 denti
726 2043 846 2097 quae
872 2029 999 2084 facit
1053 2047 1165 2085 rem
1233 2048 1375 2098 esse,
1427 2034 1547 2089 ideo
1576 2036 1720 2088 enim
1745 2040 1845 2089 erit
1876 2038 2001 2106 quia
2042 2054 2135 2092 ne-

551 2130 703 2171 cesse
745 2127 829 2172 ost
876 2128 934 2173 ut
984 2121 1082 2185 sit;
1114 2130 1169 2175 et
1196 2125 1473 2190 sequenti,
1517 2139 1637 2194 quae
1665 2126 1794 2180 nihil
1818 2130 1960 2195 cogit
1992 2142 2133 2192 esse,

551 2203 809 2269 quoniam
839 2202 1046 2259 idcirco
1079 2208 1404 2263 necessitate
1441 2210 1655 2265 futurus
1684 2221 1787 2277 est,
1832 2214 1958 2281 quia
1993 2213 2137 2267 futuo

554 2309 649 2348 rus
681 2306 785 2350 est.
816 2295 1181 2369 Quapropter,
1215 2316 1338 2355 cum
1366 2302 1596 2357 dicimus
1653 2304 1779 2373 quia
1822 2307 1963 2375 quod
1995 2307 2138 2364 Deus

553 2388 771 2453 praeseit
795 2386 1060 2457 futurum,
1095 2408 1316 2449 necesse
1351 2404 1433 2449 est
1458 2410 1576 2450 esse
1600 2395 1867 2461 futurum,
1908 2415 2014 2454 non
2048 2415 2136 2454 as-

552 2476 786 2532 serimus
814 2479 907 2512 ³⁸³⁸
939 2495 1153 2551 semper
1182 2498 1293 2538 rem
1322 2501 1442 2540 esse
1466 2491 1796 2551 necessitate
1856 2491 2134 2559 futuram;

551 2567 648 2621 sed
694 2584 805 2623 rem
843 2572 1104 2636 futuram.
1150 2579 1481 2634 necessitate
1528 2596 1650 2636 esse
1702 2583 1965 2638 futuram.
2022 2583 2137 2639 Non

549 2658 695 2712 enim
715 2670 893 2730 potest
916 2662 1155 2720 futurum
1176 2667 1338 2721 sinml
1368 2684 1474 2724 non
1503 2686 1626 2726 esse
1649 2671 1917 2727 futurum.
1981 2674 2134 2730 Idem

550 2764 746 2807 sensus
770 2760 877 2821 est,
906 2755 951 2810 si
974 2756 1066 2811 sic
1088 2757 1290 2813 dicitur
1323 2778 1335 2812 :
1372 2760 1432 2815 Si
1464 2760 1605 2817 Deus
1662 2767 1869 2833 prwscit
1912 2764 2138 2833 aliquid,

552 2855 660 2896 non
679 2844 926 2899 addendo
942 2848 1209 2916 futurum;
1226 2851 1483 2920 quoniam
1500 2854 1552 2907 in
1565 2857 1809 2923 prwsct're
1824 2857 2142 2928 intelligitur

554 2929 813 2998 futurum.
836 2933 970 2991 Nam
990 2953 1098 2992 non
1116 2949 1199 2994 est
1224 2941 1367 2995 aliud
1395 2944 1648 3011 praescire
1660 2960 1823 3015 quam
1837 2947 1978 3001 seire
1996 2947 2140 3002 futu-

555 3032 699 3085 rum;
724 3031 781 3077 et
805 3023 925 3078 ideo
949 3026 993 3080 si
1012 3029 1227 3096 praescit
1253 3029 1394 3085 Deus
1424 3032 1655 3102 aliquid,
1674 3050 1900 3090 necesse
1912 3047 1996 3091 est
2014 3036 2141 3093 illud

553 3125 677 3167 esse
688 3113 947 3170 futurum.
973 3117 1232 3192 Nonergo
1254 3139 1469 3194 semper
1490 3128 1736 3196 sequitur
1752 3131 2141 3198 prteseientiam

556 3203 673 3269 Dei,
706 3220 820 3261 rem
844 3212 1167 3268 necessitate
1192 3214 1429 3270 futuram
1453 3232 1610 3284 esse;
1641 3221 2138 3291 quoniam,qnam-
2170 3228 2215 3289 C

557 3294 640 3349 vis
666 3299 844 3353 omnia
865 3298 1045 3357 futura
1073 3306 1344 3374 praesciat,
1372 3324 1476 3364 non
1504 3319 1683 3365 tamen
1710 3315 1919 3383 praescit
1942 3325 2136 3370 cuncta

555 3385 740 3439 futura
791 3392 1138 3459 necessitate,
1195 3397 1289 3451 sed
1330 3400 1577 3467 quaedam
1609 3402 1827 3470 pnescit
1872 3418 1936 3457 ex
1970 3404 2139 3459 libera

557 3478 836 3535 rationalis
881 3494 1149 3541 creaturae
1201 3488 1480 3545 voluntate
1548 3491 1753 3549 futura.
1830 3493 2135 3550 Notandum

551 3570 756 3639 quippe
793 3582 878 3627 est
904 3577 1058 3645 quia,
1104 3578 1245 3633 sicut
1288 3596 1511 3637 necesse
1547 3598 1652 3637 non
1687 3593 1773 3638 est
1809 3584 1978 3639 Deum
2007 3586 2138 3639 velle

550 3663 700 3728 quod
738 3662 879 3730 vult;
912 3666 985 3719 ita
1012 3682 1233 3724 necesse
1254 3681 1336 3725 est
1379 3672 1430 3725 in
1460 3672 1646 3729 multis
1688 3675 1825 3733 velle
1860 3677 2135 3731 bomnem

547 3754 699 3821 quod
731 3754 886 3818 vnit;
927 3766 1003 3820 et,
1036 3759 1180 3814 sicut
1234 3777 1455 3818 necesse
1493 3773 1580 3820 est
1637 3765 1733 3797 ³⁸³⁸
1787 3782 1929 3831 esse,
1983 3768 2166 3837 quidv

548 3844 687 3912 quid
720 3845 860 3903 Deus
891 3851 1030 3912 vult;
1071 3851 1142 3904 ita
1165 3868 1386 3909 necesse
1411 3864 1653 3922 estesse,
1672 3858 1815 3927 quod
1847 3858 2137 3913 vulthomo

552 3933 610 3987 in
638 3934 743 3999 bis,
774 3953 894 4007 qua:
935 3939 1078 3996 Dens
1102 3942 1172 3996 ita
1225 3944 1407 3998 subdit
1439 3945 1688 4002 humana:
1740 3947 2033 4013 voluntati,
2080 3960 2137 4008 ut

548 4026 650 4060 ³⁸³⁷
678 4030 724 4083 si
765 4031 875 4086 vult
902 4032 1232 4100 fiant,sinon
1259 4038 1368 4091 vult
1395 4053 1500 4092 non
1530 4038 1678 4093 liant.
1706 4040 1971 4108 Quoniam
1989 4043 2133 4097 enim

546 4122 699 4189 quod
726 4122 866 4178 Deus
893 4125 1025 4194 vnb,
1062 4143 1166 4183 non
1201 4136 1380 4198 potest
1410 4146 1514 4185 non
1546 4146 1692 4197 esse;
1722 4146 1845 4185 cum
1890 4132 2002 4185 vult
2042 4133 2140 4187 bo-

558 4211 722 4265 minis
744 4214 1074 4270 voluntatem
1099 4219 1241 4271 nulla
1263 4219 1383 4289 cogi
1415 4219 1498 4274 vel
1523 4222 1797 4290 prohiberi
1814 4224 2138 4279 necessitate

2233 604 2304 660 sit
2332 604 2473 671 ﬁeri,
2500 615 2554 659 ιιι
2578 623 2739 677 supra
2769 608 2900 663 dixi.
2926 608 3083 674 Nam,
3115 611 3368 680 quoniam
3399 629 3505 666 non
3533 624 3617 668 est
3672 615 3826 670 aliud

2234 696 2305 755 ibi
2333 713 2580 769 peccare,
2610 716 2771 770 quam
2800 702 2938 757 velle
2962 704 3104 772 quod
3134 720 3235 758 non
3267 704 3454 771 debet;
3485 707 3559 761 ita
3589 722 3696 761 non
3734 715 3828 763 est

2232 800 2511 859 peccatum
2560 792 2858 847 voluntatis
2893 798 3283 860 necessarium,
3330 798 3470 853 sicut
3517 798 3655 856 velle
3708 815 3826 855 non

2233 891 2315 937 est
2337 884 2701 939 necessarium
2735 902 2749 940 :
2781 894 2960 939 tamen
2987 903 3171 941 verum
3203 897 3286 943 est
3307 890 3431 959 quia
3460 889 3505 945 si
3530 890 3828 948 vulthomo

2234 988 2483 1042 peccare,
2512 989 2735 1030 necesse
2764 984 2845 1030 est
2870 986 2997 1029 eum
3024 992 3279 1044 peccare;
3304 981 3397 1035 sed
3418 996 3483 1035 ea
3524 982 3831 1037 necessita-

2236 1078 2288 1126 te
2316 1086 2478 1140 quam
2506 1086 2669 1142 supra
2714 1074 2822 1128 dixi
2853 1073 3007 1145 (Cap.
3037 1075 3092 1145 2)
3124 1075 3255 1130 nibil
3279 1093 3473 1147 cogere
3507 1088 3601 1133 aut
3636 1068 3831 1149 probi-

2236 1161 2382 1214 bere.
2412 1159 2595 1231 Itaque
2620 1163 2762 1231 quod
2784 1163 2893 1216 vult
2926 1163 3093 1218 libera
3140 1165 3409 1231 voluntas,
3460 1178 3513 1223 et
3558 1176 3740 1239 potest
3766 1179 3831 1225 et

2237 1268 2341 1307 non
2368 1260 2545 1321 potest
2597 1269 2703 1309 non
2747 1255 2903 1322 velle,
2926 1266 2982 1310 et
3025 1272 3249 1313 necesse
3273 1269 3354 1312 est
3388 1274 3506 1314 eam
3533 1261 3672 1316 velle
3701 1262 3829 1317 "".

2237 1345 2419 1401 Potest
2442 1362 2675 1416 namque
2706 1362 2810 1401 non
2837 1348 2971 1402 velle
2999 1358 3289 1420 antequam
3322 1350 3469 1417 velit,
3493 1352 3617 1421 quia
3646 1353 3828 1409 libera

2236 1443 2347 1501 est;
2374 1444 2430 1489 et
2451 1451 2573 1490 cum
2594 1436 2705 1506 jam
2731 1437 2842 1491 vult
2875 1438 2995 1502 '6“,
3030 1456 3135 1493 non
3162 1449 3341 1507 potest
3383 1456 3486 1495 non
3541 1443 3702 1511 velle,
3732 1445 3833 1498 sed

2236 1542 2355 1580 eam
2386 1524 2519 1580 velle
2548 1541 2773 1582 necesse
2810 1538 2920 1594 est;
2953 1529 3208 1600 quoniam
3236 1530 3571 1600 impossibile
3608 1532 3696 1587 ille
3746 1542 3835 1587 est

2238 1619 2466 1690 idipsum
2495 1621 2652 1676 simul
2675 1630 2729 1675 et
2760 1620 2893 1675 velle
2918 1630 2972 1675 et
3002 1637 3107 1676 non
3129 1623 3280 1676 velle.
3313 1622 3458 1689 Opus
3488 1639 3617 1677 vero
3633 1623 3836 1679 volnu-

2238 1709 2380 1772 Iatis,
2406 1712 2490 1765 cui
2509 1712 2689 1766 datum
2721 1720 2884 1766 estut
2908 1712 3048 1781 quod
3081 1712 3192 1766 vult
3221 1713 3310 1778 sit,
3346 1723 3401 1767 et
3427 1714 3570 1783 quod
3590 1730 3698 1768 non
3718 1714 3840 1770 vult

2239 1815 2345 1853 non
2407 1802 2497 1869 sit,
2552 1802 2913 1856 voluntarium
2961 1803 3075 1857 sive
3118 1817 3475 1873 spnutanemn
3523 1816 3634 1871 est;
3691 1823 3840 1876 quo-

2169 1871 2212 1931 Β
2244 1891 2386 1945 niam
2415 1902 2707 1961 spontanee
2735 1894 3008 1949 voluntate
3037 1895 3095 1948 ﬁt
3125 1912 3139 1949 :
3169 1906 3222 1950 et
3255 1897 3502 1951 bifariam
3529 1914 3612 1951 est
3642 1915 3844 1954 neces-

2238 1983 2465 2047 sarium,
2500 1988 2624 2054 quia
2648 1996 2702 2041 et
2735 1988 3008 2042 voluntate
3028 1990 3695 2060 cogiturlieri,etqnodlit
3729 2008 3842 2044 non

2240 2088 2421 2147 potest
2449 2078 2610 2133 simul
2668 2096 2773 2132 non
2828 2080 2966 2133 lieri.
3003 2080 3107 2134 Sed
3150 2081 3248 2135 ltas
3293 2082 3647 2135 nccvssitates
3703 2083 3846 2135 facit

2239 2169 2532 2224 voluntatis
2561 2170 2799 2235 libertas,
2831 2187 2970 2241 qum,
2998 2172 3311 2241 priusquam
3343 2172 3472 2235 sint,
3503 2188 3596 2227 eas
3637 2189 3847 2227 cavere

2241 2270 2440 2330 potest.
2472 2261 2597 2317 llaec
2621 2262 2799 2315 omnia
2828 2262 2986 2325 Deus,
3010 2264 3098 2330 qui
3127 2263 3229 2317 scit
3286 2279 3502 2317 onmem
3542 2264 3844 2317 veritatem

2244 2362 2299 2407 et
2331 2354 2542 2407 nonnisi
2572 2353 2875 2417 verilatem,
2904 2354 3041 2408 sicut
3068 2368 3189 2409 sunt
3218 2365 3516 2424 spontaneo
3544 2355 3627 2409 vel
3647 2370 3848 2409 neces-

2241 2444 2401 2505 saria,
2418 2446 2580 2510 videt,
2596 2446 2797 2500 etsicut
2816 2446 2981 2514 videt,
3003 2447 3075 2501 ita
3088 2457 3233 2501 sunt.
3254 2447 3362 2503 llac
3375 2463 3505 2518 ergo
3520 2449 3849 2503 con~idera-

2246 2536 2389 2590 tione
2420 2536 2596 2605 palam
2612 2545 2693 2591 est
2723 2537 2847 2607 quia
2876 2538 2991 2593 sine
3018 2539 3164 2593 omni
3194 2540 3567 2609 repugnantia,
3592 2548 3649 2592 et
3696 2538 3850 2594 Deus

2245 2629 2460 2697 przescit
2502 2630 2708 2693 omnia,
2748 2641 2803 2684 et
2835 2630 3001 2685 multa
3032 2629 3168 2685 ﬁunt
3196 2647 3264 2686 ex
3311 2630 3477 2686 libera
3527 2630 3844 2695 voluntate,

2242 2734 2401 2788 quae,
2474 2730 2763 2789 antequam
2810 2720 2963 2786 sint,
3024 2720 3140 2775 ﬁeri
3188 2730 3366 2789 potest
3419 2728 3477 2775 ut
3554 2736 3850 2790 nunquam

2243 2812 2381 2878 sint;
2441 2820 2496 2867 et
2546 2822 2728 2867 tamen
2796 2812 3194 2883 quodammodo
3246 2823 3373 2867 sunt
3443 2812 3785 2868 necessitate
3833 2830 3848 2866 :

2244 2916 2363 2973 quae
2408 2902 2705 2957 necessitas
2731 2942 2747 2970 ,
2790 2910 2848 2956 ut
2876 2901 3009 2966 dixi,
3056 2902 3333 2957 descendit
3357 2902 3421 2957 de
3445 2902 3617 2957 libera
3650 2902 3852 2957 volun-

2248 3004 2375 3049 tate.

2246 3127 2374 3181 CAP.
2390 3126 2619 3182 lV.—Si
2629 3129 2956 3192 pris-scientia
2971 3128 3065 3182 Dei
3088 3129 3443 3183 necessitatem
3468 3129 3662 3199 ingerit
3688 3130 3852 3185 rebus

2316 3214 2448 3266 quas
2476 3200 2683 3266 pra'scit
2703 3216 2730 3279 .,-
2770 3199 2877 3279 ipse
2905 3199 3041 3254 nihil
3071 3200 3199 3268 facit
3226 3216 3291 3255 ex-
3321 3201 3581 3264 tibertntc,
3604 3201 3704 3254 sed
3733 3218 3852 3255 om-

2319 3285 2406 3321 mu
2422 3283 2494 3320 ως
2518 3278 2842 3322 necessitate.

2314 3394 2577 3462 Cognosci
2631 3403 2812 3465 potest
2852 3395 3019 3451 etiam
3063 3412 3169 3449 non
3232 3395 3419 3450 omnia
3449 3409 3574 3463 qua:
3617 3396 3855 3465 praescit

2243 3485 2385 3539 Dens
2403 3499 2525 3540 esse
2552 3500 2618 3541 ex
2645 3487 2971 3542 necessitate
2992 3530 3007 3554 ,
3032 3487 3127 3541 sed
3158 3488 3404 3556 quaedam
3436 3486 3551 3540 fieri
3567 3501 3638 3540 ex
3672 3486 3854 3541 liber-

2244 3584 2354 3629 tate
2382 3575 2709 3643 voluntatis;
2764 3578 2913 3647 quia,
2959 3595 3083 3632 cnm
3116 3578 3209 3612 ’Μ
3260 3579 3376 3631 vult
3414 3586 3509 3631 aut
3534 3578 3671 3633 facit
3704 3579 3857 3634 Deus

2242 3662 2469 3730 aliquid,
2484 3662 2599 3717 sive
2618 3664 2914 3718 secundum
2946 3664 3268 3719 :eternitatis
3280 3664 3492 3718 dicatur
3515 3665 3856 3720 immutabi-

2241 3761 2343 3813 lem
2371 3758 2714 3826 pnesentiam
2740 3758 2855 3821 ³⁸⁸⁸,
2896 3758 2949 3811 in
2980 3774 3087 3827 qua
3114 3758 3245 3811 nihil
3267 3766 3351 3812 est
3379 3758 3724 3828 prateritum
3757 3770 3858 3813 aut

2246 3849 2406 3919 125
2424 3850 2693 3914 futurum,
2723 3850 2820 3905 sed
2844 3851 3025 3903 omnia
3040 3848 3197 3903 simul
3221 3850 3643 3904 suntsineomni
3659 3860 3854 3916 motu;

2248 3949 2325 4001 ut.
2353 3940 2397 3995 si
2431 3940 2666 3994 dicimus
2687 3940 2811 4008 quia
2832 3955 2937 3994 non
2964 3940 3237 3995 voluitaut
3262 3939 3424 4005 volet,
3456 3954 3557 3995 nec
3579 3940 3721 3995 fecit
3759 3950 3859 3997 aut

2241 4035 2403 4090 faciet
2449 4036 2691 4105 aliquid,
2756 4036 2850 4091 sed
2907 4045 3115 4090 tantum
3174 4036 3290 4090 vult
3312 4036 3407 4069 '“'
3433 4045 3488 4091 et
3530 4036 3704 4102 facit;
3734 4040 3857 4094 sive

2241 4125 2538 4180 secundum
2555 4138 2767 4197 tempus
2779 4126 2923 4181 velut
2948 4142 3070 4182 cum
3090 4126 3556 4196 proferimusquia
3585 4128 3747 4183 votet
3761 4138 3859 4182 aut

2239 4218 2406 4273 faciet
2426 4220 2570 4288 quod
2591 4219 2829 4274 nondum
2842 4218 3045 4273 factum
3064 4219 3575 4289 essecognoscimus
3595 4232 3614 4271 :
3650 4221 3855 4289 negari

557 4301 625 4355 ad
657 4302 970 4374 volendum;
1026 4307 1109 4362 vel
1144 4310 1211 4362 ad
1258 4325 1364 4363 non
1425 4310 1740 4377 volendum,
1780 4321 1836 4366 et
1869 4311 1981 4366 vult
2010 4311 2138 4368 elfe-
2239 4314 2425 4384 nequit
2452 4314 2593 4369 scire
2618 4328 2737 4383 quae
2768 4314 2881 4368 vult
2905 4322 2960 4368 et
2990 4313 3148 4380 facit,
3185 4324 3241 4369 et
3270 4314 3524 4385 praescire
3544 4328 3675 4383 quae
3702 4315 3858 4369 votet

557 4401 709 4446 ctum
738 4398 889 4465 sequi
922 4398 1281 4467 voluntatem;
1314 4410 1446 4460 tunc
1492 4417 1714 4459 necesse
1748 4414 1836 4459 est
1889 4405 2138 4461 volunta-
2238 4414 2403 4474 atque
2428 4402 2610 4459 faciet.
2637 4404 2820 4472 Quare
2843 4406 2889 4459 si
2916 4405 3233 4475 scirentque
3255 4403 3616 4475 przeseireDei
3642 4420 3856 4461 neces-

560 4488 669 4536 tem
701 4498 819 4539 esse
841 4486 1084 4557 liberam,
1126 4499 1182 4546 et
1210 4506 1329 4547 esse
1359 4492 1503 4561 quod
1556 4493 1692 4547 vult.
1723 4493 1778 4548 In
1824 4494 2131 4564 bujusmodi
2238 4496 2458 4551 sitatem
2488 4496 2682 4567 ingerit
2710 4497 2983 4560 omnilms,
3009 4512 3132 4567 qua!
3160 4497 3263 4552 scit
3288 4506 3383 4551 aut
3405 4496 3623 4567 prteseit
3650 4514 3670 4563 ;
3711 4498 3854 4553 nibil

554 4591 692 4647 ergo
712 4591 901 4633 verum
951 4589 1034 4636 est
1061 4584 1189 4654 quia
1239 4583 1569 4641 necessitate
1624 4586 1697 4640 sit
1730 4602 1865 4657 opus
1902 4590 2130 4658 peccati,
2166 4576 2211 4637 Ι)
2237 4587 2531 4643 secundum
2562 4588 2921 4644 aeternitatem
2951 4596 3046 4642 aut
3073 4587 3372 4645 secundum
3393 4587 3562 4642 ullum
3595 4596 3851 4659 tempus.

556 4668 701 4737 quod
733 4669 846 4724 vult
898 4672 1060 4727 homo
1110 4673 1319 4739 facere;
1372 4675 1623 4744 quamvis
1649 4692 1757 4731 non
1806 4679 2134 4734 necessitate
2242 4678 2355 4731 vult
2388 4687 2481 4732 aut
2508 4677 2672 4733 faciet
2701 4677 2816 4747 ipse
2839 4691 2903 4731 ex
2933 4678 3183 4733 libertate
3203 4716 3219 4743 ,
3249 4678 3343 4733 sed
3362 4676 3544 4733 omnia
3570 4691 3637 4733 es
3658 4692 3857 4734 neces-

557 4760 707 4817 velit.
733 4762 887 4832 Quod
908 4764 954 4819 si
978 4765 1241 4834 quan-itur
1265 4767 1331 4822 de
1364 4778 1587 4838 peccato
1608 4769 1778 4839 ipsius
1813 4770 2135 4837 voluntatis,
2240 4770 2447 4825 sitate:
2492 4770 2635 4840 quod
2694 4769 2739 4824 si
2793 4770 3089 4824 absurdum
3142 4778 3224 4825 est
3268 4769 3354 4824 vel
3414 4769 3663 4839 opinari,
3740 4788 3852 4826 non

555 4868 679 4907 cum
709 4854 1171 4923 peceatvolendo,
1215 4866 1392 4911 utrum
1429 4859 1502 4913 sit
1526 4860 1873 4924 necessitate,
1914 4875 2141 4930 respon-
2239 4861 2569 4917 necessitate
2606 4870 2685 4915 est
2713 4870 2807 4914 aut
2839 4870 3081 4925 nonest,
3131 4876 3295 4916 omne
3342 4862 3485 4933 quod
3540 4863 3650 4916 scit
3703 4861 3855 4917 Deus

551 4944 793 5001 dendum
821 4947 1056 5017 estquia
1086 4948 1225 5004 sicut
1258 4965 1362 5005 non
1390 4949 1506 5006 vult
1531 4951 1875 5017 necessitate,
1919 4952 1994 5007 ita
2027 4967 2136 5007 non
2239 4958 2333 5005 aut
2359 4948 2577 5019 praescit
2620 4964 2741 5005 esse
2776 4948 2860 5025 vel
2888 4963 2993 5004 non
3020 4964 3163 5005 esse.
3216 4950 3359 5022 Ergo
3396 4950 3529 5006 nihil
3581 4952 3852 5020 prcbibet

554 5046 641 5092 est
668 5047 948 5108 peccatum
982 5037 1272 5097 voluntatis
1296 5044 1640 5098 necessitate.
1662 5042 1770 5100 Nec
1785 5044 2137 5101 necessitate.
2241 5040 2442 5112 aliquid
2470 5041 2599 5097 sciri
2627 5040 2711 5095 vel
2734 5040 2975 5111 praeseiri
3000 5040 3069 5094 ab
3104 5041 3195 5096 illo
3248 5040 3302 5095 in
3359 5040 3558 5096 nosuis
3587 5042 3857 5099 volunta-

550 5138 813 5199 operatur
869 5131 1061 5188 eadem
1114 5131 1210 5167 ⁸⁸³⁸
1257 5132 1533 5201 voluntas;
1576 5135 1702 5205 quia
1737 5137 1783 5191 si
1813 5152 1922 5192 non
1972 5135 2135 5192 vellet
2248 5133 2391 5192 tibus
2424 5142 2480 5190 et
2501 5134 2805 5190 actionibus
2828 5131 2980 5199 fieri,
3014 5143 3108 5189 aut
3130 5131 3371 5189 futurum
3399 5146 3518 5190 esse
3562 5147 3663 5205 per
3713 5135 3856 5191 libe-

1838 5288 2075 5346 VARIE
2113 5284 2524 5345 LECTIONES.

554 5438 687 5505 mss.
713 5432 770 5505 et
812 5424 856 5480 si
881 5434 967 5505 est
988 5423 1518 5505 futurugp,_lgturum
1543 5434 1649 5505 est,
1687 5442 1813 5482 eum
1870 5425 2112 5505 futurum
2141 5424 2347 5481 dicitur
2376 5423 2443 5480 de
2471 5422 2839 5505 ςιιιιιιιιιλλιεεεξΔ
2900 5420 3203 5505 Ψξβιιιιιη
3235 5437 3356 5491 qua:
3378 5420 3560 5480 futura
3588 5432 3677 5505 est
3710 5440 3847 5505 ista.

552 5494 771 5549 etiamsi
800 5505 883 5550 est
917 5496 1097 5550 futura
1173 5496 1267 5529 ⁸⁸³⁵
1296 5496 1413 5551 Non
1465 5491 1765 5553 asserimus
1816 5512 1942 5551 mss.
1982 5496 2120 5551 Vict.
2160 5511 2270 5551 non
2311 5495 2581 5549 asseritur
2657 5493 2751 5526 ""
2781 5492 2848 5548 Et
2871 5491 3128 5548 similiter
3175 5506 3400 5547 necesse
3444 5508 3575 5548 mss.
3606 5502 3666 5548 et
3697 5496 3853 5549 sicut

556 5579 783 5645 necesse
855 5565 949 5603 ³⁸³⁷
982 5565 1241 5645 Humana:
1267 5575 1553 5645 nuntiaest
1592 5568 1880 5645 voluntati,
1932 5577 1989 5622 ut
2038 5583 2164 5621 mss.
2216 5566 2468 5645 humana}
2517 5564 2807 5645 voluptati,
2839 5573 2898 5619 ut
2973 5561 3075 5645 ³⁶³ξ
3102 5561 3438 5645 Operaretnr
3468 5564 3656 5645 eadem
3712 5581 3849 5645 mss.

567 5631 1072 5713 fictuoperaretur
1092 5637 1281 5713 eadem
1357 5637 1451 5669 ⁸⁶³⁹
1480 5638 1585 5713 Est
1611 5653 1735 5693 eum
1764 5638 1902 5694 velle
1930 5645 2173 5713 msgest
2194 5651 2315 5692 eam
2349 5636 2487 5713 velle
2561 5635 2662 5713 '“°_
2693 5635 2760 5689 Et
2814 5649 2939 5689 cum
2964 5631 3258 5713 vulthinss.
3288 5643 3343 5713 et
3396 5650 3521 5689 cum
3558 5634 3674 5713 jam
3735 5634 3856 5687 vult

560 5703 650 5785 'ff'
712 5700 817 5785 Per
866 5706 971 5785 hoc
996 5708 1136 5785 quod
1187 5719 1459 5785 comptas.
1495 5709 1621 5778 quia
1664 5724 1789 5764 cum
1841 5726 1967 5785 mss.
2018 5706 2211 5762 Cister.
2267 5721 2389 5785 per_
2418 5707 2521 5785 hoc
2571 5705 2717 5785 quia_
2762 5720 2889 5785 cum,
2937 5703 3055 5785 ff“
3088 5700 3403 5785 Secundum
3449 5700 3853 5785 :eternitatetn.

528 5774 705 5829 ‘dicat
730 5771 1118 5831 immutabilem
1154 5771 1553 5845 praescientiam
1586 5795 1711 5833 mss.
1748 5781 2049 5835 secundum
2098 5771 2423 5832 aeternitatis
2445 5771 2661 5832 dicatur
2707 5773 3100 5845 immutabilem
3151 5774 3497 5845 pra‘sentiam
3527 5789 3654 5828 mss.
3706 5771 3848 5827 Vict.

559 5845 648 5901 93.
672 5845 861 5902 Cimr.
895 5843 1193 5904 secundum
1223 5847 1563 5905 aeternitatis.
1601 5887 1612 5900 .
1639 5850 2039 5919 pracscientiam
2117 5848 2209 5880 ""
2244 5847 2351 5903 Sed
2387 5856 2566 5902 tamen
2603 5845 2717 5901 vult
2740 5860 2867 5900 mss.
2911 5843 3006 5900 sed
3062 5852 3274 5901 tantum
3322 5844 3435 5899 vult
