4076 6288
279 367 398 440 5:5;

1104 363 1192 420 DE
1229 358 1580 419 CONCORD.
1620 354 1894 413 PRESC.
1932 352 2040 408 DEI
2082 351 2114 402 ι
2131 350 2224 406 ΒΜ
2247 349 2390 440 ⁹ῙιΙΒ.
2430 349 2706 405 ARBITR.

3451 329 3510 410 εξι
3525 353 3558 408 t

279 500 398 542 nam
424 481 758 538 arbitrium:
793 489 873 538 ut.
909 476 1160 548 quamvis
1181 489 1406 530 necesse
1449 474 1522 529 sit
1564 486 1688 528 esse
1731 465 1875 540 quod
1904 479 1951 536 Α
1978 465 2137 520 nibus
2175 481 2240 520 ex
2293 465 2542 521 libertate
2589 461 2799 519 arbitrii
2837 463 3128 534 aliquando
3157 471 3244 521 est
3279 467 3560 526 mutabile.

279 576 381 631 scit
399 582 490 629 aut
517 572 732 642 przescit
759 611 774 638 ,
807 578 986 624 tamen
1011 567 1178 621 multa
1199 566 1333 620 ﬁant
1359 565 1502 620 nulla
1527 563 1870 626 necessitate,

280 667 373 723 sed
418 665 595 719 libera
641 662 957 729 voluntate,
1003 659 1461 730 quemadmodum
1511 671 1669 727 supra
1721 670 1875 709 mou-

279 755 444 812 stravi
476 755 621 825 (cap.
657 753 731 821 l).
763 750 968 822 Nempe
989 749 1118 820 quid
1144 749 1339 803 mirum
1357 787 1373 812 ,
1397 747 1442 803 si
1466 748 1570 802 boe
1597 746 1758 802 modo
1777 745 1876 799 ali-

279 848 406 919 quid
445 855 529 900 est
582 861 647 900 ex
695 844 946 898 libertate
974 851 1031 898 et
1058 857 1124 898 ex
1153 842 1513 906 necessitate,
1548 855 1671 897 cum
1705 838 1873 893 multa

280 943 385 999 sint
427 940 524 973 ³⁵³⁸
565 955 688 1008 qua:
735 937 1003 1007 recipiunt
1047 935 1293 1006 opposita
1346 934 1559 989 diversa
1612 932 1876 987 ratione?

279 1031 408 1100 Quae
437 1045 675 1100 namque
702 1028 874 1097 magis
898 1028 1144 1099 opposita
1185 1037 1348 1092 sunt,
1411 1041 1574 1106 quam
1625 1025 1775 1078 adire
1820 1032 1877 1080 et

281 1122 476 1178 abire?
507 1122 764 1178 Videmus
792 1117 976 1176 tamen
997 1159 1014 1185 ,
1068 1133 1191 1174 cum
1221 1117 1416 1172 transit
1441 1115 1638 1186 aliquis
1661 1115 1728 1169 de
1756 1115 1874 1169 loco

279 1213 344 1267 ad
367 1212 549 1267 locum
567 1251 583 1276 ,
611 1210 736 1284 quia
765 1209 905 1264 idem
939 1210 1020 1264 ire
1045 1248 1062 1274 ,
1087 1216 1172 1264 est
1191 1209 1346 1264 adire
1359 1205 1454 1240 '“'
1479 1215 1535 1262 et
1557 1207 1724 1261 abire.
1750 1206 1873 1260 Abit

277 1304 421 1359 enim
445 1303 660 1358 deloco
684 1343 700 1367 ,
737 1311 792 1356 et
827 1301 939 1355 adit
964 1300 1031 1355 ad
1051 1299 1252 1356 locum.
1283 1300 1414 1355 Item
1463 1317 1477 1352 :
1531 1298 1576 1353 si
1620 1297 1873 1352 conside—

279 1411 463 1450 remus
498 1395 664 1450 solem
696 1395 797 1449 sub
819 1393 998 1463 aliqua
1045 1401 1203 1463 parte
1259 1391 1430 1464 coeli,
1487 1405 1609 1444 cum
1659 1401 1875 1458 semper

280 1485 478 1539 malum
495 1484 772 1539 lustrando
795 1484 860 1538 ad
874 1484 1118 1538 eamdem
1139 1491 1348 1554 partem
1373 1477 1611 1544 festinet,
1629 1481 1874 1534 videmus

280 1577 409 1647 quia
443 1576 586 1632 idem
615 1577 764 1632 locus
786 1586 872 1632 est
899 1592 928 1630 a
960 1590 1067 1646 quo
1096 1575 1301 1631 recedit
1321 1585 1374 1630 et
1421 1575 1486 1629 ad
1526 1589 1685 1644 quem
1709 1587 1872 1628 acce-

281 1666 387 1728 dit,
417 1674 474 1720 et
501 1666 870 1720 intleSiii~etiter
894 1665 940 1721 ei
969 1665 1158 1721 eodem
1182 1675 1425 1735 tempore
1446 1665 1869 1735 appropinquat,

285 1769 313 1806 a
351 1768 463 1822 quo
494 1753 796 1822 elongatur.
829 1753 987 1808 Patet
1011 1754 1175 1808 etiam
1205 1769 1424 1808 cursum
1451 1753 1568 1824 ejus
1590 1768 1695 1807 non
1719 1754 1873 1824 igno-

1975 554 2128 610 Sicut
2151 557 2295 610 enim
2321 556 2568 626 quamvis
2596 555 2649 610 in
2670 555 2978 611 mternitate
3004 571 3110 611 non
3158 556 3260 612 I‘uit
3312 568 3411 614 aut
3457 562 3564 617 erit

1974 647 2177 718 aliquid
2200 687 2216 712 ,
2246 647 2342 702 sed
2365 656 2573 702 tantum
2599 653 2720 713 est,
2747 657 2802 702 et
2822 655 3006 704 tamen
3031 649 3086 704 in
3116 657 3357 720 tempore
3386 650 3488 708 fuit
3507 663 3566 710 et

1972 741 2078 796 erit
2101 739 2302 810 aliquid
2336 739 2456 795 sine
2487 740 2837 811 repugnantia
2863 758 2879 807 ;
2907 741 2977 796 ita
3009 742 3152 811 quod
3171 742 3224 798 in
3254 745 3562 804 aeternitate

1976 833 2172 888 mutari
2207 832 2423 902 nequit,
2478 832 2532 887 in
2583 841 2824 903 tempore
2855 832 3143 904 aliquando
3191 849 3289 904 per
3332 834 3562 893 liberam

1975 922 2308 978 voluntatem
2341 931 2631 992 antequam
2675 921 2776 990 sit,
2827 938 2953 980 esse.
2997 924 3256 981 mutabile
3297 927 3562 996 probatur

1981 1016 2187 1086 absque
2216 1016 2651 1070 inconvenientia
2678 1033 2693 1071 :
2724 1016 2970 1086 quamvis
3000 1026 3178 1074 autem
3209 1020 3280 1073 ibi
3324 1019 3457 1074 nihil
3490 1021 3564 1075 sit

1975 1106 2076 1160 nisi
2100 1121 2370 1176 praesens,
2402 1122 2507 1162 non
2540 1115 2832 1162 esttamen
2885 1105 3016 1162 illud
3064 1123 3303 1178 praesens
3354 1120 3562 1182 tempo-

1974 1194 2087 1248 rale
2112 1234 2128 1260 ,
2158 1195 2300 1250 sicut
2323 1204 2566 1251 nostrum
2589 1212 2603 1262 ;
2630 1195 2724 1252 sed
2746 1204 3010 1252 aeternum
3035 1236 3051 1261 ,
3094 1198 3148 1252 in
3183 1215 3290 1276 quo
3313 1208 3558 1270 tempora

1973 1295 2171 1340 cuncta
2197 1285 2563 1342 continentur.
2590 1287 2870 1356 Siquidem
2890 1327 2905 1351 ,
2943 1288 3396 1357 quemadmodum
3423 1306 3564 1361 prae-

1975 1384 2101 1432 sens
2129 1386 2338 1448 tempus
2357 1379 2596 1433 continuet
2623 1394 2842 1435 omnem
2874 1379 3050 1436 locum
3077 1389 3134 1436 et
3175 1398 3297 1451 qua:
3325 1383 3378 1436 in
3422 1399 3564 1454 quo-

1977 1466 2105 1520 libet
2125 1466 2242 1520 loco
2267 1474 2424 1532 sunt;
2460 1466 2530 1520 ita
2570 1477 2772 1523 teterno
2801 1471 3056 1538 prtesenti
3098 1471 3260 1527 simul
3291 1472 3566 1528 clauditur

1973 1571 2135 1610 ounne
2160 1565 2371 1626 tempus
2403 1566 2458 1612 et
2485 1572 2606 1628 qua:
2649 1569 2775 1613 sunt
2822 1560 2874 1614 in
2897 1560 3149 1630 quolibet
3179 1571 3419 1632 tempore
3440 1563 3562 1617 ³⁸⁵⁸.

1976 1645 2112 1700 Cum
2133 1660 2263 1716 ergo
2291 1646 2369 1701 ait
2411 1648 2697 1716 Apostolus
2725 1649 2848 1718 quia
2898 1649 3040 1704 Deus
3079 1654 3297 1719 praescit
3345 1665 3567 1712 sanctos

1977 1751 2135 1804 suos,
2167 1738 2601 1807 praedestinavit,
2645 1742 2894 1807 vocavit,
2938 1741 3299 1814 justiﬁiavit,
3353 1747 3566 1815 magni-

281 1843 566 1910 ranzibus,
624 1845 750 1914 quia
807 1845 850 1900 si
894 1843 1092 1900 coelum
1147 1845 1596 1913 consideremus,
1660 1858 1874 1915 semper

1980 1826 2160 1882 ticavit
2180 1866 2196 1892 ,
2228 1827 2362 1882 nibil
2390 1829 2580 1883 borum
2615 1829 2764 1900 prius
2805 1839 2898 1884 aut
2918 1831 3189 1901 posterius
3219 1836 3360 1903 apud
3390 1833 3563 1890 Deum

282 1938 481 1992 transit
509 1939 578 1994 ab
607 1932 927 1993 occidentali
964 1949 1118 2010 parte
1155 1940 1222 1992 ad
1251 1937 1590 1994 orientalem.
1637 1939 1694 1994 Si
1747 1954 1876 1994 vero

283 2034 486 2081 terram
508 2027 868 2093 attendimus,
916 2043 1188 2100 nunquam
1237 2029 1340 2084 uisi
1397 2029 1467 2084 ab
1515 2031 1764 2085 orientali
1809 2031 1876 2084 ad

279 2118 717 2184 occidentalem;
751 2129 806 2174 et
843 2119 923 2175 sic
975 2134 1191 2190 semper
1238 2128 1428 2176 contra
1474 2120 1876 2176 ﬁrmamentum

279 2209 450 2272 vadit,
485 2218 541 2263 et
567 2208 690 2265 licet
711 2211 942 2275 tardius,
972 2225 1092 2265 cum
1126 2211 1468 2265 ﬁrmamento
1495 2228 1510 2264 :
1542 2212 1684 2282 quod
1703 2212 1875 2282 ipsum

281 2297 612 2354 inmunibus
640 2299 870 2368 planetis
901 2301 1160 2354 cernitur.
1209 2300 1288 2355 lta
1338 2314 1471 2372 ergo
1516 2301 1662 2355 nulla
1701 2301 1878 2357 oritur

282 2388 641 2458 repugnantia
664 2385 685 2454 ,'
715 2390 760 2444 si
787 2390 1081 2445 secundum
1113 2390 1399 2459 praedictas
1449 2390 1689 2446 rationes
1729 2405 1879 2446 assc-

273 2480 452 2533 ‘rimns
483 2480 622 2534 idem
647 2480 852 2549 aliquil
899 2495 1019 2536 esse
1055 2480 1377 2536 necessitate
1425 2480 1704 2548 futurum,
1752 2487 1880 2553 quia

283 2581 365 2624 est
400 2569 671 2637 l'utnrmu;
700 2582 754 2626 et
777 2571 919 2626 itulla
951 2574 1068 2642 cogi
1103 2573 1430 2629 necessitate
1453 2588 1575 2629 esse
1603 2573 1876 2640 futurum,

282 2662 385 2715 nisi
431 2671 496 2716 ea
531 2663 893 2729 neceSsitate,
935 2679 1097 2735 quam
1145 2679 1308 2735 supra
1350 2665 1462 2720 dixi
1497 2669 1639 2737 (cap.
1666 2666 1723 2737 '5)
1763 2665 1875 2721 ﬁeri

282 2767 312 2808 a
350 2752 523 2809 libera
563 2755 861 2811 voluntate.

280 2863 411 2922 CAP.
445 2865 512 2942 Υ.
543 2898 624 2942 -Α
643 2866 796 2934 Quod
827 2869 992 2942 inulta
1021 2870 1075 2924 in
1103 2869 1394 2942 Srripturis
1420 2874 1672 2928 dicuntur
1700 2891 1880 2933 neces-

352 2937 502 2990 saria
523 2949 569 2989 et
609 2939 956 3011 inmutabilia
981 2980 996 3005 ,
1037 2956 1130 3008 per
1162 2937 1604 3011 contparationem
1633 2945 1702 2998 ad
1725 2956 1878 3000 wter-

358 3011 578 3060 nitatem
605 3025 623 3072 ;
679 3024 798 3076 qua:
839 3010 896 3063 in
941 3019 1170 3080 tempore
1209 3010 1331 3066 sunt
1364 3012 1528 3068 libera
1548 3053 1566 3078 ,
1592 3023 1642 3068 et
1668 3025 1877 3085 possent

291 3112 294 3114 ν
355 3094 461 3129 non
486 3094 620 3132 esse.
1811 3105 1816 3110 '

1975 1928 2100 1985 est;
2130 1920 2224 1976 sed
2243 1921 2423 1975 omnia
2453 1921 2610 1976 simul
2640 1932 2843 1978 aeterno
2887 1925 3141 1994 praesenti
3191 1933 3320 1980 sunt
3374 1924 3568 1981 intelli-

1978 2012 2173 2082 genda.
2201 2009 2374 2067 Habet
2407 2014 2551 2067 enim
2593 2013 2870 2070 aeternitas
2917 2030 3076 2071 suum
3121 2015 3323 2084 simul,
3365 2017 3420 2073 in
3457 2033 3566 2089 quo

1979 2111 2105 2158 sunt
2123 2104 2308 2158 omnia
2327 2119 2446 2174 qua:
2467 2106 2628 2160 simul
2653 2117 2778 2162 sunt
2805 2106 2927 2162 loco
2954 2108 3035 2162 vel
3062 2117 3307 2179 tempore
3326 2150 3342 2176 ,
3367 2120 3423 2167 et
3445 2127 3567 2182 qua:

1978 2208 2105 2250 sunt
2151 2197 2380 2253 diversis
2433 2197 2486 2252 in
2536 2197 2669 2254 locis
2727 2199 2810 2253 vel
2857 2200 3214 2270 temporibus.
3263 2199 3336 2256 Ut
3385 2213 3565 2259 autem

1977 2286 2286 2341 ostenderet
2322 2287 2462 2341 idem
2513 2287 2801 2358 Apostolus
2831 2305 2936 2342 non
3007 2289 3095 2343 illa
3151 2291 3314 2346 verba
3356 2306 3416 2346 se
3466 2308 3566 2362 pro

1980 2376 2260 2444 temporali
2304 2377 2696 2447 signiﬁcatione
2739 2379 3016 2447 posuisse;
3064 2373 3158 2434 illa
3199 2381 3394 2446 etiam,
3447 2399 3567 2452 qua:

1980 2467 2164 2522 futura
2188 2478 2354 2532 sunt,
2381 2470 2638 2537 praeteriti
2678 2473 2937 2540 temporis
2971 2471 3136 2527 verbo
3171 2473 3566 2542 pronuntiavit.

1982 2556 2228 2612 Nondum
2251 2558 2393 2612 enim
2419 2573 2558 2627 quos
2585 2560 2857 2628 pnescivit
2885 2561 3064 2616 adhuc
3094 2561 3421 2626 nasciturus,
3449 2562 3563 2632 jam

1983 2649 2351 2716 temporaliter
2372 2651 2585 2704 vocavit
2599 2689 2615 2715 ,
2638 2648 2976 2719 justiﬁcavit,
2995 2651 3384 2722 magniﬁcavit.
3416 2653 3567 2710 Unde

1980 2741 2228 2810 cognosci
2276 2749 2456 2811 potest
2507 2755 2668 2808 eum,
2748 2750 2969 2813 propter
3015 2743 3369 2810 indigentiam
3415 2744 3566 2799 verbi

1980 2832 2334 2902 signiﬁcantis
2357 2841 2616 2888 {sternam
2640 2834 3013 2904 prmsentiam,
3046 2849 3206 2889 usum
3235 2849 3364 2890 esse
3384 2835 3566 2890 verbis

1980 2923 2268 2992 prmteritze
2311 2922 2756 2993 signiﬁcationis;
2821 2925 3075 2993 quoniam
3139 2939 3260 2994 qua;
3322 2933 3566 2996 tempore

1983 3012 2256 3082 pmterita
2279 3023 2444 3079 sunt,
2493 3015 2562 3069 ad
2597 3012 3006 3069 similitudinem
3051 3015 3239 3070 teterni
3283 3029 3408 3086 prae.
3424 3017 3568 3071 eatis

1981 3104 2203 3158 omnino
2231 3102 2587 3160 iutmutabilia
2633 3113 2778 3160 sunt.
2827 3103 2884 3158 ln
2933 3103 3038 3160 boc
3091 3104 3361 3175 siquidem
3399 3105 3570 3176 magis

354 3189 413 3243 Si
446 3205 576 3245 vero
605 3193 834 3260 perime
857 3232 873 3257 ,
923 3192 1068 3262 quod
1099 3194 1166 3250 de
1189 3193 1412 3251 homine
1437 3194 1570 3251 dicit
1593 3194 1696 3252 Job
1721 3197 1870 3255 Deo;
1903 3193 1950 3257 C
1984 3194 2180 3248 similia
2205 3206 2333 3250 sunt
2357 3205 2561 3252 aeterno
2589 3197 2866 3266 prmsenti,
2895 3197 3265 3267 temporaliter
3290 3201 3564 3268 prteterita

281 3277 615 3333 Constituiin
635 3282 884 3336 terminos
918 3281 1062 3351 ejus,
1112 3283 1204 3353 qui
1224 3284 1484 3352 praeteriri
1512 3300 1616 3338 non
1634 3295 1875 3355 poterunt

281 3368 429 3439 (Job.
466 3385 586 3435 xlv,
624 3371 722 3441 5),
769 3372 883 3426 vult
925 3373 1124 3444 aliquis
1181 3377 1468 3432 ostendere
1515 3377 1645 3448 quia
1698 3378 1877 3435 nullus

283 3460 462 3530 potuit
483 3462 792 3519 accelerare
811 3464 896 3519 vel
940 3465 1158 3522 diﬁ‘erre
1194 3467 1341 3522 diem
1389 3468 1444 3523 in
1471 3483 1576 3540 qua
1607 3470 1837 3526 moritur
1859 3512 1873 3537 ,

283 3551 538 3619 quamvis
564 3553 858 3621 aliquando
895 3556 1052 3611 nobis
1080 3558 1325 3612 videatur
1360 3558 1559 3630 aliquis
1600 3559 1783 3616 facere
1809 3576 1875 3615 ex

286 3639 456 3694 libera
486 3641 764 3698 voluntate
813 3646 958 3700 unde
998 3648 1262 3714 moritur,
1319 3665 1425 3705 non
1471 3659 1556 3706 est
1603 3652 1745 3721 quod
1785 3651 1877 3685 '“‘

283 3733 544 3801 objicitur
555 3744 750 3789 contra
779 3725 880 3791 hoc
903 3739 1046 3806 quod
1067 3754 1230 3809 supra
1253 3740 1512 3797 diximus.
1546 3741 1705 3808 Nam,
1737 3757 1876 3813 quo-

275 3825 436 3879 niam
490 3827 630 3881 Deus
680 3842 786 3883 noii
835 3828 1072 3895 fallitur,
1131 3845 1232 3887 nec
1253 3833 1404 3888 videt
1453 3833 1556 3888 nisi
1589 3835 1876 3890 veritatem

269 3913 404 3968 sive
426 3926 496 3967 es
521 3913 772 3971 libertate
799 3918 913 3973 sive
935 3921 1354 3976 es'necessitate
1373 3924 1588 3978 eveniat
1610 3963 1625 3986 ,
1677 3923 1879 3980 dicitur

285 4006 635 4063 constituisse
681 4008 774 4042 ⁸⁸⁸⁷
810 4011 954 4079 apud
999 4027 1059 4066 se
1105 4011 1518 4069 immutabiliter
1557 4016 1699 4084 quod
1736 4017 1876 4084 apud

283 4096 562 4152 hominem
612 4100 928 4170 priusquam
982 4103 1076 4157 ﬁat
1119 4105 1316 4159 mutari
1373 4116 1550 4176 potest
1601 4106 1696 4140 ³⁸⁸⁸
1748 4108 1878 4164 Tale

284 4190 454 4242 etiam
486 4197 568 4244 est
593 4191 736 4259 quod
769 4192 964 4250 Paulus
994 4191 1088 4229 ³⁸⁸⁸
1113 4196 1390 4265 apostolus
1422 4197 1489 4252 de
1529 4199 1614 4254 bis
1635 4239 1650 4263 ,
1681 4200 1772 4272 qui
1796 4217 1878 4255 sr—

286 4279 522 4331 cunduun
561 4281 883 4348 propositum
921 4283 1090 4336 uocati
1127 4293 1256 4338 sunt
1279 4287 1449 4340 sancti
1471 4326 1487 4352 ,
1527 4287 1696 4342 dicit:
1733 4288 1876 4354 Quos

282 4368 494 4424 arcessit
519 4380 566 4422 et
595 4371 981 4439 praedestinavit
1003 4373 1295 4443 conformes
1332 4377 1451 4445 ﬁeri
1475 4379 1720 4448 imaginis
1747 4378 1878 4434 Filii

283 4459 399 4524 sui,
427 4468 487 4512 ut
519 4461 591 4514 sit
613 4460 723 4528 ipse
742 4463 1120 4534 primogenitus
1146 4467 1199 4520 in
1226 4467 1402 4522 audtis
1429 4467 1702 4538 fratribus.
1733 4469 1876 4536 Quos

1979 3300 2141 3354 quam
2176 3287 2458 3354 praesentia
2485 3303 2500 3351 ;
2530 3288 2786 3355 quoniam
2811 3302 2932 3356 qua:
2974 3286 3045 3341 ibi
3074 3298 3231 3350 sunt,
3287 3302 3566 3357 nunquam

1981 3384 2207 3444 possunt
2236 3390 2342 3428 non
2372 3389 2492 3428 esse
2517 3375 2800 3443 praesentia
2819 3417 2833 3441 ,
2865 3376 3001 3430 sicut
3030 3384 3269 3444 tempore
3291 3376 3566 3444 praeterita

1984 3481 2088 3519 non
2120 3465 2298 3520 valent
2334 3481 2568 3534 unquam
2597 3467 2870 3536 pnetcrita
2923 3483 3029 3521 non
3076 3482 3234 3521 esse:
3275 3470 3566 3536 praesentia

1979 3571 2111 3612 vero
2139 3565 2380 3627 tempore
2408 3558 2588 3611 omnia
2619 3555 2712 3588 ³⁸⁸⁸
2756 3571 2876 3626 qua:
2931 3566 3239 3624 transeunt,
3279 3557 3412 3612 ﬁunt
3457 3575 3566 3614 non

1983 3649 2293 3718 pnesentia.
2331 3647 2442 3703 Hoc
2486 3663 2615 3718 ergo
2663 3649 2822 3702 modo
2867 3647 3126 3719 quidquid
3175 3649 3242 3703 de
3289 3649 3404 3715 bis,
3446 3666 3569 3720 quae

1981 3735 2154 3792 libero
2186 3739 2317 3790 linnt
2342 3735 2599 3801 arbitrio,
2637 3737 2774 3790 velut
2807 3740 3175 3792 necessarium
3213 3752 3368 3793 sacra
3418 3738 3569 3794 Scri-

1982 3841 2137 3900 ptura
2162 3831 2512 3900 prontmtiat;
2563 3831 2856 3886 secundum
2890 3831 3246 3885 :eternitatem
3283 3830 3559 3901 loquitur,

1984 3925 2037 3978 iu
2068 3939 2170 3992 qua
2200 3937 2438 3992 praesens
2464 3931 2549 3976 est
2581 3936 2742 3976 omne
2773 3937 2956 3976 verum
2988 3931 3044 3977 et
3071 3923 3284 3982 nonnisi
3333 3939 3560 3993 verum,

1983 4011 2396 4066 iuunutaliilitcr
2422 4011 2516 4042 “"
2542 4051 2557 4075 ,
2594 4025 2699 4064 non
2730 4011 3023 4066 secundum
3062 4021 3312 4083 tempus,
3364 4013 3418 4068 in
3458 4029 3566 4084 quo

1979 4119 2086 4158 non
2112 4115 2327 4171 semper
2354 4109 2478 4156 sunt
2507 4101 2810 4156 voluntates
2838 4111 2895 4156 et
2935 4103 3178 4158 actiones
3206 4113 3406 4158 nostra:
3430 4119 3446 4158 :
3483 4113 3563 4167 et,

1977 4194 2115 4250 sicut
2146 4193 2273 4247 dum
2295 4207 2401 4246 non
2437 4200 2602 4255 sunt,
2638 4207 2745 4246 non
2770 4199 2856 4245 est
2897 4205 3121 4248 necesse
3161 4208 3256 4249 eas
3294 4208 3453 4260 esse;
3489 4195 3562 4248 ita

1973 4300 2121 4356 saepe
2151 4301 2256 4340 non
2295 4293 2378 4340 est
2407 4298 2632 4340 necesse
2655 4292 2713 4338 ut
2735 4283 3028 4354 aliquando
3072 4284 3199 4340 sint.
3250 4284 3388 4340 Nam
3411 4326 3428 4353 ,
3456 4302 3565 4342 non

1976 4390 2194 4446 semper
2217 4375 2397 4430 scribo
2432 4372 2672 4429 autvolo
2716 4374 2954 4430 scribere
3001 4391 3014 4426 :
3071 4383 3148 4440 et,
3206 4373 3376 4438 sicut,
3431 4375 3562 4432 dum

1979 4483 2084 4522 non
2108 4468 2287 4524 scribo
2307 4477 2400 4521 aut
2424 4482 2528 4520 non
2549 4466 2669 4518 volo
2693 4465 2934 4521 scribere
2956 4465 3076 4531 ³⁸⁸³,
3102 4481 3208 4522 non
3231 4476 3316 4522 est
3339 4481 3566 4526 necesse

284 4559 464 4604 utens
495 4551 890 4620 prwdestinaeit
911 4592 927 4618 ,
958 4555 1054 4610 hos
1078 4566 1126 4610 et
1153 4559 1350 4612 vocarit
1373 4575 1395 4625 ;
1421 4570 1468 4612 et
1504 4577 1634 4631 quos
1656 4564 1876 4628 vocavit,
1911 4563 1954 4620 D
1980 4578 2067 4618 me
2103 4563 2342 4618 scribere
2367 4573 2462 4617 aut
2488 4561 2622 4617 velle
2649 4561 2919 4629 scribere;
2953 4561 3027 4618 ita
3069 4577 3295 4619 necesse
3343 4579 3448 4621 non
3480 4577 3565 4622 est

283 4640 380 4693 hos
407 4650 456 4694 et
479 4640 838 4710 justiﬁcatn't;
896 4661 1029 4714 quos
1078 4656 1254 4701 autent
1301 4647 1609 4717 justiﬁcavit
1635 4686 1650 4713 ,
1676 4648 1795 4702 illos
1824 4659 1871 4703 et

284 4733 639 4802 magniﬁcath
665 4734 840 4804 (Rom.
871 4752 996 4801 vm,
1030 4738 1242 4805 28-50).
1293 4738 1406 4794 Hoc
1437 4741 1637 4811 quippe
1674 4753 1872 4810 propo-

285 4825 485 4887 situm.
513 4827 811 4882 secundum
839 4829 982 4897 quod
1011 4831 1187 4885 vocati
1219 4839 1346 4885 sntit
1382 4833 1587 4896 sancti,
1630 4832 1682 4885 in
1709 4840 1873 4888 aeter-

285 4917 464 4970 nitate
487 4955 502 4979 .
531 4916 584 4972 in
603 4932 709 4988 qua
732 4933 840 4974 non
866 4929 950 4976 est
971 4923 1418 4992 praeterituuu'el
1459 4921 1698 4978 futurum
1724 4963 1739 4989 ,
1776 4924 1871 4980 sed

290 5015 501 5063 tantum
529 5022 803 5081 praesens,
831 5012 1167 5070 immutabile
1196 5024 1308 5083 est;
1339 5015 1434 5072 sed
1459 5015 1511 5070 in
1537 5015 1669 5087 ipsis
1694 5016 1868 5071 bomi-

1981 4663 2041 4710 ut
2060 4654 2353 4726 aliquando
2366 4652 2627 4718 scribam,
2649 4651 2734 4706 vel
2756 4652 2914 4708 velim
2937 4654 3197 4712 scabere.
3221 4654 3356 4712 Cum
3381 4667 3562 4714 autem

1979 4761 2068 4800 res
2116 4754 2224 4799 tam
2277 4743 2439 4798 aliter
2484 4758 2606 4798 esse
2657 4742 2752 4776 ³⁵³⁸
2797 4755 3162 4815 cognoscatur
3213 4745 3268 4800 in
3322 4755 3565 4816 tempore

1977 4851 2140 4906 quam
2159 4837 2212 4889 in
2227 4834 2563 4890 mternitate:
2597 4841 2656 4888 ut
2676 4834 2968 4905 aliquando
3001 4850 3188 4891 verum
3211 4837 3286 4892 sit
3308 4838 3560 4906 quoniam

1977 4928 2308 4998 aliquid~.non
2333 4937 2419 4982 est
2451 4925 2505 4980 in
2531 4935 2799 4997 tempore,
2831 4927 2972 4996 quod
2999 4937 3085 4982 est
3124 4928 3176 4983 in
3214 4929 3560 4996 mternitate;

1975 5029 2032 5074 et
2059 5017 2202 5089 quod
2226 5016 2327 5072 fuit
2357 5017 2409 5072 in
2429 5015 2523 5048 ³⁸⁵⁸
2547 5026 2808 5088 tempore,
2835 5017 2979 5086 quod
3002 5017 3073 5073 ibi
3100 5033 3206 5072 non
3223 5016 3352 5083 fuit;
3375 5025 3430 5074 et
3457 5017 3606 5094 erit,

1607 5215 1843 5273 VARUE
1875 5213 2278 5274 LECTIONES.

356 5421 452 5454 ³⁸⁸⁸
475 5419 544 5475 Et
565 5435 670 5475 non
693 5435 760 5475 ex
784 5423 1130 5490 necessitate,
1151 5438 1275 5478 cum
1299 5421 1465 5478 multa
1495 5430 1762 5477 suutmss.
1775 5420 1845 5477 Et
1861 5435 1929 5478 ex
1948 5421 2292 5490 necessitate,
2306 5434 2432 5476 eum
2448 5416 2614 5490 multa
2629 5415 2741 5473 sint
2813 5417 2906 5490 ’σιξ
2923 5415 3078 5490 Estei
3095 5415 3248 5474 adire
3263 5435 3388 5476 mss.
3419 5419 3559 5477 Vict.

287 5500 376 5546 est
397 5491 582 5564 adire,
624 5490 718 5564 ’Ψ
747 5491 989 5564 εειιιιοιι
1018 5487 1273 5564 estquod
1298 5510 1427 5547 mss.
1469 5491 1599 5546 Vict.
1628 5508 1734 5550 non
1773 5503 1860 5549 est
1881 5495 2024 5563 quod
2099 5490 2192 5524 ³⁸⁴τ
2223 5488 2444 5564 Veniat;
2478 5487 2695 5564 dicitur,
2720 5488 2973 5564 constitui
2998 5505 3124 5543 mss.
3161 5491 3558 5564 eveniatLdiei-

289 5571 378 5634 tur
407 5562 761 5634 constituisse
835 5563 928 5596 ⁸⁸⁵⁸
949 5565 1105 5634 Apud
1141 5562 1408 5619 bomines.
1448 5602 1462 5617 .

1513 5574 1726 5619 mutare
1770 5557 1951 5632 potest
1995 5579 2121 5617 mss.
2183 5560 2322 5630 apud
2376 5558 2718 5632 bouiinema.
2750 5558 2946 5613 mutari
2998 5557 3343 5632 potestw’f”
3383 5563 3555 5616 Etiam

287 5630 494 5686 Paulus
515 5647 639 5686 mss.
668 5633 834 5688 etiam
860 5628 1106 5702 estquod
1150 5634 1350 5688 Paulus
1423 5634 1520 5667 ³⁶³⁰
1564 5635 1618 5687 In
1649 5628 1931 5703 quodlibet
1979 5642 2195 5700 tempus
2221 5628 2392 5703 "nisa;
2426 5631 2478 5682 in
2533 5629 2774 5697 quolibet
2824 5628 3074 5703 tempore
3103 5629 3233 5703 fw
3262 5628 3558 5703 Praesentia

289 5716 422 5756 vero
469 5703 728 5774 temporis
752 5706 936 5774 omnia
981 5696 1114 5758 'mss.
1171 5705 1460 5774 praesentia
1507 5718 1635 5760 vero
1667 5696 1931 5771 "tempore
1974 5696 2158 5769 omnia
2235 5699 2328 5731 ³⁸⁸⁸
2356 5696 2564 5753 Οιιιιλιᾱ
2597 5711 2783 5774 verum
2832 5696 3244 5774 immutabiliter
3317 5699 3415 5774 '°"_
3441 5699 3558 5774 I\_'o‘n

291 5774 534 5828 scribere
560 5769 683 5828 volo
710 5789 834 5828 mss.
873 5772 1004 5829 Vict.
1053 5769 1309 5830 non'volo
1338 5775 1580 5830 scribere
1654 5775 1749 5807 ““
1775 5769 1881 5830 lies
1907 5774 2066 5828 aliter
2085 5785 2206 5826 esse
2236 5785 2364 5825 mss.
2400 5783 2490 5824 res
2537 5777 2647 5824 tam
2683 5769 2840 5826 aliter
2870 5785 2991 5826 esse
3065 5771 3158 5806 ³⁸⁵⁸
3189 5770 3256 5826 Εῑ
3277 5769 3422 5836 Quod
3457 5770 3561 5828 fuit
