4076 6288
557 344 660 402 815

1035 346 1094 400 S.
1130 343 1428 399 ANSELMl
1482 343 1832 400 CAETUAR.
1872 344 2191 425 VARCIHEP.
2234 345 2383 400 OPP.
2426 346 2608 403 PARS
2648 349 2685 402 Ι.
2727 381 2791 389 -
2829 348 3251 407 DOGMATICA.

3715 356 3834 410 516

556 457 962 530 temporaliter',
1002 457 1143 525 quod
1192 456 1277 526 ibi,
1301 470 1405 509 non
1438 456 1580 510 erit:
1611 456 1755 512 nulla
1790 457 1999 512 ratione
2045 472 2140 511 ne-
2168 465 2217 520 Α
2246 459 2492 535 pervenit
2515 467 2727 514 :etatem
2754 502 2771 528 ,
2800 463 2918 517 sine
2951 478 3045 518 sna
3070 464 3280 533 jnstitia
3308 482 3322 519 ε
3367 462 3438 519 ibi
3477 474 3565 521 est
3614 467 3840 521 investi-

553 553 670 623 gari
702 551 913 605 videtur
945 550 1194 603 similiter
1240 556 1397 618 posse
1422 549 1516 579 'm
1543 548 1741 618 aliquid
1791 551 1842 604 in
1892 558 2134 619 tempore

553 656 674 697 esse
718 640 1102 703 mutabile"",
1146 639 1289 707 quod
1326 639 1396 693 ibi
1433 649 1515 693 est
1547 640 1897 694 immutabile.
1928 639 2135 710 Quippe

555 748 661 787 non
708 732 879 802 magis
929 731 1171 800 Opposita
1226 734 1394 796 sunt’,
1452 731 1709 787 mutabile
1745 732 1799 785 in
1848 741 2131 802 tempore,

553 835 609 881 et
668 823 1002 878 immutabile
1058 822 1109 875 in
1164 818 1516 884 teternitate;
1568 838 1728 890 quam
1767 839 1874 877 non
1917 838 2037 877 esse
2082 826 2132 877 in

555 914 733 982 aliquo
781 924 1062 981 tempore,
1123 920 1179 964 et
1230 925 1355 965 esse
1400 926 1614 981 semper
1684 912 1737 964 in
1790 914 2136 966 aeternitate:

554 1015 608 1057 et
655 1004 860 1067 fuisse,
915 1001 997 1056 vel
1055 1002 1295 1056 futurum
1354 1017 1475 1065 esse
1539 1004 1833 1057 secundum
1894 1014 2135 1073 tempus,

550 1105 714 1163 atque
763 1108 868 1148 non
913 1093 1110 1157 fuisse,
1167 1093 1246 1147 vel
1291 1106 1398 1146 non
1444 1094 1707 1157 (futurum
1748 1109 1869 1148 esse
1902 1098 1954 1148 in
1982 1103 2139 1148 teter-

550 1187 738 1241 nitate.
798 1185 1076 1256 Siquidem
1127 1201 1230 1238 non
1277 1186 1396 1239 dico
1442 1186 1640 1253 aliquid
1696 1201 1969 1254 utinquam
2019 1200 2139 1240 esse

546 1276 601 1332 in
660 1286 930 1347 tempore,
973 1276 1115 1345 quod
1162 1290 1383 1344 semper
1422 1283 1507 1331 est
1558 1276 1609 1327 in
1659 1276 1996 1337 internilate;
2044 1277 2137 1329 sed

548 1377 757 1422 tantum
816 1368 867 1420 in
923 1367 1102 1435 aliquo
1177 1379 1418 1435 tempore
1464 1382 1567 1419 non
1611 1380 1747 1419 esse.
1811 1364 1927 1419 Non
1990 1365 2135 1419 enim

549 1460 670 1514 dico
699 1456 983 1512 actionem
1014 1472 1189 1510 meam
1216 1457 1511 1517 crastinam
1551 1455 1696 1509 nullo
1722 1465 1961 1525 tempore
1981 1469 2133 1517 esse;

546 1552 641 1604 sed
669 1551 826 1603 hodie
855 1557 1061 1602 tanttnn
1088 1565 1222 1618 nego
1252 1563 1370 1602 eam
1404 1562 1555 1611 esse,
1577 1563 1696 1616 quae
1726 1558 1904 1601 tamen
1920 1562 2137 1617 semper

544 1649 629 1694 est
666 1641 716 1693 in
752 1639 1073 1695 mternitate.
1100 1638 1167 1691 Et
1195 1640 1411 1706 quando
1442 1637 1535 1668 ⁸⁸⁵⁸
1564 1652 1823 1708 negamus
1858 1637 2024 1691 fuisse
2053 1636 2135 1690 vel

545 1731 784 1786 futurum
817 1731 889 1789 ibi
916 1745 1038 1786 esse
1060 1730 1295 1799 aliquid,
1349 1732 1491 1800 quod
1550 1731 1601 1785 in
1640 1740 1881 1799 tempore
1915 1730 2015 1786 fuit
2042 1742 2136 1787 aut

2245 548 2479 619 gandnm
2506 550 2607 604 hoc
2637 552 2958 615 arbitrium,
2985 563 3038 606 et
3071 553 3186 607 hare
3207 553 3434 607 libertas
3465 554 3607 610 unde
3629 559 3834 627 agitur.

2244 640 2334 693 ubi
2360 640 2515 694 sedes
2542 641 2857 709 etjustiiiae.
2887 640 3130 695 Primum
3160 643 3344 712 itaque
3378 644 3714 700 ostendenda
3746 657 3835 702 est

2238 728 2448 797 justitia
2480 747 2495 795 ;
2528 731 2723 787 deinde
2752 732 2850 786 ista
2877 732 3099 788 libertas
3118 743 3173 789 et
3203 734 3346 789 istud
3371 734 3680 790 arbitrium.
3731 736 3834 793 Est

2242 824 2459 890 quidem
2482 822 2692 892 jnSIitia
2714 824 2985 893 quaelibet,
3022 841 3211 895 magna
3238 824 3318 878 vel
3341 841 3529 895 parva,
3564 829 3834 883 reztitndu

2245 915 2537 968 volu..tatis
2566 924 2787 984 propter
2817 930 2875 970 se
2910 924 3139 969 servata.
3204 915 3451 971 Libertas
3504 926 3685 972 autem
3730 916 3833 973 ista

2247 1015 2583 1074 cSIpotestas
2602 1006 2852 1060 servandi
2876 1006 3256 1060 rectitudinem
3288 1007 3585 1062 voluntatis
3610 1020 3837 1078 prepter

2245 1094 2416 1164 ipsam
2481 1096 2881 1149 rectitudinem.
2940 1096 3085 1163 Quas
3141 1096 3483 1151 definitiones
3553 1108 3684 1167 puto
3747 1115 3836 1153 ιιιε

2241 1187 2448 1258 apertis
2473 1187 2771 1242 rationibus
2814 1198 3185 1243 monstrasse:
3235 1189 3471 1257 priorem
3512 1190 3733 1259 quidem
3778 1196 3835 1245 in

2244 1287 2475 1332 tractatu
2499 1279 2643 1347 (cap.
2679 1279 2801 1348 12),
2857 1293 3017 1347 quem
3050 1277 3149 1333 feci
3181 1278 3248 1332 de
3288 1290 3571 1354 veritate;
3599 1280 3737 1335 alter
3781 1297 3839 1334 ιιι

2239 1386 2370 1425 vero
2394 1372 2444 1424 in
2468 1386 2565 1435 eo,
2586 1385 2745 1440 quem
2772 1371 2913 1424 edidi
2939 1374 3082 1440 (cap.
3115 1371 3177 1434 5,
3208 1371 3295 1439 15)
3321 1371 3386 1424 de
3409 1372 3510 1425 hac
3531 1372 3640 1440 ipsa
3669 1372 3841 1425 liber-

2242 1469 2389 1525 tate;
2422 1463 2473 1515 in
2499 1478 2606 1530 quo
2631 1462 2793 1515 etiam
2833 1471 3109 1516 ostensum
3156 1472 3238 1517 est
3291 1461 3434 1533 (cap.
3464 1462 3518 1531 5)
3560 1464 3842 1531 quomodo

2239 1554 2561 1609 neutraliter
2612 1562 2666 1607 et
2724 1553 3158 1622 inseparabiliter
3205 1554 3278 1608 sit
3332 1555 3384 1607 in
3444 1554 3665 1609 homine
3712 1555 3843 1609 lucc

2239 1643 2490 1709 libertas,
2517 1643 2762 1712 quamvis
2790 1659 2893 1697 non
2921 1658 2986 1697 ea
3005 1659 3220 1713 semper
3246 1654 3458 1705 utatur;
3500 1655 3553 1699 et
3580 1645 3726 1715 (cap.
3757 1649 3794 1699 ti
3822 1688 3838 1710 ,

2238 1738 2300 1800 7,
2330 1737 2385 1808 8)
2408 1738 2548 1805 quod
2579 1738 2653 1791 sit
2682 1739 2755 1791 ita
2781 1735 2967 1799 fortis,
2997 1736 3216 1807 utnulla
3246 1753 3332 1790 res
3359 1738 3560 1791 homini
3607 1738 3841 1792 rectitu-

545 1823 653 1875 erit
677 1816 713 1885 ,’
732 1838 838 1877 non
867 1816 1163 1875 asserimus
1187 1822 1240 1875 id
1261 1823 1401 1890 quod
1429 1820 1526 1874 fuit
1553 1832 1645 1874 aut
1674 1823 1777 1875 erit
1800 1821 1946 1876 nullo
1976 1825 2135 1878 modo
2170 1812 2210 1870 Β
2240 1826 2419 1879 dinem
2444 1826 2780 1894 praedictam,
2815 1824 2865 1877 id
2893 1834 2978 1879 est
2999 1824 3264 1893 justitiam
3295 1825 3423 1889 ⁸⁸⁸⁸,
3454 1840 3615 1895 quam
3644 1826 3839 1891 habet,

544 1914 615 1967 ibi
647 1914 805 1978 esse;
838 1914 930 1967 sed
959 1922 1164 1966 tantum
1191 1913 1466 1977 prmterito
1495 1912 1575 1967 vel
1609 1912 1789 1967 futuro
1818 1914 1978 1967 modo
2003 1915 2136 1969 dici-

545 2022 665 2060 mus
687 2021 799 2059 non
828 2004 894 2058 ibi
920 2019 1071 2067 esse,
1124 2004 1268 2072 quod
1328 2003 1397 2057 ibi
1457 2003 1823 2057 indesinenter
1869 2012 1986 2068 est,
2038 2019 2134 2058 suo

544 2096 797 2167 praasenIi
829 2093 987 2148 modo
1014 2112 1027 2147 :
1062 2095 1115 2148 in
1149 2094 1233 2149 his
1264 2096 1393 2148 vero
1422 2094 1562 2148 milia
1610 2096 1822 2147 videtur
1858 2094 2135 2149 adversari

542 2186 925 2240 contrarietas.
956 2184 1050 2238 Sic
1088 2184 1272 2252 utique
1299 2176 1416 2239 sine
1447 2185 1553 2237 uila
1596 2185 1951 2255 repugnantia
1993 2185 2131 2241 dici—

545 2284 635 2330 tur
663 2273 862 2343 aliquid
886 2286 1010 2328 esse
1048 2274 1309 2328 mutabile
1345 2275 1396 2328 in
1430 2285 1683 2343 tempore
1709 2287 1995 2345 antequam
2029 2277 2131 2342 sit,

545 2364 688 2433 quod
721 2363 774 2417 in
796 2362 1105 2419 aeternitate"
1129 2373 1308 2418 mauet
1337 2364 1779 2431 immntabiliter,
1843 2383 1951 2421 non
1978 2378 2134 2423 ante-

543 2470 707 2525 quam
752 2455 855 2522 sit,
913 2453 999 2508 vel
1069 2462 1354 2524 postquam
1398 2465 1513 2522 est;
1594 2457 1688 2510 sed
1736 2457 2130 2523 indesinenter,

546 2547 677 2617 quia
723 2547 977 2603 nihilost
1034 2547 1108 2603 ibi
1165 2550 1458 2604 secundum
1533 2558 1759 2618 tempus.
1829 2548 1961 2602 Nam
2032 2551 2133 2606 hoc

545 2637 721 2707 ipsum
775 2637 845 2693 ibi
890 2650 976 2694 est
1019 2638 1382 2702 teternaliter,
1427 2639 1551 2707 quia
1614 2631 1983 2710 temporaliter
2035 2642 2133 2696 ali-

542 2726 681 2797 quid
700 2734 756 2781 et
778 2736 892 2792 est,
921 2737 974 2783 et
994 2768 1009 2793 ,
1055 2739 1348 2798 antequam
1381 2728 1475 2759 ⁸⁸³³
1499 2728 1601 2792 sit,
1630 2738 1804 2798 potest
1839 2745 1943 2784 non
1970 2745 2093 2786 esse
2113 2772 2129 2797 ,

543 2813 811 2882 sicntjam
834 2815 1334 2872 dixi.‘Suﬂicieuter
1361 2831 1427 2870 ex
1462 2817 1577 2883 his,
1624 2833 1745 2887 qua:
1781 2819 1924 2873 dicta
1957 2832 2083 2873 sunt
2116 2860 2131 2885 ,

544 2914 675 2975 puto
716 2916 903 2974 patere
952 2906 1078 2975 quia
1125 2907 1463 2976 pra-scicntia
1511 2909 1605 2963 Dei
1637 2920 1691 2964 et
1726 2911 1955 2964 liberum
1990 2912 2134 2965 arbi-

545 2995 708 3049 trium
762 3012 1103 3065 nequaquam
1163 2997 1397 3053 invicem
1448 3012 1785 3071 repugnant:
1824 3004 1967 3073 quod
2006 3003 2135 3059 facit

546 3085 628 3139 vis
657 3087 985 3141 mternitatis
1012 3126 1028 3153 ,
1067 3102 1187 3156 qua:
1237 3088 1443 3144 claudit
1475 3106 1637 3146 onme
1680 3100 1891 3162 tempus
1927 3102 1983 3148 et
2012 3110 2133 3164 quae

543 3185 676 3231 sunt
711 3176 765 3230 in
794 3178 1037 3248 quolibet
1067 3189 1328 3251 tempore.

535 3331 709 3404 ,126
743 3331 873 3387 (In.
894 3403 899 3404 ν
919 3330 1011 3404 Vl.
1032 3362 1105 3372 —-
1134 3333 1210 3387 De
1241 3334 1476 3386 libertate
1502 3334 1568 3387 ad
1604 3352 1664 3388 ea
1686 3352 1803 3404 (μην
1831 3347 1951 3390 sunt
1989 3337 2135 3391 salu-

862 3403 929 3456 tis
960 3402 1041 3456 hic
1068 3405 1324 3473 qutrn'tur
1350 3406 1471 3470 ubi,
1503 3415 1550 3458 et
1573 3402 1807 3475 qum-sit.

616 3533 723 3589 Sed
749 3536 1004 3603 quoniam
1055 3552 1159 3591 non
1210 3537 1261 3591 in
1299 3537 1550 3606 ontnibus
1596 3537 1822 3591 libermn
1872 3538 2134 3595 habemus

544 3627 686 3680 arb't
717 3624 826 3679 inm
852 3666 866 3690 ,
903 3625 1189 3679 videndum
1214 3636 1297 3681 est
1324 3628 1453 3695 tibi,
1488 3637 1542 3682 et
1576 3646 1696 3698 qua:
1713 3632 1780 3685 sit
1802 3632 2135 3692 illaliberlas

546 3716 758 3797 arbitrii
787 3731 948 3785 quam
982 3730 1199 3786 semper
1223 3718 1422 3774 habere
1450 3720 1692 3774 creditur
1715 3723 1895 3787 homo,
1924 3734 1978 3779 et
2004 3728 2133 3798 quid

544 3804 616 3859 sit
640 3803 767 3873 illud
798 3802 1104 3858 arbitrimn.
1136 3804 1249 3858 Non
1279 3807 1422 3861 enim
1461 3808 1602 3863 idem
1634 3819 1718 3864 est
1754 3813 2039 3869 arbitrium
2078 3824 2134 3871 et

545 3894 767 3950 libertas
790 3911 893 3965 qua
918 3894 1119 3950 dicitur
1158 3895 1412 3952 liberum.
1446 3899 1503 3953 In
1531 3900 1714 3956 multis
1741 3902 1940 3958 dicitur
1971 3884 2133 3960 liber-

546 3994 631 4041 tas
651 3987 1044 4058 ctarbitrium;
1078 3996 1135 4042 ut
1162 4003 1284 4043 cum
1308 3988 1542 4060 aliquem
1576 3993 1805 4049 dicimus
1823 3995 2130 4052 libertatem

545 4077 749 4134 habere
785 4077 1065 4149 loquendi,
1108 4092 1200 4134 aut
1246 4083 1491 4149 tacendi,
1539 4092 1595 4138 et
1644 4085 1695 4139 in
1748 4084 1864 4150 ejus
1907 4088 2134 4143 arbitrio

542 4185 665 4227 esse
685 4171 813 4241 quid
842 4171 1036 4227 horum
1060 4172 1207 4227 velit.
1241 4172 1296 4227 In
1320 4173 1566 4244 pluribus
1594 4191 1811 4246 quoque
1839 4172 1959 4233 aliis
1982 4180 2135 4236 simi-

545 4261 672 4316 liter
705 4262 902 4317 dicitnr
924 4263 1148 4319 libertas
1170 4273 1223 4317 et
1257 4265 1542 4323 arbitrium
1571 4306 1586 4331 ,
1618 4283 1738 4337 qua:
1771 4284 1877 4323 non
1918 4284 2135 4341 semper

545 4354 790 4419 adsunt,
840 4365 949 4410 aut.
991 4356 1058 4410 ad
1110 4355 1339 4411 salutem
1388 4358 1584 4412 animae
1630 4360 1786 4414 nobis
1823 4364 2132 4417 necessaria

2237 1914 2445 1979 valeat,
2474 1916 2710 1983 quandiu
2740 1914 2839 1968 hac
2864 1913 3114 1969 libertate
3141 1914 3370 1969 voluerit
3408 1915 3484 1968 uti
3511 1954 3526 1979 ,
3583 1913 3831 1970 auferre.

2235 2004 2386 2059 Justa
2418 2021 2545 2061 vero
2572 2022 2676 2060 non
2706 2014 2789 2059 est
2817 2005 3079 2060 naturalis
3102 2048 3117 2073 ,
3168 2006 3261 2061 sed
3287 2004 3389 2060 luit
3417 2005 3740 2075 separabilis
3781 2008 3837 2061 in

2237 2096 2501 2166 principio
2521 2105 2576 2150 et
2593 2096 2799 2167 angelis
2822 2096 2913 2128 ⁸⁸⁵⁸
2945 2097 2998 2150 in
3021 2096 3161 2152 cado
3181 2137 3195 2161 ,
3218 2106 3275 2151 et
3298 2096 3607 2153 hominibus
3642 2097 3696 2150 in
3730 2112 3837 2166 pa-

2238 2188 2450 2254 radiso,
2481 2197 2535 2241 et
2556 2196 2638 2241 est
2657 2189 2833 2242 adhuc
2865 2189 2918 2241 in
2944 2188 3046 2241 hac
3065 2186 3174 2241 vita
3201 2205 3216 2253 ;
3275 2203 3383 2243 non
3413 2196 3592 2240 tamen
3639 2201 3838 2241 neces-

2237 2278 2398 2332 sitate
2421 2317 2437 2342 ,
2489 2278 2586 2333 sed
2638 2279 2949 2333 habentium
2987 2279 3080 2309 ³⁵⁸⁸
3110 2278 3255 2332 illam
3284 2277 3501 2348 propria
3529 2278 3835 2334 voluntate.

2239 2366 2345 2422 Sed
2369 2368 2622 2437 quoniam
2634 2368 2908 2437 justitiam
2932 2408 2948 2433 ,
2982 2384 3087 2437 qua
3110 2369 3292 2439 justus
3316 2380 3399 2423 est
3428 2369 3627 2440 aliquis
3649 2409 3665 2433 ,
3692 2384 3838 2424 con-

2236 2465 2345 2509 stat
2373 2470 2494 2509 esse
2534 2456 2907 2510 rectituliuem
2935 2457 3233 2511 voluntatis
3256 2498 3271 2522 ,
3310 2473 3474 2527 quam
3511 2457 3663 2511 dixi:
3706 2474 3841 2528 qua:

2238 2546 2505 2600 rectitude
2537 2555 2659 2619 tunc
2687 2555 2891 2599 tantum
2919 2554 3002 2601 est
3034 2547 3084 2599 in
3110 2547 3319 2616 aliquo,
3371 2563 3494 2601 cum
3549 2547 3664 2617 ipse
3712 2549 3841 2603 vult

2234 2638 2378 2707 quod
2407 2637 2548 2691 Deus
2584 2637 2696 2690 vult
2725 2653 2849 2692 eum
2874 2638 3009 2693 velle
3035 2657 3047 2691 :
3076 2647 3224 2708 patet
3254 2639 3377 2708 quia
3410 2640 3549 2695 Deus
3573 2639 3835 2694 eamdem

2240 2726 2616 2780 rectitudiucm
2670 2742 2774 2781 non
2808 2737 2986 2797 potest
3037 2728 3206 2781 invito
3262 2728 3508 2792 auferre;
3566 2728 3833 2798 quoniam

2237 2832 2345 2869 non
2381 2823 2558 2884 potest
2590 2817 2689 2871 hoc
2715 2817 2870 2871 velle.
2905 2818 3009 2872 Sed
3047 2832 3225 2887 neque
3253 2819 3391 2875 velle
3429 2828 3608 2889 potest
3635 2819 3735 2850 ""
3773 2829 3839 2873 ut

2235 2923 2354 2963 eam
2392 2908 2624 2972 habens,
2663 2909 2850 2964 nolens
2880 2908 2984 2963 ulla
3034 2911 3356 2966 necessitate
3402 2926 3522 2967 eam
3563 2912 3784 2966 deserat
3818 2953 3834 2977 ,

2235 3000 2433 3070 quippe
2462 3000 2620 3056 vellet
2644 3001 2792 3055 illum
2815 3016 2921 3056 non
2959 3002 3128 3068 velle,
3155 3004 3299 3073 quod
3328 3003 3440 3057 vult
3480 3019 3604 3058 eum
3641 3003 3788 3057 velle
3819 3021 3833 3056 :

2238 3091 2380 3159 quod
2428 3106 2549 3145 esse
2599 3091 2807 3161 nequit.
2869 3090 3130 3161 Sequitur
3161 3107 3292 3163 ergo
3326 3093 3493 3147 Deum
3544 3092 3683 3147 velle
3728 3095 3837 3148 hoc

2237 3184 2397 3238 1:10.30
2427 3192 2628 3238 reetam
2658 3183 2987 3239 voluntatem
3029 3183 3096 3237 ad
3140 3183 3420 3239 volendum
3471 3192 3618 3239 recte
3667 3196 3720 3238 et
3760 3187 3833 3239 ad

2227 3276 2562 3330 servandum
2588 3274 2832 3328 eamdem
2864 3276 3241 3331 rectiludinem
3263 3291 3384 3331 esse
3414 3275 3675 3339 liberam;
3698 3291 3832 3345 qua:

2234 3365 2452 3434 quando
2483 3373 2658 3433 potest
2706 3365 2848 3434 quod
2896 3352 3262 3431 vnlg-libere
3315 3365 3440 3420 facit
3473 3364 3618 3434 quod
3672 3364 3833 3419 facit.

2227 3452 2392 3517 .Unde
2432 3469 2646 3524 quoque
2675 3455 3020 3523 apertissime
3054 3455 3147 3488 ‘6“
3189 3455 3440 3524 cognosci
3493 3463 3673 3524 potest
3720 3455 3826 3509 ali-

2234 3560 2399 3615 quam
2432 3559 2555 3599 esse
2595 3544 2819 3599 liberam
2853 3544 3185 3600 voluntatem
3233 3561 3357 3600 cum
3415 3545 3631 3600 actione
3682 3560 3787 3601 sua
3814 3587 3831 3612 ,

2238 3652 2343 3691 non
2368 3645 2700 3705 repugnante
2723 3637 2816 3691 Dei
2843 3654 2904 3706 pr
2927 3681 2931 3686 .
2953 3638 3357 3702 seicntia,sicut
3378 3654 3539 3706 supra
3558 3649 3837 3691 monstra-

2238 3738 2351 3783 tum
2377 3726 2478 3783 est.
2508 3727 2777 3782 Ponamus
2808 3744 2951 3783 nunc
2985 3730 3291 3798 exemplum
3331 3729 3583 3798 aliquod,
3632 3730 3683 3783 in
3716 3746 3834 3798 quo

2236 3826 2489 3886 appareat
2530 3825 2585 3870 ct
2616 3824 2791 3877 recta,
2817 3817 2866 3869 id
2893 3826 2975 3871 est
3002 3818 3149 3885 justa
3175 3817 3266 3849 ³⁸⁸⁸
3297 3817 3541 3875 voluntas
3572 3828 3627 3872 et
3656 3817 3835 3873 liber-

2238 3919 2321 3963 tas
2349 3908 2595 3970 arbitrii,
2622 3918 2676 3961 et
2700 3909 3211 3976 ipsumarbitrium;
3259 3918 3317 3964 et
3357 3909 3630 3979 quomodo
3678 3920 3834 3965 recta

2238 4001 2488 4055 voluntas
2518 4001 2886 4070 impngaetur,
2939 4013 2994 4053 ut
3034 4001 3277 4057 deserat,
3307 4001 3688 4055 rectitudinem
3712 4042 3730 4066 ,
3772 4010 3831 4056 et

2236 4089 2471 4161 qualiter
2501 4104 2621 4144 eam
2654 4089 2823 4145 libero
2857 4100 3037 4145 servet
3075 4090 3321 4145 arbitrio.
3354 4090 3528 4144 liabet
3556 4090 3758 4160 aliquis
3781 4108 3837 4146 tn

2237 4180 2401 4234 corde
2423 4188 2483 4232 ut
2528 4179 2810 4234 veritatem
2854 4188 3066 4244 teneat,
3122 4180 3246 4249 quia
3307 4180 3555 4250 intelligit
3618 4192 3835 4234 rectam

2237 4286 2358 4327 esse
2381 4287 2565 4327 amare
2587 4271 2891 4327 veritatem.
2932 4271 3031 4326 llic
3058 4273 3243 4340 utique
3271 4282 3471 4325 rectam
3521 4271 3637 4339 jam
3666 4272 3836 4327 habet

2239 4363 2399 4418 volun
2429 4374 2568 4417 atem
2599 4372 2655 4418 et
2678 4363 3053 4418 rectitudinem
3080 4363 3391 4418 voluntatis.
3433 4362 3590 4417 Aliud
3640 4374 3833 4418 autem

545 4452 694 4499 sunt.
747 4444 852 4500 Pro
901 4445 992 4500 illo
1042 4455 1222 4500 autem
1268 4446 1496 4501 arbitrio
1534 4456 1777 4515 tantum,
1819 4459 1873 4504 et
1910 4467 2006 4520 pro
2044 4453 2131 4507 illa
2170 4494 2213 4548 Β
2238 4463 2323 4508 est
2352 4455 2631 4518 voluntas;
2662 4462 2713 4508 et
2741 4454 2884 4508 aliud
2914 4454 3200 4518 rectitude,
3232 4469 3338 4524 qua
3363 4463 3507 4508 recta
3536 4453 3836 4509 est.Acct.~

545 4534 801 4593 libertate
829 4536 928 4590 ista
958 4537 1251 4591 ventilatur
1274 4537 1535 4604 quaestio;
1586 4538 1705 4592 sine
1746 4540 1942 4607 quibus
1967 4540 2132 4596 homo

545 4625 744 4683 salvari
776 4627 961 4697 nequit
985 4669 998 4690 ,
1049 4638 1334 4699 postquam
1361 4638 1537 4698 potest
1566 4628 1671 4684 illis
1709 4630 1807 4684 uti.
1850 4629 1986 4686 Nam
2011 4632 2132 4688 ideo

545 4728 954 4789 eonqueruntur
980 4720 1129 4774 nndti
1159 4720 1283 4789 quia
1310 4729 1499 4790 putant
1519 4723 1587 4776 ad
1613 4722 1839 4779 salutem
1875 4724 1955 4779 vel
1975 4725 2129 4780 dam-

546 4809 822 4866 nationem
855 4808 985 4864 nihil
1029 4808 1207 4864 valere
1237 4810 1465 4865 liberum
1492 4811 1810 4878 arbitrium;
1839 4813 1933 4869 sed
1960 4814 2129 4869 solam

547 4901 929 4955 necessitatem
973 4909 1194 4969 pr0pter
1246 4900 1341 4955 Dei
1396 4901 1810 4971 praescientiam.
1863 4902 2130 4972 Qudniam

522 5005 678 5060 ergo
700 5007 805 5045 non
833 4990 1071 5047 salvator
1095 4992 1285 5059 homo,
1310 5000 1595 5063 postquam
1642 4995 1710 5048 ad
1744 4995 2132 5065 intelligibilem

2240 4546 2507 4607 ditalins;
2539 4557 2625 4610 et,
2655 4546 2757 4600 nisi
2789 4546 3111 4611 mentiatur,
3157 4547 3397 4601 minatur
3445 4545 3516 4599 illi
3565 4556 3828 4603 mortem.

2247 4638 2499 4692 Videmus
2530 4653 2671 4692 nunc
2702 4638 2754 4691 in
2777 4635 2894 4703 ejus
2921 4653 3041 4692 esse
3067 4637 3295 4691 arbitrio
3321 4653 3388 4691 an
3416 4636 3634 4692 deserat
3662 4638 3832 4690 vitam

2242 4740 2339 4795 pro
2396 4725 2718 4780 rectitudine
2774 4724 3094 4791 voluntatis;
3157 4740 3225 4779 an
3276 4724 3698 4789 rcctitudinem,
3730 4741 3833 4793 pro

2239 4816 2367 4870 vita.
2406 4814 2518 4869 Hoc
2546 4814 2870 4879 arbitrium,
2917 4817 3059 4884 quod
3087 4825 3143 4870 et
3163 4816 3425 4885 judicium
3471 4815 3575 4869 dici
3599 4825 3778 4885 potest
3814 4855 3829 4877 ,

2239 4906 2469 4961 liberum
2497 4917 2618 4973 est;
2651 4908 2906 4977 quoniam
2938 4908 3104 4972 ratio,
3168 4922 3276 4978 qua
3323 4906 3639 4976 intelligitur
3666 4909 3833 4962 recti-

2242 5000 2402 5063 tudo,
2435 4998 2991 5054 docctrectitudinem
3018 4998 3164 5053 illam
3196 4996 3441 5067 ejusdem
3482 4998 3833 5057 rectitudinis

1850 5102 2087 5162 VARIIE
2126 5106 2532 5165 LECTIONES.

550 5195 761 5271 inuitas.
806 5193 871 5247 Et
896 5194 1019 5264 quia
1054 5193 1238 5271 fuitin
1306 5194 1657 5271 ""“Vfidetur
1702 5210 1862 5265 posse
1897 5198 2159 5271 similiter
2190 5217 2331 5271 (mss.
2372 5201 2583 5258 Vict.9.
2614 5201 2829 5257 videtur
2868 5201 3117 5257 similiter
3144 5216 3300 5271 posse
3350 5218 3475 5255 mss.
3535 5199 3669 5256 Vict.
3699 5202 3753 5257 5.
3780 5211 3832 5256 et

669 5268 879 5344 videtur
900 5266 1340 5344 possesiniiliter
1518 5269 1845 5344 Intempore
1868 5279 1951 5323 est
1973 5269 2231 5325 mutabile
2261 5289 2385 5326 mss.
2417 5274 2473 5344 in
2505 5281 2889 5344 tempore_esse
2913 5265 3168 5344 unuabile
3241 5272 3335 5302 “5"
3380 5272 3445 5325 Et
3488 5276 3703 5340 quamio
3724 5289 3828 5326 ms.

550 5335 1342 5413 Cister.__hlt‘q_u9niani3‘”
1384 5337 1601 5413 Aliquid
1644 5335 1729 5413 est
1795 5348 1852 5413 et
1901 5349 2190 5413 antequam
2242 5358 2368 5396 mss.
2417 5342 2581 5413 Vict.
2616 5335 2666 5397 'et
2732 5341 2920 5396 Cister.
2962 5343 3162 5411 aliquid
3203 5352 3256 5396 et
3298 5350 3399 5406 est,
3441 5335 3828 5413 et'antequam

623 5404 719 5436 ⁸⁶⁶⁰
750 5404 962 5481 Homini
990 5404 1559 5481 toi°titudinem,__alias_
1578 5410 1961 5481 certitudinem
1986 5404 2324 5481 pragdictam,
2350 5413 2400 5467 id
2428 5423 2531 5478 est,
2566 5412 2832 5481 justitiam
2857 5429 2985 5466 mss.
3009 5404 3213 5467 homini
3268 5404 3646 5468 rectitudinem

553 5476 779 5553 dictum,
806 5476 857 5529 id
889 5488 973 5553 est
1009 5476 1280 5543 justitiam
1357 5478 1450 5553 ’“f
1502 5478 1581 5553 Ab
1626 5476 2023 5553 Aligelishmsi.
2088 5479 2226 5553 Vict.
2254 5476 2317 5536 δέ
2343 5484 2398 5538 9.
2444 5493 2491 5537 et
2518 5476 2714 5538 Cister.
2760 5494 2816 5538 et
2865 5483 3087 5553 Angelis
3109 5498 3236 5537 mss.
3275 5482 3407 5537 Vict.
3437 5484 3581 5537 15in
3605 5476 3831 5553 Anhelis

552 5544 652 5578 ““
703 5543 1038 5620 Necessitate
1087 5558 1182 5601 aut
1228 5548 1571 5604 necessitatis
1624 5543 2041 5620 vipi'mpellente,
2074 5553 2170 5607 sed
2199 5552 2515 5607 habentium
2554 5570 2682 5608 mss.
2717 5543 3064 5615 necessitate;
3093 5555 3185 5608 sed
3209 5553 3524 5607 habentium
3600 5543 3824 5605 ³⁶⁶³“Νεο

557 5630 669 5693 que
687 5615 793 5668 ulla
826 5616 1012 5672 vilieri
1039 5626 1226 5693 potest
1245 5632 1372 5693 nisa.
1400 5632 1465 5693 e_t_
1493 5620 1639 5693 Edit.
1668 5615 1823 5675 Cotti.
1865 5615 2041 5691 deque
2083 5622 2223 5693 velle
2272 5633 2455 5693 potest
2529 5623 2625 5656 "“
2648 5622 2803 5688 Quod
2854 5624 3003 5688 facit,
3026 5625 3160 5677 vult.
3196 5622 3348 5678 Unde
3403 5637 3619 5693 quoque
3659 5636 3829 5691 aper-

555 5686 763 5763 tissime
824 5702 950 5742 mss.
1003 5686 1148 5757 quod
1198 5687 1353 5743 facit.
1422 5689 1576 5746 Unde
1625 5705 1842 5762 quouue
1895 5686 2241 5763 apertissime
2274 5686 2410 5725 ’³⁸⁸⁵
2470 5693 2535 5747 Et
2601 5686 2749 5749 recta
2800 5703 2857 5749 et
2893 5686 3037 5763 josta
3093 5711 3218 5749 mss.
3270 5702 3325 5747 et
3385 5686 3557 5761 recta,
3616 5693 3665 5748 id
3693 5686 3827 5756 est,

554 5756 697 5820 iusta
