4076 6288
273 336 365 394 ειπ

1095 334 1181 391 DE
1220 334 1561 392 CONCORD.
1603 334 1874 392 PIUESC.
1906 336 2010 393 DEI
2052 336 2195 392 CUM
2228 336 2352 391 LIB.
2395 337 2667 393 ARBITR.

3430 314 3554 394 διε

276 471 458 513 amore
491 469 705 525 semper
732 467 851 509 esse
879 453 1229 513 servandam;
1268 464 1321 508 et
1365 452 1623 523 quidquid
1670 454 1857 507 oblen-
1886 456 1932 514 Α
1961 453 2014 507 in
2043 436 2197 507 malis
2222 467 2351 506 vero
2376 454 2503 506 facft
2545 453 2683 521 quol
2708 462 2828 506 sunt
2850 494 2863 517 ,
2926 461 3019 507 sed
3082 466 3185 505 non
3229 452 3370 520 quod
3401 448 3553 508 mala

276 549 420 603 ditur
447 558 509 602 ut
539 548 821 603 deseratur
852 558 974 598 εεεε
1028 544 1507 607 contenmendam;
1558 551 1720 611 alque
1768 556 1861 596 vo-

278 638 499 693 luntatis
519 644 604 691 est
628 644 687 689 ut
714 635 825 703 ipsa
856 647 1071 702 quoque
1092 632 1345 700 reprobet
1380 646 1443 684 ac
1472 631 1860 699 eligat,quetn-

276 727 577 781 admodum
625 723 851 778 rationis
906 722 1210 775 intellectus
1280 728 1590 773 monstrat:
1646 720 1710 771 ad
1757 719 1860 773 hoc

275 818 417 872 enim
444 816 679 870 maxime
707 816 846 868 datae
874 822 1000 867 sunt
1023 811 1271 865 rationali
1315 819 1575 864 creatum:
1614 810 1860 863 voluntas

273 916 327 960 et
357 906 519 959 ratio.
557 904 898 971 Quapropter
925 901 1065 955 idem
1107 901 1399 953 voluntatis
1446 898 1727 953 arbitrium
1756 940 1770 965 ,
1804 909 1863 953 ιιι
1912 890 1925 957 ζ

274 995 522 1047 eanulem
548 992 923 1047 rectitudinem
960 990 1204 1053 deserat,
1253 989 1397 1042 nulla
1432 989 1641 1059 cogitur
1680 1004 1865 1043 neces-

277 1085 452 1148 titate,
482 1082 734 1151 quamvis
765 1081 955 1134 mortis
984 1079 1328 1149 impngnetar
1350 1079 1680 1133 difﬁcultate.
1715 1080 1863 1134 Licet

276 1176 418 1229 enim
448 1188 670 1228 necesse
697 1172 766 1228 sit
793 1181 887 1225 aut
922 1171 1087 1225 vitam
1136 1182 1227 1224 aut
1274 1172 1652 1226 rectitudinem
1697 1172 1864 1225 relin-

278 1279 446 1333 quere
471 1305 485 1330 ,
514 1263 657 1317 nulla
683 1274 861 1316 tamen
893 1262 1191 1315 necessitas
1216 1262 1540 1315 determinat
1563 1277 1724 1329 quam
1752 1276 1864 1315 scr-

278 1364 367 1410 vet
387 1364 484 1407 aut
512 1355 747 1409 deserat.
776 1351 982 1422 Nempe
1005 1352 1116 1407 sola
1149 1353 1397 1406 voluntas
1427 1352 1748 1406 determinat
1793 1351 1862 1406 ibi

280 1446 407 1515 quid
449 1455 664 1509 teneat,
716 1458 817 1498 nec
855 1443 1057 1513 aliquid
1102 1443 1229 1496 facit
1266 1444 1345 1496 vis
1377 1441 1743 1507 necessitatis,
1778 1443 1863 1496 ubi

280 1546 539 1608 Operatur
569 1536 762 1591 electio
789 1534 900 1590 sola
926 1535 1237 1589 voluntatis.
1276 1536 1343 1588 At
1368 1535 1452 1589 cui
1482 1551 1589 1589 non
1613 1544 1689 1589 εει
1715 1534 1864 1587 dese-

284 1629 433 1683 rendi
472 1627 849 1681 rectitudinem
882 1625 1202 1688 voluntatis,
1239 1641 1400 1693 quam
1441 1627 1639 1693 habet,
1682 1639 1867 1678 ncces-

285 1720 453 1783 sitas;
491 1717 665 1787 palam
695 1725 779 1771 est
807 1717 932 1786 quia
976 1730 1079 1770 non
1129 1717 1281 1771 deest
1334 1717 1583 1772 servandi
1627 1725 1866 1787 potestas

1963 554 2104 598 sunt.
2134 543 2268 598 Nam
2309 546 2453 597 omni
2482 546 2556 597 rei
2586 556 2920 612 esscjttslattt
2952 552 3031 598 vel
3069 552 3263 598 hortatu
3286 584 3300 606 ,
3334 556 3419 598 est
3442 544 3543 599 ali-

1961 636 2089 705 quid
2114 651 2233 691 esse
2265 636 2392 701 "7’;
2428 636 2555 689 nulli
2582 652 2713 688 vero
2744 636 2818 690 rei
2853 645 3076 691 estesse
3111 638 3347 707 aliquid,
3376 636 3544 705 injus-

1965 734 2071 779 tam
2100 725 2181 778 vel
2200 726 2389 778 malam
2416 742 2536 781 csse
2556 726 2668 779 “".
2705 727 2978 795 Siquidem
2998 729 3195 783 bonum
3221 730 3303 781 vel
3330 729 3538 796 justum

1962 829 2114 878 esse,
2140 824 2219 868 est
2240 814 2502 883 justitiam
2532 816 2732 869 habere
2760 835 2770 868 :
2807 818 2947 884 quod
2983 826 3063 871 est
3089 817 3305 886 aliquid.
3340 817 3539 871 Malum

1961 920 2089 958 vero
2119 919 2239 958 esse
2271 904 2352 957 vel
2393 904 2680 971 injustam,
2735 917 2812 959 cst
2860 923 2962 960 non
3028 908 3227 963 habere
3267 910 3537 978 justitiam

1962 1009 2124 1063 quam
2154 994 2732 1064 debcthabere:qao.t
2777 1011 2879 1049 non
2922 1005 3004 1050 est
3057 998 3276 1067 aliquid.
3328 997 3541 1052 J.;st’ti:t

1963 1098 2200 1153 namque
2223 1083 2423 1152 aliquid
2455 1092 2576 1148 est;
2607 1085 2864 1153 injustitia
2903 1102 3031 1139 vero
3065 1087 3228 1152 nihil,
3258 1089 3543 1141 εἰινιιξιιςκί.

1963 1172 2057 1225 Est
2086 1181 2262 1226 autem
2314 1172 2456 1225 aliud
2496 1173 2589 1203 ³⁸⁷⁵
2617 1175 2848 1240 bonum,
2889 1176 3028 1243 quod
3072 1175 3268 1229 dicitur
3305 1193 3348 1229 ει
3372 1192 3423 1229 rn
3450 1193 3544 1227 uo-

1964 1260 2122 1325 dunt,
2153 1259 2307 1327 cujus
2341 1261 2671 1315 contrarium
2698 1272 2780 1315 est
2803 1261 2999 1314 malum
3028 1303 3043 1327 ,
3077 1263 3215 1329 quml
3240 1274 3319 1316 est
3345 1264 3549 1316 intom-

1966 1353 2203 1405 modum.
2242 1351 2351 1405 Hoc
2387 1353 2587 1405 malum
2618 1353 2907 1421 aliquando
2935 1353 3066 1406 nihil
3086 1363 3197 1419 est,
3227 1363 3285 1406 ut
3306 1356 3540 1415 ca‘eitas;

1967 1442 2254 1511 aliquando
2277 1444 2571 1512 estaliquid
2595 1485 2608 1507 ,
2637 1454 2695 1497 ut
2715 1445 2883 1497 dolor.
2918 1445 3022 1499 Sed
3049 1448 3148 1499 hoc
3168 1446 3364 1499 malum
3382 1488 3395 1509 ,
3427 1460 3548 1499 cum

1967 1534 2166 1604 aliquid
2195 1544 2308 1598 est,
2346 1535 2514 1589 Deum
2560 1536 2737 1590 facere
2790 1552 2893 1591 non
2930 1553 3220 1607 negamus;
3258 1539 3383 1607 quia
3434 1539 3549 1606 ipse

1967 1634 2077 1687 est,
2129 1626 2266 1679 sicut
2291 1625 2520 1697 lrgitur,
2580 1627 2777 1695 faciens
2816 1646 2993 1696 pacem
3045 1640 3090 1682 et
3140 1644 3322 1682 creaus
3354 1628 3550 1681 nmium

1970 1713 2105 1785 (lsa.
2158 1730 2290 1777 XLV,
2318 1714 2391 1785 7).
2424 1714 2539 1783 Ipse
2561 1730 2788 1784 namque
2801 1729 2949 1771 creat
2978 1718 3334 1779 incommoda,
3355 1706 3553 1786 quibus

286 1810 397 1864 sive
428 1808 669 1863 libertas.
708 1806 937 1876 Semper
964 1808 1106 1862 enim
1133 1809 1247 1862 hzec
1295 1818 1536 1878 potestas
1576 1810 1671 1842 "“
1700 1810 1865 1863 libera
1899 1808 1942 1866 Β
1969 1812 2187 1858 exercet
2224 1814 2276 1857 et
2334 1813 2524 1875 purgat
2562 1803 2760 1872 justos,
2799 1815 2851 1860 et
2892 1807 3041 1876 punit
3091 1808 3335 1877 injtts:os.
3370 1807 3552 1875 Itaque

286 1908 389 1954 est.
424 1897 551 1954 Haec
580 1906 664 1953 est
686 1897 831 1952 enim
859 1896 1109 1961 libertas,
1142 1912 1302 1966 quam
1326 1912 1444 1952 esse
1471 1899 1581 1951 dixi
1607 1898 1773 1967 (Dial.
1804 1899 1867 1950 de

289 1990 377 2044 lib.
417 1991 532 2045 arb.
564 2005 616 2044 c.
638 1990 706 2055 ὅ,
736 1988 825 2058 l3)
856 1997 1176 2059 potestatem
1200 1989 1450 2067 servandi
1494 1989 1867 2042 rcctitudiuem

290 2081 611 2146 voluntatis,
665 2089 887 2150 pr0pter
934 2080 1106 2150 ipsam
1149 2078 1551 2134 rectitudincm.
1601 2077 1711 2132 Hac
1755 2078 1868 2147 ipsa

291 2171 535 2227 libertate
565 2172 848 2228 rationalis
880 2180 1118 2237 naturae,
1166 2180 1220 2225 et
1242 2170 1527 2226 arbitrium
1559 2169 1786 2225 liberum
1813 2178 1870 2224 et

290 2263 537 2319 voluntas
567 2263 736 2319 libera
762 2264 981 2318 dicitur.

293 2374 416 2431 CAP.
449 2374 561 2430 VII.
600 2407 671 2416 —
708 2376 787 2430 An
820 2376 913 2430 Dei
959 2375 1282 2445 prtz'scientia
1310 2376 1377 2429 sit
1433 2393 1465 2428 a
1496 2374 1644 2428 rebus
1675 2391 1692 2429 :
1723 2385 1768 2429 et
1803 2392 1872 2428 an

361 2462 442 2499 res
475 2447 579 2500 sint
632 2446 697 2500 ab
755 2447 868 2516 ejus
920 2446 1159 2500 scientia.
1210 2446 1277 2499 Et
1316 2446 1574 2515 quomodo
1603 2445 1742 2498 mala
1768 2447 1870 2499 sint

360 2533 393 2569 a
419 2516 552 2571 Deo.

363 2631 553 2687 Restat
578 2645 720 2686 nunc
750 2639 809 2686 ut
851 2632 1287 2695 consideremus,
1339 2644 1461 2685 cum
1502 2629 1644 2684 Deus
1694 2629 1875 2683 omnia

296 2722 549 2794 praescire
596 2723 711 2777 sive
737 2724 878 2778 scire
918 2723 1201 2789 credatur,
1256 2730 1433 2776 utrum
1483 2721 1598 2791 ejus
1654 2721 1875 2776 scientia

296 2810 364 2865 sit
398 2826 429 2865 a
460 2811 647 2876 rebus,
678 2825 744 2864 an
767 2826 854 2866 res
871 2812 1103 2865 habeant
1130 2809 1222 2842 “"
1249 2823 1371 2865 esse
1393 2811 1459 2865 ab
1487 2810 1603 2878 ejus
1630 2810 1875 2864 scientia.

296 2902 428 2957 Nam
450 2942 467 2968 ,
497 2904 540 2958 si
574 2902 715 2958 Deus
736 2918 765 2956 a
786 2903 943 2958 rebus
968 2902 1128 2957 habet
1149 2902 1453 2965 scientiam,
1484 2902 1724 2971 sequitur
1737 2901 1879 2970 quod

297 2995 400 3050 illa:
430 2996 584 3065 prius
611 2994 719 3050 sint
748 3009 905 3063 quam
927 2991 1042 3061 ejus
1064 2992 1289 3048 scientia
1310 3033 1324 3057 ,
1379 3002 1433 3049 et
1453 2992 1530 3047 sic
1571 3008 1599 3046 a
1631 2992 1737 3045 Deo
1775 3008 1879 3046 non

298 3087 436 3151 sint,
470 3101 499 3139 a
542 3100 650 3156 quo
678 3092 949 3154 nequeant
971 3098 1091 3139 esse
1120 3083 1220 3139 nisi
1273 3100 1369 3154 per
1417 3083 1534 3152 ejus
1578 3084 1878 3139 scientiam.

1970 1895 2381 1950 deillotantum
2414 1896 2554 1951 malo
2585 1897 2711 1961 ³⁸⁷⁸,
2768 1899 2910 1966 quod
2968 1911 3051 1952 est
3106 1898 3397 1968 injustitia,
3456 1910 3553 1966 per

1968 2002 2133 2056 quam
2164 1987 2361 2041 dicitur
2386 1987 2681 2056 injustam,
2733 1999 2941 2042 certum
2988 1998 3071 2043 est
3101 1989 3226 2057 quia
3274 1980 3547 2055 nunquam

1969 2088 2053 2134 est
2081 2078 2316 2148 aliquid;
2353 2093 2452 2133 nec
2476 2079 2633 2134 alicui
2663 2081 2739 2133 rei
2766 2089 2849 2134 est
2873 2093 2992 2133 esse
3020 2078 3219 2147 aliquid
3249 2118 3264 2143 ,
3298 2078 3551 2147 injustam

1970 2182 2111 2223 esse.
2159 2167 2257 2232 Et,
2290 2168 2435 2223 sicut
2460 2169 2596 2223 Deus
2625 2183 2729 2222 non
2762 2169 2891 2222 facit
2936 2166 3285 2235 injustitiam,
3336 2167 3407 2219 ita
3446 2181 3553 2219 non

1972 2258 2103 2315 facit
2131 2258 2331 2330 aliquid
2374 2260 2631 2330 injustam
2666 2275 2788 2315 esse
2819 2278 2831 2313 :
2882 2261 2973 2330 qui
3004 2270 3183 2313 tamen
3216 2259 3342 2312 facit
3365 2272 3555 2313 onmcs

1975 2351 2218 2406 actiones
2272 2361 2327 2406 et
2379 2367 2570 2407 omnes
2625 2362 2844 2416 motas,
2922 2353 3045 2421 quia
3104 2352 3215 2422 ipse
3284 2350 3415 2407 facit
3468 2366 3556 2403 res

1974 2455 2004 2494 a
2053 2441 2292 2508 quibus,
2370 2451 2422 2495 et
2483 2456 2549 2495 ex
2618 2442 2853 2510 quibus,
2901 2440 2967 2510 kat
3020 2457 3115 2510 per
3173 2456 3348 2510 quas,
3410 2450 3465 2494 et
3504 2440 3555 2493 in

1974 2530 2171 2598 quibus
2227 2530 2406 2590 ﬁunt;
2482 2541 2538 2585 et
2595 2530 2738 2583 nulla
2796 2546 2883 2585 res
2953 2532 3115 2585 habet
3191 2531 3355 2584 ullam
3409 2539 3561 2598 pote-

1977 2621 2401 2676 statemvoleudi
2432 2630 2525 2675 aut
2551 2620 2780 2676 faciendi
2811 2660 2828 2688 ,
2869 2622 2970 2677 nisi
3011 2622 3101 2677 illo
3152 2621 3336 2676 dante.
3378 2620 3554 2689 Ipsum

1978 2727 2193 2781 quoque
2249 2712 2416 2777 velle,
2483 2711 2626 2780 quod
2679 2711 2968 2779 aliquando
3010 2711 3217 2779 justum
3275 2720 3399 2774 est,
3454 2709 3557 2761 ali.-

1979 2807 2195 2877 quando
2235 2805 2529 2874 injustam,
2563 2818 2661 2857 nec
2686 2812 2771 2857 est
2794 2803 2937 2856 aliud
2968 2818 3128 2873 quam
3169 2802 3245 2855 uti
3289 2810 3560 2872 potestate

1962 2899 2191 2953 valendi
2220 2907 2274 2950 et
2298 2897 2592 2960 voluntate,
2623 2911 2759 2965 quas
2784 2896 2921 2949 Deus
2947 2896 3057 2967 dat,
3103 2895 3421 2962 inquantum
3453 2901 3560 2959 est,

1986 2990 2141 3059 127
2196 2991 2394 3043 bonum
2443 2998 2545 3052 εει,
2578 2995 2632 3041 ει
2666 3002 2695 3040 a
2726 2986 2834 3039 Deo
2863 2994 2965 3039 est.
3004 2985 3156 3051 Quod
3185 2994 3311 3040 tuac
3341 2986 3561 3053 quidem

1983 3081 2200 3149 quando
2257 3089 2401 3134 recte
2451 3089 2555 3144 est,
2590 3078 2789 3132 bonum
2829 3086 2884 3131 et
2933 3075 3138 3145 justum
3193 3087 3304 3144 est;
3345 3078 3563 3146 quando

299 3175 353 3228 Si
379 3190 509 3229 vero
536 3189 871 3244 quaecunque
920 3182 1077 3239 sunt,
1145 3188 1174 3226 a
1239 3174 1461 3229 scicntia
1520 3175 1611 3229 Dei
1664 3182 1884 3227 sunmut
1911 3162 1955 3223 C
1988 3188 2117 3225 vero
2142 3188 2244 3225 non
2282 3181 2448 3237 recte,
2484 3172 2583 3225 hoc
2604 3170 2719 3225 solo
2747 3170 2872 3240 quia
2906 3184 3012 3223 non
3045 3180 3188 3223 recte
3217 3170 3320 3234 est,
3359 3169 3556 3222 malum

300 3265 591 3319 essentiam
627 3281 641 3317 :
671 3265 812 3320 Deus
835 3263 1010 3319 factor
1031 3275 1107 3319 est
1140 3274 1329 3319 auctor
1358 3274 1440 3319 cst
1473 3264 1733 3320 malorum
1758 3279 1883 3334 0pc-

299 3369 421 3407 ram
450 3353 546 3385 ³⁸⁸⁸
573 3392 587 3418 ,
620 3364 676 3409 ει
704 3354 823 3409 ideo
852 3369 957 3408 non
982 3352 1126 3422 jaste
1167 3354 1262 3395 ³⁸⁸⁸
1304 3355 1455 3424 punit
1495 3354 1663 3408 malos
1695 3368 1710 3407 :
1741 3357 1883 3423 quod

302 3461 406 3499 non
450 3446 795 3515 suscipimus.
854 3446 976 3500 lltec
1027 3456 1207 3500 autem
1275 3446 1501 3516 quaestio
1545 3446 1702 3501 facile
1748 3446 1881 3500 solvi

300 3545 501 3605 potest,
526 3536 569 3589 si
601 3536 746 3605 prius
768 3537 1113 3606 cognoscitur
1138 3538 1358 3600 bonum,
1388 3538 1528 3607 quod
1554 3536 1881 3605 estjustitia,

302 3646 432 3685 vere
459 3630 663 3699 aliquid
693 3644 811 3683 esse
833 3646 848 3695 ;
874 3630 1074 3683 malum
1104 3645 1263 3694 vero,
1302 3631 1444 3698 quod
1472 3640 1554 3685 est
1583 3631 1845 3698 injustitia
1867 3672 1882 3696 ,

303 3719 452 3775 omni
479 3734 667 3773 carere
685 3718 778 3750 “"°
804 3719 1113 3774 existentia.
1143 3718 1293 3785 Quod
1321 3719 1373 3773 in
1403 3727 1632 3773 tractata
1658 3720 1801 3790 (cap.
1828 3720 1882 3784 9,

304 3806 395 3871 i0;
427 3807 517 3871 15,
545 3808 633 3877 ιε)
657 3808 723 3862 de
751 3823 875 3862 casu
911 3808 1105 3861 diaboli
1137 3849 1151 3872 ,
1198 3819 1251 3862 et
1302 3809 1355 3861 in
1409 3808 1588 3863 libello
1622 3824 1779 3879 quem
1822 3812 1887 3863 de

304 3907 569 3967 conceptu
599 3897 844 3968 virginali
869 3906 921 3952 et
952 3908 1172 3967 peccato
1197 3896 1441 3967 originali
1466 3898 1670 3951 titulavi
1691 3939 1704 3963 ,
1726 3914 1885 3968 aper-

306 3990 516 4044 tissime
571 3989 865 4043 monstravi
917 3988 1030 4042 "“.
1104 3986 1219 4041 Non
1280 3996 1361 4042 est
1423 3987 1567 4041 enim
1626 3986 1886 4056 injustitia

307 4077 579 4148 qualitas,
606 4086 698 4131 aut
735 4079 879 4133 actio
902 4119 917 4144 ,
943 4088 1033 4132 aut
1060 4078 1235 4149 aliqua
1260 4078 1491 4133 essentia
1512 4120 1527 4143 ,
1557 4080 1650 4135 sed
1680 4089 1885 4135 tantum

252 4198 253 4201 η
307 4170 553 4225 absentia
583 4170 775 4224 debitae
800 4170 1051 4241 iustitiae;
1109 4186 1208 4225 nec
1238 4181 1320 4225 est
1348 4171 1448 4224 nisi
1488 4171 1540 4224 in
1578 4171 1885 4239 voluntate,

306 4257 397 4312 ubi
432 4257 591 4312 debet
625 4258 988 4327 essejustitia.
1014 4259 1117 4315 Per
1145 4274 1307 4329 quam
1332 4260 1665 4315 voluntatem
1685 4259 1885 4328 justam

306 4350 391 4403 vel
422 4350 680 4419 injustam
711 4350 806 4383 ⁸⁸⁷⁸
835 4351 1033 4405 dicitur
1061 4351 1239 4405 omnis
1263 4351 1538 4405 rationalis
1565 4360 1753 4405 natura
1772 4392 1785 4415 ,
1834 4361 1889 4406 et

305 4440 565 4508 quaelibet
597 4438 714 4507 ejus
737 4443 879 4494 actio
902 4440 1043 4508 justa
1072 4439 1155 4493 vel
1198 4440 1417 4508 ittjtlSla.
1465 4439 1661 4495 Omnis
1690 4442 1888 4511 quippe

1962 3270 2071 3314 ‘cst
2104 3271 2158 3314 et
2181 3259 2458 3327 injustam.
2486 3259 2575 3313 Est
2606 3269 2784 3313 autem
2808 3258 3009 3328 aliquid
3036 3269 3184 3313 recte
3211 3273 3353 3323 esse,
3382 3270 3433 3313 et
3462 3260 3562 3313 hoc

1984 3360 2068 3405 est
2099 3367 2127 3405 a
2156 3349 2298 3415 Deo;
2331 3365 2435 3404 non
2458 3364 2577 3404 esse
2612 3365 2741 3403 vero
2773 3360 2939 3410 recte,
2970 3364 3075 3403 non
3106 3360 3190 3403 est
3216 3349 3435 3418 aliquid,
3462 3363 3562 3402 nec

1984 3450 2069 3496 est
2094 3458 2122 3495 a
2154 3440 2287 3494 Deo.
2314 3438 2471 3504 Nam,
2502 3439 2643 3493 sicut
2681 3453 2803 3492 cum
2839 3439 3037 3507 aliquis
3064 3440 3233 3491 utitur
3252 3437 3445 3508 gladio.
3471 3447 3565 3491 aut

1985 3532 2186 3602 lingua,
2215 3541 2301 3585 aut
2344 3539 2609 3602 potestate
2633 3530 2902 3599 loquendi,
2923 3524 3029 3583 non
3056 3541 3137 3584 est
3165 3530 3306 3584 aliud
3336 3530 3426 3561 ⁸⁸⁷⁷
3451 3528 3564 3600 gla-

1984 3624 2129 3689 dius,
2162 3632 2256 3677 aut
2290 3624 2493 3691 lingua,
2546 3621 2661 3676 sive
2693 3629 2930 3690 potestas
2980 3635 3104 3676 cum
3152 3630 3327 3675 rectus
3356 3630 3437 3676 est
3467 3635 3565 3674 eo-

1985 3731 2106 3769 rum
2138 3730 2288 3780 usus,
2319 3715 2484 3777 aliud,
2534 3729 2656 3767 cum
2701 3728 2806 3767 non
2838 3723 2922 3766 est
2964 3723 3176 3775 rectus;
3211 3712 3283 3764 ita
3312 3711 3561 3765 voluntas

1990 3822 2097 3877 qua
2131 3808 2332 3860 utitnnr
2374 3806 2441 3857 ad
2494 3804 2805 3867 volendnm,
2852 3803 2994 3857 sicut
3032 3804 3239 3856 ratione
3269 3802 3471 3855 utimur
3499 3802 3565 3853 ad

1990 3897 2443 3957 ratiocinamlum,
2477 3911 2585 3948 non
2610 3906 2693 3948 est
2730 3894 2875 3946 aliud
2905 3894 3122 3962 quando
3150 3892 3271 3961 quis
3301 3891 3389 3944 illa
3418 3901 3567 3946 recte

1988 3989 2179 4051 utitur,
2230 3997 2286 4041 et
2310 3986 2453 4039 aliud
2501 3987 2717 4053 quando
2747 3999 2855 4036 non
2893 3992 3073 4047 recte;
3120 3997 3219 4036 nec
3255 3982 3426 4052 magis
3467 3996 3566 4035 nec

1993 4081 2171 4133 minus
2198 4088 2279 4133 εει
2312 4078 2413 4132 Ιιοε
2442 4078 2585 4145 quod
2612 4084 2692 4130 est
2718 4073 3104 4139 essentialitcr,
3124 4088 3245 4126 cum
3274 4084 3358 4127 est
3392 4073 3564 4141 jasta,

1994 4186 2155 4241 quam
2199 4184 2322 4223 cum
2359 4169 2553 4238 injusta
2580 4175 2663 4221 est
2708 4166 2981 4229 voluntas,
3039 4181 3134 4234 per
3167 4179 3329 4233 quam
3372 4165 3571 4219 dicitur

1989 4274 2080 4318 aut
2110 4260 2410 4318 substantia
2441 4269 2536 4314 aut
2557 4258 2700 4312 actio
2714 4256 2859 4326 justa
2888 4256 2971 4311 vel
3001 4256 3219 4326 injusta.
3245 4254 3357 4319 Sic,
3380 4255 3565 4325 itaque

1988 4353 2119 4407 facit
2162 4354 2305 4407 Deus
2340 4352 2393 4405 in
2436 4350 2689 4404 onmibus
2718 4348 3086 4401 voluntatibus
3110 4357 3165 4400 et
3202 4346 3457 4416 Operibus
3483 4346 3571 4399 bo-

1993 4444 2101 4507 nis,
2133 4440 2354 4511 etquod
2379 4438 2745 4494 essentialiter
2790 4446 2936 4503 sunt,
2968 4447 3021 4493 et
3054 4438 3199 4507 quod
3228 4437 3366 4491 bona
3410 4446 3565 4501 sunt;

306 4529 575 4598 qualitas,
602 4539 657 4584 et
692 4530 869 4583 omnis
889 4530 1065 4593 actio,
1094 4538 1149 4584 et
1171 4530 1431 4599 quidquid
1458 4529 1693 4599 aliquam
1725 4532 1882 4587 habet
1921 4517 1966 4571 D
1993 4534 2045 4587 in
2081 4532 2238 4587 malis
2274 4545 2403 4585 vero
2427 4547 2531 4586 non
2562 4529 2705 4599 quod
2737 4528 2873 4583 mala
2904 4538 3049 4593 sunt,
3074 4529 3165 4583 sed
3199 4537 3406 4582 tantum
3427 4528 3569 4597 quod

306 4623 607 4676 essentiam
638 4659 655 4685 ,
695 4637 725 4675 a
756 4622 865 4676 Deo
886 4629 1003 4687 est,
1054 4637 1085 4674 a
1106 4636 1213 4691 quo
1238 4631 1323 4676 est
1348 4622 1525 4677 omnis
1568 4622 1779 4693 jastitia
1834 4632 1889 4678 ει

310 4711 459 4765 nulla
490 4711 753 4781 injustitia
782 4730 796 4765 :
826 4712 955 4765 facit
976 4712 1139 4781 igitur
1174 4711 1315 4765 Deus
1353 4711 1539 4764 omnia
1584 4728 1703 4782 qua:
1743 4711 1888 4780 justa

309 4803 398 4855 vel
414 4802 613 4871 injusta
632 4802 911 4855 voluntate
937 4800 1100 4866 ﬁunt,
1125 4800 1176 4853 id
1200 4808 1283 4854 est
1309 4800 1448 4854 bona
1469 4815 1632 4870 opera
1658 4814 1708 4856 et
1728 4802 1885 4857 mala.

311 4892 368 4946 In
396 4894 551 4947 bonis
577 4893 791 4961 quidem
823 4891 952 4947 facit
974 4891 1115 4961 quod
1144 4899 1301 4957 sunt,
1324 4900 1382 4946 et
1403 4893 1550 4962 quod
1572 4893 1711 4947 bona
1746 4903 1889 4960 sunt;

1996 4640 2093 4694 per
2136 4622 2429 4677 essentiam
2459 4629 2603 4674 sunt.
2635 4619 3097 4686 Quemadmodum
3137 4620 3281 4673 enim
3337 4634 3442 4672 non
3489 4628 3573 4673 est

2004 4710 2241 4765 essentia
2268 4709 2363 4741 ⁸⁸⁷⁸
2395 4723 2596 4769 rerum,
2628 4708 2731 4762 nisi
2766 4724 2793 4761 a
2833 4708 2979 4774 Deo;
3019 4710 3090 4762 ita
3142 4724 3248 4761 non
3296 4715 3378 4761 est
3425 4718 3571 4761 recta

1997 4808 2117 4871 ³⁸⁷⁸,
2163 4805 2267 4860 nisi
2311 4805 2379 4859 ab
2407 4805 2539 4873 ipso.
2581 4801 2750 4881 Hujus
2799 4816 2927 4856 vero
2978 4801 3335 4864 rectitudinis,
3370 4799 3437 4853 de
3465 4812 3569 4867 qua

2005 4899 2220 4967 loquor,
2248 4896 2515 4960 absentia,
2541 4911 2661 4966 qute
2688 4904 2771 4949 εει
2820 4894 3104 4963 injustitia,
3137 4908 3244 4947 non
3273 4900 3356 4946 est
3385 4891 3488 4944 nisi
3506 4891 3571 4942 in

1596 5027 1838 5086 VARle
1877 5031 2276 5089 LEC'I‘IONES.

387 5144 481 5214 ’δέ’
512 5141 738 5212 Semper
763 5141 1203 5214 enimwpotcstas
1254 5157 1380 5194 mss.
1406 5211 1418 5214 _
1449 5140 1589 5196 Vict.
1650 5159 1863 5213 semper
1891 5148 2035 5201 enim
2083 5148 2195 5200 hzec
2242 5154 2479 5214 potestas
2551 5145 2642 5176 ³⁸⁸⁷
2669 5146 2775 5201 Aut
2800 5161 2886 5199 res
2930 5146 3125 5199 habeat
3150 5158 3271 5214 esse
3320 5159 3442 5214 mu.
3480 5152 3574 5197 aut

313 5228 409 5268 res
439 5211 674 5266 habeant
706 5227 827 5266 esse
900 5212 992 5243 ⁸⁶⁶⁸
1020 5212 1084 5265 Et
1111 5221 1265 5281 actor
1311 5211 1576 5281 malorum
1628 5211 1850 5280 operum
1898 5225 1979 5269 est
2023 5234 2148 5270 mss.
2191 5211 2254 5269 ρι’
2276 5224 2463 5270 auctor
2491 5223 2575 5267 est
2611 5215 2875 5269 malorum
2927 5230 3149 5281 operum
3226 5213 3316 5244 ³⁶⁶⁹
3346 5213 3414 5266 Ει
3453 5213 3574 5267 ideo

305 5284 459 5353 juste
484 5298 609 5336 mu.
640 5290 705 5336 et
734 5282 854 5353 idco
883 5281 1188 5353 nonju_steq
1226 5280 1322 5353 _'°'°
1348 5280 1799 5353 Omninocarere
1834 5300 1959 5338 mss.
1993 5287 2139 5340 omni
2170 5301 2359 5339 carere
2435 5283 2525 5315 ³⁶⁷¹
2554 5284 2844 5351 Aptissime
2893 5280 3187 5338 menstravi
3244 5301 3368 5337 mss.
3409 5298 3572 5352 aper-

318 5350 532 5408 tissime
563 5351 855 5423 monstravi
933 5352 1026 5383 ""
1052 5350 1270 5423 Iustitia
1307 5351 1388 5404 vel
1416 5350 1680 5423 injustitia
1718 5369 1844 5406 mss.
1874 5353 2074 5422 justam
2111 5356 2192 5409 vel
2231 5355 2481 5423 injustam
2560 5354 2651 5385 ³⁸⁷³
2680 5353 2988 5423 Estjastam
3038 5353 3120 5406 vel
3150 5354 3343 5407 bonam
3372 5350 3573 5421 aliquid

316 5437 441 5493 esse
473 5438 599 5493 mu.
632 5435 751 5493 esse
770 5419 973 5493 justam
1003 5421 1086 5493 vel
1142 5422 1336 5475 bonam
1390 5432 1467 5474 est
1504 5422 1705 5493 aliquid
1731 5438 1851 5493 esse
1876 5419 1888 5422 ⁷
1926 5424 2018 5457 ³⁸⁷⁸
2044 5425 2142 5479 Est
2186 5419 2387 5493 aliquid
2421 5441 2539 5477 esse
2572 5419 2823 5491 injustam
2856 5423 2936 5476 vel
2968 5423 3161 5477 malam
3192 5440 3315 5476 mss.
3347 5433 3430 5477 est
3456 5419 3573 5477 esse

318 5491 551 5563 aliquid,
578 5490 831 5563 injustam
864 5490 948 5545 vel
980 5490 1176 5544 malam
1201 5506 1334 5563 esse
1382 5506 1515 5563 mss.
1551 5490 1692 5544 Vict.
1726 5492 1814 5545 l5.
1842 5502 1923 5547 est
1953 5496 2154 5563 aliquid
2194 5490 2336 5559 esse,
2370 5490 2633 5563 injustam
2676 5495 2755 5547 vel
2815 5494 3009 5547 malam
3039 5508 3162 5549 esse
3238 5493 3331 5524 ³⁸⁷³
3357 5494 3450 5563 Est
3478 5511 3577 5546 aa-

323 5571 431 5616 tem
459 5560 661 5632 aliquid
693 5576 817 5613 mu.
846 5569 930 5615 est
963 5569 1140 5632 autem
1165 5560 1345 5632 aliud
1383 5560 1477 5632 ³ξξ¹⁶
1500 5559 1684 5629 Itaque
1714 5563 1779 5616 de
1809 5572 1958 5618 tanto
1990 5559 2132 5619 malo
2194 5580 2317 5616 mss.
2350 5559 2537 5617 de’illo
2575 5567 2756 5632 itaque
2806 5573 3012 5617 tantum
3049 5563 3189 5619 malo
3265 5563 3357 5596 ³⁸⁷⁷
3386 5562 3574 5617 Νοιιιιε

318 5641 407 5753 (est
431 5627 611 5752 laliu'dl
646 5646 771 5682 mss.
804 5645 909 5752 no?
938 5640 1020 5684 est
1061 5630 1204 5684 aliud
1280 5630 1373 5668 m'
1403 5627 1515 5691 Non
1548 5627 1791 5705 pes—sentia
1846 5649 1972 5689 mu.
2026 5651 2131 5689 non
2161 5643 2243 5688 est
2272 5634 2507 5688 essentia
2584 5627 2682 5665 “7‘
2710 5633 2786 5688 lta
2830 5650 2930 5688 non
2962 5645 3109 5690 recta
3158 5651 3284 5690 mu.
3313 5646 3358 5691 et
3396 5633 3573 5689 Edino

376 5711 425 5753 ot
449 5716 548 5753 uca
576 5716 588 5751 ι
617 5713 646 5753 a
678 5714 780 5753 non
812 5714 869 5753 es
922 5710 1064 5753 recta

376 5710 548 5753 (Nllde
576 5710 646 5753 tta
678 5714 780 5753 non
812 5710 891 5755 CSI
922 5710 1064 5754 recta
