4076 6288
531 307 636 364 519

1083 309 1143 366 S.
1185 310 1484 368 ANSELMI
1525 313 1878 372 CANTUAIL
1911 317 2136 376 Λιιςιιιι

2279 320 2432 378 ΟΡΡ.
2473 321 2653 378 PARS
2689 323 2730 379 ι.
2759 355 2828 364 -ι
2857 323 3273 382 DOGMATICA.

3707 327 3804 391 590

534 422 656 478 vuln
700 429 810 480 tate
831 423 1111 480 rationalis
1131 436 1415 492 creatum,
1447 444 1565 498 qua!
1589 445 1806 501 Semper
1837 431 1995 490 debet
2022 432 2120 489 ha-
2148 436 2194 497 Α
2224 434 2462 492 destinat
2483 435 2691 502 omnia,
2713 445 2769 491 et
2812 437 3197 507 praulestinata
3219 454 3352 495 sunt
3369 453 3438 496 ex
3461 441 3799 512 necessitate,

535 519 666 573 here
675 517 964 588 justitiam.
991 517 1102 573 Cur
1129 527 1436 575 autemnon
1468 523 1661 578 habent
1678 564 1692 586 ,
1717 539 1881 594 quam
1905 539 2124 594 semper

534 607 695 672 debet
716 607 917 663 habere
943 624 958 662 :
991 616 1047 664 et
1064 611 1336 678 quomodo
1357 609 1500 667 Deus
1523 613 1661 666 bona
1692 612 1875 680 faciat,
1893 613 2005 670 sola
2025 630 2122 670 sna

535 697 799 761 bonitate,
827 706 882 753 et
900 697 1042 752 mala
1061 698 1178 753 sola
1209 698 1368 770 culpa
1398 700 1637 756 hominis
1661 702 1754 736 ³⁸⁸⁸³
1787 701 1862 757 vel
1885 703 2122 769 diaboli;

535 797 591 843 et
617 788 854 858 qualiter
879 789 1044 844 homo
1073 790 1212 845 bona
1239 792 1406 846 faciat
1433 809 1531 863 per
1559 793 1785 848 liberum
1810 795 2123 860 arbitrium,

536 879 865 948 przesulante
892 883 1084 952 gratia,
1116 892 1172 938 et
1207 883 1408 940 malum
1433 886 1548 941 sola
1577 902 1674 942 sua
1706 897 1967 958 npcrante
1995 903 2123 957 pro-

536 970 652 1039 pria
683 971 990 1037 voluntate;
1020 981 1072 1026 et
1105 973 1232 1042 quid
1281 973 1476 1028 habeat
1516 975 1658 1030 Drus
1704 977 1754 1030 in
1799 977 1975 1044 malis,
2006 978 2125 1034 sine

538 1059 692 1128 culpa
723 1075 822 1116 sua
847 1061 965 1124 “0‘,
994 1071 1045 1117 et
1078 1061 1236 1117 homo
1269 1063 1320 1117 in
1354 1065 1530 1128 bonis,
1562 1081 1684 1120 cum
1717 1066 1873 1122 laude
1905 1084 2038 1134 sua;
2068 1077 2126 1125 ut

541 1160 722 1214 tamen
755 1153 895 1208 bona
913 1154 1004 1187 "‘3'
1030 1155 1263 1212 hominis
1291 1157 1575 1215 videamur
1595 1170 1780 1229 aperte
1809 1161 2124 1230 imputanda

538 1241 673 1306 Deo,
704 1253 762 1299 et
784 1244 923 1300 mala
947 1245 1155 1302 homini
1183 1264 1196 1302 :
1239 1264 1360 1304 cum
1389 1250 1456 1305 de
1487 1252 1661 1320 gratia
1687 1261 1743 1306 et
1773 1252 1945 1307 libero
1972 1253 2124 1314 arbi-

543 1337 646 1391 trio
670 1337 1027 1394 tractabimus
1055 1339 1169 1406 ³⁸⁸³,
1200 1350 1260 1395 ιιι
1301 1351 1429 1412 puto
1463 1343 1574 1398 Deo
1604 1345 1858 1412 donante,
1885 1348 2127 1416 apertius

538 1427 768 1494 patebit.
805 1427 958 1484 Nunc
991 1439 1172 1487 autem
1225 1440 1431 1488 tantum
1471 1435 1594 1490 dico
1628 1437 1771 1504 quod
1824 1439 1996 1494 malus
2027 1453 2125 1494 an-

539 1517 690 1587 gelus
720 1519 842 1574 ideo
873 1518 1144 1589 justitiam
1187 1539 1294 1578 non
1326 1525 1508 1590 habet,
1553 1528 1680 1596 quia
1716 1541 1837 1582 eam
1867 1531 2124 1597 deseruit,

538 1623 643 1664 nec
671 1618 860 1678 postea
907 1614 1148 1682 recepit;
1203 1615 1366 1671 homo
1397 1633 1524 1672 vero
1574 1619 1776 1675 idcirco
1817 1619 1904 1674 illa
1954 1632 2124 1687 caret,

539 1701 668 1769 quia
708 1703 760 1756 in
788 1705 977 1774 primis
1021 1709 1344 1776 parentibus
1375 1726 1510 1766 eam
1554 1710 1772 1779 abjccit,
1820 1723 2006 1782 postea
2035 1724 2130 1770 aut

2223 542 2347 582 cum
2371 527 2505 582 nihil
2527 543 2628 599 per
2666 527 2902 584 liberum
2923 530 3212 586 arbitrium
3238 531 3567 588 necessitate
3588 533 3804 601 ἤειδε.

2221 618 2312 689 ιιιιί
2357 618 2576 675 videtur
2613 619 2750 676 nihil
2789 635 2914 677 esse
2955 621 3533 692 Iiherumarbitrium,
3559 638 3805 687 manente

2223 710 2733 780 praedestinatione;
2777 721 2874 767 aut
2913 713 2958 768 si
2985 714 3276 769 statuimus
3299 714 3654 786 inaliquibns
3672 718 3803 778 liba.

2225 817 2344 854 rum
2368 800 2680 868 arbitrium,
2707 802 2886 873 perire
2910 803 2962 858 in
2991 804 3096 857 illis
3118 805 3676 873 pradestinatiouem.

2222 891 2306 945 CA
2315 891 2375 947 ιι.
2401 891 2441 946 ιι
2462 891 2564 964 {aL
2599 892 2714 965 IX].
2735 923 2812 965 -τ-
2829 891 3348 965 Pmdestinatiouon
3362 897 3535 951 solum
3554 897 3803 957 boum

2547 964 2788 1032 εεείεεά
2811 964 3143 1040 etmalorum
3170 975 3338 1034 potest
3365 967 3490 1021 dici.

2295 1054 2350 1110 In
2375 1054 2566 1123 primis
2609 1053 2792 1125 itaque
2833 1065 2961 1111 ante
3003 1055 3325 1125 quaestionis
3363 1059 3804 1130 responsionem,

2226 1146 2514 1202 videndum
2537 1158 2622 1202 ρει
2644 1147 2769 1216 quia
2790 1147 3195 1216 praedestinatio
3219 1162 3324 1203 non
3347 1148 3524 1220 solum
3546 1151 3804 1209 bonorum

2226 1247 2334 1303 cst,
2374 1240 2472 1294 sed
2523 1247 2581 1294 et
2620 1239 2889 1296 malorum
2931 1249 3113 1310 potest
3151 1241 3258 1296 diei
3298 1259 3312 1296 :
3356 1242 3806 1312 quemadmodum

2229 1329 2372 1384 Deus
2399 1328 2538 1384 mala
2571 1344 2690 1405 qua:
2711 1346 2819 1386 non
2843 1330 2992 1394 facit,
3038 1330 3238 1388 dicitur
3279 1330 3485 1396 facere,
3523 1334 3656 1402 quia
3693 1350 3810 1404 per-

2228 1422 2417 1476 mittit.
2463 1421 2621 1488 Nam,
2675 1422 2877 1478 dicitur
2919 1423 3193 1480 hominem
3235 1425 3495 1482 indurare
3532 1441 3660 1484 cum
3709 1443 3809 1484 non

2228 1514 2458 1578 emollit,
2481 1529 2548 1569 ac
2566 1514 2824 1571 inducere
2863 1515 2916 1570 in
2943 1516 3296 1585 tentationem
3316 1533 3444 1573 cum
3465 1534 3576 1576 non
3598 1519 3810 1578 liberat.

2230 1603 2346 1659 Non
2398 1615 2486 1660 est
2541 1620 2672 1676 ergo
2723 1605 3114 1670 inconveniens
3146 1605 3197 1670 si
3234 1606 3336 1662 hoc
3385 1610 3546 1664 modo
3589 1608 3813 1668 dicimus

2231 1696 2398 1754 Deum
2445 1697 2839 1768 pratdestinare
2877 1697 3049 1753 malos
3077 1737 3092 1761 ,
3137 1708 3194 1752 et
3231 1712 3423 1760 eorum
3445 1696 3604 1759 mala,
3627 1711 3810 1769 opera,

541 1809 648 1846 non
677 1793 822 1849 illam
849 1797 1078 1868 recepit,
1111 1810 1205 1854 aut
1237 1811 1512 1871 recept-am
1557 1802 1765 1872 rejecit.
1802 1803 1942 1861 Puto
1972 1805 2122 1875 quia,

2238 1787 2449 1855 quando
2497 1803 2594 1843 eos
2646 1798 2707 1862 et
2761 1802 2952 1844 comm
3013 1787 3156 1842 mala
3216 1803 3383 1860 opera
3433 1803 3541 1857 non
3593 1789 3817 1859 corrigit

539 1883 712 1952 gratia
747 1885 838 1938 Dei
859 1885 1170 1953 aoljuvante,
1201 1892 1626 1948 monstravimus
1647 1894 1794 1963 quod
1831 1895 2127 1964 praescien-

543 1974 674 2028 tiam
702 1974 796 2030 Dei
821 1986 878 2031 et
910 1977 1136 2036 liberum
1163 1982 1448 2039 arbitrium
1474 1985 1638 2040 simul
1661 2001 1803 2053 esse,
1827 1988 1872 2042 si
1901 1988 2126 2059 diligen-

544 2074 627 2118 ter
652 2065 1073 2123 consulerentur
1097 2085 1219 2140 qua:
1240 2072 1500 2135 diximus.
1532 2089 1640 2134 non
1671 2076 1744 2130 sit
1765 2075 2126 2146 impossibile,

543 2170 719 2226 neque
743 2159 915 2227 possit
949 2161 1157 2231 aliquid
1187 2162 1346 2232 objici
1379 2165 1526 2234 quod
1545 2180 1659 2222 non
1689 2167 1764 2222 sit
1789 2166 2124 2224 dissolubile.

1111 2276 1435 2344 QUZESTIO
1475 2279 1538 2333 ll.

667 2378 734 2417 DE
769 2379 1068 2422 CONCOBDM
1109 2384 1638 2424 PREDESTINATIONIS
1673 2383 1781 2425 εωι
1821 2382 2013 2424 LIBERO

1132 2455 1382 2496 ιιιωιτίιιο
1417 2440 1534 2493 ³⁸⁸⁵.

617 2522 769 2580 Nunc
816 2539 948 2596 ergo
997 2529 1048 2584 in
1089 2543 1156 2584 eo
1201 2540 1505 2602 sperantes.
1536 2531 1630 2601 qui
1673 2531 1780 2587 huc
1818 2547 1991 2601 usque
2033 2547 2133 2588 nos

537 2618 824 2687 perduxit,
873 2620 1202 2678 discordiam
1247 2638 1368 2692 quae
1412 2624 1556 2679 inter
1598 2625 2134 2693 prtedestinationem

544 2716 603 2764 et
630 2709 858 2766 liberum
890 2714 1180 2769 arbitrium
1206 2715 1422 2771 videtur
1445 2730 1584 2778 esse,
1615 2716 2002 2787 aggrediamur
2023 2716 2137 2770 dis-

547 2805 782 2861 solvere.
816 2805 896 2860 Ad
937 2810 1082 2878 quod
1118 2823 1216 2878 per
1261 2823 1325 2863 ea
1377 2823 1500 2880 quae
1542 2824 1703 2880 supra
1755 2809 2133 2872 disseruimus,
2217 2857 2221 2860 .

549 2897 692 2952 sicut
719 2898 774 2952 in
799 2900 1154 2969 sequentibus
1178 2900 1407 2970 patebit,
1432 2915 1540 2956 non
1567 2916 1757 2970 parum
1782 2899 2132 2970 profecimus.

548 2986 702 3042 CAP.
736 2987 755 3041 l
786 2985 884 3058 [αι.
921 2987 1076 3060 Vill].
1109 3018 1176 3030 --
1200 2988 1352 3044 Ratio
1383 2989 1660 3044 dubitandi
1691 2992 1832 3045 circa
1879 2989 2137 3044 libertatis

860 3072 906 3112 et
930 3059 1405 3128 pra'destinattonis
1436 3062 1792 3114 concordiam.

2230 1877 2349 1934 ³⁸⁸⁷.
2405 1878 2514 1934 Sed
2575 1880 2717 1936 bona
2769 1879 3058 1951 specialius
3100 1879 3385 1949 pra‘scire,
3428 1890 3484 1936 et
3531 1880 3814 1952 prredesti-

2229 1984 2362 2025 nare
2396 1969 2617 2033 dicitur,
2658 1969 2791 2040 quia
2837 1969 2892 2024 in
2940 1968 3045 2024 illis
3087 1967 3219 2022 facit
3258 1970 3403 2037 quod
3424 1980 3574 2035 Slitll,
3597 1981 3656 2026 et
3677 1969 3814 2039 quod

2230 2058 2370 2113 bona
2394 2066 2555 2123 sunt;
2584 2058 2637 2112 in
2666 2058 2824 2114 malis
2845 2067 3030 2114 autem
3054 2058 3146 2089 ³⁸⁸⁸
3169 2060 3386 2120 nonnisi
3411 2060 3557 2129 quod
3578 2067 3714 2115 sunt
3729 2073 3816 2114 es.

2231 2147 2557 2213 sentialiter,
2589 2162 2697 2202 non
2717 2147 2862 2218 quod
2887 2146 3028 2203 mala
3051 2156 3210 2214 sunt;
3235 2157 3294 2204 ut
3314 2164 3479 2220 supra
3503 2149 3819 2208 dictumest

2234 2238 2447 2310 (quam.
2474 2255 2512 2303 ι,
2557 2255 2674 2309 cap.
2715 2238 2792 2308 7).
2820 2238 3113 2294 Sciendum
3151 2255 3369 2310 quoque
3409 2249 3493 2294 est
3535 2241 3663 2310 quia
3688 2239 3820 2296 sicut

2234 2330 2574 2403 praescientia
2601 2345 2706 2386 non
2731 2330 2786 2385 in
2811 2329 2922 2386 Deo
2953 2330 3156 2386 dicitur
3181 2316 3429 2401 pr0prie;
3466 2331 3537 2385 ita
3561 2346 3666 2387 nec
3689 2346 3820 2401 prm-

2233 2421 2545 2486 destinatio,
2570 2422 2698 2492 quia
2723 2421 2796 2478 illi
2821 2437 2922 2478 nec
2943 2431 3087 2488 ante,
3110 2438 3212 2478 nec
3231 2434 3347 2494 post
3371 2420 3577 2493 aliquid
3599 2431 3708 2488 est,
3731 2421 3822 2478 sed

2234 2515 2416 2569 omnia
2440 2523 2569 2569 sunt
2595 2514 2668 2569 illi
2691 2515 2854 2570 simul
2877 2515 3190 2585 prasentia.
3339 2557 3342 2560 λ

2271 2626 2424 2684 CAP.
2466 2627 2682 2710 llL.
2706 2627 2804 2701 X].
2840 2657 2914 2710 τ-
2959 2627 3367 2710 Ρινωᾴεαὶηαιὶο
3407 2643 3528 2710 cunt
3549 2626 3794 2709 libertate

2418 2699 2734 2756 conciliatur
2759 2699 2940 2756 eodem
2976 2699 3130 2756 modo
3168 2715 3271 2769 quo
3302 2700 3654 2768 prwscientia.

2315 2789 2739 2848 Considercmus
2780 2806 2924 2848 nunc
2965 2806 3036 2846 an
3077 2791 3261 2862 aliqua
3301 2791 3516 2867 possint
3553 2788 3831 2860 praedesti-

2241 2885 2381 2949 nari,
2403 2899 2502 2954 per
2523 2884 2750 2940 liberum
2772 2884 3072 2940 arbitrium
3110 2882 3320 2939 (unua.
3361 2880 3607 2938 Dubitari
3630 2883 3825 2952 utique

2243 2973 2337 3004 3°”
2363 2957 2468 3027 non
2492 2973 2655 3028 debet
2674 2973 2801 3043 quia
2823 2973 2941 3040 ejus
2960 2972 3387 3045 przedestinatio,
3411 2980 3468 3027 et
3488 2970 3830 3042 praeseieotia

2240 3078 2348 3120 non
2373 3063 2684 3129 discordat;
2710 3065 2804 3120 sed
2821 3065 3227 3135 sicutprzescit,
3255 3063 3330 3118 ita
3371 3078 3588 3134 quoque
3625 3061 3833 3134 pande.

622 3149 1033 3208 Praedestinatio
1055 3152 1268 3207 videtur
1295 3152 1434 3208 idem
1467 3167 1592 3208 esse
1619 3155 1762 3224 quod
1797 3151 2135 3222 prmordina-
2166 3145 2216 3239 Cl
2246 3155 2430 3210 stinat.
2449 3155 2507 3210 In
2531 3156 2830 3226 quaestione
2843 3157 2910 3224 de
2923 3156 3262 3228 praiscientia
3275 3154 3630 3227 cognovimus
3647 3162 3836 3226 aperto

553 3245 648 3310 tio,
677 3245 794 3301 sive
819 3244 1145 3315 prtestitutio
1164 3245 1258 3276 "“‘
1285 3262 1297 3298 :
1323 3254 1379 3300 et
1399 3245 1521 3300 ideo
1546 3246 1691 3315 quod
1725 3245 1864 3300 Deus
1889 3242 2130 3316 praedes-

553 3339 731 3392 tinarc
767 3336 986 3404 dicitur,
1042 3336 1360 3407 intelligitur
1408 3337 1776 3406 prmordinare
1832 3353 1846 3390 :
1892 3334 2142 3405 quodest

552 3437 794 3484 statuere
817 3427 1056 3482 futurum
1080 3443 1222 3483 esse.
1249 3427 1402 3495 Quod
1442 3437 1621 3483 autem
1659 3429 1797 3484 Deus
1839 3427 2034 3482 statuit
2058 3427 2142 3483 fu-

557 3529 740 3575 turum
762 3533 906 3584 esse,
931 3519 1257 3576 necessitate
1283 3521 1497 3577 videtur
1519 3520 1761 3576 futurum
1784 3537 1906 3578 esse
1929 3539 1944 3587 ;
1969 3535 2141 3592 quare

554 3609 817 3679 quidquid
838 3608 982 3665 Deus
997 3609 1369 3678 praedestinat,
1387 3625 1610 3667 necesse
1625 3620 1712 3666 est
1733 3610 1973 3687 futurum
1997 3625 2150 3672 esse.

557 3701 615 3754 Si
638 3714 770 3767 ergo
793 3700 934 3755 Deus
975 3699 1328 3769 praedestinat
1370 3701 1510 3756 bona
1552 3709 1608 3755 et
1651 3700 1790 3755 mala
1835 3716 1955 3772 quae
1985 3701 2141 3766 ﬁunt,

558 3792 692 3847 nihil
719 3793 779 3848 iit
800 3807 898 3862 per
929 3791 1156 3847 libermn
1200 3791 1518 3859 arbitrium;
1545 3794 1638 3849 sed
1661 3794 1845 3848 omnia
1867 3808 1933 3848 ex
1957 3807 2147 3850 neces-

557 3887 740 3943 sitate.
764 3887 854 3950 At,
877 3886 921 3942 si
947 3895 1154 3942 tantum
1177 3886 1318 3941 bona
1342 3885 1714 3956 prmdestinat,
1730 3888 1844 3944 sola
1867 3888 2004 3944 bona
2021 3899 2143 3944 sunt

557 3991 626 4034 ex
650 3977 996 4043 necessitate,
1012 3993 1112 4034 nec
1123 3986 1206 4033 est
1220 3976 1450 4033 liberum
1464 3977 1752 4032 arbitrium
1767 3978 1869 4034 nisi
1883 3978 1951 4033 ad
1969 3977 2111 4033 mala
2129 3994 2144 4032 :

557 4070 702 4142 quod
747 4069 910 4128 nimis
932 4079 1018 4126 est
1056 4070 1371 4126 absurdum.
1416 4068 1536 4126 Non
1559 4086 1692 4142 ergo
1712 4070 1825 4126 sola
1849 4069 1988 4126 bona
2012 4084 2152 4142 prte-

559 4163 800 4219 destinat
819 4163 980 4219 Deus.
1005 4161 1065 4218 Si
1099 4171 1282 4218 autem
1305 4161 1447 4218 bona
1477 4163 1724 4232 quaedam
1745 4175 1909 4232 opera
1933 4158 2065 4216 facit
2085 4159 2152 4214 li-

559 4256 752 4313 berum
776 4256 1087 4319 arbitrium,
1112 4269 1209 4325 per
1231 4270 1354 4325 quae
1377 4253 1514 4310 ﬁunt
1531 4253 1664 4323 justi
1701 4256 1908 4324 absque
1941 4252 2149 4326 prtedeo

514 4382 518 4385 -
559 4345 874 4411 stinatione,
901 4360 1009 4399 non
1051 4343 1396 4415 prmdestinat
1417 4344 1560 4399 Deus
1595 4343 1776 4398 omnia
1802 4345 1937 4398 bona
1959 4358 2148 4413 opera,

561 4452 682 4507 qua:
714 4438 893 4507 justos
934 4437 1166 4502 faciunt,
1189 4451 1360 4506 quare
1401 4451 1502 4490 nec
1544 4433 1871 4503 illosjustos,
1908 4433 1998 4502 qui
2021 4441 2150 4488 sunt

2243 3245 2422 3314 aliqua
2472 3245 2718 3314 praesciri
2747 3244 2932 3301 futura
2966 3259 3064 3316 per
3087 3245 3319 3304 liberum
3362 3246 3680 3310 arbitrium,
3711 3244 3828 3300 sine

2241 3337 2388 3390 omni
2417 3336 2796 3408 repugnantia.
2823 3335 2978 3394 Unde
3008 3337 3212 3394 veritas
3250 3350 3468 3408 quoque
3505 3336 3763 3400 evidens,
3783 3341 3837 3388 et

2243 3429 2385 3482 ratio
2411 3428 2570 3483 docet
2610 3426 2992 3498 prmdestinari
3022 3427 3276 3498 similiter
3298 3442 3396 3497 per
3427 3427 3666 3483 liberum
3687 3423 3835 3481 arbi-

2247 3519 2410 3574 trium
2433 3517 2682 3588 qumdam
2723 3517 3163 3588 futura,.,absque
3183 3518 3329 3574 omni
3367 3514 3837 3587 inconvenientia.

2246 3607 2382 3664 Nam
2411 3625 2588 3676 neque
2609 3610 2828 3681 praescit
2851 3609 3016 3676 Deus,
3055 3623 3235 3679 neque
3274 3609 3624 3680 praedestinat
3646 3620 3840 3679 quem-

2247 3715 2412 3768 quam
2450 3701 2658 3772 justum
2682 3701 2924 3756 futurum
2967 3714 3033 3756 ex
3056 3700 3523 3772 necessitatem".
3550 3697 3672 3756 Non
3694 3698 3839 3754 enim

2245 3789 2410 3846 habet
2427 3791 2716 3862 justitiam,
2735 3793 2825 3860 qui
2849 3806 2971 3864 eam
3001 3807 3110 3846 non
3130 3802 3315 3847 servat
3335 3791 3508 3852 libera
3533 3788 3838 3845 voluntate.

2247 3887 2464 3948 Pariter
2493 3887 2679 3959 igitur,
2721 3885 2972 3958 quamvis
3011 3900 3235 3942 necesse
3271 3886 3347 3942 sit
3372 3885 3490 3942 fieri
3530 3897 3658 3955 qua:
3705 3896 3844 3950 pra:-

2245 3981 2497 4038 scinntur
2517 3990 2572 4034 et
2592 3994 2713 4050 qua:
2737 3977 3212 4051 pmdestinantur,
3235 3978 3482 4049 quatdam
3495 3985 3693 4041 tamen
3712 3988 3848 4044 prat-

2248 4073 2388 4128 scita
2431 4081 2498 4134 et,
2529 4072 2914 4143 praedestinata
2955 4086 3065 4127 non
3115 4070 3376 4134 eveniunt
3403 4084 3469 4126 ea
3509 4068 3847 4130 necessitate

2251 4181 2373 4236 qua!
2393 4164 2651 4236 pratcedit
2675 4179 2792 4220 rem
2820 4173 2874 4220 et
2897 4163 3052 4230 facit,
3080 4163 3174 4219 sed
3195 4176 3260 4216 ea
3284 4176 3408 4232 quae
3429 4175 3546 4218 rem
3567 4159 3847 4230 sequitur,

2251 4257 2394 4310 sicut
2415 4269 2576 4325 supra
2599 4254 2858 4310 diximus.
2881 4252 2998 4308 Non
3013 4253 3160 4312 enim
3174 4267 3239 4307 ea
3262 4253 3426 4318 Deus,
3441 4250 3705 4321 quamvis
3717 4263 3854 4319 pra:-

2252 4346 2520 4412 destinet,
2577 4345 2719 4404 facit
2758 4344 3100 4402 voluntatem
3152 4342 3399 4412 cogendo
3439 4349 3536 4396 aut
3573 4335 3851 4396 voluntati

2255 4436 2582 4503 resistendo,
2619 4437 2714 4492 sed
2757 4437 2810 4491 in
2841 4451 2939 4492 sua
2981 4436 3129 4491 illam
3172 4443 3444 4505 potestate
3485 4430 3849 4488 dimittenda.

559 4505 660 4601 per
682 4505 848 4600 opera
883 4529 1038 4584 liberi
1081 4505 1317 4585 arbitrii.
1363 4529 1480 4584 Non
1520 4541 1654 4598 ergo
1690 4528 1966 4596 prtescivit
2008 4527 2151 4582 Dens
2181 4505 2228 4566 ί)
2255 4528 2517 4595 Quamvis
2540 4538 2722 4583 tamen
2747 4543 2844 4583 sua
2871 4527 3125 4584 voluntas
3152 4535 3346 4584 utatur
3376 4533 3673 4596 potestate,
3714 4519 3850 4578 nihil

561 4633 688 4684 eos;
714 4618 841 4688 quia
883 4635 1014 4688 quos
1043 4620 1300 4689 praesciuit
1329 4620 1424 4674 Iros
1464 4628 1514 4673 et
1555 4617 1942 4689 prazdcstiuarit
1969 4617 2149 4688 (Rom.

563 4726 688 4776 vni,
711 4710 826 4780 29).
879 4710 986 4766 Sed
1013 4711 1208 4765 falsum
1234 4720 1317 4766 est
1340 4710 1507 4766 Deum
1532 4725 1638 4765 non
1677 4708 1934 4780 praescire
1974 4709 2152 4779 aliqua

2258 4631 2437 4678 tamen
2461 4619 2590 4680 facit
2611 4621 2754 4689 quod
2798 4621 2941 4675 Deus
2969 4633 3077 4675 non
3125 4618 3292 4674 faciat
3314 4616 3561 4678 in-bonis
3581 4629 3689 4672 sua
3729 4627 3856 4684 gra-

2257 4716 2352 4779 tia,
2385 4713 2438 4769 in
2465 4711 2622 4768 malis
2645 4727 2750 4766 non
2772 4726 2894 4778 sua,
2917 4713 3015 4768 sed
3049 4710 3296 4782 ejusdem
3335 4707 3636 4765 voluntatis
3653 4705 3855 4778 ettlpa;

565 4805 708 4860 bona
733 4819 920 4875 opera,
947 4813 1042 4859 aut
1089 4805 1301 4875 aliquos
1331 4803 1528 4882 iustos.
1573 4803 1692 4860 Non
1718 4803 1886 4874 igitur
1907 4804 2152 4873 quzedam
2254 4804 2422 4874 quod,
2445 4805 2584 4858 sicut
2615 4801 2995 4871 promisimus,
3039 4801 3265 4868 clarius,
3308 4814 3434 4855 cum
3475 4798 3548 4854 de
3567 4795 3858 4866 gratialo-

563 4895 738 4953 solius
758 4896 913 4952 liberi
937 4896 1150 4953 arbitrii
1184 4911 1352 4968 opera
1394 4898 1532 4952 bona
1571 4896 1897 4968 justiiicant,
1942 4896 2036 4951 sed
2061 4894 2155 4926 'm
2259 4893 2513 4963 queniur,
2543 4893 2848 4964 apparebit.
2874 4892 2962 4958 Et,
3005 4894 3148 4949 sicut
3188 4890 3533 4962 pneseientia
3575 4903 3709 4958 qua
3752 4901 3859 4940 non

564 4987 657 5044 illa
682 4989 797 5045 sola
826 5003 945 5060 quae
991 4989 1154 5060 Deus.
1181 4988 1548 5060 praedestinat.
1598 4990 1655 5046 Si
1679 5004 1810 5059 ergo
1854 4989 1993 5044 Deus
2015 5002 2152 5057 prm-
2261 4983 2488 5051 fallitur,
2514 5000 2620 5038 non
2653 4985 2870 5054 prmscit
2891 4983 2996 5039 nisi
3024 4997 3214 5038 verum
3260 4982 3405 5037 sicut
3443 4981 3570 5047 erit,
3616 4986 3722 5033 aut
3763 4974 3858 5009 ““

1881 5079 2040 5135 VARI
2053 5078 2114 5134 ΑΞ
2157 5075 2553 5133 LECTIONES.

641 5173 738 5207 ³⁶⁵⁹
789 5173 917 5231 Sola
958 5177 1235 5239 bonitate,
1293 5175 1355 5229 et
1393 5176 1534 5230 mala
1590 5191 1697 5230 non
1753 5191 1849 5229 sua
1901 5174 2060 5244 culpa
2093 5213 2110 5238 ,
2159 5172 2254 5244 sed
2313 5171 2547 5244 hominis
2598 5167 2896 5244 msszhsola
2957 5181 3054 5220 sua
3108 5165 3388 5244 bonitate,
3439 5171 3496 5218 et
3548 5163 3704 5244 mala
3766 5174 3863 5244 sua

568 5247 728 5318 culpa
779 5246 1016 5318 hominis
1115 5236 1374 5318 ’mVSive
1422 5247 1580 5316 culpa
1630 5261 1726 5300 sua
1765 5262 1892 5300 mss.
1944 5236 2104 5318 γῖσιζ
2134 5241 2460 5318 sine__cnlpa
2509 5255 2606 5318 sua
2641 5239 2793 5318 _"“_
2833 5238 2900 5318 Et
2951 5247 3132 5318 tamen
3184 5236 3347 5318 bim?"
3375 5241 3868 5318 mss-ﬁfhlaliwn

569 5304 712 5370 bona
808 5315 902 5346 ⁸⁸⁸³
954 5316 1263 5371 Tractaturi
1317 5304 1526 5371 sumus'
1567 5332 1696 5370 mss.
1747 5316 2100 5370 tractabimus
2197 5310 2295 5345 ³⁸³⁸
2351 5304 2477 5364 nias.
2529 5311 2596 5364 de
2641 5309 3124 5364 Praedestinatione
3180 5315 3236 5360 et
3294 5304 3465 5360 libero
3515 5304 3793 5358 Arbitrio.

570 5385 672 5419 ³⁸⁸⁸
704 5385 1034 5440 Prtestitutio
1079 5403 1206 5440 mss.
1263 5383 1399 5440 Vict.
1430 5387 1482 5440 3.
1515 5397 1564 5440 et
1605 5385 1692 5438 15.
1741 5385 2134 5453 prtedestitutio
2207 5379 2816 5453 ³⁶⁸⁶1ιιειίῐὶειινίῑνερι1
2856 5395 2984 5431 mss.
3023 5376 3350 5453 jnstilicant,
3399 5374 3494 5453 sed
3529 5444 3542 5453 .
3567 5372 3670 5405 ⁸⁸⁸⁷
3729 5373 3869 5429 Eum

573 5455 678 5528 hoc
701 5455 862 5528 modo
874 5457 1295 5528 prmdestinare,
1329 5456 1453 5510 dum
1484 5455 1665 5528 malos
1693 5445 1960 5510 eteorum
2020 5455 2160 5528 mala
2197 5468 2362 5524 opera
2421 5467 2528 5507 non
2566 5450 2809 5528 corrigit_
2829 5466 2953 5503 mss.
2993 5448 3037 5504 si
3073 5454 3174 5502 hoc
3219 5445 3679 5528 modohdicirnus
3730 5459 3873 5528 pra}:

573 5525 850 5579 destinare
873 5512 1040 5581 Deum
1071 5527 1241 5582 malos
1259 5512 1324 5597 et
1350 5541 1538 5597 eorum
1563 5526 1702 5580 mala
1750 5541 1941 5597 opera,
1978 5525 2195 5595 quando
2214 5512 2336 5597 _'_cos
2378 5531 2434 5597 et
2463 5535 2651 5597 eorum
2703 5512 2846 5597 male
2871 5534 3030 5597 op_cr_a
3058 5534 3163 5572 non
3202 5517 3427 5597 corrigi}
3500 5515 3594 5548 ³⁸³⁸
3614 5514 3683 5597 _|n
3710 5512 3873 5597 "talis

575 5605 760 5667 autem
797 5613 925 5667 mss.
957 5612 1020 5653 ac
1060 5601 1110 5652 in
1142 5596 1300 5651 malis
1373 5597 1466 5629 ³⁸⁸⁸
1490 5596 1734 5652 Dubitari
1785 5582 1973 5667 utique
1999 5582 2156 5650 'mss.
2207 5593 2354 5667 _Vict.
2391 5591 2446 5644 5.
2475 5601 2524 5645 et
2563 5589 2650 5644 i5.
2706 5582 2952 5667 Dubitari
2998 5590 3180 5667 itaque
3230 5582 3875 5667 _"°°'Quem_admodunt

569 5663 776 5746 justum
804 5665 1048 5746 futurum
1073 5667 1406 5723 necessitate
1434 5684 1558 5722 mss.
1588 5658 1919 5738 quemquam
1941 5666 2149 5738 justum
2202 5663 2446 5720 futurum
2478 5676 2544 5714 ex
2598 5661 2929 5717 necessitate
3003 5660 3096 5692 ³⁶⁹¹
3137 5658 3244 5739 sed
3275 5659 3421 5729 quod
3451 5658 3685 5712 eritaut
3738 5671 3871 5708 mss.

573 5738 718 5792 sicut
737 5738 842 5794 erit
867 5748 952 5792 aut
