4076 6288
241 332 333 389 5H

988 322 1081 381 BE
1114 320 1456 382 CONCORD.
1493 318 1761 379 PRAESC.
1807 316 1913 372 DEl
1951 316 2093 375 CUM
2133 316 2260 372 LIB.
2300 314 2573 373 ARBITR.

3394 321 3502 378 522

241 450 631 511 necessarium,
654 451 749 500 aut
767 450 1124 513 spontaneum
1144 459 1162 509 ;
1185 442 1258 498 ita
1283 439 1683 512 praedestinatio
1705 452 1825 508 quae
1853 441 1899 500 Α
1930 452 2051 489 nunt
2075 433 2247 505 (Psul.
2280 452 2471 501 χιικιιι,
2499 436 2589 500 l5,
2613 434 2698 497 ii,
2730 433 2835 502 l5).
2868 433 2930 489 Et
2956 433 3215 489 Dominus
3239 433 3292 489 in
3331 434 3505 492 Evan-

240 556 341 600 non
392 548 662 605 mutatur,
695 552 801 593 non
832 535 1181 606 praedestinat
1212 534 1316 590 nisi
1342 534 1483 589 sicut
1504 542 1588 586 est
1612 532 1663 586 in
1685 546 1824 601 pra:-

238 623 485 692 scienti'a.
510 629 600 695 Et,
622 626 1075 699 quemadmodum
1099 624 1246 695 quod
1275 623 1581 694 praeseitur,
1617 621 1741 675 licet
1770 620 1825 675 in

238 723 545 781 ctemitate
596 718 669 777 sit
700 717 1071 782 immutabile,
1119 725 1299 772 tamen
1347 715 1401 770 in
1432 724 1674 783 tempore
1722 712 1825 767 ali-

238 812 461 883 quando
489 818 782 879 antequam
830 806 938 872 sit,
985 805 1182 861 mutari
1235 811 1447 875 potest;
1505 803 1581 858 ita
1613 810 1696 857 est
1730 816 1828 871 per

239 899 421 957 omaia
451 899 519 955 de
551 894 1051 969 prmdestinatione.
1094 894 1252 950 Patet
1297 893 1461 964 igitur
1489 907 1555 948 ex
1579 892 1669 951 his
1707 906 1827 961 qua:

239 993 383 1049 dicta
425 1000 576 1056 sunt,
627 988 675 1044 si
727 988 868 1043 bene
893 985 1327 1052 considerentur,
1364 984 1493 1054 quia
1547 997 1647 1038 rec
1686 995 1825 1051 pra:—

241 1083 542 1142 destibatio
570 1079 810 1138 excludit
857 1079 1089 1135 liberum
1122 1077 1427 1141 arbitrium,
1469 1089 1570 1131 nec
1595 1072 1826 1129 liberum

241 1177 528 1234 arbitrium
562 1173 881 1231 adversatur
898 1168 1382 1242 praidestinationi.
1408 1165 1688 1238 Siquidem
1708 1180 1827 1220 om-

242 1269 327 1327 nia
358 1269 476 1335 illa,
525 1266 723 1338 quibus
751 1278 916 1337 supra
969 1262 1394 1318 monstravimus
1429 1260 1658 1316 liberum
1686 1258 1831 1313 arbi-

242 1362 405 1417 trium
437 1358 794 1431 przescieutim
824 1372 929 1412 non
960 1369 1283 1428 repugnare,
1311 1353 1514 1422 pariter
1539 1353 1833 1431 ostendunt

243 1451 383 1506 illud
403 1430 871 1522 prmdcstinationi
902 1446 1256 1503 concordare.
1286 1444 1402 1500 Non
1426 1430 1569 1516 ergo,
1588 1443 1830 1500 rationa-

248 1544 457 1610 biliter,
499 1543 663 1614 128
710 1540 926 1612 quoties
973 1540 1177 1611 aliquid
1226 1539 1523 1611 contingit,
1574 1545 1835 1609 operante

246 1641 551 1706 spontanea
583 1633 882 1700 voluntate,
906 1631 1054 1687 velut
1101 1646 1225 1686 cum
1271 1630 1435 1686 homo
1474 1630 1675 1686 homini
1705 1629 1835 1685 facit

245 1724 503 1798 iniuriam
541 1724 683 1780 unde
712 1724 782 1778 ab
810 1722 900 1779 illo
932 1722 1220 1787 occiditur,
1251 1722 1466 1792 quidam
1496 1720 1835 1778 clamantdi-

246 1824 433 1872 centes
462 1832 478 1869 :
510 1814 603 1870 Sic
629 1814 938 1884 prtescitum
959 1818 1015 1868 et
1039 1811 1482 1883 praedestinatum
1499 1822 1672 1867 erata
1698 1813 1834 1879 Deo;

248 1909 307 1961 ct
355 1904 479 1960 ideo
509 1904 838 1960 necessitate
889 1902 1093 1959 factum
1120 1910 1226 1967 est,
1256 1917 1356 1957 nec
1386 1901 1544 1956 aliter
1592 1902 1706 1957 ticri
1744 1918 1839 1973 po-

250 1988 375 2052 tuit.
406 1995 615 2066 Quippe
647 2010 748 2050 nec
775 1994 867 2064 qui
908 1994 1075 2049 alium
1106 1991 1303 2062 injuria
1331 1992 1586 2058 irritavit,
1623 2007 1724 2048 nec
1746 1993 1836 2064 qui

150 2096 155 2099 ‘
251 2102 312 2144 se
336 2086 787 2151 vittdicavit,ltoc
818 2084 947 2142 fecit
974 2084 1325 2150 necessitate,
1364 2084 1459 2138 sed
1493 2082 1608 2139 sola
1646 2083 1837 2138 volun-

250 2187 397 2245 tate;
431 2178 560 2249 quia
587 2176 632 2234 Si
664 2193 769 2232 non
801 2183 993 2248 sponte
1021 2174 1301 2242 voluisset,
1329 2181 1521 2230 neuter
1545 2171 1689 2245 quod
1712 2172 1843 2228 fecit

253 2266 489 2327 fecisset.
554 2280 557 2285 λ

806 2356 1140 2430 QUESTIO
1188 2359 1272 2414 Ill.

359 2466 429 2508 ut:
468 2465 765 2511 CONCORDIA
797 2464 1011 2513 annis:
1038 2464 1109 2505 ετ
1135 2462 1313 2504 LIBERI
1350 2460 1594 2502 ARBITRI]
1618 2444 1733 2499 m’.

325 2546 517 2603 Restat
543 2558 687 2601 nunc
715 2552 776 2599 ut
794 2542 860 2599 de
888 2542 1064 2614 gratia
1085 2550 1142 2598 et
1166 2539 1357 2597 eodem
1390 2538 1564 2596 libero
1593 2536 1841 2602 arbitrio,

258 2639 443 2694 eadem
469 2636 646 2707 gratia
680 2632 994 2705 adiuvante,
1017 2632 1453 2689 consideremus.

260 2728 409 2785 CAP.
436 2728 458 2784 1
488 2727 589 2801 [al.
631 2725 757 2801 XI].
801 2756 901 2801 —_
924 2724 1250 2801 Proponitur
1271 2721 1655 2801 diﬂicultas__ex
1695 2718 1844 2777 Seri-

397 2791 571 2869 ptu'ris
593 2791 736 2853 circa
766 2796 950 2866 gratia:
978 2791 1043 2850 ρι’
1057 2794 1310 2849 libertatis
1333 2791 1699 2847 concordiam.

326 2890 569 2958 Quaestio
608 2888 711 2943 ista
755 2886 884 2942 inde
911 2886 1172 2949 nascitur,
1202 2884 1330 2955 quia
1354 2883 1535 2939 divina
1560 2882 1844 2953 Scriptura

260 2982 333 3038 ita
360 2981 608 3052 loquitur
626 2978 917 3052 aliquando
944 2986 1004 3035 ut
1033 2976 1165 3034 nihil
1211 2975 1460 3032 videatur
1485 2975 1714 3032 liberum
1751 2990 1843 3029 ar-

259 3072 487 3128 bitrium
518 3071 777 3143 prodesse
816 3069 885 3126 ad
928 3069 1180 3133 salutem,
1226 3065 1324 3124 sed
1352 3064 1466 3122 sola
1493 3065 1697 3136 gratia;
1747 3065 1847 3139 ali-

258 3162 476 3231 quando
499 3175 629 3215 vero
669 3160 768 3226 ita,
798 3158 946 3214 velut
999 3164 1114 3212 tota
1145 3166 1330 3211 nostra
1382 3154 1532 3210 salus
1583 3153 1636 3207 in
1678 3153 1849 3207 libera
1876 3156 1921 3218 C

260 3264 450 3312 nocua
487 3251 756 3309 consistat
783 3250 1079 3307 voluntate.
1125 3249 1202 3303 De
1223 3246 1399 3319 gratia
1431 3245 1698 3315 siquidem
1720 3243 1853 3300 dicit
1888 3248 1893 3251 “

259 3345 564 3400 Dominus:
598 3343 726 3400 Siue
750 3359 832 3396 me
849 3341 980 3396 nihil
1009 3341 1223 3408 potestis
1244 3338 1418 3409 facere
1438 3335 1621 3410 (Joan.
1650 3350 1737 3397 xv,
1755 3335 1846 3405 5);

261 3444 317 3489 et
354 3451 371 3488 :
415 3433 487 3487 Et
529 3447 680 3487 nemo
711 3432 844 3486 venit
874 3430 944 3485 ad
966 3445 1070 3495 me,
1113 3429 1216 3484 nisi
1255 3425 1422 3482 Pater
1461 3441 1607 3480 meus
1633 3423 1852 3479 traxerit

261 3544 384 3582 eam
413 3526 605 3596 (Joan.
635 3538 711 3592 vi,
742 3523 856 3593 Η).
903 3522 971 3581 Et
996 3520 1195 3577 Paulus
1221 3517 1498 3590 apostolus
1525 3534 1538 3571 :
1572 3514 1714 3583 Quid
1752 3531 1853 3569 au-

261 3626 365 3673 tem
395 3615 556 3671 habes
593 3613 734 3686 quod
789 3629 896 3668 non
923 3610 1206 3680 accepisti?
1238 3607 1291 3680 (Ι
1314 3607 1444 3662 Cor.
1474 3622 1551 3674 tv,
1587 3605 1666 3676 7.)
1694 3604 1762 3659 ΕΙ.
1788 3604 1856 3658 de

265 3707 619 3777 DeozCujus
666 3705 773 3761 vult
823 3704 1134 3767 miseretur,
1186 3709 1234 3756 et
1285 3700 1438 3770 quem
1484 3697 1590 3754 vult
1641 3696 1854 3751 indurat

262 3798 449 3870 (Rom.
497 3814 578 3862 ιχ,
621 3797 741 3866 l8);
768 3804 861 3853 et:
897 3792 1082 3865 Neque
1110 3791 1346 3857 uolentis,
1374 3805 1537 3860 neque
1574 3785 1853 3852 currentis,

262 3888 357 3943 sed
380 3887 673 3942 miseremis
703 3896 777 3940 est
808 3884 908 3940 Dei
945 3883 1134 3955 (lbid.,
1158 3880 1274 3952 lii).
1306 3878 1475 3935 Multa
1509 3890 1726 3946 quoque
1747 3875 1855 3929 alia

264 3976 538 4048 leguntur,
577 3990 699 4045 ilum
740 3974 839 4031 soli
887 3973 1074 4044 gratia:
1102 3971 1222 4026 sine
1261 3968 1433 4026 libero
1458 3965 1687 4022 arbitrio
1714 3964 1855 4019 bona

264 4075 455 4122 nostra
482 4080 649 4135 opera
668 4072 723 4121 et
750 4064 985 4120 salutem
1022 4061 1116 4094 “”
1139 4068 1383 4116 nostram
1416 4057 1669 4112 videntur
1695 4055 1855 4109 attri-
1905 4100 1909 4104 _

265 4159 457 4215 bitere.
490 4156 678 4211 Plures
731 4156 896 4210 etiam
938 4161 1193 4209 asserunt
1217 4149 1593 4220 experimento
1644 4161 1704 4201 sc
1731 4159 1859 4215 pro-

267 4249 407 4307 bare
452 4245 594 4317 quod
647 4247 810 4303 homo
856 4257 1199 4314 nequaquam
1256 4240 1366 4296 ullo
1402 4238 1576 4292 libero
1604 4234 1860 4289 l‘nlciatnr

265 4322 534 4405 arbitrio;
564 4338 822 4408 quoniam
852 4335 1051 4392 multos
1097 4332 1193 4366 ³⁸⁸⁸
1220 4333 1424 4403 absque
1478 4343 1726 4394 numero,
1759 4327 1861 4381 im-

268 4446 462 4486 menso
491 4429 694 4485 mentis
719 4436 774 4483 et
797 4427 1045 4496 corporis
1078 4434 1277 4482 conatu
1317 4422 1416 4478 niti
1443 4420 1685 4476 sentiunt
1713 4437 1726 4474 :
1764 4416 1857 4487 qui

1925 528 2101 597 κιειίοε
2151 527 2329 583 Venite
2357 531 2426 582 ad
2453 546 2553 595 me,
2584 546 2762 584 omnes
2789 529 2881 601 qui
2912 530 3187 595 laboratis,
3226 539 3276 584 et
3301 533 3505 586 onerati

1923 616 2068 681 estis,
2094 628 2142 671 et
2188 633 2281 687 ego
2313 618 2545 685 reﬁciam
2586 635 2693 672 vos.
2725 618 2910 672 Tollite
2936 617 3127 688 jugum
3155 634 3327 673 meum
3351 636 3508 691 super

1924 718 2035 766 uos,
2064 711 2112 757 et
2143 701 2330 756 discite
2358 718 2391 755 a
2431 718 2513 756 me
2539 703 2662 772 quia
2688 703 2829 757 mitis
2855 719 2971 757 :um
3015 713 3063 758 et
3087 704 3301 759 humilis
3328 707 3507 770 corde,

1924 802 1971 847 et
2022 793 2289 847 invenietis
2332 793 2562 863 requiem
2608 793 2883 847 animabus
2930 794 3111 849 rastris
3165 793 3383 865 (Matth.
3428 811 3508 861 XI,

1925 884 2018 949 28,
2051 884 2166 953 ‘29).
2200 884 2361 940 Plura
2417 884 2578 939 etiam
2642 884 2746 939 alia
2794 893 2850 940 ct
2900 886 3313 943 innumerabilia
3358 897 3509 954 sunt,

1926 991 2046 1046 quae
2074 976 2328 1031 videntur
2348 976 2576 1031 liberum
2600 977 2886 1031 arbitrium
2912 978 2982 1032 ad
3015 979 3151 1034 bene
3173 979 3508 1048 operandam

1926 1067 2201 1132 excitare;
2224 1074 2279 1122 et
2303 1066 2427 1137 quia
2451 1064 2655 1121 monita
2670 1066 2765 1098 ³⁸⁵⁸
2780 1067 3100 1135 contemnit,
3133 1069 3509 1138 exprobrare:

1931 1158 2079 1229 quod
2107 1159 2407 1213 auctoritas
2429 1157 2611 1214 divina
2642 1172 2982 1229 nequaquam
3009 1158 3235 1227 faceret,
3258 1162 3302 1216 si
3330 1162 3513 1218 volun-
3594 1200 3609 1211 κ

1931 1248 2058 1305 tatis
2083 1247 2388 1305 libertatem
2419 1248 2618 1303 nullam
2646 1249 2699 1304 in
2746 1249 2964 1306 homine
2988 1261 3356 1320 cognosceret.
3404 1252 3513 1310 Sed

1931 1354 2033 1397 nec
2064 1338 2171 1395 ullo
2200 1340 2358 1395 modo
2406 1348 2571 1406 esset,
2603 1355 2701 1396 cur
2729 1340 2873 1397 Deus
2915 1340 3070 1397 bonis
3098 1342 3184 1399 vel
3224 1343 3381 1400 malis
3415 1359 3516 1414 pro

1932 1434 2145 1490 meritis
2173 1434 2509 1506 singulorum
2537 1433 2688 1503 jnste
2716 1436 3062 1503 retribueret,
3091 1438 3135 1492 si
3164 1453 3259 1507 per
3284 1438 3516 1495 liberum

1932 1526 2220 1582 arbitrium
2267 1525 2446 1581 nullus
2490 1525 2693 1582 bonum
2742 1525 2824 1581 vel
2867 1527 3068 1582 malum
3100 1527 3321 1585 faceret.
3369 1524 3519 1597 Quo-

1934 1617 2081 1674 niam
2110 1630 2241 1687 ergo
2270 1617 2323 1670 in
2354 1631 2510 1672 sacra
2559 1615 2843 1688 Scriptura
2890 1617 3159 1689 quaedam
3192 1619 3518 1687 invenimus,

1936 1725 2058 1781 quae
2082 1708 2180 1766 soli
2212 1710 2402 1781 gratiae
2447 1709 2628 1766 lavere
2660 1711 2941 1779 videntur;
2990 1721 3046 1767 et
3069 1713 3339 1783 quaedam,
3393 1729 3516 1784 qua:

1871 1810 1914 1864 B
1941 1802 2117 1859 solum
2152 1801 2383 1858 liberum
2420 1802 2704 1858 arbitrimu
2756 1811 2996 1860 statuere
3042 1805 3159 1861 sine
3205 1806 3379 1877 gratia
3421 1821 3521 1876 pn-

1943 1892 2149 1960 tantur,
2176 1892 2395 1973 fuerunt
2416 1893 2638 1963 quidam
2669 1893 2911 1963 superbi,
2942 1895 3031 1965 qui
3058 1904 3226 1951 totam
3258 1896 3523 1951 virtutum

1940 1983 2232 2039 eiiicaciam
2277 1984 2369 2017 ⁸⁸³⁷
2404 1983 2457 2040 in
2501 1984 2614 2041 sola
2664 1984 2914 2040 libertate
2961 1985 3173 2040 arbitrii
3223 1988 3525 2043 consistere

1941 2084 2068 2130 sunt
2116 2075 2410 2131 arbitrati:
2442 2085 2499 2131 et
2543 2084 2670 2132 sunt
2714 2086 2901 2131 nostro
2951 2085 3191 2146 tempore
3227 2078 3523 2149 multi,qni

1942 2163 2177 2219 liberum
2204 2165 2493 2221 arbitrium
2536 2180 2661 2222 esse
2706 2165 2910 2237 aliquid
2955 2167 3169 2237 penitus
3212 2167 3522 2238 desperant.

1943 2254 1999 2309 ln
2049 2255 2153 2310 hac
2202 2255 2384 2327 itaque
2434 2256 2732 2326 quastione
2779 2255 2894 2311 haec
2941 2256 3048 2311 erit
3076 2265 3262 2312 nostra
3300 2255 3530 2314 intentio

1944 2345 2059 2412 ⁸⁸⁸⁸,
2092 2354 2149 2401 ιιι
2174 2346 2402 2401 liberum
2430 2345 2717 2401 arbitrium
2750 2344 2911 2401 simul
2952 2361 3076 2402 esse
3100 2360 3222 2402 cum
3246 2349 3442 2418 gratia,
3473 2360 3531 2403 et

1945 2450 2069 2490 cum
2099 2450 2162 2489 ea
2193 2436 2406 2505 operari
2462 2436 2515 2490 in
2568 2435 2751 2491 multis
2797 2444 3202 2493 monstremus:
3232 2438 3375 2494 sicut
3402 2439 3533 2494 illud

1945 2541 2067 2582 cum
2114 2526 2458 2596 praescientia
2508 2534 2673 2581 atoue
2697 2526 3171 2585 nrmdestinatione
3198 2528 3533 2584 concordare

1947 2632 2268 2687 reperimus.

1945 2706 2095 2778 CAP.
2130 2706 2170 2762 ll
2199 2705 2295 2778 [aL
2338 2704 2474 2778 XII].
2503 2734 2573 2747 —-
2608 2705 2682 2760 De
2722 2706 2959 2761 liber'ate
3001 2707 3229 2772 arbitrii,
3274 2709 3389 2762 sine
3426 2724 3536 2778 qua

2014 2776 2235 2832 salutem
2262 2792 2411 2832 nemo
2432 2776 2695 2841 meretur;
2722 2778 2849 2831 etde
2872 2778 3066 2847 gratia,
3090 2778 3203 2832 sine
3229 2795 3335 2846 qua
3356 2776 3537 2838 nullus

2015 2847 2432 2912 solvatur-homo,
2449 2847 2532 2901 hic
2563 2846 2758 2917 agitur.

2019 2939 2311 2996 Sciendum
2339 2948 2424 2994 est
2451 2937 2576 3009 quia
2626 2938 2768 2993 sicut
2798 2954 2903 2994 non
2944 2936 3011 2994 de
3037 2936 3145 2994 alio
3183 2937 3352 2995 libero
3381 2939 3537 3007 arbif-

1951 3032 2059 3088 trio
2097 3031 2157 3087 lit
2188 3032 2324 3099 haec,
2353 3040 2412 3086 ut
2435 3045 2598 3101 supra
2644 3030 2777 3097 dixi,
2810 3030 3039 3101 quaestio
3087 3030 3191 3086 nisi
3223 3031 3290 3087 de
3331 3031 3537 3087 illo'm

1952 3123 2070 3178 sine
2093 3137 2202 3192 quo
2233 3123 2464 3177 salutem
2502 3136 2663 3176 nemo
2706 3130 2966 3185 meretur,
3022 3132 3310 3193 postquam
3340 3124 3540 3181 intelli-

1953 3214 2171 3285 gibilcm
2192 3215 2355 3269 habet
2381 3223 2633 3279 mtatem;
2664 3213 2737 3267 ita
2768 3229 2873 3268 non
2905 3213 2973 3269 de
3022 3214 3127 3268 alia
3172 3216 3346 3286 gratia
3371 3232 3538 3287 quam

1954 3309 2023 3364 de
2049 3308 2136 3362 illa
2168 3306 2289 3372 sine
2324 3322 2432 3376 qua
2476 3306 2658 3360 nullus
2686 3306 2930 3361 salvatur
2962 3307 3142 3362 homo.
3173 3308 3364 3364 Omnis
3392 3309 3540 3364 enim

1954 3397 2428 3468 creaturagratia
2473 3396 2682 3458 existit,
2737 3397 2862 3465 quia
2911 3396 3085 3465 gratis
3133 3396 3275 3452 facta
3320 3405 3432 3464 est;
3486 3406 3541 3453 et

1958 3492 2122 3548 multa
2153 3491 2292 3546 bona
2323 3490 2415 3545 dat
2442 3490 2585 3544 Deus
2624 3504 2724 3561 per
2763 3489 2991 3557 gratiam
3033 3489 3085 3543 in
3128 3488 3230 3545 hac
3257 3489 3391 3556 vita,
3421 3490 3541 3549 sine

1956 3583 2154 3655 quibus
2182 3583 2344 3638 homo
2373 3581 2571 3637 salvari
2618 3589 2795 3652 potest
2836 3580 2954 3634 "°°.
3004 3580 3061 3634 1ιι
3098 3580 3392 3638 infantibus
3422 3582 3543 3653 qui-

1958 3676 2104 3740 dem,
2136 3673 2229 3745 qui
2260 3673 2520 3745 baptizati
2552 3673 2862 3729 moriuntur
2891 3683 3181 3744 antequam
3212 3688 3312 3730 suo
3332 3675 3544 3745 possint

1959 3767 2036 3821 uti
2087 3764 2259 3821 libero
2316 3765 2565 3833 arbitrio,
2612 3781 2719 3821 non
2765 3772 2990 3837 apparet
3037 3765 3329 3820 concordia
3378 3781 3543 3836 quam

1958 3855 2252 3926 quaerimus
2275 3870 2290 3920 ;
2323 3854 2580 3923 quoniam
2611 3854 2665 3907 in
2693 3853 2799 3908 illis
2827 3855 3001 3925 gratia
3034 3853 3147 3908 sola
3175 3862 3434 3925 Operatur
3457 3871 3545 3910 sa-

1959 3945 2150 4011 lutem,
2189 3944 2307 4000 sine
2336 3942 2551 3997 illorum
2580 3942 2751 3999 libero
2775 3943 3022 3998 arbitrio.
3052 3941 3188 3998 Nam
3211 3944 3314 3998 hoc
3329 3959 3546 4014 quoque

1959 4036 2135 4105 gratia
2162 4043 2248 4090 est
2291 4035 2418 4106 quia
2446 4034 2607 4088 datur
2634 4032 2758 4088 aliis
2800 4032 3051 4088 voluntas
3076 4043 3136 4087 ut
3161 4033 3268 4088 illis
3295 4048 3393 4088 sua
3440 4035 3545 4095 [ide

1930 4127 2308 4184 'subvcniant.
2340 4127 2396 4181 In
2428 4126 2756 4182 habentibus
2782 4125 2961 4194 itaque
2995 4123 3383 4196 intelligibilem
3411 4133 3547 4179 mta-

1961 4226 2073 4290 tem
2108 4219 2519 4273 monstrandum
2552 4225 2638 4273 est
2691 4214 3276 4286 quod-investigamus;
3308 4214 3435 4286 quia
3478 4214 3548 4272 de

1963 4309 2047 4365 his
2072 4308 2248 4365 solum
2297 4315 2542 4364 versatur
2594 4307 2708 4362 haec
2734 4307 2982 4378 quaestio.
3003 4305 3327 4376 Quicunque
3364 4315 3546 4362 autem

1960 4417 2028 4457 ex
2061 4401 2144 4456 his
2170 4400 2471 4465 salvantur,
2515 4414 2612 4470 per
2634 4395 2902 4469 justitiam
2941 4397 3139 4454 salvari
3181 4396 3401 4451 dubium
3436 4413 3544 4453 non

267 4520 369 4555 ³⁸⁸⁸
415 4520 652 4592 quadam
676 4487 1011 4585 diliicullate,
1053 4517 1163 4573 imo
1191 4512 1625 4587 impossibilitate
1667 4526 1859 4581 aggra-

1961 4499 2064 4548 est.
2087 4491 2255 4547 Justis
2284 4491 2428 4546 enim
2467 4487 2804 4560 promittitur
2845 4488 2951 4543 vita
2981 4498 3215 4556 aeterna;
3266 4490 3391 4560 quia
3413 4490 3551 4561 justi

266 4612 383 4668 vati
427 4612 539 4667 nihi
589 4609 900 4681 proﬁciunt,
945 4616 1040 4664 aut
1083 4613 1205 4677 post
1258 4618 1514 4675 magnum
1555 4600 1856 4672 profectum

274 4713 504 4773 repente
553 4701 981 4773 irreparabiliter
1025 4698 1304 4754 deﬁciunt.
1358 4696 1612 4752 Liberum
1675 4702 1859 4748 autem

271 4796 559 4849 arbitrium
615 4799 882 4849 monstrat
927 4790 1116 4847 eadem
1159 4787 1444 4857 Scriptura
1495 4798 1595 4839 nos
1651 4783 1858 4838 habere

272 4886 379 4942 hoc
401 4887 581 4939 modo.
627 4884 767 4941 Dicit
810 4883 951 4938 Deus
996 4896 1093 4953 per
1120 4881 1353 4937 Isaiam:
1387 4877 1448 4934 Si
1473 4875 1765 4940 volueritis,
1809 4884 1857 4927 et

271 4976 551 5030 audieritis
578 4991 682 5039 me,
728 4975 865 5029 bona
894 4984 1049 5029 ιιι-ηε
1078 4970 1361 5028 comedetis
1392 4967 1529 5040 (Isa.
1548 4981 1588 5028 ι,
1630 4964 1741 5035 l9).
1792 4963 1861 5017 Et

274 5066 485 5122 David:
522 5065 664 5132 Qui:
689 5074 765 5120 est
805 5066 982 5128 homo,
1032 5064 1120 5133 qui
1154 5061 1261 5116 vult
1297 5060 1456 5113 vitam
1481 5074 1499 5123 ;
1527 5054 1699 5125 diligit
1749 5053 1860 5107 dies

271 5156 448 5209 uidere
479 5154 679 5209 bonos?
716 5152 941 5207 Prohibe
965 5152 1200 5223 linquant
1224 5160 1369 5204 tuam
1399 5163 1432 5201 a
1463 5142 1626 5210 malo,
1650 5153 1697 5197 et
1719 5141 1860 5196 labia

269 5257 370 5300 tua
400 5263 461 5300 ne
500 5247 784 5316 loquantur
824 5244 1028 5298 dolum.
1075 5244 1280 5297 Divette
1310 5257 1343 5293 a
1367 5238 1531 5302 malo,
1561 5245 1608 5290 et
1640 5234 1727 5304 [ac
1773 5233 1864 5286 bo-

1967 4584 2023 4638 in
2045 4600 2351 4654 perpetuum
2392 4583 2584 4649 vivent,
2623 4590 2671 4636 et
2723 4580 2866 4651 apud
2900 4579 3183 4636 Dominum
3232 4590 3307 4637 est
3355 4598 3550 4638 merces

1965 4689 2148 4729 eorum
2182 4673 2339 4745 (Sep.
2384 4689 2440 4740 v,
2472 4672 2584 4744 l6).
2636 4671 2788 4740 Quod
2819 4680 3000 4728 autem
3027 4672 3240 4743 justitia
3283 4674 3355 4728 sit
3385 4672 3548 4728 recti-

1968 4770 2097 4824 tudo
2126 4770 2444 4834 voluntatis,
2496 4783 2652 4824 sacra
2704 4783 2845 4838 smpe
2877 4775 3144 4822 monstrat
3168 4768 3260 4798 ³⁷⁰¹
3302 4766 3547 4822 auctori-

1969 4870 2073 4917 tas.
2103 4861 2216 4931 Qua
2244 4861 2393 4917 dere
2434 4860 2628 4917 sul‘licit
2654 4876 2817 4915 unum
2849 4859 3153 4930 exemplum
3200 4872 3544 4929 proponere:

1964 4969 2086 5010 eum
2111 4952 2256 5008 enim
2285 4953 2509 5007 dixisset
2537 4951 2703 5006 David
2727 4949 2899 5022 (Psal.
2934 4967 3087 5014 xcut,
3137 4948 3222 5009 14,
3258 4945 3385 5018 15);
3422 4946 3549 5000 Non

1961 5043 2168 5116 repellet
2193 5044 2449 5099 Dominus
2466 5044 2663 5116 plebem
2711 5060 2862 5101 suam
2883 5084 2897 5109 ,
2923 5052 2970 5096 et
3012 5031 3365 5094 [nereditatem
3395 5053 3548 5090 suam

1963 5151 2067 5191 non
2111 5136 2452 5207 derelinquat,
2499 5140 2838 5208 quoadusque
2874 5135 3083 5205 justitia
3120 5139 3447 5185 convertatur
3488 5131 3547 5183 in

1956 5229 2253 5299 judicium,
2311 5238 2369 5284 ut
2416 5230 2640 5285 doceret.
2684 5245 2783 5283 nos
2837 5228 2965 5295 quid
3009 5232 3154 5280 esset
3205 5221 3547 5291 justitia,iu-

1568 5322 1802 5379 VARIIE
1850 5318 2257 5376 LECTIONES.

349 5428 444 5461 ³⁸⁸⁸
483 5444 610 5483 mss.
655 5426 721 5481 de
760 5425 944 5484 Gratia
970 5434 1026 5480 et
1076 5424 1249 5479 libero
1315 5421 1563 5477 arbitrio.
1640 5416 1734 5449 ³⁸³³
1761 5413 1933 5486 Opera
1977 5414 2054 5486 al
2098 5413 2326 5468 salutem
2378 5431 2503 5486 mss.
2571 5410 2703 5486 Vict.
2755 5421 2801 5464 et
2856 5410 3043 5486 Hister.
3095 5423 3258 5486 opera
3306 5404 3548 5486 etsaltt-

274 5514 391 5556 mm
467 5476 1511 5563 ι’ᾦῖρδδηίίιῆἶίιιᾷἰιῑ’ἦιέέξιιιιοιιὶςιιιι
1580 5488 1777 5563 multos
1803 5476 2226 5563 ξρέξπὲἰιιιιιιιιι*
2279 5493 2336 5536 ιιι
2388 5485 2525 5563 bene
2570 5484 2773 5563 vivant,
2834 5482 3093 5563 quietus.
3131 5476 3234 5533 initi
3280 5476 3549 5563 sentiunt,

273 5544 543 5640 5135's"
566 5544 1491 5640 efﬁb'i'"'£{{gﬂi'(a'"alii'dfatim
1531 5561 1734 5614 monita
1812 5544 1901 5638 i'f’
1952 5554 2233 5640 Voinr‘tnutqnq
2272 5563 2327 5608 et
2382 5552 2672 5607 eliicaciam
2707 5544 2868 5640 “mss:
2917 5552 3226 5640 virtutium.”
3253 5544 3552 5640 cllicacia‘t‘te

276 5613 375 5673 ῗέδί
406 5639 533 5694 llaec
558 5613 1635 5694 ei'itaiwtitenli‘o-'nissimliazcherirnostra
1687 5626 1915 5682 intentio
1989 5624 2080 5657 3°”
2114 5625 2190 5676 Sit
2222 5626 2322 5677 hoc
2348 5640 2362 5676 :
2393 5633 2632 5694 utsupra
2690 5622 2824 5687 dixi,
2875 5622 3130 5694 quamde
3173 5620 3264 5672 illo
3313 5634 3439 5694 mss.
3484 5613 3552 5673 ﬁt

274 5689 865 5777 limthIVsh-pradiai,
897 5689 1146 5777 quaestio,
1175 5704 1275 5758 nisi
1308 5705 1375 5756 de
1415 5701 1506 5755 illo
1581 5699 1673 5730 ³⁷⁰⁰
1710 5694 1920 5751 Saivari
1954 5712 2056 5752 non
2089 5703 2262 5766 potest
2294 5711 2417 5750 mss.
2447 5689 2640 5750 salvar:
2674 5701 2852 5765 potest
2893 5689 2905 5693 ’
2930 5693 3021 5725 ³⁷⁰¹
3053 5691 3233 5748 Sacrae
3269 5689 3553 5744 scriptura:

276 5789 549 5835 monstrat
574 5775 697 5831 niss.
742 5775 874 5829 Vict.
906 5788 953 5829 et
985 5775 1173 5850 Cister.
1206 5788 1364 5829 sacra
1411 5786 1553 5826 εευιιε
1606 5777 1874 5825 monstrat

607 5874 878 5935 Ριτιωι.
922 5867 1196 5933 CLVIII.

3162 5856 3245 5945 ιί¹
