4076 6288
593 319 700 375 5‘35

1128 320 1184 376 S.
1215 317 1511 374 ANSELMI
1554 317 1898 374 CANTUAR.
1936 319 2248 376 AltClllEP.
2290 320 2437 378 OPP.
2481 320 2660 379 PARS
2693 324 2734 381 1.
2771 358 2834 368 —-
2869 314 3291 387 DOGMATICA:

3725 333 3830 394 ωδ

595 433 922 503 terrogando
951 432 1073 489 ait:
1121 432 1189 486 Et
1223 433 1313 503 qui
1341 433 1501 501 juxta
1530 432 1722 485 illam?
1763 433 1844 486 Ad
1877 433 2018 501 quod
2046 433 2158 503 ipse
2185 439 2232 498 Α
2262 434 2487 489 volendo
2530 446 2622 492 aut
2669 453 2771 493 non
2817 440 3057 496 volendo.
3097 441 3338 498 Volerdo
3384 445 3606 514 quidem
3655 449 3838 506 nullus

591 527 694 582 sibi
735 526 1064 595 respondens
1106 525 1183 578 ait
1225 539 1239 577 :
1282 523 1476 578 Omnes
1517 526 1606 592 qui
1643 534 1777 576 recto
1813 535 1934 577 sunt
1977 526 2152 589 corde,

590 619 694 672 hoc
731 625 838 681 est,
881 615 969 685 qui
1019 624 1164 669 recta
1193 626 1322 668 sunt
1348 613 1641 668 voluntate.
1697 612 1955 679 Quamvis
2008 616 2152 669 enim

587 709 751 763 corde
785 711 1069 762 credamus
1111 716 1165 761 et
1209 707 1592 775 intelligamus,
1633 708 1774 761 sicut
1815 708 1979 762 corde
2005 707 2156 761 volu-

587 813 741 862 mus,
787 813 891 851 non
946 806 1123 851 tamen
1165 798 1373 867 iudicat
1434 796 1670 867 Spiritus
1735 807 1955 852 sanctus
2006 797 2154 852 illum

584 899 790 945 rectum
844 889 1044 944 habere
1074 903 1170 944 cor
1204 889 1293 958 qui
1326 899 1470 944 recte
1498 889 1672 943 credit
1699 898 1752 944 et
1793 889 2060 958 intelligit,
2101 898 2154 944 et

582 997 686 1034 non
719 989 864 1035 recte
897 981 1041 1046 vult;
1081 980 1204 1049 quia
1251 997 1356 1035 non
1398 981 1569 1034 utitur
1597 981 1917 1035 rectitudine
1945 981 2065 1034 fidei
2097 989 2152 1034 et

581 1073 886 1128 intellectus
916 1076 980 1128 ad
1023 1081 1170 1126 recte
1201 1073 1482 1126 volendum
1501 1112 1516 1137 ,
1546 1082 1767 1141 propter
1795 1072 1935 1140 quod
1967 1072 2150 1125 datum

579 1173 662 1216 est
719 1163 966 1217 rationali
1013 1172 1277 1218 creatura:
1331 1171 1477 1216 recte
1505 1163 1722 1216 credere
1749 1172 1801 1216 ct
1832 1163 2146 1232 intelligere.

577 1253 712 1308 Nam
742 1268 916 1322 neque
946 1262 1149 1308 rectum
1180 1254 1505 1308 intellectum
1530 1253 1786 1307 dicendus
1814 1262 1898 1308 est
1927 1254 2145 1320 habere,

577 1346 669 1414 qui
708 1345 999 1400 secundum
1049 1344 1195 1397 illum
1226 1359 1328 1398 non
1378 1355 1524 1398 recte
1553 1344 1694 1408 vult;
1747 1359 1923 1415 neque
1951 1344 2150 1398 dicitur

577 1437 759 1492 facere
783 1437 967 1502 fidem,
995 1437 1096 1491 nisi
1136 1447 1404 1492 mortuam
1430 1478 1444 1502 ,
1493 1437 1583 1505 qui
1634 1436 1927 1490 secundum
1986 1435 2145 1490 ﬁdem

576 1543 683 1582 non
721 1540 865 1582 recte
901 1528 1011 1582 vult
1040 1529 1282 1598 operari;
1330 1538 1550 1598 propter
1578 1528 1720 1596 quod
1749 1527 1880 1582 fides
1926 1527 2144 1592 dicitur,

575 1628 631 1670 et
665 1619 823 1672 datur
853 1617 964 1670 ³⁷⁰².
997 1617 1162 1672 Recte
1197 1617 1360 1687 igitur
1386 1616 1731 1687 intelligimus
1756 1617 1920 1670 David
1943 1616 2146 1670 dixisse

574 1719 753 1764 rectos
785 1710 966 1776 corde,
995 1718 1170 1764 rectos
1199 1709 1496 1764 voluntate.
1529 1707 1656 1773 Sed,
1696 1723 1766 1763 ne
1804 1708 1924 1776 quis
1954 1708 2145 1761 existi-

572 1809 683 1854 met
715 1799 1036 1854 auctoritate
1064 1800 1243 1854 divina
1274 1799 1378 1853 dici
1400 1800 1604 1869 justmn
1636 1798 1783 1852 illum
1808 1798 1889 1850 vel
1915 1807 2139 1862 rectum,
2172 1783 2217 1843 Β

572 1890 662 1958 qui
693 1888 905 1942 nonnisi
933 1896 1156 1957 propter
1179 1887 1320 1942 aliud
1355 1895 1500 1942 tenet
1522 1887 1614 1918 ³⁷⁰³
1647 1885 2024 1940 rectitudidem
2055 1901 2147 1939 vo-

571 1979 818 2043 luntalis,
853 1977 1084 2033 dicimus
1107 1977 1371 2046 justitiam
1403 1977 1783 2033 rectitudinem
1813 1992 1934 2032 esse
1964 1977 2145 2031 volun-

573 2072 701 2125 tatis
730 2079 950 2139 pro-pter
974 2084 1032 2124 se
1061 2078 1332 2124 servatam
1363 2086 1376 2122 :
1405 2069 1495 2137 qui
1524 2066 1668 2122 enim
1711 2067 1880 2121 solum
1923 2077 2144 2135 propter

570 2160 718 2214 aliud
748 2159 891 2213 illam
934 2159 1029 2191 ‘7“
1057 2168 1258 2226 servat,
1301 2174 1405 2213 non
1457 2174 1574 2213 eam
1625 2157 1825 2225 diligit;
1876 2157 1968 2210 sed
2014 2155 2140 2210 illud

569 2259 791 2322 propter
829 2250 923 2283 ³⁷⁸⁵
953 2250 1094 2319 quod
1129 2249 1276 2304 illam
1324 2257 1542 2313 servat;
1577 2257 1631 2303 et
1667 2249 1784 2304 ideo
1813 2256 2029 2301 nonest
2061 2246 2143 2300 di-

569 2343 770 2396 cendus
809 2339 1008 2409 justus,
1053 2355 1152 2396 nec
1207 2341 1326 2395 talis
1371 2340 1641 2395 rectitude
1685 2338 2009 2393 nominanda
2059 2348 2141 2392 est

563 2431 790 2498 iustitia.
821 2431 1046 2499 Quando
1088 2433 1154 2488 de
1202 2432 1540 2502 przescientia
1594 2440 1650 2486 et
1695 2432 1866 2487 libero
1911 2432 2139 2487 arbitrio

569 2524 942 2580 tractabamus
984 2523 1211 2593 (Qua‘st.
1243 2525 1298 2590 l,
1352 2541 1465 2592 cap.
1510 2524 1583 2594 6),
1619 2524 1864 2593 exemplo
1904 2525 2136 2594 quodam

568 2616 993 2672 monstravimus
1013 2630 1134 2671 esse
1163 2619 1334 2686 posse
1351 2617 1508 2671 simul
1554 2617 1928 2671 rectitudinem
1976 2618 2134 2680 hanc,

565 2720 724 2772 quam
747 2719 882 2760 voco
901 2704 1259 2772 justitiam,et
1279 2706 1502 2760 liberum
1529 2703 1809 2759 arbitrium
1839 2723 1851 2757 :
1880 2721 1975 2774 per
1994 2707 2136 2774 quod

562 2796 780 2864 planum
811 2805 895 2850 est
931 2796 1234 2864 intelligere
1279 2797 1330 2850 in
1359 2796 1480 2850 aliis
1512 2796 1694 2851 multis
1715 2797 1968 2851 similiter
1993 2812 2133 2852 esse.

565 2885 622 2937 Si
654 2899 781 2952 ergo
807 2900 1092 2954 possumus
1116 2887 1402 2940 ostendere
1433 2886 1634 2939 nullam
1660 2897 1966 2942 creaturam
1997 2887 2137 2942 hanc

564 2974 786 3043 adipisci
821 2990 976 3044 posse
1001 2976 1378 3032 rectitudinem
1413 2977 1513 3030 nisi
1542 2992 1638 3044 per
1667 2979 1922 3048 gratiam,
1962 2981 2133 3033 mani-

563 3065 699 3119 festa
731 3066 836 3119 erit
886 3067 1027 3120 inter
1067 3067 1294 3137 gratiam
1342 3076 1395 3122 et
1426 3055 1652 3132 liberum
1705 3070 2011 3146 arbitrium,
2065 3071 2131 3124 ad

562 3156 874 3211 sa’lvandum
907 3158 1198 3225 hominem,
1229 3160 1517 3214 concordia
1556 3175 1717 3230 quam
1747 3161 2058 3229 quaerimus.

621 3266 782 3322 CAP.
821 3268 886 3322 Ill
932 3267 1028 3350 [αι.
1075 3269 1334 3352 ΧΗηττ-
1365 3266 1661 3352 Restitutio,
1700 3290 1812 3352 qua
1835 3273 2059 3328 salutem

701 3343 1086 3410 consequimur,
1112 3343 1317 3394 nonnisi
1345 3358 1437 3410 per
1458 3343 1683 3411 gratiam
1707 3345 1987 3398 obtinetur.

633 3428 863 3483 Dubium
915 3430 1099 3499 utique
1142 3431 1237 3464 "’°°
1270 3448 1376 3488 non
1423 3442 1506 3488 est
1551 3435 1674 3503 quia
1729 3435 1978 3491 voluntas
2025 3451 2129 3491 non

558 3519 675 3572 vult
703 3528 869 3587 recte,
920 3521 1023 3576 nisi
1067 3522 1192 3592 quia
1224 3531 1373 3578 recta
1410 3533 1512 3579 est.
1552 3523 1704 3579 Sicut
1750 3541 1984 3595 namque
2023 3543 2128 3581 non

559 3619 642 3663 est
677 3619 864 3664 acutus
892 3612 1042 3667 visus
1095 3613 1219 3682 quia
1269 3613 1417 3667 videt
1470 3623 1647 3680 acute,
1697 3616 1790 3669 sed
1829 3616 1950 3671 ideo
1985 3618 2131 3672 videt

558 3708 716 3755 acute
748 3701 873 3770 quia
905 3714 1096 3758 acutus
1129 3712 1212 3759 est
1240 3723 1254 3758 :
1286 3705 1356 3758 ita
1407 3705 1653 3761 voluntas
1701 3723 1804 3762 non
1850 3717 1932 3763 est
1982 3723 2128 3766 recta

557 3792 682 3861 quia
717 3793 830 3846 vult
862 3803 1039 3859 recte;
1089 3796 1182 3850 sed
1217 3807 1365 3852 recte
1410 3797 1524 3851 vult
1551 3799 1806 3866 quoniam
1846 3809 1928 3855 est
1958 3812 2124 3856 recta.

537 3883 690 3938 .Cum
755 3891 934 3938 autem
983 3884 1099 3940 vult
1149 3886 1290 3941 hanc
1343 3887 1741 3950 rectitudinem.
1797 3891 1982 3959 procul
2031 3892 2130 3944 dn-

554 3973 646 4028 bio
690 3985 836 4029 recte
865 3973 1018 4040 vult;
1050 3992 1154 4032 non
1182 3992 1310 4049 ergo
1339 3977 1452 4032 vult
1475 3979 1848 4035 rectitudinem
1878 3980 1997 4046 m",
2023 3983 2124 4036 nisi

554 4064 678 4132 quia
712 4076 856 4120 recta
887 4074 1001 4120 est:
1044 4065 1184 4122 idem
1231 4078 1409 4124 autem
1442 4070 1601 4140 129
1629 4080 1712 4126 est
1738 4071 1996 4126 voluntati
2046 4087 2130 4127 re-

553 4164 695 4211 ctam
723 4171 862 4220 esse,
907 4167 960 4212 et
989 4159 1364 4215 rectitudinem
1392 4161 1614 4216 habere.
1639 4161 1823 4216 Palam
1854 4164 2015 4234 igitur
2043 4172 2127 4219 est

553 4248 678 4316 quia
723 4263 826 4302 non
860 4248 970 4302 vult
1003 4251 1400 4318 rectitudinem,
1445 4251 1546 4306 nisi
1574 4253 1701 4322 quia
1747 4255 2124 4309 rectitudinem

555 4338 736 4393 habet.
771 4338 888 4394 Non
918 4355 1051 4409 nego
1076 4341 1404 4397 voluntatem
1436 4353 1637 4397 rectam
1677 4344 1811 4399 velle
1843 4347 2126 4400 rectitudi-

2257 526 2397 580 valet
2439 542 2557 581 eam
2606 545 2702 598 per
2743 546 2802 585 se
2845 533 3097 602 adipisci;
3128 535 3252 604 quia
3277 537 3481 605 nequit
3524 553 3645 593 eam
3674 541 3834 605 velle.

2255 619 2357 673 nisi
2389 620 2533 687 illam
2579 621 2794 675 habeat.
2846 622 3000 687 Quod
3028 632 3209 678 autem
3250 626 3447 692 aliquis
3489 643 3594 682 non
3626 631 3837 687 habens

2255 710 2628 764 rectitudinem
2675 710 2989 776 voluntatis,
3043 713 3187 767 illam
3241 719 3418 768 valeat
3467 733 3556 785 per
3614 735 3674 774 se
3724 737 3834 776 non

2252 799 2480 854 volendo
2510 801 2748 870 assequi,
2791 816 2944 856 mens
2991 801 3190 858 nullius
3233 805 3451 874 accipit.
3481 805 3638 862 Nullo
3669 809 3840 878 igitur

2255 892 2413 945 modo
2447 900 2620 960 potest
2649 907 2768 946 eam
2814 902 3064 948 creatura
3109 894 3312 951 habere
3339 913 3368 950 a
3409 913 3488 951 se.
3522 898 3626 953 Sed
3659 913 3836 968 neque

2251 992 2497 1037 creatura
2530 983 2669 1037 valet
2697 998 2817 1038 eam
2865 983 3069 1040 habere
3116 987 3187 1039 ab
3230 987 3333 1039 alia
3364 999 3638 1042 creatura.
3679 990 3836 1043 Sicut
3904 989 3906 991 ’

2251 1086 2484 1141 namque
2511 1081 2757 1126 creatura
2791 1075 2975 1143 nequit
2999 1085 3304 1129 creaturam
3339 1076 3575 1142 salvam;
3614 1080 3687 1134 ita
3719 1097 3834 1134 nou

2249 1170 2427 1229 potest
2449 1162 2528 1216 illi
2558 1163 2686 1216 dare
2719 1177 2815 1231 per
2839 1164 2981 1232 quod
3012 1165 3203 1220 debeat
3245 1167 3442 1221 salvari
3487 1169 3601 1220 ’7“.
3635 1168 3833 1239 Sequi-

2253 1261 2338 1306 tur
2375 1253 2557 1321 itaque
2585 1253 2710 1322 quia
2741 1253 2887 1309 nulla
2923 1263 3171 1309 creatura
3218 1257 3596 1313 rectitudinem
3637 1259 3825 1326 habet,

2249 1359 2408 1412 quam
2435 1345 2544 1398 dixi
2571 1345 2884 1413 voluntatis,
2925 1347 3027 1402 nisi
3059 1363 3155 1417 per
3175 1350 3424 1418 gratiam.
3459 1349 3609 1406 lianc
3640 1362 3838 1408 autem

2249 1436 2623 1490 rectitudinem
2651 1451 2751 1506 per
2779 1436 3006 1491 liberum
3049 1438 3331 1492 arbitrium
3376 1441 3580 1495 servari
3630 1455 3792 1510 posse
3813 1482 3828 1506 ,

2247 1526 2386 1580 sicut
2413 1541 2572 1595 supra
2601 1527 2730 1590 dixi,
2755 1529 3190 1582 monstravimus.
3221 1530 3329 1583 Deo
3352 1531 3512 1598 igitur
3537 1531 3827 1599 largiente,

2246 1616 2550 1671 invenimus
2595 1619 2824 1688 gratiam
2882 1619 3020 1688 ejus,
3061 1620 3127 1673 ad
3181 1619 3493 1674 salvandum
3525 1622 3827 1684 hominem,

2247 1721 2368 1762 cum
2415 1707 2586 1763 libero
2610 1708 2836 1762 arbitrio
2862 1709 3219 1772 concordare;
3284 1711 3357 1764 ita
3389 1713 3663 1780 ut.gratia
3711 1711 3826 1765 sola

2246 1799 2413 1868 possit
2443 1799 2714 1853 hominem
2756 1800 2986 1868 salvare,
3034 1801 3168 1870 nihil
3217 1802 3336 1872 ejus
3385 1803 3554 1858 libero
3599 1804 3828 1858 arbitrio

2245 1901 2437 1958 agente
2467 1889 2628 1960 (sicut
2669 1891 2727 1945 lit
2769 1892 2820 1946 in
2863 1881 3200 1960 infantibus),
3235 1903 3287 1947 et
3320 1893 3373 1946 in
3424 1893 3826 1963 inintelligenti-

2246 1977 2345 2032 bus
2376 1977 2468 2009 ³⁷¹⁰
2501 1979 2615 2047 ipsa
2645 1993 2864 2048 semper
2892 1980 3107 2048 adjuvet
3150 1980 3380 2034 liberum
3410 1981 3698 2035 arbitrium
3734 1997 3826 2034 na-

2246 2072 2436 2137 turale,
2465 2073 2605 2142 quod
2650 2074 2768 2128 sine
2804 2073 2890 2127 illa
2928 2073 3061 2128 nihil
3092 2073 3233 2129 valet
3261 2074 3327 2128 ad
3360 2072 3614 2137 salutem,
3643 2073 3828 2127 dando

2241 2163 2503 2218 voluntati
2539 2165 2915 2220 rectitudinem
2947 2181 3107 2235 quam
3144 2176 3322 2221 servet
3348 2180 3443 2235 per
3474 2164 3703 2218 liberum
3735 2180 3826 2218 ar-

2242 2255 2478 2310 bitrium.
2523 2257 2849 2326 thuamvis
2888 2273 2994 2312 non
3025 2258 3276 2312 omnibus
3304 2258 3413 2323 det,
3446 2257 3706 2327 quoniam
3739 2257 3828 2311 cui

2240 2347 2344 2401 uult
2374 2347 2646 2401 miseretur
2669 2357 2716 2401 et
2758 2365 2906 2420 quem
2955 2350 3059 2403 vult
3089 2350 3301 2403 indurat
3349 2349 3528 2419 (Rom.
3582 2365 3656 2414 Ix,
3701 2351 3822 2419 18);

2240 2438 2370 2493 nulli
2419 2449 2596 2493 tamen
2623 2440 2714 2493 dat
2741 2455 2840 2508 pro
2859 2439 3039 2509 aliquo
3075 2438 3395 2509 praecedenti
3435 2441 3652 2505 merito,
3681 2456 3823 2510 quo-

2239 2530 2383 2585 niam
2413 2532 2528 2601 quis
2565 2531 2709 2600 prior
2741 2530 2850 2585 Deo
2881 2530 3044 2595 dedit,
3085 2539 3131 2584 et
3173 2531 3490 2584 retribuetur
3513 2533 3600 2585 ei?
3635 2531 3819 2601 (Rom.

2237 2634 2314 2684 ιι,
2353 2619 2466 2688 85.)
2517 2618 2572 2673 Si
2604 2629 2782 2673 autem
2826 2618 3089 2682 voluntas,
3136 2633 3233 2687 per
3279 2618 3507 2672 liberum
3553 2622 3826 2673 servando

2238 2710 2520 2764 arbitrium
2565 2712 2706 2779 quod
2757 2710 2984 2780 accepit,
3029 2717 3270 2768 meretur
3319 2721 3412 2763 ant
3459 2720 3818 2780 augmentum

2236 2809 2468 2870 accepta:
2503 2801 2748 2870 justiti-.r,
2799 2812 2892 2854 aut
2934 2801 3098 2855 etiam
3150 2809 3472 2871 potestatem
3528 2815 3627 2869 pro
3677 2801 3820 2854 bona

2235 2891 2530 2957 voluntate,
2556 2903 2646 2946 aut
2674 2894 2948 2964 praemium
2976 2894 3195 2964 aliquod
3218 2911 3231 2948 :
3260 2896 3374 2949 hare
3399 2897 3580 2949 omnia
3607 2894 3821 2951 fructus

2235 2992 2360 3037 sunt
2395 2983 2581 3052 primae
2623 2984 2828 3053 gratiae,
2876 2993 2930 3038 et
2976 2985 3146 3052 gratia
3192 2999 3290 3054 pro
3339 2986 3548 3054 gratia;
3595 2994 3650 3038 et
3696 2986 3826 3039 ideo

2239 3080 2406 3126 totum
2452 3075 2822 3142 impntandmn
2867 3082 2950 3128 est
2980 3074 3186 3144 gratiae,
3222 3073 3344 3143 quia
3397 3091 3560 3143 neque
3599 3073 3821 3128 volentis

2235 3169 2338 3225 est,
2389 3164 2530 3230 quod
2579 3163 2709 3227 vult,
2764 3179 2928 3232 neque
2961 3164 3218 3217 currentis
3267 3172 3375 3229 est,
3417 3165 3560 3232 quod
3608 3166 3815 3228 currit;

2235 3253 2324 3306 sed
2358 3254 2648 3307 miserantis
2683 3262 2757 3307 est
2791 3253 2887 3307 Dei
2915 3251 3092 3323 (Rom.
3117 3270 3175 3315 ll,
3210 3253 3318 3322 l6).
3353 3253 3614 3308 Omnibus
3641 3255 3814 3319 enim,

2233 3355 2460 3412 excepto
2491 3344 2609 3399 solo
2643 3344 2783 3408 Deo,
2828 3343 3064 3399 dicitur:
3127 3343 3266 3408 Quid
3311 3344 3468 3396 [tabes
3509 3345 3651 3412 quod
3708 3362 3817 3398 non

2232 3437 2520 3506 accepisti?
2572 3435 2628 3490 Si
2677 3447 2853 3489 autent
2907 3436 3169 3505 accepisti,
3220 3435 3344 3505 quid
3394 3435 3488 3466 '7“
3541 3434 3814 3504 gloriaris,

2231 3529 2382 3597 quasi
2409 3543 2512 3580 non
2541 3527 2845 3596 acceperis?
2873 3525 2922 3594 (1
2961 3523 3084 3579 Cor.
3125 3540 3200 3590 Iv,
3230 3525 3309 3594 7.)

2230 3637 2358 3692 CAP.
2403 3636 2464 3691 IV
2497 3636 2590 3709 [aL
2629 3635 2790 3708 XIV].
2840 3667 2914 3718 :—
2943 3637 3139 3690 Eadem
3185 3636 3442 3718 rectitude
3479 3635 3693 3690 nonnisi
3721 3652 3818 3706 per

2715 3717 2938 3777 gratiam
2968 3717 3320 3760 conservatur.

2302 3797 2578 3866 Quomodo
2625 3797 2839 3866 quidem
2869 3796 3094 3852 libertas
3133 3795 3424 3850 voluntatis
3453 3797 3686 3850 tenentis
3719 3812 3817 3850 ac-

2226 3901 2436 3960 ceptam
2498 3889 2909 3953 rectitudiuem,
2965 3888 3109 3942 nulla
3156 3888 3481 3943 necessitate
3545 3897 3604 3942 ut
3661 3890 3816 3943 illam

2226 3983 2461 4046 deserat,
2506 3989 2870 4051 erpngnetur,
2917 3980 3012 4034 sed
3070 3978 3379 4034 diliicultate
3430 3980 3813 4050 impugnetur,

2226 4088 2325 4128 nec
2360 4073 2532 4128 eidem
2568 4071 2870 4126 difficultati
2904 4073 2998 4104 ³⁷η
3035 4071 3222 4135 invita,
3257 4072 3350 4126 sed
3383 4071 3568 4126 volens
3601 4073 3813 4127 cedat:

2226 4167 2277 4219 in
2313 4174 2542 4220 tractatu
2585 4165 2652 4218 de
2681 4164 2925 4219 libertate
2967 4163 3174 4218 arbitrii
3207 4172 3335 4233 puto
3383 4179 3469 4218 me
3506 4165 3820 4220 ostendisse

2225 4259 2368 4328 (cap.
2415 4257 2465 4321 5,
2519 4258 2572 4321 6,
2620 4256 2671 4320 7,
2710 4256 2762 4321 8,
2810 4255 2886 4325 9).
2943 4255 3145 4322 Quibus
3203 4265 3383 4308 autem
3436 4257 3631 4319 modis,
3686 4266 3820 4324 post

2225 4349 2468 4405 eamdem
2510 4348 2884 4403 rectitudinem
2916 4355 3212 4416 acceptam,
3243 4346 3471 4401 liberum
3511 4349 3812 4402 arbitrium

553 4444 675 4484 nem
721 4445 882 4500 quam
931 4431 1163 4486 nondum
1215 4432 1400 4498 habet,
1441 4433 1657 4500 quando
1702 4435 1813 4488 vult
1868 4438 2124 4506 majorem
2157 4480 2202 4535 Β
2228 4442 2396 4513 gratia
2435 4439 2649 4506 adjuvet
2673 4448 2731 4492 ut
2757 4446 2934 4492 servet
2955 4437 3096 4506 quod
3128 4437 3378 4505 accepit:
3413 4438 3662 4506 quamvis
3697 4453 3812 4492 non

551 4535 714 4588 quam
745 4519 967 4582 habeat;
1011 4521 1102 4574 sed
1147 4521 1266 4576 dico
1297 4521 1495 4576 nullam
1523 4523 1618 4554 ³⁷⁰⁸
1660 4538 1778 4578 eam
1804 4541 1962 4596 posse
1990 4528 2123 4584 velle

550 4609 951 4673 rectitudinem,
998 4611 1040 4664 si
1085 4626 1188 4665 non
1226 4611 1388 4668 habet
1429 4613 1801 4670 rectitudinem
1830 4633 1932 4686 qua
1979 4618 2120 4674 illam

549 4697 697 4752 velit.
735 4698 1148 4754 Consideremus
1184 4717 1327 4757 nunc
1349 4711 1530 4758 utrum
1563 4703 1756 4774 aliquis
1789 4707 1928 4763 hanc
1961 4705 2121 4764 recti-J

2229 4546 2417 4584 omnes
2461 4529 2666 4583 valeam
2717 4543 3060 4592 enumerare,
3111 4529 3459 4584 multifariam
3509 4528 3653 4582 enim
3708 4530 3817 4583 hoc

2229 4619 2386 4680 facit;
2431 4631 2606 4673 tamen
2656 4634 2761 4674 non
2817 4619 2920 4674 erit
2967 4619 3154 4675 inutile
3205 4619 3405 4689 aliquid
3453 4619 3575 4673 inde
3619 4619 3820 4675 dicere

2229 4707 2340 4761 '7".
2366 4707 2534 4762 Nemo
2556 4717 2703 4763 certe
2729 4718 2910 4762 servat
2932 4710 3306 4764 rectitudinem
3337 4709 3474 4762 hanc
3495 4720 3812 4778 acceptam,

2229 4798 2332 4850 nisi
2369 4796 2630 4861 volendo;
2666 4797 2802 4852 velle
2842 4806 3022 4851 autem
3048 4797 3188 4851 illam
3221 4798 3417 4868 aliquis
3445 4801 3662 4868 nequit,
3702 4803 3812 4855 nisi

548 4785 790 4840 tudinem
819 4803 922 4840 non
951 4788 1172 4854 habens,
1205 4803 1321 4843 eam
1367 4791 1548 4860 aliquo
1590 4795 1748 4849 modo
1778 4810 1808 4849 a
1835 4811 1893 4850 se
1924 4798 2122 4853 habere

547 4877 737 4944 possit.
781 4876 975 4948 Utique
1013 4893 1042 4932 a
1092 4893 1149 4934 se
1177 4879 1320 4934 illam
1372 4881 1572 4939 habere
1620 4887 1825 4954 nequit,
1874 4888 1976 4943 nisi
2029 4897 2122 4942 aut

1827 5021 1912 5075 VA
1922 5020 2057 5075 llle
2101 5021 2502 5078 LECTIONES.

623 5142 712 5175 ³⁷⁰²
761 5143 862 5210 Qui
894 5146 1202 5230 secundum
1253 5147 1399 5202 illum
1428 5164 1554 5230 “tum
1590 5161 1735 5230 recte
1781 5153 2383 5230 vult.operaritpropter
2405 5157 2547 5226 quod
2586 5155 2716 5230 fides
2737 5156 2934 5230 dicitur
2953 5164 3010 5230 et
3036 5157 3196 5230 datur
3221 5174 3345 5211 mss.
3379 5160 3468 5227 qui
3501 5160 3812 5216 secundum

545 5213 691 5295 illum
717 5229 820 5267 non
854 5223 994 5297 recte
1025 5216 1375 5297 vu'ltn:_neque
1408 5219 1831 5297 dicitnrhabere
1869 5213 2023 5297 fidem
2067 5213 2484 5297 nisi'inortmtm,
2517 5227 2606 5294 qui
2648 5225 3142 5297 secundunrﬁdem
3189 5243 3293 5280 non
3340 5213 3484 5297 recte
3510 5231 3625 5282 vult
3668 5213 3812 5297 Ope;

547 5285 680 5367 rari,
718 5293 935 5351 propter
962 5284 1101 5367 quod
1139 5286 1269 5367 ﬁdes
1296 5288 1454 5367 datur
1528 5288 2130 5367 37°“__A[:ropt_erhaliqnid
2189 5304 2333 5348 tenet
2389 5284 2787 5367 tuss._'p_ropter
2827 5295 2968 5347 aliud
3003 5303 3146 5367 tenet
3221 5297 3314 5328 ’7“
3340 5296 3566 5366 Pr0pter
3597 5284 3810 5367 ahquid

545 5353 692 5436 illam
748 5368 872 5436 mss.
924 5363 1150 5436 propter:
1177 5355 1338 5436 aliud
1387 5356 1575 5436 illam__
1605 5359 1700 5390 ³⁷⁰⁵
1733 5353 1836 5413 Sed
1861 5360 2001 5436 aliud
2023 5353 2250 5436 propter
2291 5382 2412 5418 mss.
2451 5365 2543 5418 sed
2571 5353 2991 5436 'illuilﬂproptetg
3038 5365 3133 5396 ³⁷⁰⁶
3159 5367 3383 5420 Dubium
3435 5353 3616 5436 itaque
3669 5353 3810 5422 rius.

543 5421 1150 5500 biubiunrutiquengf"
1179 5422 1302 5500 Vult
1329 5427 1704 5482 rectitudinem
1726 5445 1853 5500 mss.
1884 5429 1990 5482 vult
2028 5421 2164 5486 hanc
2209 5435 2582 5488 rectitudinem
2660 5421 2884 5486 ποθ’δι-ὶί
2942 5432 3082 5486 illam
3129 5436 3268 5498 dico,
3301 5436 3498 5489 nullam
3527 5421 3652 5491 iuss.
3705 5421 3812 5491 sed

545 5491 670 5576 t‘ljigco‘
705 5487 916 5576 nullam:
975 5491 1257 5576 "W‘Quod
1280 5505 1471 5576 potest
1512 5511 1627 5576 eam
1659 5498 1867 5576 salvari:
1916 5517 2041 5576 mss.
2074 5503 2222 5576 quod
2244 5487 2439 5576 debeat
2473 5503 2678 5576 salvari
2741 5503 2930 5576 fi‘°_Et
2959 5487 3809 5576 inAnoninici—ligentibitsvitis}:

550 5557 992 5646 Yimzetgist‘er.
1035 5570 1087 5613 et
1119 5563 1191 5644 in.
1216 5557 1657 5646 ititelligeutibus
1706 5557 2295 5646 ’Zi'uAAceepistiunid
2337 5590 2461 5626 mss.
2501 5557 3678 5646 accepisti?_QuodTV"

545 5629 667 5681 dem
692 5627 950 5683 voluntati
997 5646 1118 5684 mss.
1146 5632 1318 5688 eidem
1363 5627 1658 5692 dillicultati
1733 5638 1825 5670 ³⁷¹³
1850 5627 2064 5709 Aliq'uid
2096 5627 2221 5696 mihi
2247 5643 2424 5698 dicere
2457 5659 2579 5697 mss.
2610 5627 2805 5713 rliquid
2835 5627 2961 5696 inde
3010 5640 3189 5700 dicere

2230 4889 2509 4943 habendo:
2560 4890 2756 4944 habere
2794 4903 2921 4944 vero
2966 4889 3111 4943 illam
3157 4890 3461 4946 nullatenus
3495 4894 3658 4954 valet,
3701 4895 3815 4948 nisi
