4076 6288
251 337 347 392 εις

1066 336 1154 391 BE
1187 334 1530 392 consono.
1573 333 1837 390 ruassc.
1871 297 1982 387 om
2017 333 2157 390 CUM
2201 333 2324 388 ua.
2368 334 2645 390 ARBITR.

3379 329 3493 389 526

249 465 340 518 per
375 447 634 517 gratiam.
678 446 833 502 Sicut
877 461 1007 516 ergo
1052 448 1197 502 illam
1241 448 1420 503 nullus
1459 447 1676 518 accipit,
1722 447 1826 502 nisi
1855 447 2197 517 Agratiam:
2235 447 2388 516 quasi
2436 448 2551 504 sola
2587 449 2780 516 gratia,
2810 457 2904 501 ant
2947 446 3180 502 liberum
3227 446 3510 502 arbitrium

247 540 415 608 gratia
466 537 875 607 praeveniente;
931 537 1003 591 ita
1059 537 1238 592 nullus
1287 552 1406 592 eam
1457 547 1660 602 servat,
1722 536 1825 592 nisi

248 629 434 684 eadem
487 629 664 700 gratia
707 630 1090 698 subsequente.
1148 627 1375 698 Nempe,
1433 629 1680 698 quamvis
1737 628 1826 682 illa

247 728 493 774 servetur
538 734 637 788 per
670 718 900 774 liberum
960 719 1278 780 arbitrium.
1333 735 1439 776 non
1491 730 1684 775 .tamen
1745 729 1829 775 est

248 818 456 864 tantum
480 809 853 879 imputandum
879 809 1047 865 libero
1067 810 1313 874 arbitrio,
1337 821 1596 880 quantum
1618 810 1828 883 gratiae,

247 915 363 956 eum
395 901 511 956 haec
548 901 813 955 rectitudo
841 910 1115 967 servatur;
1146 902 1400 971 quoniam
1430 902 1572 956 illam
1599 901 1829 958 liberum

245 993 532 1046 arbitrium
589 993 803 1048 nonnisi
863 1009 961 1062 per
1017 995 1247 1066 gratiam
1301 995 1715 1065 praevenientem
1776 1003 1832 1051 et

246 1082 665 1154 subsequentem
714 1085 877 1140 habet
933 1095 989 1140 et
1034 1093 1232 1141 servat.
1286 1084 1378 1141 Sic
1427 1095 1607 1141 autem
1657 1087 1830 1156 gratia

247 1176 599 1245 subsequitur
626 1176 825 1230 donum
858 1191 1034 1242 suum,
1069 1184 1128 1230 ut
1152 1192 1426 1248 nunquam
1451 1177 1566 1231 sive
1606 1192 1831 1246 parvum

246 1267 358 1321 sive
405 1281 663 1336 magnum
693 1268 787 1332 sit,
830 1267 958 1321 illud
1004 1268 1133 1322 dare
1175 1267 1410 1333 deﬁciat,
1457 1268 1560 1323 nisi
1605 1269 1831 1324 liberum

248 1355 534 1410 arbitrium
579 1354 810 1412 volendo
868 1355 1037 1421 aliud,
1089 1357 1474 1412 rectitudinem
1527 1356 1623 1389 '7“
1669 1372 1832 1427 quam

248 1447 496 1515 accepit,
550 1446 786 1502 deserat.
849 1446 1135 1517 Nunquam
1188 1448 1333 1502 enim
1379 1459 1664 1518 separatur
1721 1450 1836 1506 haec

249 1535 521 1590 rectitude
560 1552 591 1590 a
623 1537 919 1603 voluntate,
953 1537 1055 1592 nisi
1083 1538 1302 1607 quando
1343 1537 1488 1594 aliud
1529 1539 1659 1606 vult,
1689 1541 1835 1611 quod

247 1626 376 1681 huic
420 1627 732 1683 rectitudini
785 1643 890 1684 non
943 1628 1270 1696 concordat;
1326 1631 1508 1696 sicut,
1550 1646 1675 1686 cum
1716 1633 1837 1702 quis

248 1718 449 1787 accipit
483 1717 861 1774 rectitudinem
910 1720 1126 1776 volendi
1165 1722 1537 1787 sobrietatem,
1575 1735 1631 1779 et
1663 1723 1836 1792 rejicit

248 1824 370 1864 eam
436 1809 664 1865 volendo
731 1810 1142 1868 immoderatam
1204 1812 1420 1868 bibendi
1485 1813 1832 1885 voluptatem.

249 1899 405 1967 Quod
449 1915 573 1955 cmn
619 1899 748 1955 facit
790 1916 888 1956 sua
937 1902 1230 1968 voluntate,
1275 1911 1332 1958 et
1377 1903 1500 1958 ideo
1537 1918 1634 1958 sua
1680 1905 1836 1975 culpa

250 1990 431 2058 perdit
455 1989 686 2060 gratiam
730 2005 889 2060 quam
921 1993 1152 2062 accepit.
1192 1991 1428 2062 Adjuvat
1457 1992 1621 2046 etiam
1663 1993 1838 2063 gratia

251 2080 485 2136 liberum
526 2080 830 2148 arbitrium,
861 2083 1078 2152 quando
1107 2091 1167 2137 ut
1209 2083 1422 2138 deserat
1457 2083 1838 2138 rectitudinem

252 2183 538 2243 acceptam
567 2173 938 2243 impugnatur,
971 2175 1268 2246 mitigando
1291 2184 1385 2229 aut
1417 2176 1632 2244 penitus
1664 2189 1840 2231 remo-

252 2264 429 2320 vendo
483 2263 590 2318 vim
645 2264 954 2321 tentationis
1007 2265 1402 2336 impugnantis,
1458 2274 1548 2320 aut
1598 2267 1841 2337 augendo

254 2354 506 2410 aﬂectum
540 2355 783 2426 ejusdem
811 2355 1172 2410 rectitudinis.
1202 2354 1464 2424 Denique,
1494 2369 1616 2409 cum
1658 2355 1838 2409 omnia

253 2442 574 2511 subjaoeant
602 2443 936 2514 dispositioni
976 2444 1090 2508 Dei,
1133 2445 1391 2515 quidquid
1436 2444 1700 2514 contingit
1743 2445 1841 2499 ho-

255 2531 408 2596 mini,
451 2532 596 2602 quod
641 2533 856 2602 adjuvet
892 2533 1117 2588 liberum
1147 2533 1428 2588 arbitrium
1460 2535 1527 2588 ad
1568 2529 1854 2602 accipien-J

255 2623 384 2678 dum
411 2632 510 2680 aut
534 2623 602 2678 ad
629 2623 955 2679 servandmn
991 2624 1149 2692 hanc,
1184 2625 1250 2680 de
1290 2616 1394 2696 qua
1436 2625 1647 2696 loquor,
1682 2626 1843 2680 recti-

259 2713 520 2781 tudinem,
569 2723 744 2769 totum
789 2715 978 2785 gratia:
1026 2716 1395 2786 imputandum
1441 2726 1523 2770 est
1567 2715 1682 2768 ³⁷⁸⁸.
1721 2715 1838 2769 Dixi

257 2819 474 2859 omnem
499 2803 764 2874 justitiam
795 2821 916 2861 esse
961 2805 1338 2862 rectitudinem
1385 2807 1674 2862 voluntatis
1717 2822 1845 2876 pro-

257 2905 378 2965 pter
405 2911 466 2952 se
493 2906 786 2953 servatam.
839 2896 992 2954 Unde
1021 2898 1272 2969 sequitur
1306 2913 1519 2952 omnem
1555 2899 1841 2953 habentem

258 2989 399 3044 hanc
431 2989 809 3046 rectitudincm
837 2991 1038 3045 habere
1062 2990 1349 3059 justitiam,
1376 2999 1432 3045 et
1459 3005 1581 3045 esse
1603 2991 1837 3060 justum;

1927 537 2098 590 solmn
2123 537 2350 592 sulliciat
2375 538 2441 593 ad
2470 539 2784 593 salvandum
2815 539 3111 603 hominem,
3134 539 3276 594 sicut
3301 537 3515 594 videtur

1930 629 2034 683 illis
2061 630 2153 698 qui
2187 630 2326 684 hanc
2355 629 2559 684 faciunt
2596 629 2971 698 quaestionem.
3015 629 3093 683 Ita
3129 629 3328 699 quippe
3355 629 3514 683 intel-

1930 720 2136 790 ligenda
2190 729 2318 775 sunt
2366 721 2507 775 dicta
2557 721 2769 785 divina;
2829 732 2910 785 ut,
2941 721 3044 776 hoc
3097 730 3328 790 excepto
3371 719 3512 787 quod

1930 811 2040 866 dixi
2069 812 2136 866 de
2182 809 2498 877 infantibus,
2530 825 2631 867 nec
2659 810 2772 866 sola
2809 811 3003 880 gratia,
3053 825 3153 865 ncc
3180 809 3352 865 solum
3382 809 3514 865 libe-

1931 918 2051 957 rmn
2093 903 2378 958 arbitrium
2418 902 2668 967 salutem,
2699 903 2934 979 hominis
2977 911 3250 972 operetur.
3303 901 3510 972 Quippe

1931 1008 2054 1048 cum
2089 992 2223 1047 dicit
2271 992 2568 1048 Dominus:
2619 991 2746 1046 Sine
2781 1009 2860 1045 me
2911 992 3043 1046 nihil
3080 992 3292 1062 potestis
3342 993 3515 1062 facere

1934 1081 2114 1155 (Joan.
2147 1101 2236 1150 xv,
2267 1084 2347 1154 5),
2393 1099 2498 1138 non
2550 1084 2666 1138 ait:
2719 1082 2861 1138 Nihil
2902 1083 3045 1138 valet
3076 1083 3228 1138 vobis
3277 1092 3513 1137 vcstrmn

1934 1179 2164 1235 liberum
2198 1179 2519 1241 arbitrium;
2563 1177 2656 1232 sed
2694 1177 2829 1232 nihil
2871 1186 3049 1247 potest
3097 1176 3213 1230 sine
3249 1175 3342 1206 ³⁷¹⁸
3395 1190 3514 1230 mea

1936 1269 2131 1340 gratia.
2171 1269 2388 1323 Etcum
2421 1267 2655 1338 legitur:
2691 1265 2873 1336 Neque
2917 1264 3154 1328 volentis,
3199 1280 3360 1334 neque
3394 1279 3516 1316 cur-

1935 1358 2117 1423 rentis,
2142 1358 2232 1411 sed
2255 1357 2545 1411 miserantis
2573 1367 2646 1411 est
2678 1356 2774 1410 Dei
2801 1355 2980 1427 (Rom.
3021 1371 3082 1419 ll,
3115 1353 3201 1424 16)
3229 1371 3242 1405 :
3280 1369 3384 1408 non
3415 1368 3515 1407 ne-

1936 1459 2094 1515 gatur
2125 1448 2176 1502 in
2201 1447 2434 1511 volente,
2465 1455 2518 1502 et
2547 1448 2599 1502 in
2628 1456 2882 1502 currente
2911 1447 3004 1477 ³⁷η
3025 1445 3229 1514 aliquid
3255 1445 3514 1514 prodesse

1935 1537 2164 1593 liberum
2191 1538 2505 1603 arbitrium;
2548 1538 2640 1592 sed
2671 1537 3012 1607 significatur
3043 1551 3148 1590 non
3184 1550 3303 1590 esse
3339 1534 3516 1604 impu-

1939 1627 2159 1682 tandum
2199 1625 2369 1682 libcro
2413 1626 2638 1682 arbitrio
2685 1626 2826 1696 quod
2874 1625 2988 1678 vult
3032 1633 3086 1680 et
3123 1623 3267 1692 quod
3323 1623 3515 1686 currit,

1941 1717 2034 1775 sed
2065 1717 2272 1788 gratim.
2315 1716 2447 1771 Nam
2493 1733 2616 1772 cum
2666 1716 2778 1771 ait:
2830 1716 3011 1786 Neque
3061 1714 3298 1781 volemis,
3357 1729 3519 1785 neque
3589 1755 3600 1762 .

1941 1810 2196 1868 currentis
2233 1819 2328 1875 est,
2364 1807 2790 1864 subaudiendum
2829 1815 2934 1872 est,
2975 1806 3113 1877 quod
3150 1805 3256 1860 vult
3296 1815 3343 1859 et
3378 1805 3518 1873 quod

1937 1903 2142 1956 currit:
2174 1899 2319 1956 velut
2361 1915 2486 1955 cum
2533 1899 2728 1970 aliquis
2772 1899 2938 1965 nudo,
2963 1897 3048 1954 cui
3089 1897 3223 1952 nihil
3250 1897 3430 1961 debet,
3463 1905 3519 1951 et

1938 1988 2032 2062 qui
2076 1991 2282 2047 nullum
2332 2006 2362 2044 a
2412 2003 2472 2045 se
2517 1997 2694 2060 potest
2742 1988 3111 2045 indumentum
3163 1988 3379 2050 habere.
3430 1987 3523 2042 dat

1950 2097 2194 2152 vestem;
2240 2101 2346 2140 non
2393 2093 2594 2151 tamen,
2628 2083 2874 2154 quamvis
2909 2082 3024 2152 ipse
3061 2082 3261 2137 habeat
3288 2091 3523 2152 potesta-

1940 2190 2048 2237 tem
2107 2178 2290 2233 utendi
2341 2184 2395 2232 et
2456 2189 2564 2231 non
2617 2175 2802 2230 utendi
2856 2182 3077 2243 accepta
3130 2183 3302 2238 veste,
3357 2173 3404 2226 si
3457 2189 3521 2227 ea

1940 2272 2130 2334 utitur,
2159 2269 2527 2339 imputandum
2559 2277 2640 2323 est
2671 2268 2858 2322 induto
2891 2267 3016 2336 quia
3044 2264 3260 2321 indutus
3286 2271 3394 2328 est,
3427 2264 3524 2319 scd

1941 2361 2087 2416 danti
2121 2369 2341 2414 vestem.
2383 2357 2724 2428 Quapropter
2775 2358 2848 2412 ita
2888 2356 2993 2411 dici
3026 2365 3240 2426 potest:
3281 2355 3403 2410 Non
3448 2365 3524 2408 est

1940 2450 2111 2505 induti
2132 2449 2270 2518 quod
2289 2457 2362 2502 est
2387 2447 2622 2511 indutus,
2647 2447 2738 2500 sed
2763 2446 3088 2507 miserantis;
3122 2444 3172 2498 id
3196 2454 3280 2498 est
3311 2451 3516 2497 vestem

1941 2539 2139 2595 dantis.
2175 2537 2343 2593 Multo
2373 2551 2504 2592 vero
2550 2536 2720 2606 magis
2762 2535 2865 2590 hoc
2896 2535 3188 2599 diceretur,
3219 2534 3264 2589 si
3295 2533 3384 2589 ille
3428 2532 3523 2603 qui

1941 2629 2089 2686 dedit
2131 2637 2373 2695 vestem,
2419 2627 2658 2684 dedisset
2697 2626 2859 2682 etiam
2900 2635 3222 2697 potestatem
3269 2626 3523 2681 servandi

1942 2735 2061 2777 eam
2098 2731 2154 2777 et
2183 2721 2407 2777 utendi:
2457 2720 2600 2776 sicut
2629 2719 2771 2774 Deus
2817 2718 3044 2796 homini,
3077 2733 3199 2773 cum
3246 2718 3339 2772 dat
3366 2718 3522 2774 recti-

1943 2817 2181 2873 tudinem
2220 2811 2530 2882 szepefatam
2568 2811 2686 2874 '7",
2728 2810 2819 2864 dat
2846 2810 3012 2865 etiam
3057 2816 3376 2878 potestatem
3404 2822 3523 2864 ser-

1942 2907 2101 2962 vandi
2132 2915 2187 2961 et
2218 2904 2434 2969 utendi;
2467 2903 2590 2972 quia
2630 2901 2778 2957 dedit
2802 2901 2954 2971 prius
2979 2900 3209 2957 liberum
3237 2900 3524 2955 arbitrium

1943 2999 2010 3054 ad
2037 2995 2358 3052 servandum
2390 2995 2534 3049 illam
2573 3003 2628 3048 et
2681 2993 2958 3048 utendum.
3003 2991 3059 3046 Si
3092 3007 3218 3047 vero
3247 2993 3393 3046 nudo
3437 2994 3524 3046 cui

259 3079 518 3150 quoniam
553 3080 730 3135 omnis
778 3080 984 3136 habens
1028 3079 1294 3148 justitiam
1331 3080 1510 3148 justus
1558 3089 1661 3136 est.
1723 3081 1842 3136 Non
1871 3107 1916 3170 ρ
1948 3087 2086 3144 nihil
2128 3087 2419 3142 deberetur
2447 3085 2561 3148 δυ’,
2589 3098 2694 3139 non
2725 3083 2946 3139 daretur
2985 3082 3182 3148 vestis;
3213 3091 3304 3138 aut
3333 3083 3378 3137 si
3408 3083 3524 3151 ipse

261 3178 440 3224 tamen
488 3169 665 3224 sentio
685 3168 850 3237 justis
898 3170 1148 3226 omnibus
1177 3171 1495 3241 promissam
1527 3185 1645 3224 esse
1675 3170 1840 3225 vitam

258 3270 596 3331 perpetuam,
623 3262 718 3316 sed
748 3262 854 3317 illis
887 3271 1092 3316 tantum
1121 3277 1213 3332 qm
1239 3273 1362 3317 sunt
1379 3261 1514 3330 justi
1541 3264 1661 3316 sine
1693 3262 1840 3316 onmi

259 3350 544 3422 injustitia.
598 3352 676 3407 Illi
727 3353 871 3408 enim
927 3355 1146 3424 pr0prie
1196 3364 1250 3408 et
1298 3354 1542 3411 absolute
1589 3354 1843 3409 dicuntur

254 3444 384 3514 justi
414 3453 472 3499 et
498 3445 629 3500 recti
656 3447 840 3501 corde.
869 3447 966 3500 Est
991 3447 1135 3501 enim
1163 3446 1358 3515 aliquis
1399 3445 1693 3501 secundum
1738 3446 1837 3500 ali-

260 3535 385 3605 quid
419 3535 623 3607 justus,
671 3545 727 3592 et
771 3537 1064 3592 secundum
1113 3538 1315 3607 aliquid
1372 3536 1623 3606 injttstus,
1663 3539 1842 3608 utqui

259 3634 448 3682 castus
471 3635 554 3682 est
601 3635 657 3682 et
685 3627 898 3682 invidus
929 3626 1042 3680 ‘7".
1093 3625 1313 3683 Talibus
1358 3644 1462 3682 non
1514 3628 1844 3697 promittitur

258 3716 536 3772 beatitudo
573 3716 876 3786 justorum;
923 3719 1201 3788 quoniam,
1231 3717 1369 3774 sicut
1398 3734 1522 3773 vera
1567 3719 1844 3774 beatitudo

259 3815 342 3860 est
370 3807 489 3860 sine
516 3807 661 3860 omni
706 3807 1022 3874 indigentia,
1073 3807 1148 3861 ita
1187 3807 1316 3861 nulli
1365 3808 1524 3862 datur
1573 3806 1844 3875 nisijusto

259 3904 379 3954 sine
431 3899 578 3953 omni
625 3898 905 3966 injustitia.
938 3897 1370 3970 Nam,quoniam
1420 3901 1694 3955 beatitudo
1725 3917 1844 3970 qua:

253 3989 419 4058 justis
473 3988 827 4058 promittitur,
878 3991 984 4044 erit
1025 3989 1322 4044 similitudo
1353 3991 1664 4056 angelorum
1711 3992 1842 4045 Dei:

261 4083 405 4136 sicut
437 4081 491 4134 in
537 4078 741 4146 angelis
769 4079 925 4134 bonis
952 4081 1094 4133 nulla
1125 4089 1207 4134 est
1241 4079 1520 4149 injustitia,
1556 4081 1626 4134 ita
1668 4080 1846 4136 nnlhts

259 4173 370 4227 illis
409 4172 718 4227 sociabalur
759 4187 880 4225 cum
928 4171 1104 4240 aliqua
1137 4170 1416 4240 injustitia.
1450 4169 1728 4236 Quomolo
1751 4188 1846 4224 an-

260 4275 376 4321 tem
420 4265 515 4320 liat
544 4267 705 4319 homo
733 4265 850 4320 sine
889 4265 1036 4318 omni
1086 4262 1369 4330 injustitia.
1421 4279 1528 4317 non
1557 4273 1642 4319 est
1688 4265 1846 4335 hujus

261 4357 435 4411 nostri
467 4357 724 4426 propositi
771 4355 1077 4411 ostendere.
1127 4355 1343 4410 Scimus
1375 4364 1552 4410 tamen
1611 4357 1711 4410 hoc
1749 4374 1846 4425 per

1945 3189 2221 3248 acceptam
2247 3176 2557 3247 projiceret,
2589 3174 2722 3229 nulli
2752 3174 2856 3228 nisi
2893 3175 2992 3244 ipsi
3027 3174 3383 3244 imputaretur
3409 3172 3524 3242 ejus

1945 3267 2176 3322 nuditas.
2224 3263 2326 3330 Ita,
2371 3278 2494 3319 cum
2536 3263 2676 3317 Deus
2721 3261 2880 3316 alicui
2913 3271 3173 3331 concepto
3217 3270 3272 3316 et
3299 3270 3426 3316 nato
3469 3262 3523 3316 in

1943 3367 2187 3430 peccato,
2235 3357 2318 3412 cui
2353 3354 2483 3409 nihil
2527 3353 2631 3408 nisi
2681 3368 2897 3423 pcenam
2947 3353 3126 3416 debet,
3159 3354 3250 3408 dat
3295 3353 3433 3408 velle
3470 3361 3524 3408 et

1945 3464 2193 3514 currere;
2221 3463 2325 3504 non
2373 3456 2457 3502 est
2483 3445 2733 3511 volentis,
2770 3460 2945 3515 neque
2973 3445 3263 3508 currentis,
3300 3445 3395 3501 sed
3425 3445 3524 3499 mi-

1945 3539 2176 3598 screntis
2205 3545 2288 3595 est
2316 3535 2408 3591 Dei
2436 3553 2448 3588 :
2498 3544 2552 3590 et
2588 3536 2679 3604 qui
2705 3534 2948 3589 eamdem
2985 3535 3218 3605 gratiam
3252 3549 3356 3589 non
3385 3535 3516 3590 acci-

1944 3635 2022 3704 pit
2064 3641 2158 3687 aut
2205 3642 2482 3700 acceptam
2513 3625 2707 3697 rejici‘t,
2736 3626 2849 3698 ejus
2876 3635 2978 3693 est,
3012 3641 3116 3684 non
3157 3627 3274 3695 Dei,
3304 3626 3445 3698 quod
3472 3626 3524 3680 in

1945 3741 2041 3780 sua
2067 3723 2266 3778 duritia
2302 3731 2356 3778 et
2387 3721 2671 3790 iniquitate
2702 3730 3006 3791 permanet.
3040 3721 3183 3776 ldem
3219 3721 3525 3786 intellectus

1945 3813 2221 3869 habendus
2251 3821 2332 3868 est
2373 3812 2424 3866 in
2470 3811 2608 3873 aliis,
2639 3811 2690 3864 in
2736 3812 2932 3880 quibus
2959 3810 3237 3881 Scriptura
3288 3812 3524 3881 loquitur

1946 3919 2044 3974 pro
2065 3905 2259 3974 gratia,
2299 3901 2456 3971 13o
2486 3911 2543 3954 ut
2569 3901 2776 3954 scilicet
2803 3899 3030 3954 liberum
3056 3915 3163 3954 non
3205 3901 3522 3956 excludatur

1947 3993 2249 4047 arbitrium.
2303 3990 2563 4045 Similiter
2600 3990 2815 4058 quando
2874 3988 2947 4042 ita
2997 3988 3288 4057 loquuntur
3343 3989 3522 4043 divina

1949 4085 2111 4148 dicta,
2143 4092 2200 4137 ut
2229 4082 2399 4136 libero
2428 4081 2654 4136 arbitrio
2692 4079 2791 4134 soli
2838 4080 3121 4135 videantur
3145 4080 3373 4134 salutem
3421 4082 3522 4136 ho-

1949 4175 2108 4230 minis
2136 4174 2450 4237 attribuere,
2493 4171 2638 4226 nullo
2687 4171 2956 4226 intellectu
3005 4173 3176 4242 gratia
3215 4174 3522 4244 separanda

1947 4265 2219 4322 est.Sicut
2243 4279 2392 4333 ergo,
2421 4261 2668 4331 quamvis
2691 4260 2956 4316 naturalis
2986 4275 3115 4316 usus
3145 4277 3249 4316 non
3276 4272 3523 4330 procreet

1948 4359 2150 4430 prolem
2179 4359 2296 4412 sine
2343 4365 2516 4427 patre,
2543 4370 2640 4409 nec
2668 4355 2769 4410 nisi
2799 4371 2897 4426 per
2925 4358 3173 4420 matrem,
3207 4372 3312 4410 non
3344 4365 3522 4411 tamen

257 4456 450 4501 sancta
495 4447 674 4501 studia
723 4445 1030 4500 Christiano
1077 4445 1188 4508 ³⁷⁸⁷,
1246 4454 1298 4498 ct
1349 4460 1446 4514 per
1491 4446 1718 4514 gratiam
1753 4447 1841 4501 Dei
1876 4441 1919 4494 Ι)
1948 4459 2185 4506 removet
2223 4447 2362 4503 ullus
2412 4445 2716 4502 intellectus
2751 4456 2844 4502 aut
2889 4457 3120 4516 patrem,
3154 4456 3246 4500 aut
3294 4456 3523 4504 matrem

258 4551 383 4593 esse
411 4537 684 4606 possibile.

256 4628 477 4702 (μιν
521 4629 618 4702 [αι.
664 4627 801 4700 XV].
856 4658 926 4668 ιο-
976 4627 1330 4702 Elue_itlantu_r
1381 4626 1844 4702 scriptun-agnum

329 4700 429 4820 se:
458 4698 663 4768 gratim,
692 4698 893 4768 ct'qun:
936 4700 1034 4752 soli
1079 4698 1307 4752 libertati
1351 4699 1571 4750 salutem
1620 4701 1846 4765 tribuere

327 4788 375 4822 vi
417 4779 585 4822 entur.

331 4860 390 4914 Si
421 4859 557 4914 bene
600 4857 1008 4913 considerentur
1035 4873 1155 4927 quae
1199 4857 1339 4911 dicta
1369 4865 1515 4921 sunt,
1544 4867 1728 4926 aperte
1753 4875 1844 4914 co-

250 4949 538 5023 gnoscitnr
588 4949 710 5018 quia
757 4963 880 5002 cum
932 4946 1132 5016 aliquid
1165 4946 1298 5000 dicit
1347 4961 1505 5000 sacra
1554 4946 1837 5016 Scriptura

253 5058 354 5109 pro
385 5039 581 5109 gratia,
614 5054 718 5091 non
755 5046 967 5091 amovet
1002 5037 1222 5092 omnino
1256 5037 1483 5091 liberum
1515 5038 1836 5102 arbitrium;

253 5147 462 5202 na-que_
491 5146 613 5186 cum
657 5130 895 5200 loquitur
942 5144 1040 5198 pro
1084 5128 1252 5182 libero
1301 5127 1554 5192 arbitrio,
1606 5129 1844 5185 excludit

1945 4558 1976 4596 a
2015 4540 2357 4612 generatione
2384 4537 2578 4609 prolis;
2608 4538 2683 4593 ita
2704 4539 2876 4608 gratia
2901 4546 2956 4593 et
2981 4537 3207 4592 liberum
3237 4538 3523 4594 arbitrium

1945 4649 2051 4688 non
2088 4632 2418 4696 discordant,
2443 4631 2536 4685 sed
2577 4629 2904 4684 conveniunt
2934 4627 3001 4682 ad
3031 4625 3426 4684 iustiﬁcandum
3468 4639 3524 4684 et

1946 4724 2259 4780 salvandum
2283 4721 2577 4776 hominem.

1947 4815 2077 4870 CAP.
2117 4813 2183 4866 Vl
2228 4812 2324 4882 [αι.
2364 4809 2528 4882 XVI].
2559 4841 2635 4882 ie
2657 4810 2929 4882 Quomodo
2961 4826 3064 4863 non
3109 4811 3177 4862 sit
3212 4825 3523 4882 supervaca-

2018 4899 2169 4938 neum
2201 4879 2433 4935 homines
2459 4879 2527 4934 ad
2561 4880 2740 4948 ﬁdem,
2777 4891 2825 4934 et
2847 4881 2916 4933 ad
2951 4895 3012 4932 cn
3047 4895 3163 4948 qua;
3191 4879 3316 4946 ﬁdes
3339 4880 3519 4947 exigit,

2016 4954 2255 5008 invitare.

2016 5043 2072 5097 In
2102 5043 2186 5098 his
2215 5051 2416 5108 tamen,
2444 5040 2497 5095 in
2524 5043 2719 5110 quibus
2749 5040 2961 5095 videtur
2983 5038 3260 5108 Scriptura
3290 5038 3518 5091 liberum

1951 5134 2229 5188 arbitrium
2253 5133 2318 5187 al
2348 5141 2493 5188 recte
2513 5130 2798 5186 volenzlum
2827 5137 2881 5184 et
2910 5128 3238 5198 operandam
3270 5127 3518 5192 invitare,

1542 5283 1771 5339 VARle
1815 5285 2218 5340 LECTIONES.

331 5414 427 5446 ²⁷¹¹⁵
459 5415 698 5472 Volendo
745 5417 1116 5472 rectitudinem
1177 5432 1300 5470 mss.
1348 5415 1575 5470 valendo
1639 5416 1805 5480 aliud,
1861 5417 2233 5472 rectitudinem
2308 5417 2548 5471 ""‘Sua:
2599 5416 2785 5485 gratia:
2845 5416 3214 5483 imputandum
3255 5429 3340 5474 est
3390 5436 3516 5477 mss.

259 5495 434 5556 totum
473 5488 660 5554 gratia:
707 5488 1074 5556 imputamlnm
1114 5498 1196 5540 est
1270 5486 1363 5516 ³⁷¹⁶
1390 5487 1584 5556 Castus
1610 5497 1696 5540 est
1741 5488 1954 5541 invidus
1983 5504 2108 5540 mss.
2138 5495 2317 5541 castus
2343 5495 2425 5541 est
2456 5501 2509 5540 et
2535 5486 2742 5556 invidus
2817 5485 2906 5556 fi"
2937 5486 3182 5556 Perfecto
3210 5490 3388 5543 studio
3416 5493 3520 5547 hoc

257 5553 572 5624 Qitristiano
597 5573 720 5611 mss.
754 5553 853 5611 b'oc
880 5572 975 5624 per
1019 5565 1203 5609 sancta
1262 5556 1438 5610 studia
1469 5555 1775 5610 Christiano
1848 5558 1942 5588 ³⁷⁸⁸
1971 5557 2109 5610 Nihil
2142 5558 2460 5624 potestsine
2490 5573 2609 5609 mss.
2633 5553 2779 5607 Gem.
2820 5553 2954 5608 Vict.
2993 5555 3046 5608 5.
3084 5567 3129 5608 et
3160 5557 3214 5612 9.
3251 5569 3298 5611 et
3327 5559 3518 5615 Cisler.

261 5621 403 5703 Nihil
432 5625 798 5703 prodestsiue
851 5621 961 5703 _f’_‘_’
985 5626 1166 5703 Neque
1190 5627 1240 5678 in
1289 5634 1539 5703 currente
1579 5643 1717 5703 ut_s_s_._
1757 5625 1884 5703 iet.
1914 5639 1958 5680 et
1989 5626 2174 5682 (Εἰ-διον.
2207 5636 2259 5680 ct
2304 5621 2554 5680 currente
2631 5625 2722 5655 ’7“
2763 5624 2915 5696 Smpc
2944 5635 3142 5680 tactam
3193 5646 3317 5684 mss.
3377 5645 3519 5703 Step8

258 5691 428 5747 fatain

544 5696 635 5726 ³⁷¹¹
669 5697 764 5751 Cui
814 5696 943 5750 nihil
989 5697 1216 5750 debetur
1256 5712 1376 5749 mss.
1434 5695 1518 5748 cui
1591 5696 1718 5750 nihil
1762 5697 2045 5753 deberetur
