4076 6288
571 271 676 329 52‘!

1126 278 1184 334 S.
1224 278 1523 338 ANSELMI
1558 281 1907 342 CANTUAR.
1948 289 2267 346 ARCHIEP.
2306 292 2455 348 OI‘P.
2502 295 2681 353 I‘AllS
2718 295 2760 354 1.
2797 331 2871 341 —
2910 299 3332 362 DOGMATICA.

3757 317 3858 374 5‘28

572 385 862 445 difﬁcultas
909 397 1012 448 est.
1058 392 1330 461 Quaeritur
1354 411 1452 452 cur
1487 398 1760 456 hominem
1809 403 1904 436 ³⁷η
1960 405 2154 459 invitat
2186 412 2228 469 Α
2258 406 2399 475 quo]
2447 406 2700 464 voluntas
2744 411 2924 469 facere
2969 417 3178 487 nequit,
3219 419 3323 475 nisi
3372 426 3592 493 accepta
3639 429 3857 485 rectitu-

571 478 641 534 ad
667 488 812 536 recte
843 483 1150 551 volendum,
1176 495 1233 540 et
1257 503 1428 557 quare
1452 492 1631 560 arguit
1654 508 1761 549 non
1788 496 2152 564 obedientem,

569 585 693 625 cum
734 573 903 643 ipsam
952 576 1331 635 rectitudinem
1380 595 1540 638 nemo
1580 586 1770 653 possit,
1822 588 1923 644 nisi
1980 592 2151 669 gratia

569 664 751 731 dante,
785 666 983 723 habere
1014 669 1095 723 vel
1139 672 1433 742 accipere?
1478 674 1769 734 Sciendum
1814 682 1966 751 quia,
2002 664 2154 740 -sicut

569 766 709 812 terra
742 757 1161 818 innumerabiles
1192 765 1387 822 herbas
1433 776 1486 823 et
1514 766 1762 835 arbores,
1804 773 1924 829 sine
1953 775 2152 844 quibus

536 848 799 935 .humana
827 861 1023 907 natura
1052 854 1235 923 alitur,
1266 867 1361 913 aut
1404 861 1568 916 etiam
1597 863 1795 933 quibus
1840 866 2145 936 perimitur,

536 937 681 993 .sine
723 941 869 996 omni
922 942 1158 1001 hominis
1190 964 1320 1003 cura
1366 950 1611 1022 profert;
1660 954 1781 1012 illas
1824 960 1977 1024 vero,
2028 974 2149 1028 quae

559 1031 719 1088 nobis
762 1034 830 1089 ad
858 1036 1026 1091 vitam
1065 1041 1408 1097 nutriendam
1458 1045 1692 1102 maxime
1721 1057 1848 1104 sunt
1891 1066 2145 1106 necessa—

558 1122 678 1191 riae,
713 1124 830 1191 '7”,
866 1143 971 1183 non
1014 1130 1135 1187 sine
1162 1147 1356 1203 magno
1387 1134 1572 1193 labore
1598 1148 1762 1210 atque
1789 1143 2018 1210 cultore,
2043 1161 2144 1203 nec

559 1213 766 1284 absque
797 1217 1095 1275 seminibus
1129 1237 1146 1277 :
1180 1221 1253 1276 ita
1283 1224 1445 1279 corda
1478 1227 1711 1283 humana
1739 1231 1857 1286 sine
1896 1233 2141 1291 doctrina

558 1305 676 1361 sive
721 1307 904 1363 studio
928 1320 1123 1380 sponte
1152 1316 1307 1383 quasi
1351 1319 1663 1385 germinant
1693 1322 2049 1391 cogitationes
2087 1335 2144 1381 et

550 1395 865 1455 voluntates
915 1401 1048 1455 nihil
1099 1404 1258 1459 utiles
1305 1406 1486 1472 saluti,
1539 1420 1633 1465 aut
1690 1414 1855 1468 etiam
1914 1416 2139 1483 noxias;

554 1482 677 1540 illas
731 1501 879 1555 vero,
936 1489 1055 1546 sine
1106 1493 1303 1563 quibus
1355 1497 1425 1551 ad
1475 1497 1703 1555 salutem
1765 1502 1961 1558 anima:
2030 1522 2139 1562 non

552 1574 887 1643 proﬁcimus,
919 1593 1259 1652 nequaquam
1297 1586 1415 1642 sine
1443 1592 1660 1660 generis
1704 1593 1789 1649 sui
1833 1598 2040 1653 semine
2084 1608 2141 1654 et

551 1663 817 1721 laboriosa
868 1668 1080 1726 cultura
1130 1675 1446 1746 concipiunt
1496 1690 1555 1735 et
1598 1685 1927 1754 germinant.
1985 1688 2137 1747 Unde

2256 493 2419 548 dine:
2454 508 2600 551 recte
2649 516 2883 571 namque
2918 504 3052 571 vult,
3098 522 3220 562 ettm
3249 510 3364 564 vult
3393 514 3535 583 quod
3566 515 3750 573 debet.
3782 520 3852 576 Ita

2256 584 2400 651 quod
2429 600 2583 641 meus
2611 604 2675 642 ex
2703 592 2889 647 auditu
2912 596 3075 675 verbi
3104 599 3364 676 concipit,
3390 612 3474 658 est
3500 619 3687 663 semen
3718 625 3856 680 pra:-

2254 671 2486 730 dicantis
2533 677 2656 746 "’3;
2709 688 2766 737 et
2811 672 3079 742 rectitude
3129 672 3217 751 est
3258 689 3653 751 incrementum
3699 671 3849 770 quod

2252 760 2395 817 Deus
2442 766 2555 831 dat,
2600 769 2719 824 sine
2764 786 2873 840 quo
2928 792 3093 845 neque
3139 780 3229 846 qui
3266 780 3494 849 plantat,
3542 760 3737 856 neque-
3765 791 3852 860 qui

2251 852 2420 924 rigat,
2473 870 2547 912 est
2589 860 2825 932 aliquid;
2866 867 2958 920 sed
2992 869 3083 938 qui
3133 871 3510 929 incrementum
3546 852 3661 947 dat,
3704 882 3847 938 Deus

2251 942 2304 1011 (Ι
2333 942 2453 1000 Cor.
2488 965 2567 1012 nt,
2600 950 2673 1023 7).
2710 952 2862 1010 Sicut
2905 972 3035 1027 ergo
3066 961 3206 1015 Deus
3244 963 3297 1016 in
3329 965 3597 1038 principio
3622 942 3726 1040 per
3750 973 3849 1029 nti-

2250 1034 2497 1090 racnlum
2529 1037 2655 1094 fecit
2694 1040 3048 1115 frumentum,
3081 1056 3136 1102 et
3163 1050 3266 1104 alia
3300 1051 3369 1107 de
3395 1034 3536 1110 terra
3567 1034 3846 1119 nascentia

2246 1122 2313 1176 ad
2348 1125 2666 1185 alimentum
2700 1133 2976 1191 hominum
3021 1139 3139 1196 sine
3180 1142 3390 1199 cultore
3424 1156 3478 1201 et
3510 1152 3844 1220 seminibus;

2247 1214 2352 1282 ita,
2404 1219 2523 1274 sine
2570 1222 2804 1279 humana
2846 1229 3093 1286 doctrina
3140 1235 3462 1293 mirabiliter
3505 1240 3635 1297 fecit
3677 1248 3845 1303 corda

2246 1309 2650 1380 prophetarum,
2681 1325 2735 1371 et
2775 1321 3168 1390 apostolorum,
3202 1342 3437 1385 necnon
3466 1341 3521 1386 et
3565 1338 3843 1408 evangeli-
3910 1384 3915 1389 .

2242 1402 2475 1466 starem,
2517 1399 2743 1458 fecnmla
2790 1406 2884 1440 ³⁷³³
2931 1410 3265 1473 salutaribus
3312 1419 3653 1478 seminibus:
3700 1427 3845 1483 unde

2244 1485 2547 1556 accipimus
2569 1492 2831 1564 quidquid
2863 1499 3158 1557 salubriter
3184 1504 3238 1560 in
3270 1508 3601 1575 agricultura
3642 1513 3739 1569 Dei
3778 1516 3844 1572 ad

2241 1574 2556 1634 alimentum
2588 1586 2894 1642 animarum
2918 1590 3252 1651 seminamus
3281 1595 3411 1663 “3°;
3439 1601 3581 1656 sicut
3614 1606 3840 1661 nonnisi

2240 1667 2307 1723 de
2329 1670 2519 1739 primis
2546 1681 2706 1730 terra:
2730 1680 3028 1738 sctninibtts
3072 1686 3356 1756 labctnus,
3388 1693 3531 1758 quod
3568 1696 3639 1748 ad
3670 1698 3844 1752 nutri-

549 1754 671 1811 illos
720 1756 1004 1827 homines,
1067 1766 1265 1835 quibus
1329 1771 1450 1825 talis
1505 1752 1718 1830 cultura
1778 1776 2134 1848 impenditur,
2168 1752 2479 1849 summum
2553 1775 2843 1833 corporum
2911 1785 3291 1843 propagam'm'
3357 1776 3642 1849 δῘΨ⁵ίδ¹³²η
3709 1785 3841 1842 nihil

546 1848 934 1916 agriculturam
987 1854 1082 1909 Dei
1135 1857 1185 1926 (Ι
1225 1858 1349 1913 Cor.
1387 1878 1472 1928 ιιι,
1514 1864 1568 1933 9)
1624 1879 1782 1922 vocat
1820 1871 2133 1941 Apostolus.

547 1937 645 1993 Est
688 1952 869 1996 autem
902 1957 1088 2002 semen
1137 1947 1299 2020 hujus
1345 1955 1690 2024 agricultura:
1733 1937 1955 2018 verbum
2004 1965 2131 2034 Dei;

543 2030 658 2086 imo
683 2047 788 2087 non
828 2037 1073 2106 verbum,
1104 2044 1199 2097 sed
1225 2060 1417 2103 sensus
1442 2050 1531 2118 qui
1560 2052 1857 2125 percipitur
1884 2072 1982 2126 per
2014 2075 2136 2116 ver—

544 2122 713 2179 bum:
764 2141 867 2182 vox
915 2145 1149 2202 namque
1197 2137 1317 2192 sine
1356 2156 1517 2197 sensu
1571 2145 1704 2201 nihil
1749 2152 2031 2207 constituit
2078 2155 2132 2209 in

544 2214 725 2269 corde.
761 2215 870 2272 Nec
898 2220 1074 2277 solum
1117 2239 1312 2283 sensus
1355 2231 1526 2299 verbi,
1573 2239 1666 2291 scd
1717 2241 1894 2296 omnis
1939 2259 2134 2300 sensus

543 2305 628 2360 vel
660 2307 968 2368 intellectus
995 2316 1357 2386 rectitudinis,
1387 2340 1546 2394 quem
1575 2345 1727 2386 mens
1756 2333 1990 2391 humana
2017 2338 2131 2394 sive

540 2413 641 2468 per
664 2399 925 2469 auditum,
951 2405 1065 2462 sive
1092 2422 1190 2479 per
1227 2411 1533 2483 lectionem,
1569 2421 1684 2477 sive
1712 2438 1812 2492 per
1839 2427 2128 2496 rationem,

539 2490 655 2545 sive
698 2493 940 2564 quolibet
987 2498 1097 2555 alio
1131 2503 1292 2560 modo
1327 2510 1585 2579 concipit,
1634 2490 1820 2572 semen
1869 2528 1951 2575 est
1981 2531 2131 2580 recte

537 2578 749 2636 volemli
786 2582 900 2638 '7“.
927 2584 1116 2643 Nullus
1147 2605 1382 2664 namque
1410 2578 1545 2654 velle
1574 2610 1774 2670 potest,
1804 2608 1946 2676 quod
1974 2610 2129 2680 prius

541 2669 711 2725 corde
753 2686 860 2727 non
895 2677 1158 2748 concipit;
1191 2681 1327 2737 velle
1357 2696 1538 2742 autem
1580 2669 1995 2767 crederevquod
2043 2712 2129 2757 est

537 2759 885 2828 credendum,
925 2774 1010 2822 est
1052 2779 1201 2825 recte
1246 2773 1404 2830 velle.
1451 2776 1621 2835 Nemo
1652 2796 1782 2853 ergo
1812 2759 1988 2854 potest
2024 2790 2126 2848 hoc

537 2850 631 2883 ³⁷³⁸
664 2853 818 2919 velle,
848 2856 894 2910 si
936 2861 1113 2916 nescit
1138 2867 1282 2932 quod
1307 2871 1644 2928 credendum
1673 2886 1778 2933 est.
1810 2878 1945 2934 Cum
1975 2884 2124 2940 enim

532 2945 889 3010 praemisisset
913 2950 1202 3021 Apostolus
1227 2973 1241 3010 :
1273 2956 1454 3015 Omnis
1484 2965 1779 3038 quicunque
1807 2972 2123 3031 invocaverit

2238 1847 2444 1904 utiliter
2464 1851 2557 1884 ³⁷⁸¹
2580 1855 2647 1908 ad
2669 1856 2896 1912 salutem
2919 1862 3253 1930 spiritualem
3279 1847 3664 1937 pratdicamns,
3690 1878 3834 1944 quod

2236 1950 2392 1992 sacra
2424 1938 2707 2010 Scriptura
2757 1943 3200 2027 Spiritus‘sanrti
3247 1954 3512 2012 miraculo
3541 1959 3835 2018 fecundata

2237 2040 2344 2080 non
2376 2030 2679 2098 protulerit,
2711 2044 2807 2089 aut
2832 2035 2974 2095 intra
3004 2054 3065 2096 se
3097 2056 3205 2097 non
3251 2046 3546 2104 contineat.
3598 2050 3762 2119 Nam,
3790 2054 3839 2110 si

2234 2118 2364 2186 quid
2395 2122 2604 2177 ratione
2630 2122 2875 2183 dicamus
2902 2130 3215 2200 a'iqnando,
3242 2138 3386 2206 quod
3413 2138 3467 2193 in
3504 2141 3671 2196 dictis
3717 2118 3838 2213 eius

2235 2217 2420 2277 aperte
2467 2222 2774 2270 monstrare
2817 2217 2913 2273 aut
2957 2235 3023 2275 ex
3070 2220 3202 2293 ipsis
3241 2227 3471 2297 probare
3518 2234 3835 2303 nequimus,

2235 2299 2341 2355 hoc
2369 2317 2460 2357 mo
2481 2304 2530 2357 !o
2555 2318 2653 2374 per
2678 2306 2822 2362 illam
2846 2316 3224 2381 cognoscimus
3250 2328 3429 2373 utrum
3455 2322 3526 2376 sit
3554 2326 3835 2395 accipien-

2231 2389 2355 2446 dum
2387 2407 2480 2447 aut
2507 2401 2891 2468 respuendum.
2937 2402 2994 2458 Si
3025 2406 3170 2461 enim
3204 2419 3393 2479 aperta
3424 2412 3642 2470 ratione
3670 2418 3835 2473 colli-

2230 2481 2391 2552 gitur,
2421 2493 2475 2539 et
2522 2486 2610 2540 illa
2637 2504 2702 2561 ex
2747 2491 2891 2547 nulla
2940 2505 3097 2563 parte
3143 2504 3478 2559 contradicit
3517 2506 3651 2574 ³⁷³³ς
3701 2525 3837 2579 quo-

2230 2572 2373 2628 niam
2424 2576 2538 2647 ipsa
2568 2581 2710 2637 sicut
2760 2585 2888 2640 nttlli
2933 2588 3252 2646 adversatur
3286 2596 3521 2663 veritati,
3569 2600 3648 2655 ita
3701 2604 3836 2657 nulli

2231 2662 2376 2719 favet
2405 2664 2623 2725 falsitati
2651 2689 2664 2724 :
2692 2671 2938 2746 hocjpso
2961 2680 3088 2748 quia
3114 2697 3219 2735 non
3253 2694 3415 2752 negat
3441 2690 3583 2757 quod
3619 2694 3840 2748 ratione

2227 2751 2445 2821 dicitur,
2473 2758 2588 2828 ejus
2615 2766 2941 2821 auctoritate
2962 2770 3276 2838 suscipitur.
3302 2751 3393 2839 At,
3424 2778 3466 2830 si
3491 2779 3607 2849 ipsa
3640 2793 3836 2841 nostro

2225 2847 2406 2901 sensui
2450 2849 2820 2910 indubitanter
2860 2871 3152 2929 repugnat;
3192 2868 3445 2934 quamvis
3485 2872 3648 2928 nobis
3690 2875 3837 2929 ratio

2225 2946 2411 2991 nostra
2466 2941 2716 2999 videatur
2767 2947 3203 3022 inexpugnabilis
3254 2957 3379 3023 ³⁷³³,
3441 2961 3585 3016 nulla
3639 2974 3832 3023 tamen

898 3043 986 3109 im.’
1026 3046 1203 3104 salum
1224 3051 1321 3105 erit
1351 3030 1508 3119 (non;
1563 3074 1595 3112 Χ
1652 3030 1740 3119 is)
1804 3030 2120 3119 subiunxit;
2156 3103 2195 3119 ﬂ
2226 3030 2458 3083 veritate
2484 3030 2659 3089 fulciri
2691 3039 2959 3094 credenda
3003 3052 3113 3100 est;
3142 3044 3236 3100 Sic
3273 3048 3455 3119 itaque
3483 3066 3645 3108 sacra
3678 3056 3836 3112 Scri‘

898 3043 909 3056 .
954 3045 966 3056 .
1290 3051 1302 3064 .
1911 3064 1923 3077 .
2045 3072 2059 3084 ,
2226 3039 2458 3083 veritate
2484 3039 2659 3089 fulciri
2691 3039 2959 3094 credenda
3003 3052 3113 3100 est;
3142 3044 3236 3100 Sic
3273 3048 3455 3119 itaque
3483 3066 3532 3106 sa

535 3050 722 3090 nomen
754 3039 986 3109 Donum,
1026 3046 1203 3104 salvus
1224 3062 1321 3105 erit
1351 3053 1529 3124 (Rom.
1563 3074 1618 3126 Χ,
1652 3062 1773 3132 13),
1804 3067 2120 3135 sulqunxtt:
2152 3103 2195 3162 Ο
2220 3113 2384 3162 Mum
2426 3124 2606 3162 “mni:
2637 3128 2883 3162 unum“
2936 3147 3096 3162 mm“
3146 3137 3282 3162 “HA
3326 3123 3532 3162 “mw.

535 3124 810 3162 ηίιιηηηιΙη
860 3150 976 3162 ..ι-ι.-
997 3138 1275 3162 '.'---._-_L_,_
1303 3153 1315 3162 .
1346 3144 1438 3162 κ..
1496 3149 1506 3160 ο

534 3124 811 3191 Quomodo
855 3150 977 3205 ergo
997 3138 1315 3198 invocabant
1344 3144 1457 3213 ³⁷⁸⁸,
1487 3149 1542 3205 in
1563 3168 1713 3222 quem
1753 3172 1858 3212 non
1887 3161 2124 3215 credide-

531 3232 654 3275 runt
677 3222 704 3276 γ
722 3223 824 3279 Aut
862 3232 1124 3298 quomodo
1147 3236 1356 3292 credent
1382 3241 1451 3307 ei,
1497 3259 1647 3313 quem
1672 3262 1774 3303 non
1801 3250 2079 3307 audierunt
2098 3257 2123 3309 ?

531 3309 806 3377 Quomodo
826 3328 1008 3375 autem
1038 3324 1255 3382 audient
1286 3329 1382 3362 ³⁷¹⁶
1405 3333 1520 3388 sine
1558 3339 1881 3406 prwdicanle
1903 3345 1930 3398 ?
1977 3344 2122 3411 Quo-

528 3403 684 3458 modo
716 3423 833 3462 vero
872 3413 1254 3485 prwdicabunt,
1284 3422 1388 3477 nisi
1416 3403 1690 3483 mittantur
1711 3432 1737 3483 ."
1774 3403 2031 3505 (Ibid.,wi
2044 3437 2117 3509 1.)

528 3495 599 3549 Et
623 3497 783 3565 paulo
821 3511 981 3571 post:
1014 3504 1158 3578 Ergo
1188 3512 1333 3580 ﬁdes
1374 3533 1440 3571 ea:
1480 3521 1702 3589 auditu;
1738 3495 1966 3583 auditus.
2001 3495 2117 3587 vero

527 3600 621 3652 per
665 3591 874 3645 uerbum
919 3592 1117 3651 Christi
1164 3599 1365 3671 (lbid.,
1413 3607 1520 3678 17).
1561 3612 1715 3678 Quod
1764 3627 1946 3675 autem
1986 3622 2118 3678 dicit

531 3675 691 3733 ﬁdem
729 3695 850 3738 esse
890 3697 958 3739 ex
1006 3688 1220 3758 auditu,
1252 3675 1662 3768 intelligendum
1693 3714 1777 3761 est
1821 3710 1945 3777 quia
1984 3712 2116 3770 ﬁdes

528 3764 610 3822 est
638 3784 702 3824 ex
731 3772 834 3829 hoc
863 3778 1006 3846 quod
1033 3782 1272 3854 concipit
1313 3764 1470 3845 mens
1496 3764 1598 3863 per
1627 3764 1911 3867 auditum;
1942 3820 2116 3875 neque

525 3859 600 3914 ita
631 3870 689 3916 ut
711 3863 827 3920 sola
855 3872 1139 3940 conceptio
1166 3878 1366 3934 mentis
1395 3859 1559 3938 faciat
1588 3885 1746 3943 ﬁdem
1778 3889 1832 3945 in
1868 3859 2109 3962 homine,

522 3949 618 4005 sed
656 3952 781 4022 quia
822 3955 956 4012 ﬁdes
995 3973 1117 4017 esse
1146 3968 1335 4035 nequit
1368 3970 1485 4026 sine
1511 3979 1888 4047 conceptione.
1914 3949 2108 4042 Addita

520 4057 758 4113 namque
779 4048 1104 4107 rectitudine
1129 4056 1341 4115 volendi
1367 4066 1705 4136 conceptioui
1735 4086 1834 4141 per
1854 4080 2107 4145 gratiam,

520 4133 584 4188 ﬁt
611 4134 779 4204 ﬁdes;
821 4141 948 4208 quia
979 4145 1152 4200 credit
1178 4150 1321 4218 quod
1357 4133 1785 4218 auditJAudituS
1813 4133 1992 4223 autem
2023 4133 2109 4227 esi

519 4230 617 4293 per
640 4230 862 4285 verbum
904 4233 1127 4305 Christi,
1155 4239 1259 4297 boc
1295 4253 1381 4299 est
1405 4263 1503 4317 per
1545 4255 1768 4310 verbum
1800 4265 2103 4329 pradican-

521 4317 655 4371 tium
685 4318 981 4380 Christum.
1004 4326 1374 4391 Prmdicantes
1398 4353 1530 4394 vero
1566 4359 1671 4400 non
1701 4317 1828 4405 soni
1850 4353 1952 4410 nisi
1979 4358 2104 4414 mit-

520 4416 731 4477 tantur;
764 4415 857 4469 sed
903 4420 1045 4487 quod
1075 4423 1384 4492 mittuntur,
1429 4434 1602 4501 gratia
1628 4447 1729 4492 est.
1762 4441 1980 4516 Quapro

516 4510 569 4555 et
598 4506 917 4570 praedicatio
961 4516 1132 4581 gratia
1176 4517 1270 4550 ³⁷²⁷
1312 4530 1428 4589 est;
1471 4527 1595 4596 quia
1627 4506 1804 4600 gratia
1845 4506 1928 4596 est
1956 4506 2099 4613 quod

516 4594 795 4650 descendit
824 4614 891 4653 ex
940 4606 1133 4671 gratia,
1164 4617 1219 4662 et
1249 4613 1467 4669 auditus
1489 4594 1581 4673 est
1622 4594 1816 4691 gratia,
1863 4640 1918 4685 ct
1947 4594 2100 4689 intel-

514 4683 687 4742 lectus
728 4705 792 4743 ex
827 4694 1011 4748 auditu
1056 4700 1249 4768 gratia,
1290 4711 1344 4757 et
1367 4683 1651 4768 rectitudo—
1672 4716 1883 4775 volendi
1925 4728 2099 4796 gratia

512 4788 616 4831 est.
652 4778 848 4836 Verum
883 4785 1089 4855 missio,
1140 4795 1473 4867 praedicatio,
1505 4805 1739 4873 auditus,
1794 4778 2100 4878 iuteliectus

511 4878 645 4934 nihil
689 4894 836 4952 sunt,
869 4888 968 4943 nisi
1003 4892 1251 4952 voluntas
1274 4898 1400 4955 velit
1435 4906 1578 4973 quod
1619 4924 1772 4968 tuens
1807 4915 2096 4993 intelligit:

2228 3126 2384 3186 ptura
2426 3124 2607 3179 omnis
2637 3128 2907 3198 veritatis,
2936 3147 3097 3200 quam
3146 3137 3285 3193 ratio
3321 3124 3547 3212 colligit,
3580 3150 3832 3201 auctori-

2226 3215 2390 3260 tatem
2424 3212 2685 3281 continet,
2731 3231 2854 3271 cnm
2903 3220 3047 3276 illam
3079 3233 3171 3278 aut
3205 3237 3391 3295 aperte
3434 3230 3707 3302 afﬁrmat,
3737 3245 3837 3291 aut

2224 3296 2532 3356 nullatenus
2560 3314 2742 3374 negat.
2772 3304 3061 3368 Videamus
3109 3330 3253 3372 nunc
3295 3319 3644 3393 inexemplis
3688 3342 3833 3397 quo-

2223 3389 2383 3441 tnodo
2411 3393 2632 3455 verbum
2665 3396 2737 3451 sit
2765 3412 2973 3457 semen.
3022 3403 3157 3462 Cum
3203 3408 3430 3465 audiunt
3453 3389 3657 3483 quibus
3690 3389 3835 3473 dici-

2222 3481 2460 3535 turm‘:
2511 3485 2574 3540 Si
2605 3487 2887 3555 volueritis,
2942 3504 2988 3548 et
3029 3498 3301 3554 audieritis
3333 3517 3415 3555 me
3457 3481 3595 3574 (iisa.
3631 3522 3672 3571 ι,
3715 3509 3832 3578 19),

2221 3571 2529 3642 intelligunt
2557 3585 2611 3631 et
2640 3579 2882 3650 cogitant
2925 3584 3071 3653 quod
3098 3587 3299 3644 dicitur
3332 3571 3474 3647 velle
3502 3603 3560 3650 et
3607 3600 3829 3665 audire,

2221 3660 2324 3716 hoc
2353 3673 2438 3718 est
2463 3666 2687 3729 obedire
2712 3683 2727 3724 :
2755 3672 2849 3742 qui
2895 3677 3040 3730 enim
3075 3680 3225 3734 audit
3248 3690 3306 3737 et
3343 3698 3449 3738 non
3476 3686 3694 3753 obcdit,
3738 3660 3823 3746 di;

2160 3784 2169 3792 ι
2217 3753 2362 3807 citur
2389 3772 2491 3810 non
2525 3760 2732 3815 audire.
2763 3763 2871 3820 Sed
2892 3765 3116 3823 obedire
3143 3785 3437 3841 nequeunt,
3476 3776 3583 3831 nisi
3613 3779 3783 3835 velint
3811 3799 3829 3848 ;

2217 3842 2352 3900 velle
2397 3858 2574 3902 autem
2624 3852 2875 3920 obedire,
2919 3865 3003 3913 est
3053 3868 3200 3916 recte
3251 3863 3429 3918 velle:
3481 3876 3638 3923 recte
3693 3886 3832 3925 vero

2217 3931 2354 3987 velle
2386 3950 2547 3991 nemo
2580 3948 2784 4009 potest,
2817 3943 2919 3999 nisi
2961 3945 3159 4002 habeat
3206 3952 3586 4009 rectitudincm
3623 3958 3831 4012 volun-

2216 4024 2362 4093 tatis,
2395 4042 2555 4096 quam
2602 4031 2779 4089 nullus
2828 4035 2992 4093 habet
3037 4039 3217 4104 homo,
3268 4044 3368 4098 nisi
3414 4059 3514 4115 per
3556 4052 3830 4118 gratiam.

2213 4115 2411 4170 Verum
2464 4119 2734 4177 rectitulo
2773 4124 2987 4183 valendi
3032 4129 3235 4200 aliquid
3284 4135 3416 4188 nulli
3465 4115 3654 4203 datur,
3715 4142 3829 4197 nisi

2213 4208 2531 4282 intelligenti
2562 4214 2719 4280 velle,
2758 4226 2814 4271 et
2842 4219 2985 4288 quod
3016 4222 3155 4277 velle
3189 4223 3369 4280 debet.
3407 4228 3677 4286 Videmus
3718 4234 3826 4289 ita-

2208 4315 2316 4370 que
2367 4301 2513 4371 quod
2560 4304 2765 4360 dictum
2826 4316 2910 4363 est
2959 4326 2975 4364 :
3020 4309 3084 4366 Si
3114 4314 3377 4372 volueritis
3424 4329 3474 4373 et
3529 4324 3831 4381 audieritis

2207 4404 2309 4452 me,
2334 4404 2516 4446 semen
2566 4406 2689 4449 csse
2731 4394 2826 4428 ³⁷³⁸
2863 4411 3200 4470 nequaquam
3227 4419 3323 4474 per
3374 4422 3435 4463 se
3465 4411 3532 4464 ad
3568 4414 3830 4483 aliquem

1982 4461 2104 4552 Ρίθις
2135 4479 2182 4538 1)
2210 4477 2443 4533 fructum
2531 4485 2844 4552 germinans

2937 4489 3055 4545 sine
3137 4492 3440 4561 adiectione
3521 4504 3829 4559 rtetitmti-

2208 4570 2329 4635 nis;
2390 4588 2490 4627 nec
2532 4575 2702 4644 ipsam
2750 4580 3128 4638 rectitudinem
3194 4586 3350 4651 dari,
3410 4592 3511 4646 nisi
3571 4598 3825 4652 semini-

2208 4659 2327 4715 bus.
2362 4660 2623 4720 Similiter
2649 4680 2774 4722 cum
2802 4669 2934 4724 dicit
2978 4671 3159 4728 Deus:
3191 4674 3572 4734 Convertimini
3624 4690 3703 4737 mf
3737 4703 3822 4740 me

2209 4748 2347 4821 (Isa.
2393 4769 2518 4820 va,
2551 4755 2650 4821 22;
2699 4757 2820 4813 Joel
2852 4776 2911 4825 ιι,
2943 4761 3038 4828 12ς
3092 4762 3257 4819 Zach.
3304 4785 3340 4830 ι,
3373 4769 3451 4839 5),
3489 4787 3689 4829 semen
3738 4786 3829 4833 est

2208 4841 2325 4897 sine
2385 4847 2647 4916 germine,
2705 4852 2945 4919 quandin
3000 4855 3234 4912 hominis
3296 4859 3641 4918 voluntatem
3705 4883 3822 4923 non

2206 4937 2471 4990 convertit
2524 4937 2662 4991 Deus
2703 4943 2767 4994 ad
2814 4943 3097 5001 volendnm
3150 4951 3582 5017 (‘0ll\'tl'..i01:elll,
3642 4972 3824 5030 quam

1798 5046 2032 5111 VARle
2067 5059 2478 5124 LECTIONES.

583 5134 676 5170 ³⁷²²
705 5136 839 5204 Οιιίει
874 5156 973 5194 (Ἦν
1006 5144 1278 5202 ιιθηιίηεηι
1314 5168 1439 5207 ηιδσο
1473 5159 1739 5225 σιητοτίιιιι·
1789 5181 1888 5221 cur
1933 5168 2208 5229 hominem
2288 5176 2382 5210 ³⁷³³
2412 5178 2503 5234 Illa
2532 5196 2684 5236 vero.
2711 5222 2726 5239 .
2761 5190 3067 5244 necessaria
3097 5209 3221 5248 mss.
3274 5194 3414 5250 Vict.
3451 5197 3571 5252 illas
3603 5216 3776 5259 vero.
3805 5245 3822 5259 ,

583 5210 831 5259 cessariae
907 5212 1001 5245 ’7”
1051 5215 1248 5259 Senmn
1283 5233 1431 5259 ranln
1468 5227 1675 5259 mnta..."
1706 5231 1906 5259 .t:-:._-_
1943 5255 2041 5259 --μί
2107 5242 2171 5259 ν.
2211 5255 2221 5259 _
2354 5246 2408 5259 η-

1492 5210 1505 5225 ι
1576 5210 1613 5211 η
1791 5210 1875 5221 κ...
1935 5210 2208 5229 ..νη-...ιω
2413 5210 2503 5234 "ut
2536 5210 2684 5236 vuru.
2711 5222 2726 5239 .
2761 5210 3067 5244 necessnrta
3097 5210 3221 5248 mss.
3278 5210 3414 5250 Vt“.

851 5212 1021 5321 ῃ
1051 5215 1248 5321 Semen
1283 5233 1431 5278 recte
1468 5227 1675 5283 volendi
1705 5231 1907 5321 dicitur
1940 5242 2244 5321 τωδὶ-Κὴρ.
2276 5259 2322 5300 et
2348 5246 2537 5305 Cister.
2592 5268 2777 5309 se.neu
2840 5269 2923 5313 est
2975 5271 3121 5315 recte
3182 5265 3424 5321 volendi.

851 5292 1027 5360 potest
1046 5286 1157 5371 _hoc
1180 5305 1305 5371 nisa.
1342 5309 1501 5371 nemo
1523 5313 1652 5369 ergo
1674 5286 2149 5371 potes't'ho‘cm-‘m

504 5346 671 5433 uton
696 5362 826 5414 ergo
853 5346 1495 5433 invoc:_nbo._.“anmodo
1530 5346 1739 5425 ati’tet'n'
1766 5346 1990 5433 53213123”:
2065 5383 2157 5418 ‘7"

507 5288 636 5345 ergo
666 5288 811 5333 recte

3500 5268 3603 5302 8⁸18⁸
3630 5271 3825 5329 Nemo

2176 5314 2470 5412 quttngtlo
2482 5321 2859 5412 ’ξιινιῖιίςιι-ιιιιιι.
2889 5367 2902 5381 .
2918 5314 3468 5412 λῳιοιιιο(1ςξξιιιόίριιε
3480 5355 3625 5412 Antss.
3666 5343 3825 5412 Quo-

2234 5385 2558 5482 Prasdicaltio
2610 5385 3107 5482 ςιιιῑὴξῖηρε-είηερς.
3146 5385 3154 5387 ἡ
3180 5385 3629 5482 γξξιίέἷέίξιξὲ

767 5413 781 5414 γ
1224 5413 1256 5425 τ
1531 5413 1713 5425 -...ν...
1766 5413 1990 5433 auaut...»
2234 5413 2558 5445 rrwutcaut)
2610 5413 2801 5460 gruum
2850 5413 2933 5453 est
2978 5417 3107 5456 mss.
3184 5413 3393 5459 Vithet
3426 5413 3629 5464 Cister.
3670 5429 3823 5482 pra:-

505 5413 709 5467 dicatio
754 5427 837 5472 est
894 5425 1065 5490 gratia
1140 5430 1239 5461 77”
1275 5433 1370 5487 Est
1426 5439 1771 5503 prtedicantis
1820 5465 1949 5504 mss.
1987 5461 2071 5507 est
2113 5469 2299 5509 semen
2339 5460 2689 5526 prmdicantis
2763 5465 2857 5497 ³⁷³³
2898 5469 2964 5524 Et
3006 5470 3475 5544 Evangelistarum
3537 5479 3823 5539 foecunda

505 5499 631 5536 mss.
659 5485 724 5538 Et
778 5487 1065 5544 Evangelia
1130 5498 1375 5544 fmenmln
1453 5507 1546 5540 ³⁷³0
1584 5512 1890 5544 Animum-~-
1949 5536 2226 5544 ~------~~-~
2537 5534 2544 5543 '
2938 5540 2950 5544 “

1284 5485 1307 5486 ,,
1356 5485 1366 5487 -
1466 5485 1771 5500 --ν--.νισι-υια
1822 5485 1898 5502 "Io
1936 5491 1949 5503 ι
1987 5485 2045 5505 εδ

503 5499 631 5536 mss.
759 5485 1065 5576 Evangelia
1110 5498 1376 5576 _l'tn_c_utn_la
1427 5485 1546 5540 rm’
1577 5485 1925 5571 Animarumo
1947 5485 2100 5576 serva

501 5570 634 5633 ruas.
658 5556 792 5610 nihil
821 5560 1027 5633 utiliter
1058 5567 1123 5617 ad
1198 5570 1293 5602 ⁸⁷⁸¹
1318 5574 1380 5627 Et
1411 5576 1484 5630 illi
1521 5556 1585 5633 es

2111 5540 2230 5579 mus
2277 5545 2400 5581 mss.
2457 5534 2762 5588 animarum
2819 5540 3151 5595 geminamus

2938 5591 2949 5593 ,
2980 5591 2987 5593 .
3539 5591 3691 5607 ...ην
3749 5591 3821 5611 ..υ

1596 5621 1608 5632 .
1643 5623 1676 5687 ..Ι
1703 5591 2098 5687 contradicitur
2151 5611 2277 5648 mss.
2307 5609 2364 5652 et
2390 5598 2476 5687 illa
2528 5617 2616 5655 ex.
2656 5643 2668 5655 .
2694 5608 3027 5687 contradicit
3235 5613 3635 5687 impugnabilis
3678 5639 3821 5677 mss.

3228 5543 3322 5575 ³²³¹
3357 5546 3507 5602 Nihil
3539 5551 3691 5607 utile
3749 5555 3827 5611 ad

1319 5623 1379 5627 -ν
1411 5623 1483 5630 ""
1523 5623 1608 5633 “·“·
1653 5623 1667 5636 ο
1703 5623 2086 5645 νυυιλιιιιιιωιηι
2151 5623 2277 5648 vitae.
2307 5623 2364 5652 Ct
2391 5623 2476 5653 tltil
2528 5623 2616 5655 ex.
2656 5643 2668 5655 .
2700 5623 3027 5664 Cﬂﬂll‘ilﬂlCIl
3101 5623 3198 5643 ⁵⁷³³
3235 5623 3635 5687 tmpugnabilis
3678 5639 3821 5677 mss.

502 5623 940 5696 ίηθκβυϐηθιιίίῖε
1018 5634 1111 5665 ³⁷³⁴
1142 5636 1249 5692 Aul
1271 5649 1544 5711 Quomodo
1566 5652 1760 5719 quibus
1790 5658 1988 5717 dicitur
2023 5680 2147 5720 mss.
2183 5681 2306 5720 cum
2348 5670 2577 5726 audiunt
2615 5674 2812 5742 quibus
2841 5678 3040 5735 dicitur
3116 5682 3208 5716 ³⁷³⁸
3242 5683 3327 5740 Me
3357 5700 3372 5738 :
3405 5687 3565 5743 modo
3600 5705 3821 5749 semen

502 5709 624 5749 esse
641 5712 763 5749 mss.
798 5715 883 5749 tne
914 5720 927 5749 ε
965 5719 1148 5749 semen
1173 5722 1295 5749 nec»

501 5709 624 5749 €550
641 5712 763 5752 mss.
798 5715 883 5757 Ille
914 5720 927 5755 ἒ
965 5719 1150 5761 semen
1173 5722 1295 5764 esse
