4076 6288
217 364 329 428 539

1047 358 1138 414 DE
1174 356 1517 415 CONCORD.
1559 353 1830 410 PllrE’SC.
1877 350 2161 424 DEI‘CUM
2203 350 2333 405 Llll.
2373 345 2662 402 ARBlTll.

3398 338 3504 393 530

220 489 444 557 cogitat,
485 497 614 539 eum
658 482 827 545 audit,
866 479 1244 534 convertimini.
1290 477 1408 532 sine
1446 493 1553 547 quo
1597 476 1804 531 semine
1835 482 1879 541 Α
1908 482 2219 544 peccatum;
2245 471 2502 544 quoniam
2525 469 2729 540 pariter
2750 463 3029 522 descendit
3050 477 3081 518 a
3102 465 3345 557 peccato.
3377 454 3509 557 Dos-

223 575 401 631 nulltss
448 579 633 643 potest
662 570 801 625 velle
848 568 1115 624 converti.
1146 568 1356 623 Dicitur
1382 569 1545 622 etiam
1589 580 1817 623 conver-

221 666 314 729 sis,
347 660 709 717 convertimini
729 660 756 713 2
776 667 871 713 aut
898 667 958 713 ut
982 657 1156 728 magis
1183 666 1587 725 convertantur,
1633 665 1729 712 aut
1755 663 1815 711 ut

214 762 435 811 servent
466 751 562 806 ’ω
604 749 749 822 quod
796 749 1045 805 conversi
1077 756 1221 803 sunt.
1254 746 1357 813 Qui
1408 762 1539 803 vero
1585 747 1810 803 dicunt:

215 845 469 900 Converte
498 858 620 909 nos,
667 841 806 895 Deus
849 838 1023 910 (Psal.
1055 853 1278 902 uxxtv,
1308 837 1384 904 5),
1411 838 1525 909 jam
1550 837 1815 908 aliquate-

215 950 318 991 nus
354 935 607 990 conversi
633 940 789 998 sunt;
823 930 957 1001 quia
980 938 1187 984 rectam
1222 928 1553 985 voluntatem
1583 928 1805 997 habent,

215 1039 337 1081 cum
379 1025 568 1084 volent
609 1024 883 1090 converti;
931 1022 1029 1078 sed
1079 1028 1239 1076 orant
1275 1036 1373 1091 per
1403 1022 1507 1077 hoc
1551 1022 1643 1055 ³⁷³⁷
1671 1022 1814 1093 quod

214 1115 327 1183 iam
354 1116 693 1186 acceperint,
722 1125 796 1171 .ut
835 1122 1107 1186 augeatur
1143 1128 1333 1168 eorum
1377 1114 1663 1170 conversio
1694 1113 1811 1178 ‘7”,

216 1210 383 1262 sicut'
418 1206 493 1261 illi
545 1208 637 1276 qui
690 1204 997 1266 credentes,
1040 1204 1186 1276 Auge
1235 1204 1384 1258 nobis
1441 1204 1598 1273 ﬁdem
1657 1203 1809 1275 (Luc.

217 1317 353 1368 xvn,
382 1302 442 1371 5)
483 1301 758 1355 dixerunt.
796 1298 873 1354 Ac
916 1299 962 1354 si
1014 1298 1259 1354 dicerent
1287 1297 1361 1352 illi
1405 1306 1459 1354 et
1503 1297 1633 1353 isti:
1664 1298 1814 1370 Auge

219 1393 273 1446 in
297 1392 461 1447 nobis
501 1391 646 1461 quod
675 1390 902 1454 dedisti;
950 1387 1152 1458 perllce
1195 1388 1342 1459 quod
1371 1387 1608 1458 coepisti.
1656 1386 1813 1456 Quod

219 1479 286 1533 de
317 1480 403 1534 his
429 1476 668 1543 ostendi,
705 1476 978 1533 similibus
1022 1492 1240 1547 quoque
1270 1475 1675 1548 intelligendum
1706 1484 1809 1532 est.

221 1570 382 1625 Sicut
423 1570 593 1641 igitur
620 1577 768 1625 terra
795 1582 902 1624 non
951 1567 1221 1639 germinat
1250 1567 1575 1624 naturaliter
1601 1582 1664 1623 ea
1691 1582 1813 1638 qua)

220 1661 463 1717 maxime
491 1660 803 1717 necessaria
849 1668 976 1715 sunt
1019 1658 1180 1714 saluti
1222 1659 1466 1730 corporis
1497 1658 1667 1715 nostri
1694 1658 1812 1715 sine

220 1753 543 1819 seminibus,
568 1761 624 1808 et
646 1752 774 1809 licet
807 1751 957 1808 Deus
986 1766 1091 1807 non
1119 1752 1209 1807 det
1239 1752 1631 1808 incrementum
1662 1752 1812 1808 omni

222 1845 444 1911 semini,
468 1859 576 1901 non
606 1854 788 1900 tamen
821 1853 1040 1900 cessant
1067 1842 1317 1914 agricolae
1346 1844 1516 1899 nostri
1548 1844 1816 1900 seminare
1850 1822 1888 1881 Β

223 1936 277 1990 in
307 1951 407 2007 spe
450 1936 645 1992 messis
674 1934 1046 2006 aliquantulm;
1082 1934 1154 1989 ita
1184 1944 1325 1989 terra
1371 1934 1549 1990 cordis
1594 1933 1816 1988 humani

225 2039 332 2080 non
368 2026 578 2095 profert
615 2025 849 2081 fructum
899 2023 1020 2078 ﬁdei
1069 2032 1123 2079 ct
1158 2022 1378 2091 iustitia:
1410 2023 1528 2078 sine
1556 2023 1815 2094 congruis

222 2114 561 2171 seminibus:
609 2123 665 2169 et
692 2114 940 2185 quamvis
986 2114 1125 2169 Deus
1154 2128 1260 2168 non
1297 2111 1463 2168 faciat
1491 2121 1688 2167 cuncta
1719 2112 1818 2166 bu.

219 2204 460 2273 inemodi
491 2205 697 2260 semina
727 2204 1056 2276 germinare,
1087 2211 1265 2258 tamen
1296 2203 1543 2274 praecipit
1566 2201 1843 2272 agricolis

225 2295 340 2349 suis
383 2297 438 2349 in
480 2310 577 2364 spe
623 2294 1017 2348 instantissime
1057 2292 1280 2347 verbum
1316 2308 1473 2347 suum
1523 2293 1815 2347 seminare.

223 2384 600 2448 Ostendimus,
651 2393 711 2439 ut
758 2392 914 2452 puto,
962 2385 1237 2453 quomodo
1283 2398 1391 2437 non
1442 2383 1515 2437 sit
1563 2397 1821 2452 superva-

223 2491 457 2533 caneum
513 2475 758 2531 homines
805 2476 873 2530 ad
905 2475 1064 2530 iidem
1115 2474 1341 2539 Christi,
1386 2484 1441 2529 et
1468 2476 1534 2529 ad
1581 2490 1645 2530 ea
1701 2489 1821 2544 qua:

225 2567 363 2623 tides
395 2566 513 2622 haec
556 2566 722 2637 exigit
764 2566 858 2597 ³⁷³⁸
889 2566 1143 2632 invitare,
1180 2565 1434 2637 quamvis
1478 2580 1584 2620 non
1629 2580 1825 2626 omnes

228 2659 370 2713 hanc
394 2657 769 2713 invitationem
792 2656 1116 2728 suscipiant.

224 2768 359 2825 Car.
396 2769 650 2843 Vllg[al._
685 2769 869 2842 XVII].
927 2801 999 2811 —
1037 2760 1359 2843 Quodgjuste
1401 2781 1701 2840 arguantur
1728 2773 1822 2843 qui

302 2841 510 2894 inritati
532 2839 549 2842 ⁷
574 2839 953 2913 τεζιηςιηηιιινίΔ
996 2839 1232 2913 quamvis
1283 2843 1432 2912 sequi
1466 2839 1821 2897 invitationem

928 2906 937 2918 ο

304 2920 562 2979 nequeant
593 2910 788 2982 absque
814 2910 1010 2981 grat't'a.

304 3024 421 3078 Divi
452 3024 615 3079 etiam
643 3038 802 3094 posse
834 3023 1003 3093 qureri
1029 3038 1127 3080 cur
1155 3031 1455 3096 arguantur
1491 3024 1588 3059 ω’
1626 3024 1701 3080 illi
1730 3023 1821 3095 qui

229 3117 456 3171 verbum
480 3116 573 3170 Dei
598 3131 705 3170 non
727 3115 1047 3186 suscipiunt,
1071 3129 1193 3171 eum
1218 3117 1320 3171 hoc
1349 3116 1526 3173 facere
1550 3123 1823 3188 nequeant

232 3206 335 3260 nisi
371 3207 548 3277 gratia
593 3222 783 3277 eorum
821 3205 1130 3263 voluntates
1166 3207 1457 3277 diri-gente.
1502 3174 1819 3263 Dicit-enim
1849 3174 1894 3227 “

236 3296 389 3367 131
423 3296 689 3352 Dominus
714 3297 779 3351 de
809 3295 1019 3367 Spiritu
1059 3305 1248 3353 sancto
1279 3311 1296 3352 :
1330 3296 1431 3351 Ille
1459 3306 1642 3368 arguet
1667 3312 1825 3350 mun-

228 3387 355 3441 dum
379 3389 447 3441 de
474 3398 705 3455 peccato,
733 3388 857 3459 quia
881 3403 984 3443 non
1028 3388 1360 3443 crediderunt
1410 3389 1466 3441 in
1512 3404 1593 3442 me
1640 3386 1822 3458 (Joan.

238 3484 345 3540 1W.
369 3479 425 3547 3)
454 3478 569 3533 ’7“.
592 3479 672 3534 Ad
707 3480 849 3549 quod
869 3479 994 3534 licet
1024 3480 1246 3535 forsitan
1276 3478 1490 3541 difficile
1509 3480 1582 3535 sit
1608 3494 1826 3550 respon-

231 3570 392 3629 dere;
420 3568 567 3635 quod
606 3577 789 3623 tamen
820 3568 930 3623 Deo
978 3568 1140 3623 dante
1194 3582 1437 3637 possum,
1495 3580 1674 3624 tacere
1720 3583 1825 3622 non

230 3659 421 3715 debeo.
451 3657 757 3714 Notandum
781 3667 869 3715 est
897 3660 1024 3730 quia
1057 3660 1370 3730 impotentia
1397 3676 1517 3731 quae
1547 3662 1827 3717 descendit

228 3766 295 3803 ex
333 3750 492 3821 culpa
515 3766 622 3806 non
654 3760 881 3807 excusat
924 3752 1294 3821 impotentem,
1341 3752 1496 3823 culpa
1552 3762 1822 3809 manente.

236 3841 389 3895 Unde
413 3842 468 3896 in
494 3841 810 3907 infantibus,
845 3842 898 3897 in
925 3841 1121 3911 quibus
1151 3843 1320 3913 exigit
1362 3844 1505 3901 Deus
1544 3860 1574 3898 a
1635 3854 1828 3899 natura

232 3935 475 3987 bumana
522 3932 811 4002 justitiam,
842 3950 1007 4005 quam
1055 3939 1266 4007 accepit
1295 3937 1349 3992 in
1377 3938 1566 4007 primis
1588 3938 1827 4009 parenti-

231 4023 335 4078 bus
359 4038 484 4077 cum
508 4033 776 4092 potestate
804 4025 1055 4079 servandi
1088 4025 1236 4079 illam
1272 4026 1326 4081 in
1357 4042 1573 4081 omnem
1620 4028 1826 4099 prolem

229 4127 411 4175 suam,
440 4126 547 4166 non
570 4122 801 4168 excusat
851 4128 978 4169 eam
1028 4114 1343 4186 impotentia
1393 4117 1625 4172 habendi
1668 4117 1833 4186 justi-

232 4204 401 4267 tiam;
426 4205 684 4272 quoniam
712 4214 934 4276 propter
966 4205 1180 4276 culpam
1205 4208 1258 4261 in
1294 4209 1433 4263 hanc
1461 4209 1669 4264 corruit
1727 4210 1831 4264 im-

231 4296 533 4365 potentiam
566 4315 580 4350 :
612 4296 716 4351 hoc
742 4298 916 4366 ipsum
943 4310 1192 4367 namque,
1213 4298 1338 4369 quia
1363 4308 1467 4353 non
1494 4299 1658 4356 habet
1684 4298 1827 4370 quod

228 4400 334 4455 per
361 4400 421 4441 se
450 4401 728 4443 resumere
757 4388 962 4457 nequit,
988 4396 1072 4444 est
1092 4388 1167 4443 illi
1191 4388 1426 4445 habendi
1446 4389 1537 4422 "M
1562 4389 1828 4457 impoten-

232 4477 344 4543 tia;
384 4478 436 4531 in
469 4493 632 4548 qttam
663 4479 904 4535 ideo.am
933 4479 1154 4546 cecidit,
1186 4482 1312 4550 quia
1339 4490 1531 4551 sponte
1587 4481 1823 4538 deseruit

230 4570 381 4637 quod
414 4582 636 4624 servare
664 4570 856 4640 potuit.
884 4569 1149 4637 Quoniam
1178 4586 1308 4641 ergo
1349 4572 1621 4641 peccando
1667 4573 1819 4629 dese-

235 4660 346 4711 ruit
369 4656 657 4726 justitiam,
682 4659 747 4711 ad
776 4668 1054 4727 peccatum
1090 4659 1163 4714 illi
1216 4662 1508 4732 imputatur
1557 4663 1825 4733 impoten-

232 4750 335 4811 tia,
366 4762 527 4817 quam
557 4747 673 4817 ipsa
697 4749 969 4817 peccando
998 4749 1100 4803 sibi
1127 4749 1273 4804 fecit.
1307 4750 1416 4806 Nec
1444 4752 1615 4807 solum
1646 4754 1821 4822 impo-

233 4838 407 4895 tentia
436 4838 702 4908 justitiam
732 4838 988 4904 habendi,
1021 4841 1113 4894 sed
1143 4841 1306 4895 etiam
1334 4842 1646 4911 impotentia
1678 4843 1822 4897 illam

231 4928 593 5000 intelligendi,
620 4927 874 4986 similiter
901 4928 957 4985 in
991 4944 1099 4988 non
1124 4930 1415 5001 baptizatis
1439 4932 1734 5004 imputatur
1756 4932 1825 4987 ad

1873 3164 1893 3186 ,
1922 3112 2202 3168 voluntate
2245 3110 2594 3193 consentiunt

1919 579 2110 620 sumus
2138 564 2303 618 etiam
2356 560 2751 617 rationabiliter
2801 571 3050 613 asserere
3100 552 3227 622 quia
3275 546 3417 618 quod
3479 562 3508 600 a

1917 656 2092 725 prima
2128 655 2453 710 conditionis
2480 655 2731 709 humana:
2752 650 3037 720 dignitate,
3076 660 3140 701 ac
3168 638 3507 702 fortitudine,

1921 758 2086 818 atque
2110 746 2535 817 pulchritudine,
2562 744 2830 799 minorata
2855 749 2910 796 et
2954 746 3214 806 corrupta
3268 741 3374 796 est,
3434 725 3510 783 illi

1916 837 1983 893 ad
2016 837 2229 908 culpam
2259 838 2576 907 imputatur.
2616 835 2722 890 Per
2766 835 2870 889 hoc
2918 844 3149 900 namque
3196 821 3509 883 minoravit.

1916 936 2178 999 quantum
2203 928 2257 984 in
2278 928 2397 998 ipsa
2419 927 2539 994 fuit,
2563 926 2824 987 honorem
2873 934 2933 980 ct
2978 920 3192 978 laudem
3236 918 3332 975 Dei
3392 915 3502 964 '7“.

1915 1019 2129 1091 Quippe
2186 1018 2485 1076 secundum
2535 1018 2853 1090 dignitatem
2911 1013 3091 1085 operis
3164 1009 3416 1065 laudatur
3454 1011 3501 1057 οι

1918 1110 2251 1181 praedicatur
2300 1110 2569 1182 sapientia
2614 1108 2841 1164 artiﬁcis
2890 1106 3006 1161 ³⁷⁸⁸.
3065 1105 3277 1172 Quanto
3345 1096 3509 1168 igitur

1915 1211 2108 1263 natura
2144 1203 2382 1258 humana
2412 1202 2710 1273 pretiosum
2741 1214 2879 1271 opus
2909 1198 3024 1263 Dei,
3074 1195 3217 1252 unde
3255 1195 3369 1264 ipse
3393 1190 3507 1262 glo-

1915 1289 2205 1349 riﬁcandus
2241 1300 2376 1358 erat,
2402 1289 2456 1345 in
2483 1305 2544 1347 se
2570 1288 3043 1358 minoravitatque
3066 1282 3321 1345 loedavit;
3355 1286 3507 1334 tanto

1914 1400 2009 1441 sua
2033 1384 2190 1454 culpa
2225 1382 2397 1439 Deum
2423 1380 2806 1437 exhonoravit.
2836 1378 2991 1448 Quod
3049 1376 3125 1432 illi
3186 1375 3253 1430 ad
3299 1380 3508 1427 tantum

1914 1476 2170 1531 statuitur
2196 1480 2475 1545 peccatum
2498 1470 2617 1536 ³⁷⁸⁸,
2641 1479 2701 1526 ιιι
2733 1485 2839 1526 ιιοιι
2860 1458 3093 1539 nisipcr
3140 1472 3366 1520 mortem
3413 1459 3509 1515 Dei

1914 1567 2179 1623 deleatur.
2203 1564 2481 1637 Siquidem
2508 1564 2657 1636 ipsos
2678 1571 2879 1629 motus,
2912 1563 3029 1617 sive
3069 1558 3357 1630 appetitus,
3385 1554 3510 1622 qui-

1914 1658 2018 1714 bus
2042 1667 2265 1729 propter
2308 1664 2590 1727 peccatum
2638 1655 2791 1720 Adae,
2840 1654 2981 1709 sicut
3025 1652 3181 1708 bruta
3230 1644 3507 1711 animalia,

1915 1747 2258 1818 subjacemus
2281 1748 2440 1818 (quos
2464 1745 2755 1818 Apostolus
2776 1753 2935 1801 vocat
2963 1755 3186 1799 carnem
3231 1748 3286 1794 et
3313 1751 3511 1793 concu.

1919 1839 2235 1912 piscentia'm
2262 1838 2380 1904 '7",
2409 1853 2571 1909 quam
2599 1837 2825 1892 invitum
2844 1850 2906 1890 se
2928 1833 3161 1889 tolerare
3180 1828 3509 1892 manifestat,

1918 1948 2041 1987 cum
2066 1931 2195 1987 dicit
2228 1950 2240 1985 :
2265 1929 2418 1996 Quod
2446 1930 2535 1984 odi
2558 1928 2689 1982 illud
2717 1927 2857 1998 {acia
2881 1924 3067 1998 Iliam.
3092 1939 3190 1989 vn,
3221 1919 3330 1992 15],
3357 1919 3407 1973 id
3429 1925 3514 1973 est

1920 2023 2109 2079 nolens
2135 2023 2505 2093 concupisco),
2536 2021 2670 2077 satis
2719 2018 2958 2076 ostendit
3009 2031 3162 2074 sacra
3218 2012 3513 2069 auctoritas
3604 2006 3608 2010 Α

1920 2113 2262 2186 imputatiad
2290 2123 2591 2184 precatum.
2645 2112 2854 2181 Quippe
2907 2125 3030 2166 cum
3087 2109 3156 2164 de
3198 2105 3315 2162 solo
3368 2111 3512 2158 motu

1922 2205 2174 2271 ίΐιενεῖιιρ
2196 2220 2360 2276 Opere
2395 2205 2494 2237 ⁸⁷⁸⁸
2551 2203 2637 2258 vel
2685 2217 2836 2266 voce,
2888 2199 3020 2256 dicit
3074 2198 3373 2254 Dominus:
3408 2192 3516 2258 Qui

1919 2296 2167 2350 irascitur
2193 2296 2347 2365 fratri
2371 2312 2489 2362 suo,
2527 2310 2642 2349 reus
2672 2297 2769 2347 erit
2790 2290 2996 2362 judicio
3037 2288 3252 2361 (Matth.
3284 2302 3337 2352 v,
3367 2285 3460 2354 22)
3495 2301 3511 2339 :

1921 2396 2110 2457 aperte
2139 2396 2406 2443 monstrat
2439 2386 2652 2455 culpam
2684 2399 2791 2440 non
2818 2397 2941 2440 esse
2979 2382 3176 2445 levem,
3207 2393 3371 2450 quam
3403 2383 3516 2432 tam

1921 2478 2125 2546 gravis,
2151 2477 2359 2532 scilicet
2386 2475 2599 2540 mortis,
2622 2472 2870 2543 sequitur
2899 2470 3199 2527 damnatio.
3248 2470 3327 2523 Ac
3348 2466 3394 2523 si
3425 2466 3513 2522 di-

1923 2575 2049 2624 cat:
2079 2567 2179 2634 Qui
2213 2565 2530 2636 facit,quod
2575 2566 2742 2620 homo
2792 2578 2898 2618 non
2950 2560 3111 2617 debet
3167 2559 3368 2623 facere,
3415 2571 3516 2614 nec

1922 2659 2147 2721 faceret,
2187 2656 2232 2712 si
2259 2670 2364 2710 non
2392 2644 2702 2726 peccaSset;
2752 2652 2958 2708 auferri
2986 2650 3150 2706 debet
3179 2664 3247 2705 ex
3275 2646 3511 2703 homini-

1925 2750 2042 2805 bus.
2069 2748 2133 2802 Et
2161 2761 2283 2802 cum
2314 2745 2511 2801 Paulus
2542 2747 2609 2800 de
2638 2742 2741 2800 illis
2762 2742 2855 2815 qui
2875 2755 3115 2806 carnem,
3168 2740 3220 2794 id
3256 2746 3338 2796 est
3380 2751 3514 2794 con-

1922 2837 2303 2908 cupiscentias,
2333 2836 2575 2891 sentiunt
2600 2833 2863 2901 nolentes,
2890 2833 2969 2888 ait
2994 2850 3006 2886 :
3035 2831 3188 2886 Nihil
3214 2828 3517 2884 damnatio-

1923 2930 2004 2985 nis
2039 2939 2111 2984 est
2141 2928 2247 2995 Itis,
2277 2927 2366 2998 qui
2394 2935 2514 2982 sunt
2538 2926 2593 2980 in
2618 2924 2827 2981 Christo
2853 2922 3005 2990 Iesu,
3030 2922 3121 2992 qui
3175 2937 3279 2974 non
3328 2934 3517 2973 secun-

1922 3022 2048 3076 dum
2072 3037 2281 3075 carnem
2304 3016 2784 3103 ambulantiﬂom.
2827 3030 2948 3080 vnl,
2980 3015 3056 3083 l),
3110 3012 3214 3068 hoc
3262 3019 3365 3075 est,
3407 3023 3515 3065 non

2648 3124 2663 3161 :
2710 3107 2830 3162 sine
2879 3104 3043 3160 dubio
3096 3102 3371 3173 signiﬁcat
3422 3113 3518 3154 eos

1925 3204 2043 3270 3"“,
2066 3205 2156 3273 qui
2189 3218 2294 3257 non
2318 3202 2523 3257 suntin
2577 3200 2820 3264 Christo,
2876 3197 3028 3267 sequi
3090 3194 3518 3258 damnationem,

1924 3296 2142 3366 quoties
2164 3294 2407 3349 sentiunt
2429 3306 2672 3355 carnem,
2720 3290 2883 3345 etiam
2914 3288 2958 3343 si
2989 3302 3095 3343 non
3124 3285 3418 3342 secundum
3449 3283 3517 3338 il-

1926 3385 2033 3441 lam
2056 3384 2352 3441 ambulant.
2387 3381 2654 3450 Quouiam
2678 3380 2759 3434 sic
2790 3378 2963 3434 factos
2986 3387 3073 3433 est
3100 3376 3282 3444 homo,
3312 3384 3373 3430 ut
3392 3390 3515 3433 eam

1925 3476 2132 3532 sentire
2155 3476 2271 3542 ³⁷⁸⁸,
2304 3474 2445 3531 sicut
2469 3478 2533 3527 de
2572 3472 2649 3526 ira
2681 3470 2814 3535 dixi,
2851 3484 2959 3524 non
3012 3469 3255 3524 deberet.
3306 3465 3365 3522 Si
3394 3467 3520 3538 quis

1926 3570 2094 3641 igitur
2148 3584 2269 3640 quae
2305 3567 2418 3624 dixi
2465 3566 2752 3637 diligenter
2804 3563 3158 3629 considerat,
3208 3561 3519 3619 nullatenus

1928 3674 2045 3725 eos,
2080 3660 2170 3730 qui
2201 3668 2427 3731 propter
2451 3657 2664 3727 culpam
2688 3670 2841 3710 suam
2870 3654 3093 3711 verbum
3129 3653 3221 3711 Dei
3243 3654 3520 3726 suscipere

1927 3759 2221 3821 nequeunt,
2256 3758 2401 3806 recte
2427 3748 2731 3820 arguendos
2759 3746 2989 3803 dubitat.

1928 3864 2056 3920 CAP.
2095 3864 2205 3918 Vlll
2244 3861 2671 3934 [al.VXVlll].-_
2704 3859 2859 3934 Quod
2887 3860 3055 3934 omnis
3084 3859 3315 3934 culpae:
3337 3859 3518 3930 culpa-

1962 3934 2081 3987 bilis
2101 3929 2403 4002 impotentia
2428 3933 2480 3985 in
2505 3929 2700 3986 renatis
2728 3947 2821 4000 per
2842 3930 3153 3999 baptismum
3185 3929 3479 3983 deleantur.

2002 4026 2210 4094 Quibus
2238 4032 2419 4079 autem
2450 4030 2610 4078 datur
2633 4022 2808 4092 gratia
2836 4022 2958 4076 ﬁdei
2987 4020 3333 4086 Christianae,
3367 4021 3512 4076 sicut

1929 4115 2034 4171 iiiis
2064 4115 2118 4169 in
2155 4112 2425 4183 baptismo
2450 4111 2746 4166 dimittitur
2764 4108 3024 4180 orginalis
3066 4106 3347 4176 iniustitia,
3392 4125 3517 4164 cum

1926 4222 2031 4279 qua
2058 4214 2354 4263 nascuntur
2378 4222 2392 4259 :
2424 4204 2499 4260 ita
2524 4203 2702 4260 omnis
2724 4201 2880 4272 culpa
2911 4200 3242 4272 impotentia:
3270 4210 3326 4256 ct
3355 4201 3518 4256 totius

1926 4297 2310 4369 corruptionis,
2338 4311 2500 4365 quam
2529 4304 2751 4366 propter
2784 4303 3068 4364 peccatum
3094 4293 3251 4363 primi
3277 4293 3521 4362 parentis

1928 4394 2274 4449 incurrerunt
2329 4389 2448 4454 ’7“,
2511 4397 2566 4443 et
2612 4401 2711 4458 per
2749 4402 2915 4456 quam
2962 4386 3322 4442 inbonoratur
3352 4386 3515 4451 Deus,

1853 4515 1897 4570 ο
1927 4481 2240 4553 ignoscitur.
2267 4480 2342 4534 De
2365 4477 2511 4533 nulla
2548 4490 2782 4570 namque
2808 4474 2986 4545 culpa,
3030 4490 3151 4544 qua:
3181 4483 3307 4529 ante
3342 4475 3519 4545 bapti-

1919 4589 2095 4630 smum
2119 4573 2174 4627 in
2196 4570 2302 4627 illis
2322 4578 2457 4636 erat,
2485 4577 2606 4639 post
2624 4567 2949 4636 baptismum
2974 4572 3301 4636 arguuntur;
3327 4580 3517 4635 quam-

1922 4664 2004 4719 vis
2029 4664 2145 4734 ipsa
2170 4658 2449 4729 corruptio
2476 4668 2532 4713 et
2566 4656 2856 4727 appetitus,
2880 4668 3000 4725 qua:
3027 4662 3155 4710 sunt
3201 4669 3359 4724 paena
3386 4670 3514 4723 pec-

1922 4753 2053 4819 cati,
2082 4768 2189 4807 non
2226 4752 2409 4808 statim
2441 4750 2497 4804 in
2546 4748 2815 4818 baptismo
2862 4746 3146 4803 deleantur
3176 4764 3189 4800 :
3218 4762 3316 4802 nec
3346 4747 3512 4801 ullum

1928 4843 2036 4898 illis
2066 4842 2402 4910 imputantur
2431 4838 2687 4893 delictum
2720 4845 2842 4907 post
2865 4836 3215 4906 baptismum,
3244 4834 3344 4888 nisi
3368 4834 3512 4901 quod

1927 4949 2023 4988 sua
2058 4933 2331 4989 voluntate
2359 4930 2605 4987 fecerint.
2637 4928 2797 4985 Unde
2818 4932 3041 4999 apparet
3061 4925 3190 4997 quia
3211 4925 3510 4993 corruptio,

1526 5087 1763 5145 YAlllrE
1805 5085 2211 5144 LECTIONES.

293 5194 530 5270 f’fﬁut
556 5206 776 5253 servent
802 5214 927 5253 mss.
964 5196 1101 5253 Vict.
1155 5209 1202 5254 et
1235 5199 1425 5255 Cistcr.
1458 5209 1550 5254 aut
1574 5209 1638 5254 ιιι·
1655 5210 1875 5256 servent
1947 5200 2039 5232 ³⁷³⁷
2069 5199 2261 5270 Orant
2297 5196 2897 5270 profltogmanuscript.
2936 5192 3081 5270 Vict1
3096 5200 3256 5270 orant
3282 5208 3378 5261 per
3410 5192 3512 5270 hoc

491 5277 767 5341 augeatur
823 5270 1108 5324 conversio
1176 5286 1301 5324 mss.
1351 5278 1409 5324 ut
1467 5279 1733 5341 augeatur,
1781 5286 1968 5341 eorum
2017 5260 2317 5325 conversio'
2368 5267 2471 5341 _"”
2512 5265 2673 5321 Fides
2702 5260 2871 5333 exigit
2900 5263 3184 5341 {psalmos
3207 5260 3322 5341 btet:
3336 5260 3514 5341 exigit

232 5335 356 5410 ξτδον
387 5334 505 5389 Dixi
557 5330 721 5410 Etiam
779 5348 935 5410 post:
972 5354 1143 5409 quare
1184 5349 1485 5410 arguantur
1521 5330 1645 5395 mss.
1679 5340 1796 5394 Dixi
1823 5341 1989 5395 etiam
2025 5353 2193 5410 posse
2212 5336 2388 5410 quaeri
2406 5352 2503 5392 cur
2531 5330 2846 5410 arguantur.
2886 5332 2989 5410 _"‘_‘
3022 5330 3137 5410 Non
3164 5330 3515 5410 crediderunt

235 5405 295 5458 in
336 5419 425 5460 me
446 5421 571 5460 mss.
609 5405 746 5463 Vict.
777 5401 825 5462 et
851 5401 1040 5465 οἰκεῖ’.
1075 5424 1181 5464 non
1215 5401 1445 5465 credunt
1475 5411 1528 5465 in
1556 5426 1641 5466 me
1715 5410 1808 5442 ’7“
1831 5410 1943 5465 Hoc
1966 5401 2049 5465 est
2078 5408 2152 5463 illi
2183 5401 2484 5461 habendum
2516 5401 2641 5458 mss.
2668 5412 2751 5457 est
2773 5401 2847 5456 illi
2886 5401 3116 5456 habendi

3194 5400 3288 5432 ’7“
3316 5401 3371 5455 In
3401 5415 3510 5469 qua

235 5475 519 5552 idenm“.
548 5476 804 5552 _qn_am
831 5479 954 5552 ideo
1029 5479 1144 5527 ³⁷⁸⁸.
1173 5479 1407 5535 Laudem
1449 5480 1559 5535 Deo
1596 5497 1732 5552 mss.
1790 5479 2002 5533 laudem
2035 5477 2299 5552 Dei)“:
2346 5474 2618 5552 sapientia
2664 5471 2881 5552 opificis.
2898 5487 3023 5524 mss.
3064 5469 3197 5524 Vict.
3244 5470 3509 5552 sapientia

236 5544 473 5619 artiﬁcis
547 5543 904 5619 “(Statuit
934 5558 1214 5617 peccatum
1268 5567 1391 5603 mss.
1445 5550 1700 5604 statuitur
1748 5559 2026 5619 peccatum
2104 5545 2455 5619 ’"f’icarnis
2484 5543 2996 5619 concttpisccntiant_
3023 5558 3159 5619 nisa.
3187 5554 3407 5619 carnem
3457 5550 3512 5592 et

235 5615 739 5699 fgncn‘piscentiam
815 5617 908 5699 ’1"
937 5609 1033 5673 ira:
1062 5620 1176 5673 sive
1208 5632 1370 5689 opere
1415 5636 1540 5699 mss.
1594 5620 1686 5674 ira:
1713 5609 1836 5699 sine
1855 5634 2017 5699 opere
2093 5618 2192 5699 ³⁷⁸9.
2217 5615 2391 5697 Dubio
2414 5613 2590 5683 signat
2616 5609 2708 5667 eas
2746 5628 2873 5665 mss.
2908 5609 3071 5693 dubio
3117 5610 3385 5692 signiﬁcat
3414 5624 3509 5663 eos

237 5684 339 5715 ³³⁸⁸
382 5681 452 5741 Ut
502 5687 667 5742 etiam
718 5688 920 5745 sentire
951 5704 1075 5744 mss.
1128 5697 1186 5743 ut
1229 5681 1348 5744 éam
1400 5689 1603 5746 sentire
1678 5690 1767 5722 ⁸⁷⁸¹
1820 5681 1988 5744 l‘riuti
2052 5685 2284 5743 hominis
2338 5681 2677 5740 incurrerent
2710 5699 2832 5738 mss.
2864 5681 3020 5751 primi
3051 5681 3293 5751 parentis
3323 5681 3509 5734 lllCllf-

241 5768 438 5811 ιὐιίωι
