4076 6288
299 358 402 416 533

1142 355 1245 413 DE
1264 346 1615 417 CONCOBD.
1654 353 1923 410 ruisse.
1965 352 2074 408 DEI
2112 352 2255 410 CUM
2296 352 2425 408 LIB.
2457 351 2732 407 ARBITR.

3363 366 3370 373 '
3448 356 3555 412 551»

298 485 416 545 pter
444 470 742 543 perfectam
780 469 1232 536 satisfactionem,
1259 472 1400 526 sicut
1424 471 1575 542 prius
1606 478 1870 526 statutum
1900 467 1945 524 Α
1972 468 2109 538 quit,
2134 467 2404 523 deserere.
2433 465 2586 532 Quod
2613 451 2765 520 certe
2821 479 2926 520 non
2964 465 3092 521 facit
3129 466 3416 537 deﬁciente
3464 486 3557 539 po-

296 564 492 631 tuerat,
523 565 645 620 sine
666 562 812 618 omni
867 562 1243 618 immutatione
1286 556 1608 621 traduntur.
1666 558 1872 629 Quippe

294 656 341 713 si
368 663 497 710 ante
525 652 1025 709 reconciliationem
1054 652 1431 707 exlueredatns
1457 658 1602 706 esset
1648 650 1753 705 illis
1777 649 1873 705 ho-

294 749 537 814 noribus,
562 747 1015 817 quemadmodum
1038 746 1462 819 ethredandus
1489 757 1609 803 erat
1636 746 1729 778 ³⁷⁸³
1752 753 1874 815 post

291 839 504 907 culpam
540 836 1077 907 irrecnperabiliter,
1131 836 1175 915 si
1225 852 1328 891 non
1388 837 1871 902 reconciliaretur;

293 942 398 983 non
428 926 659 981 traheret
688 926 865 981 locum
923 924 1276 981 subveniendi
1331 925 1436 979 ulla
1488 926 1870 981 reconciliatio.

295 1017 398 1070 Sed
430 1014 692 1085 quoniam
718 1031 823 1070 non
853 1016 1031 1086 potuit
1055 1017 1389 1071 exlneredari
1425 1017 1649 1081 honore,
1711 1032 1872 1088 queat

291 1106 530 1162 nondum
561 1106 816 1171 habebat,
840 1122 937 1162 nec
961 1106 1161 1163 habere
1186 1107 1416 1163 debebat
1445 1107 1561 1172 “,7”,
1592 1109 1731 1163 hanc
1781 1122 1876 1162 ex-

292 1186 714 1244 hmredationem
740 1190 1039 1260 prazvenire
1072 1200 1249 1261 potest
1276 1192 1656 1253 reconciliatio.
1677 1201 1730 1246 et
1754 1208 1873 1248 eam

290 1290 561 1335 avertere.
594 1280 652 1335 Si
688 1290 864 1336 tamen
893 1297 1083 1338 servus
1108 1282 1219 1349 ille,
1243 1282 1367 1337 dum
1398 1282 1546 1352 jacet
1571 1284 1626 1338 in
1650 1268 1873 1356 mgrittt;

291 1372 416 1427 dine
438 1374 799 1442 vapulationis
835 1374 1008 1432 donec
1040 1375 1153 1447 ipsa
1179 1387 1444 1442 transeat,
1494 1380 1658 1435 corde
1687 1390 1740 1435 et
1780 1395 1875 1435 ore

293 1467 514 1522 domino
574 1482 672 1525 suo
726 1467 1040 1524 fidelitatem
1085 1478 1138 1525 et
1190 1472 1582 1528 correctionem
1636 1483 1793 1528 vovet
1822 1484 1878 1529 et

290 1559 451 1615 solvit
485 1577 498 1613 :
527 1560 602 1615 ita
649 1569 732 1616 est
787 1561 929 1637 inter
969 1561 1137 1617 Deum
1213 1572 1267 1618 et
1320 1563 1615 1620 hominem.
1669 1564 1876 1636 Quippe

290 1650 506 1717 quando
528 1652 758 1706 humana
788 1662 979 1715 natura
1012 1654 1246 1724 primum
1275 1656 1540 1725 peccavit,
1584 1657 1685 1712 hac
1717 1671 1873 1727 poena

291 1736 557 1809 llagellata
588 1749 693 1804 est,
725 1751 783 1796 ut
825 1758 1098 1811 nunquam
1148 1743 1353 1813 prolem
1406 1744 1723 1801 naturaliter
1773 1746 1872 1821 nisi

1976 566 2166 613 testate
2191 559 2438 631 servandi
2462 557 2704 613 camdetn
2730 556 3126 623 rectitudinem,
3177 573 3297 627 quze
3319 567 3558 628 potestas
3600 577 3609 585 ο

1973 656 2058 703 est
2083 648 2194 718 ipsa
2227 648 2454 703 libertas
2504 646 2711 702 arbitrii
2748 663 2760 698 :
2800 647 2895 699 sed
2943 648 3227 703 deﬁciente
3286 648 3559 703 voluntate

1975 737 2246 800 servandi,
2283 748 2402 804 qua:
2427 752 2523 814 per
2546 752 2605 791 se
2640 749 2744 788 non
2779 734 2992 800 deﬁcit,
3018 740 3109 792 sed
3144 738 3248 791 alia
3283 729 3579 791 voluntate

1976 827 2142 891 illam,
2170 836 2231 881 ut
2252 828 2382 907 dixi,
2404 828 2721 902 expellente.

1974 941 2106 998 CAP.
2136 941 2206 996 XI
2245 940 2357 1014 [uls
2383 941 2552 1014 XXI].
2586 941 2786 1008 -—Quo
2815 958 2967 997 sensu
2994 942 3058 1014 in
3080 943 3288 997 homine
3306 945 3458 1014 justo
3481 942 3558 997 vel

2280 1013 2476 1082 injusto
2497 1013 2564 1067 sit
2592 1014 2832 1067 t-oluntas
2861 1024 2993 1066 recte
3016 1013 3235 1067 vivendi.
3310 1013 3335 1065 ᾗ

2050 1104 2315 1173 Quoniam
2345 1114 2525 1159 autem
2565 1104 2669 1159 ista
2721 1102 3087 1159 consideratio
3118 1104 3352 1159 maxime
3377 1119 3558 1159 versa-

1979 1206 2066 1269 tur
2086 1198 2244 1252 ³⁷⁸²ἰιι
2270 1196 2563 1262 voluntate,
2585 1195 2785 1268 aliquid
2806 1195 2967 1250 altius
2988 1196 3054 1250 de
3072 1195 3366 1261 voluntate,
3384 1197 3550 1267 quod,
3610 1213 3617 1218 ·

1977 1300 2035 1345 ιιι
2060 1299 2209 1360 puto,
2232 1290 2465 1353 non_erit
2496 1290 2705 1356 inutile,
2759 1288 3044 1345 dicendum
3074 1289 3352 1355 existimo.
3393 1289 3549 1344 Sicut

1978 1380 2239 1435 habemus
2264 1379 2356 1411 "3’
2385 1378 2437 1434 in
2467 1394 2696 1449 corpore
2720 1380 2987 1445 membra,
3009 1387 3061 1433 et
3086 1378 3322 1447 quinque
3345 1393 3556 1443 sensus,

1976 1470 2187 1542 singula
2218 1469 2285 1524 ad
2313 1486 2439 1526 suos
2470 1486 2600 1527 usus
2623 1478 2770 1540 apta,
2812 1469 3008 1540 quibus
3051 1469 3204 1538 quasi
3235 1468 3561 1524 instrumen-

1979 1566 2048 1618 tis
2078 1563 2311 1627 utimur;
2345 1571 2406 1618 ut
2425 1571 2551 1617 sunt
2580 1577 2773 1617 manus
2822 1570 2959 1631 aptat!
2988 1560 3054 1623 ad
3087 1560 3432 1631 capiendum,
3468 1576 3560 1630 pe—

1977 1654 2072 1710 des
2097 1654 2165 1709 ad
2190 1653 2595 1723 ambulandum,
2625 1653 2807 1723 lingua
2838 1653 2905 1707 ad
2930 1651 3284 1722 loquendum,
3316 1651 3462 1708 visus
3490 1652 3560 1708 ad

1983 1743 2272 1800 videndum
2303 1761 2318 1798 :
2352 1744 2425 1798 ita
2450 1752 2505 1798 et
2538 1744 2719 1798 anima
2749 1742 2909 1799 habet
2940 1742 2990 1796 in
3017 1756 3075 1796 se
3106 1743 3371 1811 quasdam
3396 1743 3555 1806 vires,

293 1828 478 1899 talem,
502 1832 688 1901 quales
716 1832 960 1888 videmus
986 1833 1078 1865 ³⁷⁷³
1111 1832 1341 1889 infantes
1371 1836 1539 1913 nasci,
1569 1814 1873 1906 generaret;
1911 1805 1952 1863 Β
1980 1835 2174 1904 quibus
2197 1835 2365 1890 utitur
2394 1834 2537 1889 velut
2574 1834 2946 1889 instrumentis
2991 1834 3058 1888 ad
3097 1850 3228 1889 usus
3261 1850 3553 1905 congruos.

289 1937 354 1977 ac
380 1930 504 1991 post
527 1921 666 1977 hanc
698 1922 861 1977 vitam
892 1923 944 1977 in
968 1923 1199 1985 inferno.
1228 1940 1258 1978 a
1283 1940 1446 1996 regno
1472 1925 1586 1999 Dei,
1641 1926 1707 1981 ad
1735 1928 1875 1996 quod

292 2012 433 2067 facta
455 2020 598 2079 erat,
634 2013 1029 2083 inperpetuum
1057 2013 1356 2079 exsularct,
1407 2015 1509 2070 nisi
1561 2015 1758 2086 aliquis
1810 2015 1874 2069 il—

292 2102 417 2166 lam,
450 2105 596 2173 quod
623 2105 737 2174 ipsa
766 2105 878 2161 sola
911 2120 1010 2175 per
1036 2120 1095 2161 se
1121 2104 1300 2161 facere
1349 2122 1455 2162 non
1506 2117 1738 2178 poterat,
1792 2123 1878 2164 re-

290 2195 625 2250 conciliaret.
657 2197 700 2250 A
726 2211 832 2266 quo
856 2206 1034 2252 autem
1063 2198 1400 2254 reconciliari
1456 2209 1638 2269 queat,
1671 2216 1774 2256 non
1795 2210 1880 2273 est

294 2286 391 2340 nisi
416 2285 687 2342 Christus.
725 2288 779 2343 In
811 2290 1061 2365 omnibus
1098 2290 1263 2360 igitur
1292 2288 1589 2346 infantibus
1619 2293 1878 2347 naturali-

290 2386 373 2433 ter
401 2379 621 2448 genitis,
653 2394 773 2434 cum
811 2389 1053 2450 peccato,
1078 2390 1134 2436 et
1161 2380 1427 2451 ﬂagellata
1470 2382 1568 2414 ⁸⁷⁷⁸
1591 2384 1832 2439 nascitur
1857 2402 1873 2439 :

290 2482 410 2536 quae
436 2482 561 2523 cum
589 2468 653 2521 ad
679 2484 855 2523 I‘CCOI'N
873 2468 1171 2526 iliationcm
1218 2469 1428 2526 accedit
1452 2470 1565 2536 ³⁷⁷³,
1584 2465 1878 2541 ’Πειθθυιιιίο

291 2564 490 2618 merito
514 2571 780 2628 remanet,
808 2580 968 2634 quam
1000 2574 1127 2620 ante
1169 2564 1660 2620 reconciliationem
1689 2579 1878 2621 susce-

290 2656 388 2724 pit.
423 2656 556 2723 Quaa
578 2664 758 2728 autem
787 2656 840 2710 in
879 2657 932 2711 in
961 2656 1172 2713 inferno
1199 2648 1466 2729 tormenta
1486 2670 1707 2726 passura
1735 2664 1873 2720 erat.

292 2744 346 2799 in
378 2745 483 2800 illis
510 2762 646 2817 quos
682 2746 929 2802 Christus
950 2748 1198 2821 redemit,
1220 2748 1600 2813 remittuntur;
1634 2756 1689 2803 et
1714 2762 1878 2819 regno

291 2835 415 2903 Dei,
441 2838 584 2906 quod
607 2847 731 2906 post
756 2839 1224 2894 conversationem
1251 2828 1490 2909 paradisi
1540 2838 1637 2871 ³⁷⁷⁸
1677 2840 1877 2894 terreni

290 2940 392 2983 suo
424 2937 668 2998 tempore
694 2927 789 2961 ³⁷⁷⁸
822 2937 1108 2998 acceptura
1143 2936 1280 2990 erat,
1316 2929 1548 2984 donatur
1577 2946 1593 2983 :
1620 2929 1664 2984 si
1697 2936 1876 2984 tamen

291 3016 345 3071 in
369 3019 498 3084 ﬁde,
527 3035 688 3088 quant
719 3021 1041 3090 promittant
1068 3021 1124 3076 in
1171 3020 1463 3092 baptismo,
1522 3034 1709 3094 usque
1735 3022 1788 3077 in
1816 3021 1876 3077 ﬁ-

289 3121 414 3162 nem
448 3121 818 3178 perseverent.

286 3219 495 3297 Ca_t>.-X
537 3222 644 3297 [al._
683 3223 1089 3297 {Olim—Quod
1112 3228 1157 3279 si
1196 3227 1285 3294 qui
1317 3227 1534 3297 nitentes
1556 3295 1564 3297 Α
1587 3243 1688 3280 non
1712 3227 1875 3297 proﬁ-

322 3291 473 3363 ciunt
493 3291 585 3345 aut
609 3291 876 3362 deﬁciunt,
904 3296 999 3348 hoc
1022 3312 1124 3348 non
1168 3291 1233 3349 ea:
1260 3295 1522 3364 impossibi
1546 3295 1672 3349 i.’ate
1712 3291 1838 3365 ’[ἱαὶ.

361 3380 518 3448 Quod
548 3392 728 3438 autem
754 3384 974 3454 quidam
1006 3386 1380 3455 experimento
1413 3385 1724 3440 existimant
1751 3401 1875 3456 pro-

287 3469 410 3525 bari
436 3471 534 3503 ’⁷⁷⁸
561 3473 693 3527 nihil
721 3474 902 3529 valere
930 3474 1158 3533 liberum
1187 3476 1494 3543 arbitrium,
1548 3476 1672 3546 quia
1722 3476 1873 3530 multi

289 3560 556 3618 immenso
575 3572 770 3618 conatu
800 3565 1045 3621 nituntur
1064 3575 1120 3620 ιιι
1143 3567 1281 3622 bene
1311 3567 1514 3632 vivant,
1537 3576 1591 3623 et
1614 3567 1870 3636 quadam.

290 3658 349 3703 ut
391 3651 565 3717 aiunt,
618 3643 1048 3723 impossibilitate
1103 3656 1370 3721 obstante,
1408 3656 1543 3711 nihil
1588 3656 1876 3727 proﬁciunt

289 3739 554 3806 ”",aut
602 3751 726 3811 post
785 3743 1083 3813 profectum
1136 3747 1559 3817 irreparabiliter
1616 3746 1874 3801 deﬁciunt

286 3828 389 3861 ³⁷⁷⁸
420 3847 436 3883 :
464 3846 569 3885 non
592 3832 821 3889 destruit
842 3836 984 3904 quod
1011 3837 1107 3871 ⁸⁷⁷⁹
1160 3838 1553 3893 rationabiliter
1604 3845 1872 3892 monstra-

285 3928 406 3976 ιιιιιι
436 3929 541 3989 est,
568 3922 798 3985 liberum
823 3926 1030 3981 scilicet
1067 3926 1349 3991 arbitrium
1398 3943 1519 3982 cum
1563 3927 1736 3997 gratia
1781 3943 1872 3981 va-

283 4009 425 4065 lere.
468 4011 537 4068 Ut
562 4023 741 4069 autem
780 4015 1012 4095 nitentes
1062 4032 1165 4073 non
1216 4017 1539 4088 proﬁciant,
1588 4026 1695 4088 aut
1756 4028 1875 4087 post

284 4103 593 4172 protectum
623 4106 909 4173 deﬁciant;
966 4124 1071 4162 non
1112 4108 1566 4178 impossibilitate,
1623 4113 1718 4169 sed
1768 4113 1871 4167 ali-

280 4194 509 4262 quando
534 4196 710 4265 gravi,
738 4197 1029 4266 aliquando
1058 4198 1219 4254 facile
1243 4202 1534 4270 superabili
1557 4203 1873 4259 difﬁcultate

286 4282 412 4338 ﬁeri
439 4284 711 4340 existimo.
762 4287 1068 4359 Smpissime
1117 4306 1349 4361 namque
1374 4307 1618 4348 asserere
1641 4294 1874 4351 solemus

285 4372 626 4443 impossibile
650 4377 805 4433 nobis
829 4393 971 4449 esse,
999 4381 1143 4451 quod
1189 4382 1305 4438 sine
1349 4382 1666 4440 difﬁcultate
1714 4384 1875 4454 perﬁ-

1979 1927 2073 1982 Est
2097 1943 2329 1997 namque
2355 1928 2495 1981 ratio
2541 1926 2592 1980 in
2622 1925 2826 1991 anima,
2888 1941 2991 1995 qua
3022 1926 3163 1980 sicut
3214 1941 3312 1980 suo
3358 1926 3557 1979 instru—

1982 2026 2166 2073 mento
2195 2017 2365 2071 utitur
2401 2017 2466 2072 ad
2524 2000 3085 2081 ratiocinandumizet
3138 2013 3404 2077 voluntas,
3451 2029 3557 2083 qua

1979 2109 2148 2163 utitur
2175 2107 2242 2161 ad
2270 2106 2577 2175 volentium.
2609 2104 2724 2161 Non
2750 2106 2894 2160 enim
2925 2113 3005 2159 est
3038 2105 3174 2158 ratio
3199 2104 3280 2158 vel
3309 2103 3559 2157 voluntas

1978 2199 2446 2273 Luﬁmnima;
2475 2197 2566 2253 sed
2586 2206 2671 2253 est
2686 2211 3034 2273 mqumque
3064 2196 3263 2273 aliquid
3291 2196 3342 2249 in
3359 2195 3502 2249 anim
3523 2215 3554 2249 ν.

1978 2289 2247 2357 Quoniam
2279 2303 2408 2359 ergo
2458 2259 3062 2358 singula
3109 2268 3324 2349 habent
3362 2291 3418 2338 et
3456 2283 3561 2337 hoc

1978 2380 2125 2450 quod
2152 2388 2278 2433 sunt
2300 2388 2354 2433 et
2386 2378 2719 2448 aptitndines
2749 2392 2897 2444 suas,
2924 2386 2978 2431 et
3004 2391 3131 2431 suos
3156 2392 3286 2431 usus
3314 2393 3325 2429 :
3354 2375 3557 2429 discer~

1978 2488 2171 2526 namus
2202 2473 2256 2526 in
2284 2473 2560 2528 voluntate
2590 2469 2831 2539 (propter
2851 2484 3010 2538 quatn
3035 2469 3135 2524 ista
3180 2466 3431 2535 dicimus)
3480 2467 3559 2520 in-

1978 2571 2356 2627 strumentum,
2380 2570 2434 2616 et
2463 2559 2792 2630 aptitudines
2815 2557 2953 2626 ejus,
2985 2568 3039 2614 et
3069 2574 3222 2614 usum
3253 2559 3370 2628 ejus
3393 2576 3404 2610 :
3427 2574 3562 2628 quas

1979 2651 2304 2721 aptitudines
2328 2651 2381 2705 in
2406 2648 2992 2719 voluntateipossumns
3016 2648 3298 2705 nominare
3315 2648 3562 2711 alIectio-

1978 2758 2096 2798 nes.
2137 2743 2400 2798 All'ectum
2439 2743 2636 2821 quippe
2659 2742 2752 2774 ⁸⁷⁸³
2776 2750 2861 2797 est
2892 2742 3311 2805 instrumentum
3346 2739 3558 2796 volendi

1978 2835 2366 2905 aptitudinibus
2394 2835 2525 2890 suis.
2547 2833 2698 2890 Unde
2724 2834 2923 2889 dicitur
2952 2833 3185 2889 hominis
3214 2834 3413 2898 anima,
3435 2848 3558 2887 cum

1976 2929 2323 2983 vehementer
2341 2926 2455 2982 vult
2485 2924 2709 2997 aliquid,
2738 2925 2928 2981 all'ecta
2974 2939 3108 2997 esse
3144 2924 3209 2979 ad
3240 2924 3333 2957 ³⁷⁸⁸
3378 2924 3559 2979 volen-

1978 3020 2104 3074 dum
2135 3018 2284 3084 illttd,
2310 3017 2392 3074 vel
2421 3017 2713 3073 all‘ectuose
2764 3017 2901 3073 velle
2927 3017 3071 3086 ³⁷⁸⁷.(
3089 3017 3347 3072 Voluntas
3379 3017 3559 3086 itaque
3616 3028 3617 3031 ‘

1901 3138 1948 3200 ρ
1980 3110 2073 3141 ³⁷⁸⁸
2100 3109 2205 3165 dici
2235 3108 2447 3163 videtur
2465 3108 2740 3178 aequivoce
2766 3106 3068 3176 tripliciter.
3119 3107 3276 3161 Aliud
3303 3106 3444 3161 enim
3475 3115 3561 3159 est

1976 3202 2395 3257 instrumentum
2428 3199 2665 3264 volendi,
2718 3197 2862 3252 aliud
2911 3197 3128 3253 al'l‘ectio
3165 3196 3508 3252 instrumenti
3537 3236 3555 3259 ,

1978 3289 2123 3344 aliud
2156 3303 2285 3343 usus
2324 3287 2417 3318 ³⁷⁸⁸
2450 3286 2689 3355 ejusdem
2722 3287 3090 3341 instrumenti.
3133 3285 3553 3353 Instrumentmn

1975 3377 2184 3433 volendi
2212 3386 2297 3431 est
2331 3375 2410 3431 vis
2440 3374 2528 3429 illa
2548 3374 2760 3437 animm,
2795 3390 2899 3444 qua
2933 3375 3135 3429 utimur
3157 3374 3223 3428 ad
3248 3374 3553 3429 volendum:

1975 3469 2133 3526 sicuti
2171 3478 2255 3526 est
2294 3468 2431 3524 ratio
2455 3467 2873 3523 instrumentum
2914 3466 3269 3521 ratiocinandi
3319 3482 3424 3537 quo
3450 3467 3554 3519 uti-

1977 3577 2097 3617 tnur
2121 3576 2242 3616 cum
2276 3560 2367 3592 ’7”
2397 3558 2812 3623 ratiocinamur;
2856 3568 2912 3613 et
2960 3557 3106 3612 visus
3139 3558 3555 3611 instrumentum

1977 3653 2211 3720 videndi,
2240 3668 2347 3724 quo
2374 3655 2578 3710 utimur
2602 3669 2723 3708 cum
2753 3654 3017 3708 videmus.
3045 3651 3270 3709 All'cctio
3293 3649 3450 3720 hujus
3479 3652 3557 3705 in-

1975 3745 2257 3799 strumenti
2285 3753 2392 3812 est,
2418 3761 2525 3816 qua
2553 3745 2633 3800 sic
2663 3742 2895 3800 allicitur
2920 3746 3097 3814 ipsum
3131 3744 3548 3799 instrumentum

1977 3834 2042 3889 ad
2075 3835 2360 3891 volendum
2389 3836 2611 3906 aliquid,
2634 3836 2800 3890 etiam
2831 3835 3048 3905 quando
3094 3834 3219 3888 illud
3250 3834 3393 3902 quod
3442 3833 3583 3896 vnlt't
3670 3842 3675 3875 ε
3706 3870 3735 3887 ,μ
3854 3864 3871 3917 ι

1977 3944 2080 3981 non
2101 3927 2304 3997 cogitat
2331 3945 2345 3981 :
2372 3937 2428 3982 ut
2456 3930 2501 3983 si
2527 3927 2738 4003 venerit
2762 3927 2814 3980 in
2842 3925 3189 3989 memoriam;
3221 3932 3315 3977 aut
3341 3922 3549 3989 statim,

1976 4029 2071 4075 aut
2096 4034 2195 4074 suo
2230 4027 2470 4089 tempore
2499 4018 2625 4074 illud
2651 4019 2797 4073 velit.
2837 4016 2970 4072 Nam
3000 4018 3078 4071 sic
3108 4026 3191 4070 est
3218 4014 3543 4068 iltslt‘lltltctt-

1978 4119 2087 4164 tum
2122 4110 2330 4165 volendi
2373 4108 2623 4164 allectum
2663 4104 2730 4181 ad
2764 4108 3047 4164 volendum
3086 4106 3335 4170 salutem,
3387 4106 3552 4160 etiam

1975 4201 2190 4269 quando
2219 4199 2363 4255 illam
2395 4214 2496 4253 non
2534 4199 2765 4269 cogitat;
2799 4206 2858 4253 ut
2885 4213 3028 4263 mox,
3068 4212 3189 4251 cmn
3228 4195 3319 4261 V?‘
3343 4194 3554 4252 venerit

1976 4293 2029 4346 in
2061 4291 2399 4357 memoriam,
2429 4290 2610 4345 statim
2640 4303 2760 4343 eam
2802 4288 2925 4344 velit
2961 4306 2973 4341 :
3002 4297 3056 4343 et
3078 4288 3157 4344 sic
3186 4296 3271 4343 est
3294 4285 3555 4363 allectum,

1975 4380 2043 4435 ad
2077 4380 2357 4435 volendum
2389 4395 2660 4446 sommnn,
2698 4378 2861 4435 etiam
2888 4379 3104 4449 quando
3131 4377 3278 4445 illum
3304 4393 3416 4443 non
3455 4392 3549 4432 cu-

282 4477 418 4517 ei-re
443 4478 549 4518 non
577 4466 836 4523 valemus.
881 4470 938 4525 Si
980 4472 1125 4526 enim
1165 4473 1449 4544 diligenter
1500 4476 1871 4546 unusquisque
1903 4460 1946 4524 Ῑ)
1969 4471 2134 4542 gitat;
2162 4482 2219 4527 ut
2242 4487 2365 4527 cum
2396 4472 2541 4527 venit
2578 4472 2914 4539 intuentem,
2949 4468 3074 4523 velit
3106 4467 3375 4545 illumsuo
3405 4477 3544 4523 tem-

283 4562 475 4609 motns
507 4556 799 4623 voluntatis
848 4575 960 4616 sua:
1005 4564 1332 4631 consideret,
1385 4566 1646 4637 intelliget
1687 4582 1748 4622 se
1777 4568 1869 4603 "3°

283 4660 566 4717 nunquam
606 4650 979 4706 rectitudinem
1004 4654 1296 4711 voluntatis
1317 4666 1594 4727 acceptam
1623 4674 1720 4729 per
1744 4674 1872 4730 gra-

282 4733 449 4801 tiam,
481 4737 582 4793 nisi
622 4740 766 4795 aliud
793 4741 1019 4803 volendo
1058 4742 1149 4775 ³⁷³¹
1205 4745 1347 4814 quod
1386 4746 1546 4801 simul
1592 4746 1726 4802 velle
1772 4762 1867 4803 ne-

1976 4540 2126 4636 pore.
2162 4563 2444 4635 Nunquam
2471 4564 2615 4618 enim
2646 4562 2720 4617 ita
2747 4570 2831 4618 est
2857 4559 3105 4633 allectum
3130 4599 3145 4624 ,
3175 4550 3234 4613 nt
3255 4540 3545 4643 aliquando

1974 4644 2102 4711 velit
2121 4656 2517 4724 aegritudinem,
2577 4664 2748 4709 autut
2780 4654 2908 4710 velit
2957 4663 3233 4723 nunquam
3282 4650 3543 4706 dormire.

1972 4747 2028 4801 In
2053 4746 2201 4815 justo
2233 4763 2445 4816 quoque
2478 4748 2694 4802 homine
2721 4747 2974 4811 similiter
3001 4752 3086 4801 est
3121 4740 3371 4799 aﬂ'cctum
3406 4741 3550 4795 idem

1588 4859 1818 4915 VARHE
1845 4858 2246 4915 LECTIONES.

360 4945 456 4978 δ”
478 4946 865 5004 Exhteredatus
892 4958 1013 5004 erat
1042 4967 1165 5004 mss.
1198 4951 1620 5004 exhzeredandns
1648 4959 1787 5005 erat.

1864 4950 1958 4982 ³⁷⁷⁰
1973 4950 2141 5016 Quem
2170 4967 2274 5004 non
2301 4949 2553 5012 habebat,
2592 4960 2647 5004 et
2677 4951 2910 5004 nondum
2942 4948 3142 5001 habere
3168 4942 3398 5016 debebat
3424 4957 3550 4995 mss.

325 5030 466 5090 nent
486 5018 721 5090 nondum
758 5019 1010 5084 habebat,
1045 5035 1145 5074 nec
1180 5021 1375 5090 habere
1400 5020 1647 5075 debebat.
1724 5013 2054 5088 ""Qnale'm
2086 5021 2327 5073 videmus
2351 5036 2472 5073 mss.
2505 5020 2691 5087 quales
2721 5020 2965 5090 videmus
3001 5015 3131 5090 __f"'_
3165 5013 3223 5066 ln
3253 5021 3476 5080 peccato
3495 5020 3555 5090 et.

323 5083 580 5163 agellatio
608 5103 734 5163 mss.
763 5102 885 5142 cum
929 5081 1149 5163 peccato
1180 5097 1235 5143 et
1280 5088 1541 5158 ﬁagellata
1604 5090 1709 5163 fm
1743 5081 2249 5163 Reconciliationetn
2270 5081 2655 5163 _acccpitmss.
2705 5087 2771 5140 ad
2805 5081 3556 5163 [eritneilialioonentuaccedit

274 5149 392 5231 ’7"_‘
421 5153 839 5231 Conversionem
888 5149 1126 5231 paradisi
1153 5175 1283 5217 mss.
1316 5149 1776 5231 conversationem
1824 5160 2082 5231 paradisi
2132 5159 2228 5189 ³⁷⁷⁸
2266 5158 2378 5212 Sno
2409 5149 2650 5231 tempore
2678 5173 2776 5231 ms.
2819 5152 3219 5231 Vict;_l_§_omit.
3296 5149 3552 5231 mil-tisi-

275 5226 517 5299 sql'tnaut
544 5226 775 5299 probare
816 5218 940 5281 mss.
973 5228 1283 5299 existimant
1315 5228 1529 5296 ptobari
1562 5298 1565 5299 ν
1605 5218 1872 5299 "'[Nib'il
1903 5228 2187 5296 perﬁciunt
2228 5245 2351 5281 mss.
2408 5218 2539 5281 nihil
2574 5226 2864 5299 proﬁciunt
2936 5222 3031 5299 "7f
3053 5218 3554 5299 Irrecuperaobititcr

276 5288 701 5369 tlcﬁciunt'rmss.
744 5297 1168 5369 irreparahilitcr
1210 5288 1505 5369 deﬁciunt
1552 5298 1647 5369 ³⁷7⁸
1676 5298 1792 5353 Non
1820 5288 2102 5369 destruunt
2130 5300 2281 5369 ιιιιοιι
2299 5314 2423 5369 mss.
2471 5288 2591 5369 lion:
2613 5295 2843 5369 destruit
2869 5291 3012 5361 quod
3086 5290 3180 5321 ³⁷⁸⁸
3206 5288 3458 5368 lntelligit
3493 5304 3552 5342 se

270 5380 417 5419 mss.
460 5363 721 5436 intelliget
775 5363 879 5421 se_
907 5368 999 5403 ³⁷⁸⁵
1036 5367 1148 5422 Nisi
1177 5367 1377 5436 aliquid
1426 5368 1670 5436 volendo,
1701 5384 1825 5423 mss.
1865 5366 1965 5436 nisi
2014 5363 2163 5421 aliud
2200 5368 2426 5420 volendo
2499 5365 2594 5397 θ’θ’
2627 5363 2824 5436 Magis.
2856 5370 3101 5436 versatur
3132 5374 3256 5436 mss.
3316 5363 3552 5436 maxime

276 5441 543 5488 versatur
614 5405 711 5467 '1',”
750 5405 904 5492 Sicut
943 5405 1395 5493 enimwhabe'nms
1444 5405 1614 5490 iiiis...“
1632 5405 1805 5491 Vidn"
1823 5446 1869 5490 et
1917 5405 2104 5490 Eister.
2144 5405 2291 5491 sicut
2335 5436 2596 5489 habemus
2672 5405 2766 5463 "5‘
2793 5429 3089 5485 Rationalis
3127 5428 3379 5483 voluntas
3438 5435 3549 5480 tota

272 5517 421 5576 mss.
452 5505 717 5576 ratiouvel
747 5506 992 5560 voluntas
1043 5515 1187 5576 tota”
1225 5506 1319 5537 ³⁸⁷⁸⁸
1354 5505 1589 5576 Allectus
1638 5506 1834 5576 quippe
1886 5522 2010 5559 mss.
2054 5503 2183 5576 Vict.
2215 5505 2248 5558 5
2276 5516 2322 5559 et
2360 5504 2413 5557 9.
2453 5501 2944 5576 Alli-c_tunt_qnippe
3001 5499 3110 5576 ἐπ’
3133 5496 3391 5576 Allectatn
3429 5511 3550 5551 esse

271 5570 360 5624 a-J
395 5588 515 5626 mss.
552 5572 744 5629 affecta
772 5590 896 5630 esse
921 5576 986 5628 ad
1013 5592 1113 5629 ms.
1151 5574 1281 5628 Vict.
1315 5576 1348 5629 9
1376 5574 1622 5629 al'l‘eetata
1651 5567 1784 5630 ἐεςῖ
1799 5575 1863 5627 ad
1940 5573 2351 5627 m"All'eetuose
2384 5586 2504 5626 esse
2531 5573 2610 5626 vel
2641 5567 2777 5625 velle
2801 5567 2927 5624 mss.
2960 5568 3249 5626 all‘ectnose
3283 5567 3415 5621 velle
3447 5583 3545 5621 ms.

284 5638 438 5714 ιξξειε
469 5642 502 5696 9
512 5643 845 5714 voluptuose
872 5645 1009 5699 velle
1081 5645 1175 5676 ³⁷⁸⁸
1194 5644 1450 5699 Voluntas
1472 5645 1654 5714 utique
1677 5662 1774 5698 ms.
1809 5645 1938 5698 Vict.
1964 5644 1998 5698 9
2023 5644 2265 5696 voluntas
2288 5645 2468 5714 itaque.
2542 5639 3070 5714 ³⁷⁸⁹Α1ιιιιιειιῐιξςιὶω
3097 5639 3239 5714 aliud
3261 5653 3390 5714 usus
3414 5652 3540 5689 mss.

274 5708 439 5782 aliud
469 5708 680 5768 alfcctie
705 5714 1078 5778 instrnn'tenti,
1109 5715 1250 5768 aliud
1276 5730 1404 5768 usus
1478 5708 1698 5779 “Noua
1729 5716 1927 5767 utimur
1952 5727 2071 5768 cum
2096 5729 2223 5765 mss.
2252 5726 2360 5780 quo
2384 5708 2591 5765 utimur
2612 5726 2733 5765 cum
2812 5710 2903 5742 ³⁷⁸⁸
2924 5712 2983 5766 Et
3013 5710 3227 5782 quando
3260 5708 3405 5767 illaut
3439 5721 3544 5763 ιιυιι

268 5779 495 5850 cogitat
520 5782 793 5856 applicare
824 5801 836 5837 :
879 5791 937 5845 ut
963 5799 1084 5841 mox
1118 5800 1239 5839 cum
1265 5800 1388 5838 mss.
1432 5783 1596 5839 etiam
1626 5784 1838 5855 quando
1884 5783 2024 5840 illaut
2073 5797 2178 5837 non
2207 5782 2433 5854 cegitat,
2462 5790 2519 5837 ut
2549 5798 2670 5838 mox
2718 5797 2840 5837 cum
