  <div class='ocr_page' id='page_1' title='image "/cluster/home/n/w/nwhite01/storage/ocr_20150623/158/hvd.32044024236689/309.png"; bbox 0 0 4076 6288; ppageno 0'>
   <div class='ocr_carea' id='block_1_1' title="bbox 449 360 551 414">
    <p class='ocr_par' dir='ltr' id='par_1_1' title="bbox 449 360 551 414">
     <span class='ocr_line' id='line_1_1' title="bbox 449 360 551 414; baseline 0 0"><span class='ocrx_word' id='word_1_1' title='bbox 449 360 551 414; x_wconf 81' lang='lat'><strong>535</strong></span> 
     </span>
    </p>
   </div>
   <div class='ocr_carea' id='block_1_2' title="bbox 946 353 3146 415">
    <p class='ocr_par' dir='ltr' id='par_1_2' title="bbox 946 353 3146 415">
     <span class='ocr_line' id='line_1_2' title="bbox 946 353 3146 415; baseline 0 -1"><span class='ocrx_word' id='word_1_2' title='bbox 946 359 1003 414; x_wconf 93' lang='lat' dir='ltr'><strong>S.</strong></span> <span class='ocrx_word' id='word_1_3' title='bbox 1045 357 1343 415; x_wconf 80' lang='lat' dir='ltr'><strong>ANSELMI</strong></span> <span class='ocrx_word' id='word_1_4' title='bbox 1382 357 1731 414; x_wconf 69' lang='lat' dir='ltr'><strong>CANTUAR.</strong></span> <span class='ocrx_word' id='word_1_5' title='bbox 1772 353 2086 410; x_wconf 71' lang='lat' dir='ltr'><strong>AllClllEP.</strong></span> <span class='ocrx_word' id='word_1_6' title='bbox 2131 355 2282 410; x_wconf 80' lang='lat' dir='ltr'><strong>OPP.</strong></span> <span class='ocrx_word' id='word_1_7' title='bbox 2325 353 2506 412; x_wconf 77' lang='lat' dir='ltr'><strong>PARS</strong></span> <span class='ocrx_word' id='word_1_8' title='bbox 2543 357 2584 411; x_wconf 89' lang='grc' dir='ltr'><strong>Ι.</strong></span> <span class='ocrx_word' id='word_1_9' title='bbox 2625 389 2693 398; x_wconf 89' lang='grc'><strong>-</strong></span> <span class='ocrx_word' id='word_1_10' title='bbox 2720 358 3146 415; x_wconf 74' lang='lat' dir='ltr'><strong>DOGMATICA.</strong></span> 
     </span>
    </p>
   </div>
   <div class='ocr_carea' id='block_1_3' title="bbox 3593 356 3704 415">
    <p class='ocr_par' dir='ltr' id='par_1_3' title="bbox 3593 356 3704 415">
     <span class='ocr_line' id='line_1_3' title="bbox 3593 356 3704 415; baseline -0.018 0"><span class='ocrx_word' id='word_1_11' title='bbox 3593 356 3704 415; x_wconf 76' lang='lat' dir='ltr'><strong>53G</strong></span> 
     </span>
    </p>
   </div>
   <div class='ocr_carea' id='block_1_4' title="bbox 451 465 3707 540">
    <p class='ocr_par' dir='ltr' id='par_1_4' title="bbox 451 465 3707 540">
     <span class='ocr_line' id='line_1_4' title="bbox 451 465 3707 540; baseline 0.001 -14"><span class='ocrx_word' id='word_1_12' title='bbox 451 474 871 528; x_wconf 88' lang='lat' dir='ltr'><strong>instrumentum</strong></span> <span class='ocrx_word' id='word_1_13' title='bbox 905 471 969 523; x_wconf 90' lang='lat' dir='ltr'><strong>ad</strong></span> <span class='ocrx_word' id='word_1_14' title='bbox 1020 470 1304 524; x_wconf 87' lang='lat' dir='ltr'><strong>volcndum</strong></span> <span class='ocrx_word' id='word_1_15' title='bbox 1351 469 1640 540; x_wconf 81' lang='lat' dir='ltr'><strong>justitiam,</strong></span> <span class='ocrx_word' id='word_1_16' title='bbox 1695 467 1857 522; x_wconf 90' lang='lat' dir='ltr'><strong>etiam</strong></span> <span class='ocrx_word' id='word_1_17' title='bbox 1897 481 2020 521; x_wconf 87' lang='lat' dir='ltr'><strong>cum</strong></span> <span class='ocrx_word' id='word_1_18' title='bbox 2050 466 2101 526; x_wconf 72' lang='grc' dir='ltr'><strong>Δ</strong></span> <span class='ocrx_word' id='word_1_19' title='bbox 2127 465 2416 522; x_wconf 84' lang='lat' dir='ltr'><strong>volendum</strong></span> <span class='ocrx_word' id='word_1_20' title='bbox 2447 471 2917 536; x_wconf 79' lang='lat' dir='ltr'><strong>commoditatem;</strong></span> <span class='ocrx_word' id='word_1_21' title='bbox 2957 471 3123 526; x_wconf 85' lang='lat' dir='ltr'><strong>altera</strong></span> <span class='ocrx_word' id='word_1_22' title='bbox 3155 472 3222 527; x_wconf 88' lang='lat' dir='ltr'><strong>ad</strong></span> <span class='ocrx_word' id='word_1_23' title='bbox 3258 471 3540 528; x_wconf 72' lang='lat' dir='ltr'><strong>volentium</strong></span> <span class='ocrx_word' id='word_1_24' title='bbox 3582 491 3707 530; x_wconf 79' lang='lat' dir='ltr'><strong>rec-</strong></span> 
     </span>
    </p>
   </div>
   <div class='ocr_carea' id='block_1_5' title="bbox 451 559 2027 631">
    <p class='ocr_par' dir='ltr' id='par_1_5' title="bbox 451 559 2027 631">
     <span class='ocr_line' id='line_1_5' title="bbox 451 559 2027 631; baseline -0.003 -12"><span class='ocrx_word' id='word_1_25' title='bbox 451 568 650 619; x_wconf 89' lang='lat' dir='ltr'><strong>dormit</strong></span> <span class='ocrx_word' id='word_1_26' title='bbox 675 581 690 630; x_wconf 91' lang='lat'><strong>;</strong></span> <span class='ocrx_word' id='word_1_27' title='bbox 719 573 797 629; x_wconf 92' lang='lat' dir='ltr'><strong>ut,</strong></span> <span class='ocrx_word' id='word_1_28' title='bbox 816 578 934 618; x_wconf 90' lang='lat' dir='ltr'><strong>cum</strong></span> <span class='ocrx_word' id='word_1_29' title='bbox 959 578 1076 618; x_wconf 91' lang='lat' dir='ltr'><strong>eam</strong></span> <span class='ocrx_word' id='word_1_30' title='bbox 1106 564 1326 631; x_wconf 81' lang='lat' dir='ltr'><strong>cogitat,</strong></span> <span class='ocrx_word' id='word_1_31' title='bbox 1359 562 1542 616; x_wconf 81' lang='lat' dir='ltr'><strong>statim</strong></span> <span class='ocrx_word' id='word_1_32' title='bbox 1566 576 1687 616; x_wconf 89' lang='lat' dir='ltr'><strong>eam</strong></span> <span class='ocrx_word' id='word_1_33' title='bbox 1711 560 1858 615; x_wconf 83' lang='lat' dir='ltr'><strong>velit.</strong></span> <span class='ocrx_word' id='word_1_34' title='bbox 1888 559 2027 616; x_wconf 85' lang='lat' dir='ltr'><strong>Usus</strong></span> 
     </span>
    </p>
   </div>
   <div class='ocr_carea' id='block_1_6' title="bbox 451 653 2024 728">
    <p class='ocr_par' dir='ltr' id='par_1_6' title="bbox 451 653 2024 728">
     <span class='ocr_line' id='line_1_6' title="bbox 451 653 2024 728; baseline 0.001 -22"><span class='ocrx_word' id='word_1_35' title='bbox 451 673 580 711; x_wconf 84' lang='lat' dir='ltr'><strong>vero</strong></span> <span class='ocrx_word' id='word_1_36' title='bbox 606 656 844 727; x_wconf 89' lang='lat' dir='ltr'><strong>ejusdem</strong></span> <span class='ocrx_word' id='word_1_37' title='bbox 873 654 1213 709; x_wconf 75' lang='lat' dir='ltr'><strong>instrumenti</strong></span> <span class='ocrx_word' id='word_1_38' title='bbox 1239 663 1346 718; x_wconf 88' lang='lat' dir='ltr'><strong>est,</strong></span> <span class='ocrx_word' id='word_1_39' title='bbox 1375 669 1537 728; x_wconf 89' lang='lat' dir='ltr'><strong>quem</strong></span> <span class='ocrx_word' id='word_1_40' title='bbox 1585 668 1688 708; x_wconf 91' lang='lat' dir='ltr'><strong>non</strong></span> <span class='ocrx_word' id='word_1_41' title='bbox 1743 653 2024 716; x_wconf 80' lang='lat' dir='ltr'><strong>habemus,</strong></span> 
     </span>
    </p>
   </div>
   <div class='ocr_carea' id='block_1_7' title="bbox 451 745 2028 816">
    <p class='ocr_par' dir='ltr' id='par_1_7' title="bbox 451 745 2028 816">
     <span class='ocr_line' id='line_1_7' title="bbox 451 745 2028 816; baseline -0.003 -15"><span class='ocrx_word' id='word_1_42' title='bbox 451 748 554 801; x_wconf 84' lang='lat' dir='ltr'><strong>nisi</strong></span> <span class='ocrx_word' id='word_1_43' title='bbox 591 761 710 799; x_wconf 88' lang='lat' dir='ltr'><strong>cum</strong></span> <span class='ocrx_word' id='word_1_44' title='bbox 743 746 1043 816; x_wconf 84' lang='lat' dir='ltr'><strong>cogitamus</strong></span> <span class='ocrx_word' id='word_1_45' title='bbox 1068 762 1179 798; x_wconf 82' lang='lat' dir='ltr'><strong>rem</strong></span> <span class='ocrx_word' id='word_1_46' title='bbox 1207 762 1368 815; x_wconf 83' lang='lat' dir='ltr'><strong>quam</strong></span> <span class='ocrx_word' id='word_1_47' title='bbox 1401 746 1668 800; x_wconf 87' lang='lat' dir='ltr'><strong>volumus.</strong></span> <span class='ocrx_word' id='word_1_48' title='bbox 1700 745 1907 800; x_wconf 86' lang='lat' dir='ltr'><strong>Dicitur</strong></span> <span class='ocrx_word' id='word_1_49' title='bbox 1934 760 2028 798; x_wconf 90' lang='lat' dir='ltr'><strong>au-</strong></span> 
     </span>
    </p>
   </div>
   <div class='ocr_carea' id='block_1_8' title="bbox 455 833 2030 912">
    <p class='ocr_par' dir='ltr' id='par_1_8' title="bbox 455 833 2030 912">
     <span class='ocr_line' id='line_1_8' title="bbox 455 833 2030 912; baseline 0.001 -24"><span class='ocrx_word' id='word_1_50' title='bbox 455 847 560 890; x_wconf 90' lang='lat' dir='ltr'><strong>tem</strong></span> <span class='ocrx_word' id='word_1_51' title='bbox 589 835 860 900; x_wconf 78' lang='lat' dir='ltr'><strong>voluntas,</strong></span> <span class='ocrx_word' id='word_1_52' title='bbox 891 843 944 889; x_wconf 87' lang='lat' dir='ltr'><strong>ct</strong></span> <span class='ocrx_word' id='word_1_53' title='bbox 974 836 1392 912; x_wconf 70' lang='lat' dir='ltr'><strong>instrumentum</strong></span> <span class='ocrx_word' id='word_1_54' title='bbox 1435 835 1670 902; x_wconf 92' lang='lat' dir='ltr'><strong>volendi,</strong></span> <span class='ocrx_word' id='word_1_55' title='bbox 1730 843 1791 888; x_wconf 82' lang='lat' dir='ltr'><strong>ct.</strong></span> <span class='ocrx_word' id='word_1_56' title='bbox 1821 833 2030 889; x_wconf 81' lang='lat' dir='ltr'><strong>aﬂ&#39;ectio</strong></span> 
     </span>
    </p>
   </div>
   <div class='ocr_carea' id='block_1_9' title="bbox 389 923 2030 1000">
    <p class='ocr_par' dir='ltr' id='par_1_9' title="bbox 389 923 2030 1000">
     <span class='ocr_line' id='line_1_9' title="bbox 389 923 2030 1000; baseline 0 -20"><span class='ocrx_word' id='word_1_57' title='bbox 389 963 393 967; x_wconf 87' lang='lat'><strong><em>-</em></strong></span> <span class='ocrx_word' id='word_1_58' title='bbox 451 927 592 998; x_wconf 83' lang='lat' dir='ltr'><strong>ejus,</strong></span> <span class='ocrx_word' id='word_1_59' title='bbox 625 941 681 984; x_wconf 90' lang='lat' dir='ltr'><strong>et</strong></span> <span class='ocrx_word' id='word_1_60' title='bbox 715 943 849 982; x_wconf 90' lang='lat' dir='ltr'><strong>usus</strong></span> <span class='ocrx_word' id='word_1_61' title='bbox 899 923 1060 1000; x_wconf 51' lang='lat' dir='ltr'><strong>ejusa,</strong></span> <span class='ocrx_word' id='word_1_62' title='bbox 1081 929 1508 983; x_wconf 88' lang='lat' dir='ltr'><strong>lnstrumentum</strong></span> <span class='ocrx_word' id='word_1_63' title='bbox 1540 929 1754 999; x_wconf 83' lang='lat' dir='ltr'><strong>quidem</strong></span> <span class='ocrx_word' id='word_1_64' title='bbox 1786 929 2030 983; x_wconf 83' lang='lat' dir='ltr'><strong>volunta-</strong></span> 
     </span>
    </p>
   </div>
   <div class='ocr_carea' id='block_1_10' title="bbox 451 1007 2030 1087">
    <p class='ocr_par' dir='ltr' id='par_1_10' title="bbox 451 1007 2030 1087">
     <span class='ocr_line' id='line_1_10' title="bbox 451 1007 2030 1087; baseline 0.003 -19"><span class='ocrx_word' id='word_1_65' title='bbox 451 1029 558 1072; x_wconf 85' lang='lat' dir='ltr'><strong>tem</strong></span> <span class='ocrx_word' id='word_1_66' title='bbox 591 1033 868 1082; x_wconf 89' lang='lat' dir='ltr'><strong>vocamus,</strong></span> <span class='ocrx_word' id='word_1_67' title='bbox 899 1007 1114 1087; x_wconf 82' lang='lat' dir='ltr'><strong>quando</strong></span> <span class='ocrx_word' id='word_1_68' title='bbox 1135 1018 1366 1073; x_wconf 84' lang='lat' dir='ltr'><strong>dicimus</strong></span> <span class='ocrx_word' id='word_1_69' title='bbox 1391 1033 1487 1074; x_wconf 92' lang='lat' dir='ltr'><strong>nos</strong></span> <span class='ocrx_word' id='word_1_70' title='bbox 1517 1028 1828 1074; x_wconf 85' lang='lat' dir='ltr'><strong>convertere</strong></span> <span class='ocrx_word' id='word_1_71' title='bbox 1855 1019 1920 1074; x_wconf 90' lang='lat' dir='ltr'><strong>ad</strong></span> <span class='ocrx_word' id='word_1_72' title='bbox 1950 1020 2030 1073; x_wconf 93' lang='lat' dir='ltr'><strong>di-</strong></span> 
     </span>
    </p>
   </div>
   <div class='ocr_carea' id='block_1_11' title="bbox 450 1108 2032 1174">
    <p class='ocr_par' dir='ltr' id='par_1_11' title="bbox 450 1108 2032 1174">
     <span class='ocr_line' id='line_1_11' title="bbox 450 1108 2032 1174; baseline 0.003 -14"><span class='ocrx_word' id='word_1_73' title='bbox 450 1123 609 1163; x_wconf 85' lang='lat' dir='ltr'><strong>versa</strong></span> <span class='ocrx_word' id='word_1_74' title='bbox 634 1108 992 1174; x_wconf 82' lang='lat' dir='ltr'><strong>voluntatem,</strong></span> <span class='ocrx_word' id='word_1_75' title='bbox 1011 1109 1170 1164; x_wconf 90' lang='lat' dir='ltr'><strong>modo</strong></span> <span class='ocrx_word' id='word_1_76' title='bbox 1194 1110 1406 1165; x_wconf 89' lang='lat' dir='ltr'><strong>scilicet</strong></span> <span class='ocrx_word' id='word_1_77' title='bbox 1438 1110 1504 1164; x_wconf 94' lang='lat' dir='ltr'><strong>ad</strong></span> <span class='ocrx_word' id='word_1_78' title='bbox 1529 1110 1812 1164; x_wconf 82' lang='lat' dir='ltr'><strong>vol&#39;endum</strong></span> <span class='ocrx_word' id='word_1_79' title='bbox 1846 1109 2032 1164; x_wconf 85' lang='lat' dir='ltr'><strong>ambu-</strong></span> 
     </span>
    </p>
   </div>
   <div class='ocr_carea' id='block_1_12' title="bbox 451 1198 2030 1265">
    <p class='ocr_par' dir='ltr' id='par_1_12' title="bbox 451 1198 2030 1265">
     <span class='ocr_line' id='line_1_12' title="bbox 451 1198 2030 1265; baseline 0.004 -15"><span class='ocrx_word' id='word_1_80' title='bbox 451 1198 590 1264; x_wconf 88' lang='lat' dir='ltr'><strong>lare,</strong></span> <span class='ocrx_word' id='word_1_81' title='bbox 630 1200 791 1252; x_wconf 88' lang='lat' dir='ltr'><strong>modo</strong></span> <span class='ocrx_word' id='word_1_82' title='bbox 816 1200 880 1253; x_wconf 93' lang='lat' dir='ltr'><strong>ad</strong></span> <span class='ocrx_word' id='word_1_83' title='bbox 919 1199 1206 1254; x_wconf 83' lang='lat' dir='ltr'><strong>volendum</strong></span> <span class='ocrx_word' id='word_1_84' title='bbox 1236 1201 1448 1265; x_wconf 88' lang='lat' dir='ltr'><strong>sedere,</strong></span> <span class='ocrx_word' id='word_1_85' title='bbox 1473 1202 1628 1255; x_wconf 91' lang='lat' dir='ltr'><strong>modo</strong></span> <span class='ocrx_word' id='word_1_86' title='bbox 1654 1202 1719 1254; x_wconf 92' lang='lat' dir='ltr'><strong>ad</strong></span> <span class='ocrx_word' id='word_1_87' title='bbox 1749 1203 2030 1258; x_wconf 87' lang='lat' dir='ltr'><strong>volendum</strong></span> 
     </span>
    </p>
   </div>
   <div class='ocr_carea' id='block_1_13' title="bbox 453 1290 2032 1363">
    <p class='ocr_par' dir='ltr' id='par_1_13' title="bbox 453 1290 2032 1363">
     <span class='ocr_line' id='line_1_13' title="bbox 453 1290 2032 1363; baseline 0.005 -21"><span class='ocrx_word' id='word_1_88' title='bbox 453 1291 600 1344; x_wconf 83' lang='lat' dir='ltr'><strong>aliud</strong></span> <span class='ocrx_word' id='word_1_89' title='bbox 624 1300 677 1344; x_wconf 90' lang='lat' dir='ltr'><strong>et</strong></span> <span class='ocrx_word' id='word_1_90' title='bbox 711 1291 876 1344; x_wconf 85' lang='lat' dir='ltr'><strong>aliud.</strong></span> <span class='ocrx_word' id='word_1_91' title='bbox 917 1290 1029 1345; x_wconf 87' lang='lat' dir='ltr'><strong>Hoc</strong></span> <span class='ocrx_word' id='word_1_92' title='bbox 1051 1291 1467 1346; x_wconf 89' lang='lat' dir='ltr'><strong>instrumentum</strong></span> <span class='ocrx_word' id='word_1_93' title='bbox 1496 1308 1709 1363; x_wconf 89' lang='lat' dir='ltr'><strong>semper</strong></span> <span class='ocrx_word' id='word_1_94' title='bbox 1739 1294 1901 1349; x_wconf 82' lang='lat' dir='ltr'><strong>habet</strong></span> <span class='ocrx_word' id='word_1_95' title='bbox 1933 1295 2032 1350; x_wconf 89' lang='lat' dir='ltr'><strong>ho-</strong></span> 
     </span>
    </p>
   </div>
   <div class='ocr_carea' id='block_1_14' title="bbox 456 1382 2035 1451">
    <p class='ocr_par' dir='ltr' id='par_1_14' title="bbox 456 1382 2035 1451">
     <span class='ocr_line' id='line_1_14' title="bbox 456 1382 2035 1451; baseline 0.004 -18"><span class='ocrx_word' id='word_1_96' title='bbox 456 1396 564 1445; x_wconf 91' lang='lat' dir='ltr'><strong>mo,</strong></span> <span class='ocrx_word' id='word_1_97' title='bbox 609 1383 860 1449; x_wconf 88' lang='lat' dir='ltr'><strong>quamvis</strong></span> <span class='ocrx_word' id='word_1_98' title='bbox 920 1395 1026 1436; x_wconf 89' lang='lat' dir='ltr'><strong>non</strong></span> <span class='ocrx_word' id='word_1_99' title='bbox 1075 1397 1290 1451; x_wconf 85' lang='lat' dir='ltr'><strong>semper</strong></span> <span class='ocrx_word' id='word_1_100' title='bbox 1335 1382 1425 1436; x_wconf 88' lang='lat' dir='ltr'><strong>illo</strong></span> <span class='ocrx_word' id='word_1_101' title='bbox 1470 1384 1843 1441; x_wconf 78' lang='lat' dir='ltr'><strong>utaturzsicut</strong></span> <span class='ocrx_word' id='word_1_102' title='bbox 1871 1386 2035 1440; x_wconf 83' lang='lat' dir='ltr'><strong>habet</strong></span> 
     </span>
    </p>
   </div>
   <div class='ocr_carea' id='block_1_15' title="bbox 457 1470 2034 1544">
    <p class='ocr_par' dir='ltr' id='par_1_15' title="bbox 457 1470 2034 1544">
     <span class='ocr_line' id='line_1_15' title="bbox 457 1470 2034 1544; baseline 0.006 -23"><span class='ocrx_word' id='word_1_103' title='bbox 457 1471 650 1534; x_wconf 80' lang='lat' dir='ltr'><strong>visum,</strong></span> <span class='ocrx_word' id='word_1_104' title='bbox 678 1470 770 1540; x_wconf 88' lang='lat' dir='ltr'><strong>qui</strong></span> <span class='ocrx_word' id='word_1_105' title='bbox 803 1479 885 1525; x_wconf 90' lang='lat' dir='ltr'><strong>est</strong></span> <span class='ocrx_word' id='word_1_106' title='bbox 917 1471 1331 1526; x_wconf 90' lang='lat' dir='ltr'><strong>instrumentum</strong></span> <span class='ocrx_word' id='word_1_107' title='bbox 1367 1473 1602 1536; x_wconf 88' lang='lat' dir='ltr'><strong>videndi,</strong></span> <span class='ocrx_word' id='word_1_108' title='bbox 1636 1475 2034 1544; x_wconf 85' lang='lat' dir='ltr'><strong>etiatnquando</strong></span> 
     </span>
    </p>
   </div>
   <div class='ocr_carea' id='block_1_16' title="bbox 456 1559 2030 1630">
    <p class='ocr_par' dir='ltr' id='par_1_16' title="bbox 456 1559 2030 1630">
     <span class='ocr_line' id='line_1_16' title="bbox 456 1559 2030 1630; baseline 0.007 -23"><span class='ocrx_word' id='word_1_109' title='bbox 456 1559 546 1622; x_wconf 77' lang='lat' dir='ltr'><strong>illo</strong></span> <span class='ocrx_word' id='word_1_110' title='bbox 581 1573 687 1612; x_wconf 90' lang='lat' dir='ltr'><strong>non</strong></span> <span class='ocrx_word' id='word_1_111' title='bbox 721 1560 915 1622; x_wconf 90' lang='lat' dir='ltr'><strong>utitur,</strong></span> <span class='ocrx_word' id='word_1_112' title='bbox 942 1569 998 1614; x_wconf 89' lang='lat' dir='ltr'><strong>ut</strong></span> <span class='ocrx_word' id='word_1_113' title='bbox 1054 1576 1175 1614; x_wconf 88' lang='lat' dir='ltr'><strong>cum</strong></span> <span class='ocrx_word' id='word_1_114' title='bbox 1232 1562 1460 1627; x_wconf 87' lang='lat' dir='ltr'><strong>dormit;</strong></span> <span class='ocrx_word' id='word_1_115' title='bbox 1512 1572 1565 1616; x_wconf 87' lang='lat' dir='ltr'><strong>et</strong></span> <span class='ocrx_word' id='word_1_116' title='bbox 1596 1578 1716 1616; x_wconf 89' lang='lat' dir='ltr'><strong>cum</strong></span> <span class='ocrx_word' id='word_1_117' title='bbox 1745 1578 1810 1618; x_wconf 92' lang='lat' dir='ltr'><strong>co</strong></span> <span class='ocrx_word' id='word_1_118' title='bbox 1843 1565 2030 1630; x_wconf 84' lang='lat' dir='ltr'><strong>utitur,</strong></span> 
     </span>
    </p>
   </div>
   <div class='ocr_carea' id='block_1_17' title="bbox 2131 557 3708 636">
    <p class='ocr_par' dir='ltr' id='par_1_17' title="bbox 2131 557 3708 636">
     <span class='ocr_line' id='line_1_17' title="bbox 2131 557 3708 636; baseline 0.007 -26"><span class='ocrx_word' id='word_1_119' title='bbox 2131 557 2438 614; x_wconf 87' lang='lat' dir='ltr'><strong>titudiuem.</strong></span> <span class='ocrx_word' id='word_1_120' title='bbox 2493 561 2722 632; x_wconf 74' lang='lat' dir='ltr'><strong>Nempeo</strong></span> <span class='ocrx_word' id='word_1_121' title='bbox 2757 563 2888 636; x_wconf 88' lang='lat' dir='ltr'><strong>nihil</strong></span> <span class='ocrx_word' id='word_1_122' title='bbox 2943 565 3060 618; x_wconf 89' lang='lat' dir='ltr'><strong>vult</strong></span> <span class='ocrx_word' id='word_1_123' title='bbox 3111 565 3393 628; x_wconf 79' lang='lat' dir='ltr'><strong>voluntas,</strong></span> <span class='ocrx_word' id='word_1_124' title='bbox 3445 582 3566 635; x_wconf 71' lang='lat' dir='ltr'><strong>qua:</strong></span> <span class='ocrx_word' id='word_1_125' title='bbox 3622 576 3708 621; x_wconf 85' lang='lat' dir='ltr'><strong>est</strong></span> 
     </span>
    </p>
   </div>
   <div class='ocr_carea' id='block_1_18' title="bbox 2129 649 3710 720">
    <p class='ocr_par' dir='ltr' id='par_1_18' title="bbox 2129 649 3710 720">
     <span class='ocr_line' id='line_1_18' title="bbox 2129 649 3710 720; baseline 0.004 -17"><span class='ocrx_word' id='word_1_126' title='bbox 2129 649 2575 719; x_wconf 85' lang='lat' dir='ltr'><strong>instrumentum,</strong></span> <span class='ocrx_word' id='word_1_127' title='bbox 2605 654 2726 708; x_wconf 88' lang='lat' dir='ltr'><strong>nisi‘</strong></span> <span class='ocrx_word' id='word_1_128' title='bbox 2753 665 2847 708; x_wconf 89' lang='lat' dir='ltr'><strong>aut</strong></span> <span class='ocrx_word' id='word_1_129' title='bbox 2878 655 3314 720; x_wconf 79' lang='lat' dir='ltr'><strong>commoditatem</strong></span> <span class='ocrx_word' id='word_1_130' title='bbox 3347 666 3448 710; x_wconf 85' lang='lat' dir='ltr'><strong>aut</strong></span> <span class='ocrx_word' id='word_1_131' title='bbox 3483 657 3710 712; x_wconf 83' lang='lat' dir='ltr'><strong>rectitu-</strong></span> 
     </span>
    </p>
   </div>
   <div class='ocr_carea' id='block_1_19' title="bbox 2128 740 3707 818">
    <p class='ocr_par' dir='ltr' id='par_1_19' title="bbox 2128 740 3707 818">
     <span class='ocr_line' id='line_1_19' title="bbox 2128 740 3707 818; baseline 0.005 -22"><span class='ocrx_word' id='word_1_132' title='bbox 2128 740 2330 799; x_wconf 88' lang='lat' dir='ltr'><strong>dinem.</strong></span> <span class='ocrx_word' id='word_1_133' title='bbox 2371 744 2645 814; x_wconf 86' lang='lat' dir='ltr'><strong>Quidquid</strong></span> <span class='ocrx_word' id='word_1_134' title='bbox 2675 747 2819 801; x_wconf 91' lang='lat' dir='ltr'><strong>enim</strong></span> <span class='ocrx_word' id='word_1_135' title='bbox 2851 746 2994 801; x_wconf 81' lang='lat' dir='ltr'><strong>aliud</strong></span> <span class='ocrx_word' id='word_1_136' title='bbox 3021 747 3153 814; x_wconf 83' lang='lat' dir='ltr'><strong>vult,</strong></span> <span class='ocrx_word' id='word_1_137' title='bbox 3182 757 3276 801; x_wconf 90' lang='lat' dir='ltr'><strong>aut</strong></span> <span class='ocrx_word' id='word_1_138' title='bbox 3302 757 3524 818; x_wconf 81' lang='lat' dir='ltr'><strong>propter</strong></span> <span class='ocrx_word' id='word_1_139' title='bbox 3553 763 3707 818; x_wconf 74' lang='lat' dir='ltr'><strong>eom-</strong></span> 
     </span>
    </p>
   </div>
   <div class='ocr_carea' id='block_1_20' title="bbox 2129 836 3710 908">
    <p class='ocr_par' dir='ltr' id='par_1_20' title="bbox 2129 836 3710 908">
     <span class='ocr_line' id='line_1_20' title="bbox 2129 836 3710 908; baseline 0.002 -18"><span class='ocrx_word' id='word_1_140' title='bbox 2129 836 2487 902; x_wconf 84' lang='lat' dir='ltr'><strong>moditatcm,</strong></span> <span class='ocrx_word' id='word_1_141' title='bbox 2523 847 2618 891; x_wconf 91' lang='lat' dir='ltr'><strong>aut</strong></span> <span class='ocrx_word' id='word_1_142' title='bbox 2659 847 2884 908; x_wconf 88' lang='lat' dir='ltr'><strong>propter</strong></span> <span class='ocrx_word' id='word_1_143' title='bbox 2931 839 3312 894; x_wconf 83' lang='lat' dir='ltr'><strong>rectitudinem</strong></span> <span class='ocrx_word' id='word_1_144' title='bbox 3351 839 3496 906; x_wconf 87' lang='lat' dir='ltr'><strong>vult;</strong></span> <span class='ocrx_word' id='word_1_145' title='bbox 3537 836 3710 908; x_wconf 64' lang='grc' dir='ltr'><strong>θείω]</strong></span> 
     </span>
    </p>
   </div>
   <div class='ocr_carea' id='block_1_21' title="bbox 2132 902 3734 1026">
    <p class='ocr_par' dir='ltr' id='par_1_21' title="bbox 2132 902 3734 1026">
     <span class='ocr_line' id='line_1_21' title="bbox 2132 902 3734 1026; baseline 0.001 -44"><span class='ocrx_word' id='word_1_146' title='bbox 2132 928 2260 993; x_wconf 87' lang='lat' dir='ltr'><strong>has,</strong></span> <span class='ocrx_word' id='word_1_147' title='bbox 2293 927 2461 982; x_wconf 85' lang='lat' dir='ltr'><strong>etiam.</strong></span> <span class='ocrx_word' id='word_1_148' title='bbox 2508 929 2554 983; x_wconf 90' lang='lat' dir='ltr'><strong>si</strong></span> <span class='ocrx_word' id='word_1_149' title='bbox 2593 902 2833 994; x_wconf 73' lang='lat' dir='ltr'><strong>fallatur,</strong></span> <span class='ocrx_word' id='word_1_150' title='bbox 2864 939 3020 999; x_wconf 88' lang='lat' dir='ltr'><strong>putat</strong></span> <span class='ocrx_word' id='word_1_151' title='bbox 3051 945 3110 985; x_wconf 89' lang='lat' dir='ltr'><strong>se</strong></span> <span class='ocrx_word' id='word_1_152' title='bbox 3139 929 3344 985; x_wconf 79' lang='lat' dir='ltr'><strong>referre</strong></span> <span class='ocrx_word' id='word_1_153' title='bbox 3381 902 3524 999; x_wconf 78' lang='lat' dir='ltr'><strong>quod</strong></span> <span class='ocrx_word' id='word_1_154' title='bbox 3565 902 3734 1026; x_wconf 55' lang='lat' dir='ltr'><strong>vult)</strong></span> 
     </span>
    </p>
   </div>
   <div class='ocr_carea' id='block_1_22' title="bbox 2132 1016 3715 1090">
    <p class='ocr_par' dir='ltr' id='par_1_22' title="bbox 2132 1016 3715 1090">
     <span class='ocr_line' id='line_1_22' title="bbox 2132 1016 3715 1090; baseline 0.001 -18"><span class='ocrx_word' id='word_1_155' title='bbox 2132 1016 2237 1073; x_wconf 85' lang='lat' dir='ltr'><strong>Per</strong></span> <span class='ocrx_word' id='word_1_156' title='bbox 2257 1019 2594 1074; x_wconf 84' lang='lat' dir='ltr'><strong>aﬂ&#39;ectionem</strong></span> <span class='ocrx_word' id='word_1_157' title='bbox 2626 1019 2844 1090; x_wconf 87' lang='lat' dir='ltr'><strong>quidem</strong></span> <span class='ocrx_word' id='word_1_158' title='bbox 2889 1036 3012 1090; x_wconf 72' lang='lat' dir='ltr'><strong>qua:</strong></span> <span class='ocrx_word' id='word_1_159' title='bbox 3037 1028 3122 1076; x_wconf 85' lang='lat' dir='ltr'><strong>est</strong></span> <span class='ocrx_word' id='word_1_160' title='bbox 3149 1023 3216 1075; x_wconf 92' lang='lat' dir='ltr'><strong>ad</strong></span> <span class='ocrx_word' id='word_1_161' title='bbox 3243 1020 3530 1076; x_wconf 87' lang='lat' dir='ltr'><strong>volendum</strong></span> <span class='ocrx_word' id='word_1_162' title='bbox 3561 1016 3715 1076; x_wconf 62' lang='lat' dir='ltr'><strong>comi</strong></span> 
     </span>
    </p>
   </div>
   <div class='ocr_carea' id='block_1_23' title="bbox 2133 1111 3710 1182">
    <p class='ocr_par' dir='ltr' id='par_1_23' title="bbox 2133 1111 3710 1182">
     <span class='ocr_line' id='line_1_23' title="bbox 2133 1111 3710 1182; baseline -0.001 -17"><span class='ocrx_word' id='word_1_163' title='bbox 2133 1111 2447 1166; x_wconf 88' lang='lat' dir='ltr'><strong>moditatem</strong></span> <span class='ocrx_word' id='word_1_164' title='bbox 2479 1111 2594 1175; x_wconf 78' lang='grc'>³⁷³⁸,</span> <span class='ocrx_word' id='word_1_165' title='bbox 2627 1126 2841 1182; x_wconf 86' lang='lat' dir='ltr'><strong>semper</strong></span> <span class='ocrx_word' id='word_1_166' title='bbox 2871 1111 2983 1166; x_wconf 84' lang='lat' dir='ltr'><strong>vult</strong></span> <span class='ocrx_word' id='word_1_167' title='bbox 3029 1113 3191 1167; x_wconf 89' lang='lat' dir='ltr'><strong>homo</strong></span> <span class='ocrx_word' id='word_1_168' title='bbox 3223 1112 3610 1167; x_wconf 87' lang='lat' dir='ltr'><strong>beatitudinem</strong></span> <span class='ocrx_word' id='word_1_169' title='bbox 3652 1120 3710 1165; x_wconf 92' lang='lat' dir='ltr'><strong>et</strong></span> 
     </span>
    </p>
   </div>
   <div class='ocr_carea' id='block_1_24' title="bbox 2131 1203 3712 1275">
    <p class='ocr_par' dir='ltr' id='par_1_24' title="bbox 2131 1203 3712 1275">
     <span class='ocr_line' id='line_1_24' title="bbox 2131 1203 3712 1275; baseline -0.004 -15"><span class='ocrx_word' id='word_1_170' title='bbox 2131 1203 2322 1260; x_wconf 85' lang='lat' dir='ltr'><strong>beatus</strong></span> <span class='ocrx_word' id='word_1_171' title='bbox 2348 1220 2468 1260; x_wconf 87' lang='lat' dir='ltr'><strong>esse</strong></span> <span class='ocrx_word' id='word_1_172' title='bbox 2495 1224 2509 1258; x_wconf 88' lang='lat'><strong>:</strong></span> <span class='ocrx_word' id='word_1_173' title='bbox 2536 1219 2632 1275; x_wconf 92' lang='lat' dir='ltr'><strong>per</strong></span> <span class='ocrx_word' id='word_1_174' title='bbox 2654 1203 2798 1259; x_wconf 86' lang='lat' dir='ltr'><strong>illam</strong></span> <span class='ocrx_word' id='word_1_175' title='bbox 2827 1219 2957 1261; x_wconf 90' lang='lat' dir='ltr'><strong>vero</strong></span> <span class='ocrx_word' id='word_1_176' title='bbox 2983 1219 3104 1275; x_wconf 62' lang='lat' dir='ltr'><strong>quae</strong></span> <span class='ocrx_word' id='word_1_177' title='bbox 3129 1205 3296 1260; x_wconf 83' lang='lat' dir='ltr'><strong>estad</strong></span> <span class='ocrx_word' id='word_1_178' title='bbox 3313 1204 3407 1237; x_wconf 79' lang='lat'><strong>&quot;”</strong></span> <span class='ocrx_word' id='word_1_179' title='bbox 3424 1203 3712 1258; x_wconf 77' lang='lat' dir='ltr'><strong>volendutn</strong></span> 
     </span>
    </p>
   </div>
   <div class='ocr_carea' id='block_1_25' title="bbox 2135 1292 3714 1368">
    <p class='ocr_par' dir='ltr' id='par_1_25' title="bbox 2135 1292 3714 1368">
     <span class='ocr_line' id='line_1_25' title="bbox 2135 1292 3714 1368; baseline -0.004 -17"><span class='ocrx_word' id='word_1_180' title='bbox 2135 1294 2549 1368; x_wconf 85' lang='lat' dir='ltr'><strong>rectitudinem,</strong></span> <span class='ocrx_word' id='word_1_181' title='bbox 2589 1294 2968 1350; x_wconf 88' lang='lat' dir='ltr'><strong>rectitudinem</strong></span> <span class='ocrx_word' id='word_1_182' title='bbox 2998 1294 3149 1361; x_wconf 89' lang='lat' dir='ltr'><strong>vult,</strong></span> <span class='ocrx_word' id='word_1_183' title='bbox 3188 1303 3240 1350; x_wconf 92' lang='lat' dir='ltr'><strong>et</strong></span> <span class='ocrx_word' id='word_1_184' title='bbox 3286 1303 3487 1358; x_wconf 87' lang='lat' dir='ltr'><strong>rectus,</strong></span> <span class='ocrx_word' id='word_1_185' title='bbox 3541 1292 3592 1347; x_wconf 90' lang='lat' dir='ltr'><strong>id</strong></span> <span class='ocrx_word' id='word_1_186' title='bbox 3627 1301 3714 1346; x_wconf 84' lang='lat' dir='ltr'><strong>est</strong></span> 
     </span>
    </p>
   </div>
   <div class='ocr_carea' id='block_1_26' title="bbox 2129 1375 3717 1464">
    <p class='ocr_par' dir='ltr' id='par_1_26' title="bbox 2129 1375 3717 1464">
     <span class='ocr_line' id='line_1_26' title="bbox 2129 1375 3717 1464; baseline -0.001 -26"><span class='ocrx_word' id='word_1_187' title='bbox 2129 1385 2330 1457; x_wconf 89' lang='lat' dir='ltr'><strong>justus,</strong></span> <span class='ocrx_word' id='word_1_188' title='bbox 2365 1399 2504 1440; x_wconf 87' lang='lat' dir='ltr'><strong>esse.</strong></span> <span class='ocrx_word' id='word_1_189' title='bbox 2516 1375 2765 1464; x_wconf 57' lang='lat' dir='ltr'><strong>gPropter</strong></span> <span class='ocrx_word' id='word_1_190' title='bbox 2804 1383 3243 1441; x_wconf 87' lang='lat' dir='ltr'><strong>commoditatem</strong></span> <span class='ocrx_word' id='word_1_191' title='bbox 3270 1393 3448 1439; x_wconf 89' lang='lat' dir='ltr'><strong>autem</strong></span> <span class='ocrx_word' id='word_1_192' title='bbox 3479 1383 3591 1437; x_wconf 88' lang='lat' dir='ltr'><strong>vult</strong></span> <span class='ocrx_word' id='word_1_193' title='bbox 3612 1383 3717 1437; x_wconf 80' lang='lat' dir='ltr'><strong>ali-</strong></span> 
     </span>
    </p>
   </div>
   <div class='ocr_carea' id='block_1_27' title="bbox 2135 1473 3718 1543">
    <p class='ocr_par' dir='ltr' id='par_1_27' title="bbox 2135 1473 3718 1543">
     <span class='ocr_line' id='line_1_27' title="bbox 2135 1473 3718 1543; baseline 0 -16"><span class='ocrx_word' id='word_1_194' title='bbox 2135 1475 2263 1543; x_wconf 90' lang='lat' dir='ltr'><strong>quid</strong></span> <span class='ocrx_word' id='word_1_195' title='bbox 2291 1492 2303 1528; x_wconf 91' lang='lat'><strong>:</strong></span> <span class='ocrx_word' id='word_1_196' title='bbox 2326 1484 2386 1529; x_wconf 90' lang='lat' dir='ltr'><strong>ut</strong></span> <span class='ocrx_word' id='word_1_197' title='bbox 2411 1490 2534 1530; x_wconf 89' lang='lat' dir='ltr'><strong>cum</strong></span> <span class='ocrx_word' id='word_1_198' title='bbox 2559 1475 2670 1528; x_wconf 88' lang='lat' dir='ltr'><strong>vult</strong></span> <span class='ocrx_word' id='word_1_199' title='bbox 2691 1489 2848 1530; x_wconf 86' lang='lat' dir='ltr'><strong>arare</strong></span> <span class='ocrx_word' id='word_1_200' title='bbox 2867 1473 2961 1530; x_wconf 77' lang='lat' dir='ltr'><strong>vcl-</strong></span> <span class='ocrx_word' id='word_1_201' title='bbox 2977 1473 3247 1539; x_wconf 76' lang='lat' dir='ltr'><strong>laborare,</strong></span> <span class='ocrx_word' id='word_1_202' title='bbox 3271 1483 3330 1528; x_wconf 86' lang='lat' dir='ltr'><strong>ut</strong></span> <span class='ocrx_word' id='word_1_203' title='bbox 3351 1473 3550 1528; x_wconf 85' lang='lat' dir='ltr'><strong>habeat</strong></span> <span class='ocrx_word' id='word_1_204' title='bbox 3571 1475 3718 1528; x_wconf 88' lang='lat' dir='ltr'><strong>unde</strong></span> 
     </span>
    </p>
   </div>
   <div class='ocr_carea' id='block_1_28' title="bbox 2139 1565 3715 1635">
    <p class='ocr_par' dir='ltr' id='par_1_28' title="bbox 2139 1565 3715 1635">
     <span class='ocr_line' id='line_1_28' title="bbox 2139 1565 3715 1635; baseline -0.001 -16"><span class='ocrx_word' id='word_1_205' title='bbox 2139 1574 2357 1620; x_wconf 86' lang='lat' dir='ltr'><strong>tueatur</strong></span> <span class='ocrx_word' id='word_1_206' title='bbox 2381 1566 2548 1621; x_wconf 87' lang='lat' dir='ltr'><strong>vitam</strong></span> <span class='ocrx_word' id='word_1_207' title='bbox 2565 1575 2621 1622; x_wconf 88' lang='lat' dir='ltr'><strong>et</strong></span> <span class='ocrx_word' id='word_1_208' title='bbox 2640 1565 3030 1635; x_wconf 68' lang='lat' dir='ltr'><strong>salutem,fquae</strong></span> <span class='ocrx_word' id='word_1_209' title='bbox 3053 1565 3334 1622; x_wconf 88' lang='lat' dir='ltr'><strong>commoda</strong></span> <span class='ocrx_word' id='word_1_210' title='bbox 3352 1565 3715 1635; x_wconf 89' lang='lat' dir='ltr'><strong>judicatcsse.</strong></span> 
     </span>
    </p>
   </div>
   <div class='ocr_carea' id='block_1_29' title="bbox 453 1648 3722 1727">
    <p class='ocr_par' dir='ltr' id='par_1_29' title="bbox 453 1648 3722 1727">
     <span class='ocr_line' id='line_1_29' title="bbox 453 1648 3722 1727; baseline 0.002 -27"><span class='ocrx_word' id='word_1_211' title='bbox 453 1648 719 1700; x_wconf 84' lang='lat' dir='ltr'><strong>convertit</strong></span> <span class='ocrx_word' id='word_1_212' title='bbox 740 1648 886 1702; x_wconf 84' lang='lat' dir='ltr'><strong>illum</strong></span> <span class='ocrx_word' id='word_1_213' title='bbox 921 1651 1075 1704; x_wconf 88' lang='lat' dir='ltr'><strong>modo</strong></span> <span class='ocrx_word' id='word_1_214' title='bbox 1105 1651 1170 1704; x_wconf 92' lang='lat' dir='ltr'><strong>ad</strong></span> <span class='ocrx_word' id='word_1_215' title='bbox 1205 1650 1489 1705; x_wconf 90' lang='lat' dir='ltr'><strong>videndum</strong></span> <span class='ocrx_word' id='word_1_216' title='bbox 1518 1652 1740 1716; x_wconf 81' lang='lat' dir='ltr'><strong>coelum,</strong></span> <span class='ocrx_word' id='word_1_217' title='bbox 1787 1653 1946 1707; x_wconf 90' lang='lat' dir='ltr'><strong>modo</strong></span> <span class='ocrx_word' id='word_1_218' title='bbox 1967 1654 2034 1708; x_wconf 88' lang='lat' dir='ltr'><strong>ad</strong></span> <span class='ocrx_word' id='word_1_219' title='bbox 2137 1657 2364 1727; x_wconf 79' lang='lat' dir='ltr'><strong>Propter</strong></span> <span class='ocrx_word' id='word_1_220' title='bbox 2395 1657 2771 1714; x_wconf 84' lang='lat' dir='ltr'><strong>rectitudinem</strong></span> <span class='ocrx_word' id='word_1_221' title='bbox 2800 1671 2971 1712; x_wconf 83' lang='lat' dir='ltr'><strong>vero:</strong></span> <span class='ocrx_word' id='word_1_222' title='bbox 3004 1665 3064 1712; x_wconf 89' lang='lat' dir='ltr'><strong>ut</strong></span> <span class='ocrx_word' id='word_1_223' title='bbox 3090 1672 3212 1713; x_wconf 91' lang='lat' dir='ltr'><strong>cum</strong></span> <span class='ocrx_word' id='word_1_224' title='bbox 3251 1657 3367 1711; x_wconf 88' lang='lat' dir='ltr'><strong>vult</strong></span> <span class='ocrx_word' id='word_1_225' title='bbox 3389 1669 3510 1712; x_wconf 91' lang='lat' dir='ltr'><strong>eum</strong></span> <span class='ocrx_word' id='word_1_226' title='bbox 3533 1655 3722 1709; x_wconf 88' lang='lat' dir='ltr'><strong>labore</strong></span> 
     </span>
    </p>
   </div>
   <div class='ocr_carea' id='block_1_30' title="bbox 427 1735 2043 1825">
    <p class='ocr_par' dir='ltr' id='par_1_30' title="bbox 427 1735 2033 1816">
     <span class='ocr_line' id='line_1_30' title="bbox 427 1735 2033 1816; baseline 0.005 -28"><span class='ocrx_word' id='word_1_227' title='bbox 427 1735 742 1816; x_wconf 56' lang='lat' dir='ltr'><strong>{videndum</strong></span> <span class='ocrx_word' id='word_1_228' title='bbox 776 1739 1185 1803; x_wconf 71' lang='lat' dir='ltr'><strong>terram,modo</strong></span> <span class='ocrx_word' id='word_1_229' title='bbox 1210 1741 1276 1794; x_wconf 87' lang='lat' dir='ltr'><strong>ad</strong></span> <span class='ocrx_word' id='word_1_230' title='bbox 1299 1740 1587 1795; x_wconf 84' lang='lat' dir='ltr'><strong>videndum</strong></span> <span class='ocrx_word' id='word_1_231' title='bbox 1619 1740 1820 1810; x_wconf 85' lang='lat' dir='ltr'><strong>aliquid</strong></span> <span class='ocrx_word' id='word_1_232' title='bbox 1869 1741 2033 1796; x_wconf 86' lang='lat' dir='ltr'><strong>aliud.</strong></span> 
     </span>
    </p>
   </div>
   <div class='ocr_carea' id='block_1_31' title="bbox 2144 1735 3719 1825">
    <p class='ocr_par' dir='ltr' id='par_1_31' title="bbox 2144 1743 3719 1825">
     <span class='ocr_line' id='line_1_31' title="bbox 2144 1743 3719 1825; baseline 0.001 -21"><span class='ocrx_word' id='word_1_233' title='bbox 2144 1747 2502 1821; x_wconf 9' lang='lat' dir='ltr'><strong>discereg&#39;W,</strong></span> <span class='ocrx_word' id='word_1_234' title='bbox 2525 1746 3163 1825; x_wconf 30' lang='lat' dir='ltr'><strong>,ut..sciat..recte.,id~9§_l.</strong></span> <span class='ocrx_word' id='word_1_235' title='bbox 3187 1746 3348 1819; x_wconf 76' lang='lat' dir='ltr'><strong>iuste.</strong></span> <span class='ocrx_word' id='word_1_236' title='bbox 3379 1747 3582 1800; x_wconf 74' lang='lat' dir='ltr'><strong>vivere.</strong></span> <span class='ocrx_word' id='word_1_237' title='bbox 3614 1743 3719 1799; x_wconf 78' lang='lat' dir='ltr'><strong>V0-</strong></span> 
     </span>
    </p>
   </div>
   <div class='ocr_carea' id='block_1_32' title="bbox 429 1801 3720 1909">
    <p class='ocr_par' dir='ltr' id='par_1_32' title="bbox 429 1801 3720 1909">
     <span class='ocr_line' id='line_1_32' title="bbox 429 1801 3720 1909; baseline 0.002 -27"><span class='ocrx_word' id='word_1_238' title='bbox 560 1829 639 1884; x_wconf 90' lang='lat' dir='ltr'><strong>sic</strong></span> <span class='ocrx_word' id='word_1_239' title='bbox 659 1844 872 1901; x_wconf 84' lang='lat' dir='ltr'><strong>semper</strong></span> <span class='ocrx_word' id='word_1_240' title='bbox 901 1828 1608 1887; x_wconf 75' lang='lat' dir='ltr'><strong>habemusinstrumentum</strong></span> <span class='ocrx_word' id='word_1_241' title='bbox 1653 1833 2032 1904; x_wconf 81' lang='lat' dir='ltr'><strong>ratiocinandi,</strong></span> <span class='ocrx_word' id='word_1_242' title='bbox 2069 1801 2110 1858; x_wconf 70' lang='grc' dir='ltr'><strong>Β</strong></span> <span class='ocrx_word' id='word_1_243' title='bbox 2140 1838 2322 1894; x_wconf 89' lang='lat' dir='ltr'><strong>luntas</strong></span> <span class='ocrx_word' id='word_1_244' title='bbox 2358 1815 2522 1904; x_wconf 82' lang='lat' dir='ltr'><strong>vero,</strong></span> <span class='ocrx_word' id='word_1_245' title='bbox 2570 1852 2692 1909; x_wconf 70' lang='lat' dir='ltr'><strong>qua:</strong></span> <span class='ocrx_word' id='word_1_246' title='bbox 2735 1845 2819 1893; x_wconf 91' lang='lat' dir='ltr'><strong>est</strong></span> <span class='ocrx_word' id='word_1_247' title='bbox 2860 1801 3720 1908; x_wconf 24' lang='lat' dir='ltr'><strong>usustazﬁp-emmenti,</strong></span> 
     </span>
    </p>
   </div>
   <div class='ocr_carea' id='block_1_33' title="bbox 456 1907 2038 2008">
    <p class='ocr_par' dir='ltr' id='par_1_33' title="bbox 456 1907 2038 2008">
     <span class='ocr_line' id='line_1_33' title="bbox 456 1907 2038 2008; baseline 0.003 -37"><span class='ocrx_word' id='word_1_248' title='bbox 456 1907 560 1972; x_wconf 73' lang='lat' dir='ltr'><strong>hoc</strong></span> <span class='ocrx_word' id='word_1_249' title='bbox 583 1928 664 1972; x_wconf 89' lang='lat' dir='ltr'><strong>est</strong></span> <span class='ocrx_word' id='word_1_250' title='bbox 688 1920 978 1984; x_wconf 85' lang='lat' dir='ltr'><strong>rationem,</strong></span> <span class='ocrx_word' id='word_1_251' title='bbox 1006 1936 1109 1989; x_wconf 88' lang='lat' dir='ltr'><strong>qua</strong></span> <span class='ocrx_word' id='word_1_252' title='bbox 1140 1937 1244 1975; x_wconf 90' lang='lat' dir='ltr'><strong>non</strong></span> <span class='ocrx_word' id='word_1_253' title='bbox 1277 1937 1491 1991; x_wconf 85' lang='lat' dir='ltr'><strong>semper</strong></span> <span class='ocrx_word' id='word_1_254' title='bbox 1517 1921 1748 1990; x_wconf 83' lang='lat' dir='ltr'><strong>utimur,</strong></span> <span class='ocrx_word' id='word_1_255' title='bbox 1779 1933 1832 2008; x_wconf 72' lang='lat' dir='ltr'><strong>et</strong></span> <span class='ocrx_word' id='word_1_256' title='bbox 1878 1939 2038 1993; x_wconf 90' lang='lat' dir='ltr'><strong>quam</strong></span> 
     </span>
    </p>
   </div>
   <div class='ocr_carea' id='block_1_34' title="bbox 459 2011 2040 2103">
    <p class='ocr_par' dir='ltr' id='par_1_34' title="bbox 459 2011 2040 2103">
     <span class='ocr_line' id='line_1_34' title="bbox 459 2011 2040 2103; baseline 0.006 -42"><span class='ocrx_word' id='word_1_257' title='bbox 459 2012 831 2066; x_wconf 83' lang='lat' dir='ltr'><strong>ratiocinando</strong></span> <span class='ocrx_word' id='word_1_258' title='bbox 858 2013 923 2066; x_wconf 93' lang='lat' dir='ltr'><strong>ad</strong></span> <span class='ocrx_word' id='word_1_259' title='bbox 972 2013 1184 2068; x_wconf 88' lang='lat' dir='ltr'><strong>diversa</strong></span> <span class='ocrx_word' id='word_1_260' title='bbox 1235 2015 1603 2069; x_wconf 85' lang='lat' dir='ltr'><strong>convertimus</strong></span> <span class='ocrx_word' id='word_1_261' title='bbox 1655 2011 2040 2103; x_wconf 51' lang='lat' dir='ltr'><strong>&quot;’ﬂ‘xAﬂ‘cctio</strong></span> 
     </span>
    </p>
   </div>
   <div class='ocr_carea' id='block_1_35' title="bbox 383 2103 2040 2175">
    <p class='ocr_par' dir='ltr' id='par_1_35' title="bbox 383 2103 2040 2175">
     <span class='ocr_line' id='line_1_35' title="bbox 383 2103 2040 2175; baseline 0.005 -23"><span class='ocrx_word' id='word_1_262' title='bbox 383 2142 386 2144; x_wconf 56' lang='grc' dir='ltr'><strong><em>η</em></strong></span> <span class='ocrx_word' id='word_1_263' title='bbox 457 2118 586 2157; x_wconf 87' lang='lat' dir='ltr'><strong>vero</strong></span> <span class='ocrx_word' id='word_1_264' title='bbox 616 2103 960 2158; x_wconf 87' lang='lat' dir='ltr'><strong>instrumenti</strong></span> <span class='ocrx_word' id='word_1_265' title='bbox 986 2105 1452 2169; x_wconf 27' lang='lat' dir='ltr'><strong>volendi,,dicitur</strong></span> <span class='ocrx_word' id='word_1_266' title='bbox 1492 2105 1772 2171; x_wconf 80' lang='lat' dir='ltr'><strong>voluntas;</strong></span> <span class='ocrx_word' id='word_1_267' title='bbox 1823 2106 2040 2175; x_wconf 86' lang='lat' dir='ltr'><strong>quando</strong></span> 
     </span>
    </p>
   </div>
   <div class='ocr_carea' id='block_1_36' title="bbox 457 2193 2040 2268">
    <p class='ocr_par' dir='ltr' id='par_1_36' title="bbox 457 2193 2040 2268">
     <span class='ocr_line' id='line_1_36' title="bbox 457 2193 2040 2268; baseline 0.004 -24"><span class='ocrx_word' id='word_1_268' title='bbox 457 2193 688 2248; x_wconf 88' lang='lat' dir='ltr'><strong>dicimus</strong></span> <span class='ocrx_word' id='word_1_269' title='bbox 719 2194 991 2248; x_wconf 75' lang='lat' dir='ltr'><strong>hominem</strong></span> <span class='ocrx_word' id='word_1_270' title='bbox 1019 2209 1231 2264; x_wconf 89' lang='lat' dir='ltr'><strong>semper</strong></span> <span class='ocrx_word' id='word_1_271' title='bbox 1256 2194 1454 2248; x_wconf 88' lang='lat' dir='ltr'><strong>habere</strong></span> <span class='ocrx_word' id='word_1_272' title='bbox 1481 2194 1805 2250; x_wconf 63' lang='lat' dir='ltr'><strong>voluntatem</strong></span> <span class='ocrx_word' id='word_1_273' title='bbox 1837 2195 2040 2268; x_wconf 79' lang='lat' dir='ltr'><strong>utbene</strong></span> 
     </span>
    </p>
   </div>
   <div class='ocr_carea' id='block_1_37' title="bbox 457 2267 2060 2357">
    <p class='ocr_par' dir='ltr' id='par_1_37' title="bbox 457 2267 2060 2357">
     <span class='ocr_line' id='line_1_37' title="bbox 457 2267 2060 2357; baseline 0.003 -20"><span class='ocrx_word' id='word_1_274' title='bbox 457 2285 559 2357; x_wconf 57' lang='lat' dir='ltr'><strong>sibi</strong></span> <span class='ocrx_word' id='word_1_275' title='bbox 583 2285 651 2338; x_wconf 88' lang='lat' dir='ltr'><strong>sit</strong></span> <span class='ocrx_word' id='word_1_276' title='bbox 682 2303 694 2338; x_wconf 90' lang='lat'><strong>:</strong></span> <span class='ocrx_word' id='word_1_277' title='bbox 723 2302 978 2340; x_wconf 89' lang='lat' dir='ltr'><strong>vocamus</strong></span> <span class='ocrx_word' id='word_1_278' title='bbox 1006 2301 1240 2356; x_wconf 87' lang='lat' dir='ltr'><strong>namque</strong></span> <span class='ocrx_word' id='word_1_279' title='bbox 1266 2288 1351 2340; x_wconf 86' lang='lat' dir='ltr'><strong>hic</strong></span> <span class='ocrx_word' id='word_1_280' title='bbox 1381 2286 1475 2318; x_wconf 66' lang='grc'><strong>³⁷9³</strong></span> <span class='ocrx_word' id='word_1_281' title='bbox 1504 2287 1870 2352; x_wconf 84' lang='lat' dir='ltr'><strong>voluntatem,_</strong></span> <span class='ocrx_word' id='word_1_282' title='bbox 1905 2267 2060 2342; x_wconf 54' lang='lat' dir='ltr'><strong>alii;</strong></span> 
     </span>
    </p>
   </div>
   <div class='ocr_carea' id='block_1_38' title="bbox 459 2363 2042 2452">
    <p class='ocr_par' dir='ltr' id='par_1_38' title="bbox 459 2363 2042 2452">
     <span class='ocr_line' id='line_1_38' title="bbox 459 2363 2042 2452; baseline 0.002 -23"><span class='ocrx_word' id='word_1_283' title='bbox 459 2363 696 2432; x_wconf 12' lang='lat' dir='ltr'><strong>etioniein</strong></span> <span class='ocrx_word' id='word_1_284' title='bbox 726 2377 1133 2452; x_wconf 29' lang='lat' dir='ltr'><strong>illamzejusdem</strong></span> <span class='ocrx_word' id='word_1_285' title='bbox 1160 2379 1531 2442; x_wconf 85' lang='lat' dir='ltr'><strong>instrumenti,</strong></span> <span class='ocrx_word' id='word_1_286' title='bbox 1579 2395 1683 2448; x_wconf 83' lang='lat' dir='ltr'><strong>qua</strong></span> <span class='ocrx_word' id='word_1_287' title='bbox 1728 2379 1838 2432; x_wconf 87' lang='lat' dir='ltr'><strong>vult</strong></span> <span class='ocrx_word' id='word_1_288' title='bbox 1881 2381 2042 2432; x_wconf 82' lang='lat' dir='ltr'><strong>homo</strong></span> 
     </span>
    </p>
   </div>
   <div class='ocr_carea' id='block_1_39' title="bbox 460 2467 2049 2564">
    <p class='ocr_par' dir='ltr' id='par_1_39' title="bbox 460 2467 2049 2564">
     <span class='ocr_line' id='line_1_39' title="bbox 460 2467 2049 2564; baseline 0.004 -46"><span class='ocrx_word' id='word_1_289' title='bbox 460 2467 1288 2564; x_wconf 25' lang='lat' dir='ltr'><strong>lietméihiesf‘eqtliod‘emjimdo</strong></span> <span class='ocrx_word' id='word_1_290' title='bbox 1311 2467 2049 2543; x_wconf 52' lang='lat' dir='ltr'><strong>sanctus.homo’masscrii</strong></span> 
     </span>
    </p>
   </div>
   <div class='ocr_carea' id='block_1_40' title="bbox 464 2541 2050 2630">
    <p class='ocr_par' dir='ltr' id='par_1_40' title="bbox 464 2541 2050 2630">
     <span class='ocr_line' id='line_1_40' title="bbox 464 2541 2050 2630; baseline -0.001 -22"><span class='ocrx_word' id='word_1_291' title='bbox 464 2541 1281 2630; x_wconf 46' lang='grc' dir='ltr'><strong>ιιιεξθιίἆῖίῖἓῖιῖῗύρῇᾇξῖίῐῖξῑλιοη</strong></span> <span class='ocrx_word' id='word_1_292' title='bbox 1315 2541 1532 2626; x_wconf 71' lang='lat' dir='ltr'><strong>cogitat,</strong></span> <span class='ocrx_word' id='word_1_293' title='bbox 1559 2561 1925 2614; x_wconf 71' lang='lat' dir='ltr'><strong>indesiuentrr</strong></span> <span class='ocrx_word' id='word_1_294' title='bbox 1950 2562 2050 2612; x_wconf 63' lang='lat' dir='ltr'><strong>lia-</strong></span> 
     </span>
    </p>
   </div>
   <div class='ocr_carea' id='block_1_41' title="bbox 463 2649 2042 2718">
    <p class='ocr_par' dir='ltr' id='par_1_41' title="bbox 463 2649 2042 2718">
     <span class='ocr_line' id='line_1_41' title="bbox 463 2649 2042 2718; baseline 0.003 -19"><span class='ocrx_word' id='word_1_295' title='bbox 463 2652 590 2703; x_wconf 67' lang='lat' dir='ltr'><strong>tere</strong></span> <span class='ocrx_word' id='word_1_296' title='bbox 606 2649 1085 2718; x_wconf 82' lang='lat' dir='ltr'><strong>voluntatetujuste</strong></span> <span class='ocrx_word' id='word_1_297' title='bbox 1104 2650 1317 2705; x_wconf 79' lang='lat' dir='ltr'><strong>vivendi</strong></span> <span class='ocrx_word' id='word_1_298' title='bbox 1335 2651 1448 2702; x_wconf 72' lang='grc'><strong>³⁷⁸⁵.</strong></span> <span class='ocrx_word' id='word_1_299' title='bbox 1467 2650 1546 2708; x_wconf 79' lang='lat' dir='ltr'><strong>Et.</strong></span> <span class='ocrx_word' id='word_1_300' title='bbox 1566 2666 1686 2704; x_wconf 84' lang='lat' dir='ltr'><strong>cum</strong></span> <span class='ocrx_word' id='word_1_301' title='bbox 1710 2651 1845 2704; x_wconf 86' lang='lat' dir='ltr'><strong>hanc</strong></span> <span class='ocrx_word' id='word_1_302' title='bbox 1861 2651 2042 2704; x_wconf 78' lang='lat' dir='ltr'><strong>volan—</strong></span> 
     </span>
    </p>
   </div>
   <div class='ocr_carea' id='block_1_42' title="bbox 464 2739 2042 2812">
    <p class='ocr_par' dir='ltr' id='par_1_42' title="bbox 464 2739 2042 2812">
     <span class='ocr_line' id='line_1_42' title="bbox 464 2739 2042 2812; baseline 0 -20"><span class='ocrx_word' id='word_1_303' title='bbox 464 2751 626 2795; x_wconf 90' lang='lat' dir='ltr'><strong>tatem</strong></span> <span class='ocrx_word' id='word_1_304' title='bbox 644 2740 935 2795; x_wconf 87' lang='lat' dir='ltr'><strong>asserimus</strong></span> <span class='ocrx_word' id='word_1_305' title='bbox 949 2740 1110 2794; x_wconf 90' lang='lat' dir='ltr'><strong>alium</strong></span> <span class='ocrx_word' id='word_1_306' title='bbox 1125 2739 1236 2812; x_wconf 77' lang='lat' dir='ltr'><strong>alio</strong></span> <span class='ocrx_word' id='word_1_307' title='bbox 1250 2739 1508 2808; x_wconf 84' lang='lat' dir='ltr'><strong>majorem</strong></span> <span class='ocrx_word' id='word_1_308' title='bbox 1525 2741 1753 2803; x_wconf 85' lang='lat' dir='ltr'><strong>habere;</strong></span> <span class='ocrx_word' id='word_1_309' title='bbox 1783 2755 1887 2793; x_wconf 92' lang='lat' dir='ltr'><strong>non</strong></span> <span class='ocrx_word' id='word_1_310' title='bbox 1900 2739 2042 2793; x_wconf 89' lang='lat' dir='ltr'><strong>aliud</strong></span> 
     </span>
    </p>
   </div>
   <div class='ocr_carea' id='block_1_43' title="bbox 461 2813 2044 2901">
    <p class='ocr_par' dir='ltr' id='par_1_43' title="bbox 461 2813 2044 2901">
     <span class='ocr_line' id='line_1_43' title="bbox 461 2813 2044 2901; baseline 0.002 -18"><span class='ocrx_word' id='word_1_311' title='bbox 461 2833 692 2886; x_wconf 88' lang='lat' dir='ltr'><strong>dicimus</strong></span> <span class='ocrx_word' id='word_1_312' title='bbox 725 2832 1092 2898; x_wconf 88' lang='lat' dir='ltr'><strong>voluntatem,</strong></span> <span class='ocrx_word' id='word_1_313' title='bbox 1124 2813 1286 2901; x_wconf 71' lang='lat' dir='ltr'><strong>quam</strong></span> <span class='ocrx_word' id='word_1_314' title='bbox 1325 2818 1841 2886; x_wconf 50' lang='lat' dir='ltr'><strong>illaudatl‘ectiouetu</strong></span> <span class='ocrx_word' id='word_1_315' title='bbox 1875 2831 2044 2901; x_wconf 86' lang='lat' dir='ltr'><strong>ipsius</strong></span> 
     </span>
    </p>
   </div>
   <div class='ocr_carea' id='block_1_44' title="bbox 468 2922 2044 2996">
    <p class='ocr_par' dir='ltr' id='par_1_44' title="bbox 468 2922 2044 2996">
     <span class='ocr_line' id='line_1_44' title="bbox 468 2922 2044 2996; baseline -0.003 -16"><span class='ocrx_word' id='word_1_316' title='bbox 468 2926 625 2996; x_wconf 81' lang='lat'><strong>133</strong></span> <span class='ocrx_word' id='word_1_317' title='bbox 649 2925 1015 2988; x_wconf 83' lang='lat' dir='ltr'><strong>instrumenti,</strong></span> <span class='ocrx_word' id='word_1_318' title='bbox 1046 2940 1150 2994; x_wconf 53' lang='lat' dir='ltr'><strong>qua</strong></span> <span class='ocrx_word' id='word_1_319' title='bbox 1181 2924 1293 2977; x_wconf 89' lang='lat' dir='ltr'><strong>vult</strong></span> <span class='ocrx_word' id='word_1_320' title='bbox 1313 2922 1458 2990; x_wconf 89' lang='lat' dir='ltr'><strong>juste</strong></span> <span class='ocrx_word' id='word_1_321' title='bbox 1480 2924 1683 2978; x_wconf 90' lang='lat' dir='ltr'><strong>vivere.</strong></span> <span class='ocrx_word' id='word_1_322' title='bbox 1713 2924 2044 2978; x_wconf 85' lang='lat' dir='ltr'><strong>Instrumen-</strong></span> 
     </span>
    </p>
   </div>
   <div class='ocr_carea' id='block_1_45' title="bbox 464 3013 2044 3081">
    <p class='ocr_par' dir='ltr' id='par_1_45' title="bbox 464 3013 2044 3081">
     <span class='ocr_line' id='line_1_45' title="bbox 464 3013 2044 3081; baseline 0.001 -14"><span class='ocrx_word' id='word_1_323' title='bbox 464 3024 578 3067; x_wconf 91' lang='lat' dir='ltr'><strong>tum</strong></span> <span class='ocrx_word' id='word_1_324' title='bbox 618 3015 762 3069; x_wconf 90' lang='lat' dir='ltr'><strong>enim</strong></span> <span class='ocrx_word' id='word_1_325' title='bbox 794 3029 900 3069; x_wconf 90' lang='lat' dir='ltr'><strong>non</strong></span> <span class='ocrx_word' id='word_1_326' title='bbox 929 3015 1022 3045; x_wconf 63' lang='lat'><strong>&quot;9‘</strong></span> <span class='ocrx_word' id='word_1_327' title='bbox 1047 3024 1130 3068; x_wconf 89' lang='lat' dir='ltr'><strong>est</strong></span> <span class='ocrx_word' id='word_1_328' title='bbox 1165 3015 1217 3068; x_wconf 93' lang='lat' dir='ltr'><strong>in</strong></span> <span class='ocrx_word' id='word_1_329' title='bbox 1263 3013 1370 3067; x_wconf 86' lang='lat' dir='ltr'><strong>alio</strong></span> <span class='ocrx_word' id='word_1_330' title='bbox 1399 3013 1605 3081; x_wconf 86' lang='lat' dir='ltr'><strong>majus,</strong></span> <span class='ocrx_word' id='word_1_331' title='bbox 1636 3023 1689 3068; x_wconf 88' lang='lat' dir='ltr'><strong>et</strong></span> <span class='ocrx_word' id='word_1_332' title='bbox 1729 3014 1782 3068; x_wconf 91' lang='lat' dir='ltr'><strong>iu</strong></span> <span class='ocrx_word' id='word_1_333' title='bbox 1812 3013 1918 3068; x_wconf 87' lang='lat' dir='ltr'><strong>alio</strong></span> <span class='ocrx_word' id='word_1_334' title='bbox 1943 3013 2044 3068; x_wconf 90' lang='lat' dir='ltr'><strong>mi-</strong></span> 
     </span>
    </p>
   </div>
   <div class='ocr_carea' id='block_1_46' title="bbox 2140 1928 3726 2000">
    <p class='ocr_par' dir='ltr' id='par_1_46' title="bbox 2140 1928 3726 2000">
     <span class='ocr_line' id='line_1_46' title="bbox 2140 1928 3726 2000; baseline -0.003 -15"><span class='ocrx_word' id='word_1_335' title='bbox 2140 1945 2245 1986; x_wconf 92' lang='lat' dir='ltr'><strong>non</strong></span> <span class='ocrx_word' id='word_1_336' title='bbox 2267 1940 2348 1986; x_wconf 89' lang='lat' dir='ltr'><strong>est</strong></span> <span class='ocrx_word' id='word_1_337' title='bbox 2377 1931 2477 1986; x_wconf 89' lang='lat' dir='ltr'><strong>nisi</strong></span> <span class='ocrx_word' id='word_1_338' title='bbox 2509 1946 2631 1986; x_wconf 90' lang='lat' dir='ltr'><strong>cum</strong></span> <span class='ocrx_word' id='word_1_339' title='bbox 2653 1931 2857 2000; x_wconf 76' lang='lat' dir='ltr'><strong>cogitat</strong></span> <span class='ocrx_word' id='word_1_340' title='bbox 2880 1929 3075 2000; x_wconf 79' lang='lat' dir='ltr'><strong>aliquis</strong></span> <span class='ocrx_word' id='word_1_341' title='bbox 3099 1930 3243 2000; x_wconf 91' lang='lat' dir='ltr'><strong>quod</strong></span> <span class='ocrx_word' id='word_1_342' title='bbox 3271 1929 3406 1995; x_wconf 88' lang='lat' dir='ltr'><strong>vult,</strong></span> <span class='ocrx_word' id='word_1_343' title='bbox 3428 1937 3492 1982; x_wconf 91' lang='lat' dir='ltr'><strong>ut</strong></span> <span class='ocrx_word' id='word_1_344' title='bbox 3511 1928 3726 1983; x_wconf 87' lang='lat' dir='ltr'><strong>dictum</strong></span> 
     </span>
    </p>
   </div>
   <div class='ocr_carea' id='block_1_47' title="bbox 2141 2019 3726 2146">
    <p class='ocr_par' dir='ltr' id='par_1_47' title="bbox 2141 2019 3726 2146">
     <span class='ocr_line' id='line_1_47' title="bbox 2141 2019 3726 2146; baseline -0.003 -70"><span class='ocrx_word' id='word_1_345' title='bbox 2141 2031 2240 2077; x_wconf 90' lang='lat' dir='ltr'><strong>est.</strong></span> <span class='ocrx_word' id='word_1_346' title='bbox 2276 2021 2444 2090; x_wconf 85' lang='lat' dir='ltr'><strong>Hujus</strong></span> <span class='ocrx_word' id='word_1_347' title='bbox 2471 2021 2766 2077; x_wconf 85' lang='lat' dir='ltr'><strong>voluntatis</strong></span> <span class='ocrx_word' id='word_1_348' title='bbox 2796 2020 3076 2091; x_wconf 78' lang='lat' dir='ltr'><strong>multiplex</strong></span> <span class='ocrx_word' id='word_1_349' title='bbox 3117 2028 3203 2077; x_wconf 90' lang='lat' dir='ltr'><strong>est</strong></span> <span class='ocrx_word' id='word_1_350' title='bbox 3242 2019 3436 2146; x_wconf 49' lang='lat' dir='ltr'><strong>divisio</strong></span> <span class='ocrx_word' id='word_1_351' title='bbox 3465 2035 3477 2072; x_wconf 93' lang='lat'><strong>:</strong></span> <span class='ocrx_word' id='word_1_352' title='bbox 3508 2019 3576 2073; x_wconf 89' lang='lat' dir='ltr'><strong>de</strong></span> <span class='ocrx_word' id='word_1_353' title='bbox 3611 2033 3726 2087; x_wconf 68' lang='lat' dir='ltr'><strong>qua</strong></span> 
     </span>
     <span class='ocr_line' id='line_1_48' title="bbox 2141 2109 3724 2146; baseline 0 0"><span class='ocrx_word' id='word_1_354' title='bbox 2141 2130 2246 2146; x_wconf 72' lang='lat'><strong>......</strong></span> <span class='ocrx_word' id='word_1_355' title='bbox 2276 2115 2436 2146; x_wconf 62' lang='grc' dir='ltr'>,ηηηη</span> <span class='ocrx_word' id='word_1_356' title='bbox 2495 2113 2591 2146; x_wconf 61' lang='grc' dir='ltr'><strong>ειμι</strong></span> <span class='ocrx_word' id='word_1_357' title='bbox 2633 2113 2856 2146; x_wconf 60' lang='lat' dir='ltr'><strong>mna...</strong></span> <span class='ocrx_word' id='word_1_358' title='bbox 2889 2111 3023 2146; x_wconf 51' lang='lat' dir='ltr'><strong>an“</strong></span> <span class='ocrx_word' id='word_1_359' title='bbox 3054 2111 3295 2146; x_wconf 54' lang='lat' dir='ltr'><strong>manu.“</strong></span> <span class='ocrx_word' id='word_1_360' title='bbox 3347 2109 3496 2146; x_wconf 59' lang='lat' dir='ltr'><strong>van.</strong></span> <span class='ocrx_word' id='word_1_361' title='bbox 3537 2117 3724 2146; x_wconf 67' lang='lat' dir='ltr'><strong>annm</strong></span> 
     </span>
    </p>
   </div>
   <div class='ocr_carea' id='block_1_48' title="bbox 2141 2109 3738 2178">
    <p class='ocr_par' dir='ltr' id='par_1_48' title="bbox 2141 2109 3738 2178">
     <span class='ocr_line' id='line_1_49' title="bbox 2141 2109 3738 2178; baseline -0.004 -9"><span class='ocrx_word' id='word_1_362' title='bbox 2141 2130 2248 2171; x_wconf 87' lang='lat' dir='ltr'><strong>non</strong></span> <span class='ocrx_word' id='word_1_363' title='bbox 2276 2115 2458 2178; x_wconf 87' lang='lat' dir='ltr'><strong>modo,</strong></span> <span class='ocrx_word' id='word_1_364' title='bbox 2494 2113 2592 2169; x_wconf 83' lang='lat' dir='ltr'><strong>sed</strong></span> <span class='ocrx_word' id='word_1_365' title='bbox 2631 2113 2857 2168; x_wconf 76' lang='lat' dir='ltr'><strong>forsitan</strong></span> <span class='ocrx_word' id='word_1_366' title='bbox 2888 2111 3028 2166; x_wconf 85' lang='lat' dir='ltr'><strong>alias</strong></span> <span class='ocrx_word' id='word_1_367' title='bbox 3054 2109 3497 2166; x_wconf 80' lang='lat' dir='ltr'><strong>dieemus.’Velle</strong></span> <span class='ocrx_word' id='word_1_368' title='bbox 3536 2117 3738 2164; x_wconf 74' lang='lat' dir='ltr'><strong>autem</strong></span> 
     </span>
    </p>
   </div>
   <div class='ocr_carea' id='block_1_49' title="bbox 2142 2202 3723 2276">
    <p class='ocr_par' dir='ltr' id='par_1_49' title="bbox 2142 2202 3723 2276">
     <span class='ocr_line' id='line_1_50' title="bbox 2142 2202 3723 2276; baseline -0.005 -16"><span class='ocrx_word' id='word_1_369' title='bbox 2142 2207 2476 2276; x_wconf 81' lang='lat' dir='ltr'><strong>aequivocum</strong></span> <span class='ocrx_word' id='word_1_370' title='bbox 2505 2213 2610 2268; x_wconf 87' lang='lat' dir='ltr'><strong>cst,</strong></span> <span class='ocrx_word' id='word_1_371' title='bbox 2641 2205 2781 2259; x_wconf 90' lang='lat' dir='ltr'><strong>sicut</strong></span> <span class='ocrx_word' id='word_1_372' title='bbox 2805 2203 2990 2259; x_wconf 88' lang='lat' dir='ltr'><strong>videre</strong></span> <span class='ocrx_word' id='word_1_373' title='bbox 3021 2221 3036 2258; x_wconf 86' lang='lat'><strong>:</strong></span> <span class='ocrx_word' id='word_1_374' title='bbox 3069 2202 3524 2274; x_wconf 84' lang='lat' dir='ltr'><strong>quemadmodum</strong></span> <span class='ocrx_word' id='word_1_375' title='bbox 3559 2215 3723 2254; x_wconf 86' lang='lat' dir='ltr'><strong>nam-</strong></span> 
     </span>
    </p>
   </div>
   <div class='ocr_carea' id='block_1_50' title="bbox 2143 2289 3737 2369">
    <p class='ocr_par' dir='ltr' id='par_1_50' title="bbox 2143 2289 3737 2369">
     <span class='ocr_line' id='line_1_51' title="bbox 2143 2289 3737 2369; baseline -0.005 -20"><span class='ocrx_word' id='word_1_376' title='bbox 2143 2313 2248 2369; x_wconf 82' lang='lat' dir='ltr'><strong>que</strong></span> <span class='ocrx_word' id='word_1_377' title='bbox 2277 2296 2479 2350; x_wconf 88' lang='lat' dir='ltr'><strong>dicitur</strong></span> <span class='ocrx_word' id='word_1_378' title='bbox 2511 2295 2724 2355; x_wconf 84' lang='lat' dir='ltr'><strong>videre,</strong></span> <span class='ocrx_word' id='word_1_379' title='bbox 2759 2295 2850 2364; x_wconf 89' lang='lat' dir='ltr'><strong>qui</strong></span> <span class='ocrx_word' id='word_1_380' title='bbox 2884 2294 3054 2348; x_wconf 90' lang='lat' dir='ltr'><strong>utitur</strong></span> <span class='ocrx_word' id='word_1_381' title='bbox 3081 2293 3198 2347; x_wconf 89' lang='lat' dir='ltr'><strong>visu</strong></span> <span class='ocrx_word' id='word_1_382' title='bbox 3226 2309 3240 2356; x_wconf 90' lang='lat'><strong>;</strong></span> <span class='ocrx_word' id='word_1_383' title='bbox 3267 2300 3322 2347; x_wconf 90' lang='lat' dir='ltr'><strong>et</strong></span> <span class='ocrx_word' id='word_1_384' title='bbox 3349 2292 3439 2359; x_wconf 91' lang='lat' dir='ltr'><strong>qui</strong></span> <span class='ocrx_word' id='word_1_385' title='bbox 3471 2307 3576 2344; x_wconf 90' lang='lat' dir='ltr'><strong>non</strong></span> <span class='ocrx_word' id='word_1_386' title='bbox 3613 2289 3737 2342; x_wconf 85' lang='lat' dir='ltr'><strong>uti-.</strong></span> 
     </span>
    </p>
   </div>
   <div class='ocr_carea' id='block_1_51' title="bbox 2146 2379 3748 2454">
    <p class='ocr_par' dir='ltr' id='par_1_51' title="bbox 2146 2379 3748 2454">
     <span class='ocr_line' id='line_1_52' title="bbox 2146 2379 3748 2454; baseline -0.006 -15"><span class='ocrx_word' id='word_1_387' title='bbox 2146 2397 2253 2451; x_wconf 90' lang='lat' dir='ltr'><strong>tur,</strong></span> <span class='ocrx_word' id='word_1_388' title='bbox 2277 2384 2367 2439; x_wconf 87' lang='lat' dir='ltr'><strong>sed</strong></span> <span class='ocrx_word' id='word_1_389' title='bbox 2396 2385 2486 2454; x_wconf 89' lang='lat' dir='ltr'><strong>qui</strong></span> <span class='ocrx_word' id='word_1_390' title='bbox 2512 2384 2673 2440; x_wconf 90' lang='lat' dir='ltr'><strong>habet</strong></span> <span class='ocrx_word' id='word_1_391' title='bbox 2699 2384 3054 2454; x_wconf 84' lang='lat' dir='ltr'><strong>aptitudinem</strong></span> <span class='ocrx_word' id='word_1_392' title='bbox 3078 2381 3291 2435; x_wconf 82' lang='lat' dir='ltr'><strong>videndi</strong></span> <span class='ocrx_word' id='word_1_393' title='bbox 3315 2399 3328 2434; x_wconf 90' lang='lat'><strong>:</strong></span> <span class='ocrx_word' id='word_1_394' title='bbox 3354 2381 3426 2434; x_wconf 87' lang='lat' dir='ltr'><strong>ita</strong></span> <span class='ocrx_word' id='word_1_395' title='bbox 3459 2379 3748 2434; x_wconf 68' lang='lat' dir='ltr'><strong>asseritur</strong></span> 
     </span>
    </p>
   </div>
   <div class='ocr_carea' id='block_1_52' title="bbox 2117 2469 3750 2558">
    <p class='ocr_par' dir='ltr' id='par_1_52' title="bbox 2117 2469 3750 2558">
     <span class='ocr_line' id='line_1_53' title="bbox 2117 2469 3750 2558; baseline -0.004 -29"><span class='ocrx_word' id='word_1_396' title='bbox 2117 2478 2298 2543; x_wconf 80' lang='lat' dir='ltr'><strong>.velle,</strong></span> <span class='ocrx_word' id='word_1_397' title='bbox 2330 2487 2386 2532; x_wconf 90' lang='lat' dir='ltr'><strong>et</strong></span> <span class='ocrx_word' id='word_1_398' title='bbox 2427 2477 2526 2547; x_wconf 86' lang='lat' dir='ltr'><strong>qui</strong></span> <span class='ocrx_word' id='word_1_399' title='bbox 2563 2477 2736 2531; x_wconf 83' lang='lat' dir='ltr'><strong>utitur</strong></span> <span class='ocrx_word' id='word_1_400' title='bbox 2772 2477 3140 2530; x_wconf 89' lang='lat' dir='ltr'><strong>instrumento</strong></span> <span class='ocrx_word' id='word_1_401' title='bbox 3174 2471 3383 2526; x_wconf 85' lang='lat' dir='ltr'><strong>volendi</strong></span> 
     </span>
    </p>
   </div>
   <div class='ocr_carea' id='block_1_53' title="bbox 2144 2561 3730 2638">
    <p class='ocr_par' dir='ltr' id='par_1_53' title="bbox 2144 2561 3730 2638">
     <span class='ocr_line' id='line_1_54' title="bbox 2144 2561 3730 2638; baseline -0.006 -15"><span class='ocrx_word' id='word_1_402' title='bbox 2144 2569 2286 2638; x_wconf 89' lang='lat' dir='ltr'><strong>quod</strong></span> <span class='ocrx_word' id='word_1_403' title='bbox 2315 2567 2456 2631; x_wconf 83' lang='lat' dir='ltr'><strong>vult;</strong></span> <span class='ocrx_word' id='word_1_404' title='bbox 2487 2576 2550 2624; x_wconf 76' lang='lat' dir='ltr'><strong>et</strong></span> <span class='ocrx_word' id='word_1_405' title='bbox 2571 2567 2663 2637; x_wconf 90' lang='lat' dir='ltr'><strong>qui</strong></span> <span class='ocrx_word' id='word_1_406' title='bbox 2691 2583 2795 2621; x_wconf 90' lang='lat' dir='ltr'><strong>non</strong></span> <span class='ocrx_word' id='word_1_407' title='bbox 2834 2566 3022 2630; x_wconf 86' lang='lat' dir='ltr'><strong>utitur,</strong></span> <span class='ocrx_word' id='word_1_408' title='bbox 3052 2563 3306 2634; x_wconf 86' lang='lat' dir='ltr'><strong>quoniam</strong></span> <span class='ocrx_word' id='word_1_409' title='bbox 3346 2561 3730 2622; x_wconf 75' lang='lat' dir='ltr'><strong>atlectiouem,</strong></span> 
     </span>
    </p>
   </div>
   <div class='ocr_carea' id='block_1_54' title="bbox 2148 2649 3751 2727">
    <p class='ocr_par' dir='ltr' id='par_1_54' title="bbox 2148 2649 3751 2727">
     <span class='ocr_line' id='line_1_55' title="bbox 2148 2649 3751 2727; baseline -0.003 -15"><span class='ocrx_word' id='word_1_410' title='bbox 2148 2659 2249 2714; x_wconf 85' lang='lat' dir='ltr'><strong>hoc</strong></span> <span class='ocrx_word' id='word_1_411' title='bbox 2274 2666 2357 2712; x_wconf 87' lang='lat' dir='ltr'><strong>est</strong></span> <span class='ocrx_word' id='word_1_412' title='bbox 2385 2657 2769 2727; x_wconf 85' lang='lat' dir='ltr'><strong>aptitudinem,</strong></span> <span class='ocrx_word' id='word_1_413' title='bbox 2817 2655 2983 2710; x_wconf 90' lang='lat' dir='ltr'><strong>habet</strong></span> <span class='ocrx_word' id='word_1_414' title='bbox 3022 2652 3254 2708; x_wconf 76' lang='lat' dir='ltr'><strong>valendi.</strong></span> <span class='ocrx_word' id='word_1_415' title='bbox 3289 2651 3393 2706; x_wconf 85' lang='lat' dir='ltr'><strong>Per</strong></span> <span class='ocrx_word' id='word_1_416' title='bbox 3428 2650 3532 2704; x_wconf 90' lang='lat' dir='ltr'><strong>hoc</strong></span> <span class='ocrx_word' id='word_1_417' title='bbox 3556 2649 3751 2707; x_wconf 84' lang='lat' dir='ltr'><strong>etiam.</strong></span> 
     </span>
    </p>
   </div>
   <div class='ocr_carea' id='block_1_55' title="bbox 2146 2739 3734 2817">
    <p class='ocr_par' dir='ltr' id='par_1_55' title="bbox 2146 2739 3734 2817">
     <span class='ocr_line' id='line_1_56' title="bbox 2146 2739 3734 2817; baseline -0.008 -14"><span class='ocrx_word' id='word_1_418' title='bbox 2146 2747 2403 2817; x_wconf 81' lang='lat' dir='ltr'><strong>cognosci</strong></span> <span class='ocrx_word' id='word_1_419' title='bbox 2436 2755 2614 2816; x_wconf 89' lang='lat' dir='ltr'><strong>potest</strong></span> <span class='ocrx_word' id='word_1_420' title='bbox 2663 2744 2825 2799; x_wconf 88' lang='lat' dir='ltr'><strong>aliam</strong></span> <span class='ocrx_word' id='word_1_421' title='bbox 2869 2758 2990 2801; x_wconf 88' lang='lat' dir='ltr'><strong>esse</strong></span> <span class='ocrx_word' id='word_1_422' title='bbox 3024 2741 3356 2797; x_wconf 86' lang='lat' dir='ltr'><strong>voluntatem</strong></span> <span class='ocrx_word' id='word_1_423' title='bbox 3398 2739 3734 2794; x_wconf 83' lang='lat' dir='ltr'><strong>instrumen-</strong></span> 
     </span>
    </p>
   </div>
   <div class='ocr_carea' id='block_1_56' title="bbox 2145 2829 3732 2901">
    <p class='ocr_par' dir='ltr' id='par_1_56' title="bbox 2145 2829 3732 2901">
     <span class='ocr_line' id='line_1_57' title="bbox 2145 2829 3732 2901; baseline -0.008 -9"><span class='ocrx_word' id='word_1_424' title='bbox 2145 2847 2256 2892; x_wconf 88' lang='lat' dir='ltr'><strong>tum</strong></span> <span class='ocrx_word' id='word_1_425' title='bbox 2286 2835 2525 2900; x_wconf 85' lang='lat' dir='ltr'><strong>volendi,</strong></span> <span class='ocrx_word' id='word_1_426' title='bbox 2568 2834 2728 2888; x_wconf 86' lang='lat' dir='ltr'><strong>aliam</strong></span> <span class='ocrx_word' id='word_1_427' title='bbox 2775 2832 2891 2901; x_wconf 83' lang='lat' dir='ltr'><strong>ejus</strong></span> <span class='ocrx_word' id='word_1_428' title='bbox 2938 2831 3306 2896; x_wconf 72' lang='lat' dir='ltr'><strong>ali&#39;ectionem,</strong></span> <span class='ocrx_word' id='word_1_429' title='bbox 3357 2829 3519 2883; x_wconf 86' lang='lat' dir='ltr'><strong>aliam</strong></span> <span class='ocrx_word' id='word_1_430' title='bbox 3565 2841 3732 2882; x_wconf 86' lang='lat' dir='ltr'><strong>usum</strong></span> 
     </span>
    </p>
   </div>
   <div class='ocr_carea' id='block_1_57' title="bbox 2144 2919 3756 3000">
    <p class='ocr_par' dir='ltr' id='par_1_57' title="bbox 2144 2919 3756 3000">
     <span class='ocr_line' id='line_1_58' title="bbox 2144 2919 3756 3000; baseline -0.008 -16"><span class='ocrx_word' id='word_1_431' title='bbox 2144 2929 2396 3000; x_wconf 29' lang='lat' dir='ltr'><strong>ejusdem.</strong></span> <span class='ocrx_word' id='word_1_432' title='bbox 2429 2925 2821 2982; x_wconf 67' lang='lat' dir='ltr'><strong>instrumenti:</strong></span> <span class='ocrx_word' id='word_1_433' title='bbox 2854 2923 2983 2995; x_wconf 86' lang='lat' dir='ltr'><strong>quia</strong></span> <span class='ocrx_word' id='word_1_434' title='bbox 3004 2923 3054 2978; x_wconf 81' lang='lat' dir='ltr'><strong>si</strong></span> <span class='ocrx_word' id='word_1_435' title='bbox 3098 2923 3296 2978; x_wconf 82' lang='lat' dir='ltr'><strong>dicitur</strong></span> <span class='ocrx_word' id='word_1_436' title='bbox 3335 2921 3514 2992; x_wconf 87' lang='lat' dir='ltr'><strong>justus</strong></span> <span class='ocrx_word' id='word_1_437' title='bbox 3540 2919 3756 2983; x_wconf 82' lang='lat' dir='ltr'><strong>homo,_</strong></span> 
     </span>
    </p>
   </div>
   <div class='ocr_carea' id='block_1_58' title="bbox 2146 3008 3734 3084">
    <p class='ocr_par' dir='ltr' id='par_1_58' title="bbox 2146 3008 3734 3084">
     <span class='ocr_line' id='line_1_59' title="bbox 2146 3008 3734 3084; baseline -0.009 -9"><span class='ocrx_word' id='word_1_438' title='bbox 2146 3021 2309 3076; x_wconf 88' lang='lat' dir='ltr'><strong>etiam</strong></span> <span class='ocrx_word' id='word_1_439' title='bbox 2343 3033 2470 3074; x_wconf 90' lang='lat' dir='ltr'><strong>cum</strong></span> <span class='ocrx_word' id='word_1_440' title='bbox 2493 3017 2696 3072; x_wconf 90' lang='lat' dir='ltr'><strong>dormit</strong></span> <span class='ocrx_word' id='word_1_441' title='bbox 2735 3024 2790 3072; x_wconf 89' lang='lat' dir='ltr'><strong>et</strong></span> <span class='ocrx_word' id='word_1_442' title='bbox 2825 3014 2958 3069; x_wconf 89' lang='lat' dir='ltr'><strong>nihil</strong></span> <span class='ocrx_word' id='word_1_443' title='bbox 2985 3013 3217 3084; x_wconf 78' lang='lat' dir='ltr'><strong>cogitat,</strong></span> <span class='ocrx_word' id='word_1_444' title='bbox 3251 3012 3453 3066; x_wconf 84' lang='lat' dir='ltr'><strong>habere</strong></span> <span class='ocrx_word' id='word_1_445' title='bbox 3478 3008 3734 3062; x_wconf 86' lang='lat' dir='ltr'><strong>volunta-</strong></span> 
     </span>
    </p>
   </div>
   <div class='ocr_carea' id='block_1_59' title="bbox 466 3095 3734 3192">
    <p class='ocr_par' dir='ltr' id='par_1_59' title="bbox 466 3095 3734 3192">
     <span class='ocr_line' id='line_1_60' title="bbox 466 3095 3734 3192; baseline -0.003 -34"><span class='ocrx_word' id='word_1_446' title='bbox 466 3121 589 3161; x_wconf 90' lang='lat' dir='ltr'><strong>nus.</strong></span> <span class='ocrx_word' id='word_1_447' title='bbox 620 3105 761 3162; x_wconf 89' lang='lat' dir='ltr'><strong>Usus</strong></span> <span class='ocrx_word' id='word_1_448' title='bbox 789 3114 967 3160; x_wconf 90' lang='lat' dir='ltr'><strong>autem</strong></span> <span class='ocrx_word' id='word_1_449' title='bbox 999 3106 1160 3175; x_wconf 86' lang='lat' dir='ltr'><strong>hujus</strong></span> <span class='ocrx_word' id='word_1_450' title='bbox 1195 3105 1567 3185; x_wconf 85' lang='lat' dir='ltr'><strong>instrumenti,</strong></span> <span class='ocrx_word' id='word_1_451' title='bbox 1599 3105 1843 3160; x_wconf 88' lang='lat' dir='ltr'><strong>voluntas</strong></span> <span class='ocrx_word' id='word_1_452' title='bbox 1872 3104 2044 3160; x_wconf 62' lang='lat' dir='ltr'><strong>nomio</strong></span> <span class='ocrx_word' id='word_1_453' title='bbox 2073 3132 2117 3192; x_wconf 64' lang='grc' dir='ltr'>ε</span> <span class='ocrx_word' id='word_1_454' title='bbox 2151 3121 2256 3166; x_wconf 88' lang='lat' dir='ltr'><strong>tem</strong></span> <span class='ocrx_word' id='word_1_455' title='bbox 2277 3111 2421 3180; x_wconf 85' lang='lat' dir='ltr'><strong>justc</strong></span> <span class='ocrx_word' id='word_1_456' title='bbox 2442 3106 2692 3171; x_wconf 87' lang='lat' dir='ltr'><strong>vivendi;</strong></span> <span class='ocrx_word' id='word_1_457' title='bbox 2719 3113 2775 3160; x_wconf 85' lang='lat' dir='ltr'><strong>et</strong></span> <span class='ocrx_word' id='word_1_458' title='bbox 2806 3102 3036 3172; x_wconf 90' lang='lat' dir='ltr'><strong>injustus</strong></span> <span class='ocrx_word' id='word_1_459' title='bbox 3067 3104 3230 3158; x_wconf 88' lang='lat' dir='ltr'><strong>homo</strong></span> <span class='ocrx_word' id='word_1_460' title='bbox 3253 3107 3480 3170; x_wconf 87' lang='lat' dir='ltr'><strong>negatur</strong></span> <span class='ocrx_word' id='word_1_461' title='bbox 3501 3095 3734 3160; x_wconf 85' lang='lat' dir='ltr'><strong>habere,</strong></span> 
     </span>
    </p>
   </div>
   <div class='ocr_carea' id='block_1_60' title="bbox 465 3182 2045 3266">
    <p class='ocr_par' dir='ltr' id='par_1_60' title="bbox 465 3182 2045 3266">
     <span class='ocr_line' id='line_1_61' title="bbox 465 3182 2045 3266; baseline 0 -14"><span class='ocrx_word' id='word_1_462' title='bbox 465 3206 628 3252; x_wconf 85' lang='lat' dir='ltr'><strong>natur</strong></span> <span class='ocrx_word' id='word_1_463' title='bbox 655 3216 668 3252; x_wconf 89' lang='lat'>:</span> <span class='ocrx_word' id='word_1_464' title='bbox 699 3205 761 3251; x_wconf 90' lang='lat' dir='ltr'><strong>ut</strong></span> <span class='ocrx_word' id='word_1_465' title='bbox 785 3213 906 3254; x_wconf 91' lang='lat' dir='ltr'><strong>cum</strong></span> <span class='ocrx_word' id='word_1_466' title='bbox 940 3197 1069 3252; x_wconf 87' lang='lat' dir='ltr'><strong>dicit</strong></span> <span class='ocrx_word' id='word_1_467' title='bbox 1097 3182 1693 3266; x_wconf 21' lang='lat' dir='ltr'><strong>aliquiszllodo-haheo</strong></span> <span class='ocrx_word' id='word_1_468' title='bbox 1717 3196 2045 3252; x_wconf 87' lang='lat' dir='ltr'><strong>voluntatem</strong></span> 
     </span>
    </p>
   </div>
   <div class='ocr_carea' id='block_1_61' title="bbox 468 3287 2050 3360">
    <p class='ocr_par' dir='ltr' id='par_1_61' title="bbox 468 3287 2050 3360">
     <span class='ocr_line' id='line_1_62' title="bbox 468 3287 2050 3360; baseline -0.001 -16"><span class='ocrx_word' id='word_1_469' title='bbox 468 3289 712 3360; x_wconf 77' lang='lat' dir='ltr'><strong>legendi,</strong></span> <span class='ocrx_word' id='word_1_470' title='bbox 736 3289 788 3344; x_wconf 90' lang='lat' dir='ltr'><strong>id</strong></span> <span class='ocrx_word' id='word_1_471' title='bbox 831 3298 936 3353; x_wconf 87' lang='lat' dir='ltr'><strong>est,</strong></span> <span class='ocrx_word' id='word_1_472' title='bbox 969 3287 1126 3342; x_wconf 85' lang='lat' dir='ltr'><strong>Modo</strong></span> <span class='ocrx_word' id='word_1_473' title='bbox 1155 3287 1276 3342; x_wconf 88' lang='lat' dir='ltr'><strong>volo</strong></span> <span class='ocrx_word' id='word_1_474' title='bbox 1305 3288 1512 3358; x_wconf 85' lang='lat' dir='ltr'><strong>legere;</strong></span> <span class='ocrx_word' id='word_1_475' title='bbox 1543 3299 1662 3354; x_wconf 89' lang='lat' dir='ltr'><strong>aut,</strong></span> <span class='ocrx_word' id='word_1_476' title='bbox 1696 3288 1850 3344; x_wconf 80' lang='lat' dir='ltr'><strong>Modo</strong></span> <span class='ocrx_word' id='word_1_477' title='bbox 1873 3290 2050 3344; x_wconf 89' lang='lat' dir='ltr'><strong>habeo</strong></span> 
     </span>
    </p>
   </div>
   <div class='ocr_carea' id='block_1_62' title="bbox 466 3380 2044 3446">
    <p class='ocr_par' dir='ltr' id='par_1_62' title="bbox 466 3380 2044 3446">
     <span class='ocr_line' id='line_1_63' title="bbox 466 3380 2044 3446; baseline 0.001 -13"><span class='ocrx_word' id='word_1_478' title='bbox 466 3381 799 3436; x_wconf 89' lang='lat' dir='ltr'><strong>voluntatem</strong></span> <span class='ocrx_word' id='word_1_479' title='bbox 829 3380 1136 3446; x_wconf 81' lang='lat' dir='ltr'><strong>scribendi,</strong></span> <span class='ocrx_word' id='word_1_480' title='bbox 1173 3381 1275 3435; x_wconf 85' lang='lat' dir='ltr'><strong>hoc</strong></span> <span class='ocrx_word' id='word_1_481' title='bbox 1305 3389 1407 3444; x_wconf 84' lang='lat' dir='ltr'><strong>est,</strong></span> <span class='ocrx_word' id='word_1_482' title='bbox 1445 3381 1601 3436; x_wconf 83' lang='lat' dir='ltr'><strong>Modo</strong></span> <span class='ocrx_word' id='word_1_483' title='bbox 1639 3381 1756 3435; x_wconf 91' lang='lat' dir='ltr'><strong>volo</strong></span> <span class='ocrx_word' id='word_1_484' title='bbox 1783 3382 2044 3436; x_wconf 85' lang='lat' dir='ltr'><strong>scribere.</strong></span> 
     </span>
    </p>
   </div>
   <div class='ocr_carea' id='block_1_63' title="bbox 469 3470 2046 3540">
    <p class='ocr_par' dir='ltr' id='par_1_63' title="bbox 469 3470 2046 3540">
     <span class='ocr_line' id='line_1_64' title="bbox 469 3470 2046 3540; baseline 0 -16"><span class='ocrx_word' id='word_1_485' title='bbox 469 3471 624 3527; x_wconf 85' lang='lat' dir='ltr'><strong>Sicut</strong></span> <span class='ocrx_word' id='word_1_486' title='bbox 648 3471 792 3525; x_wconf 90' lang='lat' dir='ltr'><strong>enim</strong></span> <span class='ocrx_word' id='word_1_487' title='bbox 814 3471 1017 3535; x_wconf 88' lang='lat' dir='ltr'><strong>videre,</strong></span> <span class='ocrx_word' id='word_1_488' title='bbox 1041 3479 1123 3525; x_wconf 90' lang='lat' dir='ltr'><strong>est</strong></span> <span class='ocrx_word' id='word_1_489' title='bbox 1147 3470 1221 3524; x_wconf 92' lang='lat' dir='ltr'><strong>uti</strong></span> <span class='ocrx_word' id='word_1_490' title='bbox 1251 3470 1392 3535; x_wconf 89' lang='lat' dir='ltr'><strong>visu,</strong></span> <span class='ocrx_word' id='word_1_491' title='bbox 1415 3472 1504 3540; x_wconf 93' lang='lat' dir='ltr'><strong>qui</strong></span> <span class='ocrx_word' id='word_1_492' title='bbox 1523 3480 1613 3526; x_wconf 79' lang='lat' dir='ltr'><strong>est</strong></span> <span class='ocrx_word' id='word_1_493' title='bbox 1629 3473 2046 3526; x_wconf 76' lang='lat' dir='ltr'><strong>instrumentum</strong></span> 
     </span>
    </p>
   </div>
   <div class='ocr_carea' id='block_1_64' title="bbox 468 3559 2049 3630">
    <p class='ocr_par' dir='ltr' id='par_1_64' title="bbox 468 3559 2049 3630">
     <span class='ocr_line' id='line_1_65' title="bbox 468 3559 2049 3630; baseline 0.002 -17"><span class='ocrx_word' id='word_1_494' title='bbox 468 3559 688 3614; x_wconf 86' lang='lat' dir='ltr'><strong>videndi</strong></span> <span class='ocrx_word' id='word_1_495' title='bbox 714 3577 729 3625; x_wconf 90' lang='lat'><strong>;</strong></span> <span class='ocrx_word' id='word_1_496' title='bbox 774 3570 830 3615; x_wconf 91' lang='lat' dir='ltr'><strong>et</strong></span> <span class='ocrx_word' id='word_1_497' title='bbox 883 3575 1012 3615; x_wconf 89' lang='lat' dir='ltr'><strong>usus</strong></span> <span class='ocrx_word' id='word_1_498' title='bbox 1038 3560 1155 3630; x_wconf 90' lang='lat' dir='ltr'><strong>ejus</strong></span> <span class='ocrx_word' id='word_1_499' title='bbox 1192 3569 1277 3615; x_wconf 89' lang='lat' dir='ltr'><strong>est</strong></span> <span class='ocrx_word' id='word_1_500' title='bbox 1310 3561 1475 3624; x_wconf 92' lang='lat' dir='ltr'><strong>visio,</strong></span> <span class='ocrx_word' id='word_1_501' title='bbox 1507 3561 1591 3616; x_wconf 86' lang='lat' dir='ltr'><strong>vel</strong></span> <span class='ocrx_word' id='word_1_502' title='bbox 1619 3562 1804 3624; x_wconf 87' lang='lat' dir='ltr'><strong>visus,</strong></span> <span class='ocrx_word' id='word_1_503' title='bbox 1834 3563 2049 3630; x_wconf 86' lang='lat' dir='ltr'><strong>quando</strong></span> 
     </span>
    </p>
   </div>
   <div class='ocr_carea' id='block_1_65' title="bbox 470 3649 2048 3722">
    <p class='ocr_par' dir='ltr' id='par_1_65' title="bbox 470 3649 2048 3722">
     <span class='ocr_line' id='line_1_66' title="bbox 470 3649 2048 3722; baseline 0.001 -17"><span class='ocrx_word' id='word_1_504' title='bbox 470 3652 624 3706; x_wconf 84' lang='lat' dir='ltr'><strong>visus</strong></span> <span class='ocrx_word' id='word_1_505' title='bbox 679 3649 950 3721; x_wconf 80' lang='lat' dir='ltr'><strong>signiﬁcat</strong></span> <span class='ocrx_word' id='word_1_506' title='bbox 1000 3651 1140 3704; x_wconf 88' lang='lat' dir='ltr'><strong>idem</strong></span> <span class='ocrx_word' id='word_1_507' title='bbox 1180 3651 1323 3719; x_wconf 90' lang='lat' dir='ltr'><strong>quod</strong></span> <span class='ocrx_word' id='word_1_508' title='bbox 1379 3651 1516 3705; x_wconf 90' lang='lat' dir='ltr'><strong>visio</strong></span> <span class='ocrx_word' id='word_1_509' title='bbox 1556 3651 1863 3722; x_wconf 66' lang='lat' dir='ltr'><strong>(significat</strong></span> <span class='ocrx_word' id='word_1_510' title='bbox 1906 3653 2048 3707; x_wconf 82' lang='lat' dir='ltr'><strong>enim</strong></span> 
     </span>
    </p>
   </div>
   <div class='ocr_carea' id='block_1_66' title="bbox 473 3741 2051 3812">
    <p class='ocr_par' dir='ltr' id='par_1_66' title="bbox 473 3741 2051 3812">
     <span class='ocr_line' id='line_1_67' title="bbox 473 3741 2051 3812; baseline 0 -17"><span class='ocrx_word' id='word_1_511' title='bbox 473 3742 638 3796; x_wconf 88' lang='lat' dir='ltr'><strong>etiam</strong></span> <span class='ocrx_word' id='word_1_512' title='bbox 667 3742 816 3796; x_wconf 87' lang='lat' dir='ltr'><strong>visus</strong></span> <span class='ocrx_word' id='word_1_513' title='bbox 839 3742 1254 3797; x_wconf 89' lang='lat' dir='ltr'><strong>instrumentum</strong></span> <span class='ocrx_word' id='word_1_514' title='bbox 1292 3741 1488 3812; x_wconf 87' lang='lat' dir='ltr'><strong>ipsum)</strong></span> <span class='ocrx_word' id='word_1_515' title='bbox 1510 3741 1552 3812; x_wconf 84' lang='lat'><strong>:(</strong></span> <span class='ocrx_word' id='word_1_516' title='bbox 1563 3742 1634 3796; x_wconf 90' lang='lat' dir='ltr'><strong>ita</strong></span> <span class='ocrx_word' id='word_1_517' title='bbox 1671 3743 1830 3808; x_wconf 89' lang='lat' dir='ltr'><strong>velle,</strong></span> <span class='ocrx_word' id='word_1_518' title='bbox 1855 3751 1936 3797; x_wconf 91' lang='lat' dir='ltr'><strong>est</strong></span> <span class='ocrx_word' id='word_1_519' title='bbox 1975 3741 2051 3797; x_wconf 90' lang='lat' dir='ltr'><strong>uti</strong></span> 
     </span>
    </p>
   </div>
   <div class='ocr_carea' id='block_1_67' title="bbox 473 3830 2052 3900">
    <p class='ocr_par' dir='ltr' id='par_1_67' title="bbox 473 3830 2052 3900">
     <span class='ocr_line' id='line_1_68' title="bbox 473 3830 2052 3900; baseline 0.002 -17"><span class='ocrx_word' id='word_1_520' title='bbox 473 3831 776 3894; x_wconf 86' lang='lat' dir='ltr'><strong>voluntate,</strong></span> <span class='ocrx_word' id='word_1_521' title='bbox 810 3846 930 3900; x_wconf 65' lang='lat' dir='ltr'><strong>quae</strong></span> <span class='ocrx_word' id='word_1_522' title='bbox 961 3838 1044 3884; x_wconf 90' lang='lat' dir='ltr'><strong>est</strong></span> <span class='ocrx_word' id='word_1_523' title='bbox 1090 3830 1508 3884; x_wconf 87' lang='lat' dir='ltr'><strong>instrumentum</strong></span> <span class='ocrx_word' id='word_1_524' title='bbox 1543 3830 1790 3895; x_wconf 68' lang='lat' dir='ltr'><strong>Volendi,</strong></span> <span class='ocrx_word' id='word_1_525' title='bbox 1839 3840 1893 3886; x_wconf 90' lang='lat' dir='ltr'><strong>et</strong></span> <span class='ocrx_word' id='word_1_526' title='bbox 1923 3847 2052 3886; x_wconf 89' lang='lat' dir='ltr'><strong>usus</strong></span> 
     </span>
    </p>
   </div>
   <div class='ocr_carea' id='block_1_68' title="bbox 476 3921 2054 3992">
    <p class='ocr_par' dir='ltr' id='par_1_68' title="bbox 476 3921 2054 3992">
     <span class='ocr_line' id='line_1_69' title="bbox 476 3921 2054 3992; baseline -0.001 -15"><span class='ocrx_word' id='word_1_527' title='bbox 476 3923 596 3991; x_wconf 84' lang='lat' dir='ltr'><strong>ejus</strong></span> <span class='ocrx_word' id='word_1_528' title='bbox 625 3931 708 3976; x_wconf 88' lang='lat' dir='ltr'><strong>est</strong></span> <span class='ocrx_word' id='word_1_529' title='bbox 740 3921 1023 3988; x_wconf 88' lang='lat' dir='ltr'><strong>voluntas,</strong></span> <span class='ocrx_word' id='word_1_530' title='bbox 1065 3937 1183 3990; x_wconf 78' lang='lat' dir='ltr'><strong>qua:</strong></span> <span class='ocrx_word' id='word_1_531' title='bbox 1225 3937 1330 3977; x_wconf 89' lang='lat' dir='ltr'><strong>non</strong></span> <span class='ocrx_word' id='word_1_532' title='bbox 1369 3932 1453 3978; x_wconf 88' lang='lat' dir='ltr'><strong>est</strong></span> <span class='ocrx_word' id='word_1_533' title='bbox 1503 3923 1604 3976; x_wconf 86' lang='lat' dir='ltr'><strong>nisi</strong></span> <span class='ocrx_word' id='word_1_534' title='bbox 1637 3923 1854 3992; x_wconf 88' lang='lat' dir='ltr'><strong>quando</strong></span> <span class='ocrx_word' id='word_1_535' title='bbox 1905 3923 2054 3990; x_wconf 82' lang='lat' dir='ltr'><strong>cogi-</strong></span> 
     </span>
    </p>
   </div>
   <div class='ocr_carea' id='block_1_69' title="bbox 476 4012 2054 4084">
    <p class='ocr_par' dir='ltr' id='par_1_69' title="bbox 476 4012 2054 4084">
     <span class='ocr_line' id='line_1_70' title="bbox 476 4012 2054 4084; baseline -0.001 -16"><span class='ocrx_word' id='word_1_536' title='bbox 476 4025 657 4068; x_wconf 87' lang='lat' dir='ltr'><strong>tamus</strong></span> <span class='ocrx_word' id='word_1_537' title='bbox 685 4014 826 4084; x_wconf 85' lang='lat' dir='ltr'><strong>quod</strong></span> <span class='ocrx_word' id='word_1_538' title='bbox 872 4012 1142 4068; x_wconf 89' lang='lat' dir='ltr'><strong>volumus.</strong></span> <span class='ocrx_word' id='word_1_539' title='bbox 1175 4013 1436 4070; x_wconf 79' lang='lat' dir='ltr'><strong>Voluntas</strong></span> <span class='ocrx_word' id='word_1_540' title='bbox 1475 4014 1667 4083; x_wconf 79' lang='lat' dir='ltr'><strong>igitur,</strong></span> <span class='ocrx_word' id='word_1_541' title='bbox 1704 4029 1824 4084; x_wconf 75' lang='lat' dir='ltr'><strong>quae</strong></span> <span class='ocrx_word' id='word_1_542' title='bbox 1853 4016 2054 4068; x_wconf 82' lang='lat' dir='ltr'><strong>instru-</strong></span> 
     </span>
    </p>
   </div>
   <div class='ocr_carea' id='block_1_70' title="bbox 476 4105 2052 4175">
    <p class='ocr_par' dir='ltr' id='par_1_70' title="bbox 476 4105 2052 4175">
     <span class='ocr_line' id='line_1_71' title="bbox 476 4105 2052 4175; baseline 0.001 -17"><span class='ocrx_word' id='word_1_543' title='bbox 476 4115 716 4160; x_wconf 88' lang='lat' dir='ltr'><strong>mentum</strong></span> <span class='ocrx_word' id='word_1_544' title='bbox 758 4113 861 4170; x_wconf 91' lang='lat' dir='ltr'><strong>est,</strong></span> <span class='ocrx_word' id='word_1_545' title='bbox 905 4121 1010 4160; x_wconf 90' lang='lat' dir='ltr'><strong>una</strong></span> <span class='ocrx_word' id='word_1_546' title='bbox 1054 4105 1170 4161; x_wconf 86' lang='lat' dir='ltr'><strong>sola</strong></span> <span class='ocrx_word' id='word_1_547' title='bbox 1217 4116 1322 4175; x_wconf 88' lang='lat' dir='ltr'><strong>est,</strong></span> <span class='ocrx_word' id='word_1_548' title='bbox 1370 4107 1424 4162; x_wconf 92' lang='lat' dir='ltr'><strong>id</strong></span> <span class='ocrx_word' id='word_1_549' title='bbox 1478 4115 1589 4173; x_wconf 89' lang='lat' dir='ltr'><strong>est,</strong></span> <span class='ocrx_word' id='word_1_550' title='bbox 1634 4107 2052 4162; x_wconf 86' lang='lat' dir='ltr'><strong>instrumentum</strong></span> 
     </span>
    </p>
   </div>
   <div class='ocr_carea' id='block_1_71' title="bbox 474 4199 2070 4266">
    <p class='ocr_par' dir='ltr' id='par_1_71' title="bbox 474 4199 2070 4266">
     <span class='ocr_line' id='line_1_72' title="bbox 474 4199 2070 4266; baseline 0.001 -14"><span class='ocrx_word' id='word_1_551' title='bbox 474 4199 688 4254; x_wconf 84' lang='lat' dir='ltr'><strong>volendi</strong></span> <span class='ocrx_word' id='word_1_552' title='bbox 720 4214 888 4252; x_wconf 91' lang='lat' dir='ltr'><strong>unum</strong></span> <span class='ocrx_word' id='word_1_553' title='bbox 931 4199 1104 4257; x_wconf 86' lang='lat' dir='ltr'><strong>solum</strong></span> <span class='ocrx_word' id='word_1_554' title='bbox 1143 4208 1225 4253; x_wconf 91' lang='lat' dir='ltr'><strong>est</strong></span> <span class='ocrx_word' id='word_1_555' title='bbox 1263 4199 1316 4252; x_wconf 92' lang='lat' dir='ltr'><strong>in</strong></span> <span class='ocrx_word' id='word_1_556' title='bbox 1353 4200 1600 4266; x_wconf 88' lang='lat' dir='ltr'><strong>homine;</strong></span> <span class='ocrx_word' id='word_1_557' title='bbox 1633 4201 1772 4254; x_wconf 84' lang='lat' dir='ltr'><strong>sicut</strong></span> <span class='ocrx_word' id='word_1_558' title='bbox 1808 4215 1913 4254; x_wconf 90' lang='lat' dir='ltr'><strong>una</strong></span> <span class='ocrx_word' id='word_1_559' title='bbox 1943 4199 2070 4254; x_wconf 83' lang='lat' dir='ltr'><strong>sola.</strong></span> 
     </span>
    </p>
   </div>
   <div class='ocr_carea' id='block_1_72' title="bbox 474 4291 2054 4356">
    <p class='ocr_par' dir='ltr' id='par_1_72' title="bbox 474 4291 2054 4356">
     <span class='ocr_line' id='line_1_73' title="bbox 474 4291 2054 4356; baseline 0.001 -12"><span class='ocrx_word' id='word_1_560' title='bbox 474 4300 559 4345; x_wconf 88' lang='lat' dir='ltr'><strong>est</strong></span> <span class='ocrx_word' id='word_1_561' title='bbox 588 4291 752 4356; x_wconf 86' lang='lat' dir='ltr'><strong>ratio,</strong></span> <span class='ocrx_word' id='word_1_562' title='bbox 785 4291 837 4345; x_wconf 90' lang='lat' dir='ltr'><strong>id</strong></span> <span class='ocrx_word' id='word_1_563' title='bbox 880 4300 985 4356; x_wconf 90' lang='lat' dir='ltr'><strong>est,</strong></span> <span class='ocrx_word' id='word_1_564' title='bbox 1025 4307 1188 4344; x_wconf 90' lang='lat' dir='ltr'><strong>unum</strong></span> <span class='ocrx_word' id='word_1_565' title='bbox 1236 4291 1409 4345; x_wconf 92' lang='lat' dir='ltr'><strong>solum</strong></span> <span class='ocrx_word' id='word_1_566' title='bbox 1442 4293 1858 4347; x_wconf 87' lang='lat' dir='ltr'><strong>instrumentum</strong></span> <span class='ocrx_word' id='word_1_567' title='bbox 1885 4293 2054 4346; x_wconf 87' lang='lat' dir='ltr'><strong>ratio-</strong></span> 
     </span>
    </p>
   </div>
   <div class='ocr_carea' id='block_1_73' title="bbox 477 4379 2056 4451">
    <p class='ocr_par' dir='ltr' id='par_1_73' title="bbox 477 4379 2056 4451">
     <span class='ocr_line' id='line_1_74' title="bbox 477 4379 2056 4451; baseline 0.002 -17"><span class='ocrx_word' id='word_1_568' title='bbox 477 4381 714 4436; x_wconf 70' lang='lat' dir='ltr'><strong>cinandi.</strong></span> <span class='ocrx_word' id='word_1_569' title='bbox 768 4379 1031 4435; x_wconf 85' lang='lat' dir='ltr'><strong>Voluntas</strong></span> <span class='ocrx_word' id='word_1_570' title='bbox 1083 4396 1242 4446; x_wconf 89' lang='lat' dir='ltr'><strong>vero,</strong></span> <span class='ocrx_word' id='word_1_571' title='bbox 1296 4397 1403 4451; x_wconf 88' lang='lat' dir='ltr'><strong>qua</strong></span> <span class='ocrx_word' id='word_1_572' title='bbox 1456 4382 1876 4438; x_wconf 89' lang='lat' dir='ltr'><strong>instrumentum</strong></span> <span class='ocrx_word' id='word_1_573' title='bbox 1924 4383 2056 4437; x_wconf 89' lang='lat' dir='ltr'><strong>illud</strong></span> 
     </span>
    </p>
   </div>
   <div class='ocr_carea' id='block_1_74' title="bbox 2147 3188 3740 3265">
    <p class='ocr_par' dir='ltr' id='par_1_74' title="bbox 2147 3188 3740 3265">
     <span class='ocr_line' id='line_1_75' title="bbox 2147 3188 3740 3265; baseline -0.011 -7"><span class='ocrx_word' id='word_1_574' title='bbox 2147 3218 2270 3258; x_wconf 88' lang='lat' dir='ltr'><strong>cum</strong></span> <span class='ocrx_word' id='word_1_575' title='bbox 2309 3200 2529 3265; x_wconf 89' lang='lat' dir='ltr'><strong>dormit,</strong></span> <span class='ocrx_word' id='word_1_576' title='bbox 2563 3197 2894 3252; x_wconf 89' lang='lat' dir='ltr'><strong>voluntatem</strong></span> <span class='ocrx_word' id='word_1_577' title='bbox 2925 3194 3074 3264; x_wconf 89' lang='lat' dir='ltr'><strong>juste</strong></span> <span class='ocrx_word' id='word_1_578' title='bbox 3117 3192 3373 3247; x_wconf 89' lang='lat' dir='ltr'><strong>videndi:</strong></span> <span class='ocrx_word' id='word_1_579' title='bbox 3405 3188 3590 3244; x_wconf 88' lang='lat' dir='ltr'><strong>eadem</strong></span> <span class='ocrx_word' id='word_1_580' title='bbox 3628 3202 3740 3241; x_wconf 83' lang='lat' dir='ltr'><strong>vo-</strong></span> 
     </span>
    </p>
   </div>
   <div class='ocr_carea' id='block_1_75' title="bbox 2149 3276 3750 3358">
    <p class='ocr_par' dir='ltr' id='par_1_75' title="bbox 2149 3276 3750 3358">
     <span class='ocr_line' id='line_1_76' title="bbox 2149 3276 3750 3358; baseline -0.009 -13"><span class='ocrx_word' id='word_1_581' title='bbox 2149 3293 2328 3346; x_wconf 88' lang='lat' dir='ltr'><strong>luntas</strong></span> <span class='ocrx_word' id='word_1_582' title='bbox 2371 3299 2599 3358; x_wconf 82' lang='lat' dir='ltr'><strong>negatur</strong></span> <span class='ocrx_word' id='word_1_583' title='bbox 2639 3289 2714 3342; x_wconf 82' lang='lat' dir='ltr'><strong>de</strong></span> <span class='ocrx_word' id='word_1_584' title='bbox 2737 3286 2965 3353; x_wconf 90' lang='lat' dir='ltr'><strong>iujusto,</strong></span> <span class='ocrx_word' id='word_1_585' title='bbox 2998 3299 3118 3354; x_wconf 72' lang='lat' dir='ltr'><strong>qua:</strong></span> <span class='ocrx_word' id='word_1_586' title='bbox 3158 3281 3422 3337; x_wconf 85' lang='lat' dir='ltr'><strong>asseritur</strong></span> <span class='ocrx_word' id='word_1_587' title='bbox 3453 3281 3518 3334; x_wconf 93' lang='lat' dir='ltr'><strong>de</strong></span> <span class='ocrx_word' id='word_1_588' title='bbox 3555 3276 3750 3345; x_wconf 47' lang='lat' dir='ltr'><strong>justo-</strong></span> 
     </span>
    </p>
   </div>
   <div class='ocr_carea' id='block_1_76' title="bbox 2149 3366 3737 3448">
    <p class='ocr_par' dir='ltr' id='par_1_76' title="bbox 2149 3366 3737 3448">
     <span class='ocr_line' id='line_1_77' title="bbox 2149 3366 3737 3448; baseline -0.013 -9"><span class='ocrx_word' id='word_1_589' title='bbox 2149 3384 2334 3439; x_wconf 88' lang='lat' dir='ltr'><strong>Palam</strong></span> <span class='ocrx_word' id='word_1_590' title='bbox 2386 3390 2566 3435; x_wconf 79' lang='lat' dir='ltr'><strong>autem</strong></span> <span class='ocrx_word' id='word_1_591' title='bbox 2608 3387 2691 3433; x_wconf 89' lang='lat' dir='ltr'><strong>est</strong></span> <span class='ocrx_word' id='word_1_592' title='bbox 2733 3378 2856 3448; x_wconf 88' lang='lat' dir='ltr'><strong>quia</strong></span> <span class='ocrx_word' id='word_1_593' title='bbox 2910 3391 3031 3430; x_wconf 84' lang='lat' dir='ltr'><strong>cum</strong></span> <span class='ocrx_word' id='word_1_594' title='bbox 3083 3372 3311 3428; x_wconf 84' lang='lat' dir='ltr'><strong>dicimus</strong></span> <span class='ocrx_word' id='word_1_595' title='bbox 3356 3386 3462 3425; x_wconf 89' lang='lat' dir='ltr'><strong>non</strong></span> <span class='ocrx_word' id='word_1_596' title='bbox 3507 3382 3628 3422; x_wconf 88' lang='lat' dir='ltr'><strong>esse</strong></span> <span class='ocrx_word' id='word_1_597' title='bbox 3675 3366 3737 3419; x_wconf 90' lang='lat' dir='ltr'><strong>in</strong></span> 
     </span>
    </p>
   </div>
   <div class='ocr_carea' id='block_1_77' title="bbox 2149 3451 3758 3541">
    <p class='ocr_par' dir='ltr' id='par_1_77' title="bbox 2149 3451 3758 3541">
     <span class='ocr_line' id='line_1_78' title="bbox 2149 3451 3758 3541; baseline -0.009 -14"><span class='ocrx_word' id='word_1_598' title='bbox 2149 3473 2349 3541; x_wconf 88' lang='lat' dir='ltr'><strong>injusto</strong></span> <span class='ocrx_word' id='word_1_599' title='bbox 2397 3469 2698 3523; x_wconf 86' lang='lat' dir='ltr'><strong>dormiente</strong></span> <span class='ocrx_word' id='word_1_600' title='bbox 2747 3451 3078 3519; x_wconf 86' lang='lat' dir='ltr'><strong>voluntatem</strong></span> <span class='ocrx_word' id='word_1_601' title='bbox 3119 3463 3265 3533; x_wconf 85' lang='lat' dir='ltr'><strong>juste</strong></span> <span class='ocrx_word' id='word_1_602' title='bbox 3314 3459 3564 3522; x_wconf 85' lang='lat' dir='ltr'><strong>vivendi,</strong></span> <span class='ocrx_word' id='word_1_603' title='bbox 3622 3470 3758 3512; x_wconf 71' lang='lat' dir='ltr'><strong>non.</strong></span> 
     </span>
    </p>
   </div>
   <div class='ocr_carea' id='block_1_78' title="bbox 2150 3547 3740 3631">
    <p class='ocr_par' dir='ltr' id='par_1_78' title="bbox 2150 3547 3740 3631">
     <span class='ocr_line' id='line_1_79' title="bbox 2150 3547 3740 3631; baseline -0.012 -15"><span class='ocrx_word' id='word_1_604' title='bbox 2150 3569 2378 3631; x_wconf 81' lang='lat' dir='ltr'><strong>negatur</strong></span> <span class='ocrx_word' id='word_1_605' title='bbox 2411 3559 2462 3612; x_wconf 91' lang='lat' dir='ltr'><strong>iu</strong></span> <span class='ocrx_word' id='word_1_606' title='bbox 2492 3574 2558 3612; x_wconf 89' lang='lat' dir='ltr'><strong>eo</strong></span> <span class='ocrx_word' id='word_1_607' title='bbox 2587 3570 2708 3610; x_wconf 86' lang='lat' dir='ltr'><strong>esse</strong></span> <span class='ocrx_word' id='word_1_608' title='bbox 2743 3554 3010 3619; x_wconf 87' lang='lat' dir='ltr'><strong>vohmtas,</strong></span> <span class='ocrx_word' id='word_1_609' title='bbox 3051 3566 3213 3620; x_wconf 86' lang='lat' dir='ltr'><strong>quam</strong></span> <span class='ocrx_word' id='word_1_610' title='bbox 3256 3547 3367 3608; x_wconf 73' lang='lat' dir='ltr'><strong>dixi</strong></span> <span class='ocrx_word' id='word_1_611' title='bbox 3395 3548 3740 3602; x_wconf 78' lang='lat' dir='ltr'><strong>instrumen-</strong></span> 
     </span>
    </p>
   </div>
   <div class='ocr_carea' id='block_1_79' title="bbox 2151 3635 3745 3730">
    <p class='ocr_par' dir='ltr' id='par_1_79' title="bbox 2151 3635 3745 3730">
     <span class='ocr_line' id='line_1_80' title="bbox 2151 3635 3745 3730; baseline -0.014 -22"><span class='ocrx_word' id='word_1_612' title='bbox 2151 3663 2261 3708; x_wconf 87' lang='lat' dir='ltr'><strong>tum</strong></span> <span class='ocrx_word' id='word_1_613' title='bbox 2291 3669 2306 3706; x_wconf 90' lang='lat'><strong>:</strong></span> <span class='ocrx_word' id='word_1_614' title='bbox 2336 3649 2592 3719; x_wconf 89' lang='lat' dir='ltr'><strong>quoniam</strong></span> <span class='ocrx_word' id='word_1_615' title='bbox 2624 3661 2744 3702; x_wconf 91' lang='lat' dir='ltr'><strong>eam</strong></span> <span class='ocrx_word' id='word_1_616' title='bbox 2777 3645 2869 3730; x_wconf 53' lang='lat' dir='ltr'><strong>“if</strong></span> <span class='ocrx_word' id='word_1_617' title='bbox 2905 3658 3118 3712; x_wconf 77' lang='lat' dir='ltr'><strong>semper</strong></span> <span class='ocrx_word' id='word_1_618' title='bbox 3165 3641 3327 3696; x_wconf 88' lang='lat' dir='ltr'><strong>habet</strong></span> <span class='ocrx_word' id='word_1_619' title='bbox 3354 3637 3536 3696; x_wconf 87' lang='lat' dir='ltr'><strong>omnis</strong></span> <span class='ocrx_word' id='word_1_620' title='bbox 3567 3635 3745 3730; x_wconf 69' lang='lat' dir='ltr'><strong>homo</strong></span> 
     </span>
    </p>
   </div>
   <div class='ocr_carea' id='block_1_80' title="bbox 2151 3721 3739 3808">
    <p class='ocr_par' dir='ltr' id='par_1_80' title="bbox 2151 3721 3739 3808">
     <span class='ocr_line' id='line_1_81' title="bbox 2151 3721 3739 3808; baseline -0.013 -12"><span class='ocrx_word' id='word_1_621' title='bbox 2151 3742 2427 3798; x_wconf 88' lang='lat' dir='ltr'><strong>dormiens</strong></span> <span class='ocrx_word' id='word_1_622' title='bbox 2478 3747 2532 3794; x_wconf 90' lang='lat' dir='ltr'><strong>et</strong></span> <span class='ocrx_word' id='word_1_623' title='bbox 2558 3721 3180 3808; x_wconf 52' lang='lat' dir='ltr'><strong>vigilansi&#39;Quapropter</strong></span> <span class='ocrx_word' id='word_1_624' title='bbox 3207 3729 3462 3805; x_wconf 74' lang='lat' dir='ltr'><strong>quoniam</strong></span> <span class='ocrx_word' id='word_1_625' title='bbox 3496 3740 3598 3780; x_wconf 90' lang='lat' dir='ltr'><strong>non</strong></span> <span class='ocrx_word' id='word_1_626' title='bbox 3625 3721 3739 3777; x_wconf 76' lang='lat' dir='ltr'><strong>alia</strong></span> 
     </span>
    </p>
   </div>
   <div class='ocr_carea' id='block_1_81' title="bbox 2151 3817 3742 3902">
    <p class='ocr_par' dir='ltr' id='par_1_81' title="bbox 2151 3817 3742 3902">
     <span class='ocr_line' id='line_1_82' title="bbox 2151 3817 3742 3902; baseline -0.013 -14"><span class='ocrx_word' id='word_1_627' title='bbox 2151 3834 2399 3890; x_wconf 87' lang='lat' dir='ltr'><strong>voluntas</strong></span> <span class='ocrx_word' id='word_1_628' title='bbox 2435 3830 2834 3902; x_wconf 45' lang='lat' dir='ltr'><strong>pronuntiatur,</strong></span> <span class='ocrx_word' id='word_1_629' title='bbox 2860 3828 2962 3881; x_wconf 90' lang='lat' dir='ltr'><strong>hoc</strong></span> <span class='ocrx_word' id='word_1_630' title='bbox 3008 3825 3169 3880; x_wconf 90' lang='lat' dir='ltr'><strong>modo</strong></span> <span class='ocrx_word' id='word_1_631' title='bbox 3209 3824 3262 3876; x_wconf 89' lang='lat' dir='ltr'><strong>in</strong></span> <span class='ocrx_word' id='word_1_632' title='bbox 3299 3823 3441 3875; x_wconf 89' lang='lat' dir='ltr'><strong>bono</strong></span> <span class='ocrx_word' id='word_1_633' title='bbox 3479 3831 3600 3872; x_wconf 87' lang='lat' dir='ltr'><strong>esse</strong></span> <span class='ocrx_word' id='word_1_634' title='bbox 3629 3817 3742 3870; x_wconf 56' lang='lat' dir='ltr'><strong>ho-</strong></span> 
     </span>
    </p>
   </div>
   <div class='ocr_carea' id='block_1_82' title="bbox 2152 3904 3745 3992">
    <p class='ocr_par' dir='ltr' id='par_1_82' title="bbox 2152 3904 3745 3992">
     <span class='ocr_line' id='line_1_83' title="bbox 2152 3904 3745 3992; baseline -0.014 -14"><span class='ocrx_word' id='word_1_635' title='bbox 2152 3924 2320 3988; x_wconf 90' lang='lat' dir='ltr'><strong>mine,</strong></span> <span class='ocrx_word' id='word_1_636' title='bbox 2349 3935 2511 3992; x_wconf 88' lang='lat' dir='ltr'><strong>quam</strong></span> <span class='ocrx_word' id='word_1_637' title='bbox 2541 3919 2628 3975; x_wconf 88' lang='lat' dir='ltr'><strong>illa</strong></span> <span class='ocrx_word' id='word_1_638' title='bbox 2656 3933 2773 3988; x_wconf 78' lang='lat' dir='ltr'><strong>qua:</strong></span> <span class='ocrx_word' id='word_1_639' title='bbox 2814 3925 3120 3972; x_wconf 83' lang='lat' dir='ltr'><strong>removetur</strong></span> <span class='ocrx_word' id='word_1_640' title='bbox 3146 3929 3176 3966; x_wconf 90' lang='lat' dir='ltr'><strong>a</strong></span> <span class='ocrx_word' id='word_1_641' title='bbox 3207 3909 3349 3966; x_wconf 89' lang='lat' dir='ltr'><strong>malo</strong></span> <span class='ocrx_word' id='word_1_642' title='bbox 3377 3927 3390 3963; x_wconf 89' lang='lat'><strong>:</strong></span> <span class='ocrx_word' id='word_1_643' title='bbox 3431 3922 3536 3962; x_wconf 89' lang='lat' dir='ltr'><strong>non</strong></span> <span class='ocrx_word' id='word_1_644' title='bbox 3567 3904 3745 3973; x_wconf 81' lang='lat' dir='ltr'><strong>signi-</strong></span> 
     </span>
    </p>
   </div>
   <div class='ocr_carea' id='block_1_83' title="bbox 2153 4004 3741 4081">
    <p class='ocr_par' dir='ltr' id='par_1_83' title="bbox 2153 4004 3741 4081">
     <span class='ocr_line' id='line_1_84' title="bbox 2153 4004 3741 4081; baseline -0.014 -11"><span class='ocrx_word' id='word_1_645' title='bbox 2153 4014 2348 4070; x_wconf 88' lang='lat' dir='ltr'><strong>ﬁcatur</strong></span> <span class='ocrx_word' id='word_1_646' title='bbox 2377 4014 2432 4069; x_wconf 90' lang='lat' dir='ltr'><strong>in</strong></span> <span class='ocrx_word' id='word_1_647' title='bbox 2478 4014 2778 4081; x_wconf 79' lang='lat' dir='ltr'><strong>bonoesse</strong></span> <span class='ocrx_word' id='word_1_648' title='bbox 2808 4009 3084 4072; x_wconf 71' lang='lat' dir='ltr'><strong>voluntas,</strong></span> <span class='ocrx_word' id='word_1_649' title='bbox 3121 4020 3240 4074; x_wconf 71' lang='lat' dir='ltr'><strong>qum</strong></span> <span class='ocrx_word' id='word_1_650' title='bbox 3283 4004 3741 4060; x_wconf 86' lang='lat' dir='ltr'><strong>instrumentum;</strong></span> 
     </span>
    </p>
   </div>
   <div class='ocr_carea' id='block_1_84' title="bbox 2155 4086 3762 4175">
    <p class='ocr_par' dir='ltr' id='par_1_84' title="bbox 2155 4086 3762 4175">
     <span class='ocr_line' id='line_1_85' title="bbox 2155 4086 3762 4175; baseline -0.014 -12"><span class='ocrx_word' id='word_1_651' title='bbox 2155 4111 2249 4163; x_wconf 89' lang='lat' dir='ltr'><strong>sed</strong></span> <span class='ocrx_word' id='word_1_652' title='bbox 2286 4106 2531 4175; x_wconf 86' lang='lat' dir='ltr'><strong>illa,_qua</strong></span> <span class='ocrx_word' id='word_1_653' title='bbox 2556 4101 2788 4164; x_wconf 70' lang='lat' dir='ltr'><strong>adicitur</strong></span> <span class='ocrx_word' id='word_1_654' title='bbox 2814 4101 3253 4170; x_wconf 78' lang='lat' dir='ltr'><strong>instruitieutum.</strong></span> <span class='ocrx_word' id='word_1_655' title='bbox 3285 4093 3438 4160; x_wconf 84' lang='lat' dir='ltr'><strong>Quod</strong></span> <span class='ocrx_word' id='word_1_656' title='bbox 3468 4098 3647 4143; x_wconf 85' lang='lat' dir='ltr'><strong>autem</strong></span> <span class='ocrx_word' id='word_1_657' title='bbox 3677 4086 3762 4144; x_wconf 72' lang='lat' dir='ltr'><strong>in.</strong></span> 
     </span>
    </p>
   </div>
   <div class='ocr_carea' id='block_1_85' title="bbox 2154 4186 3750 4258">
    <p class='ocr_par' dir='ltr' id='par_1_85' title="bbox 2154 4186 3750 4258">
     <span class='ocr_line' id='line_1_86' title="bbox 2154 4186 3750 4258; baseline -0.014 -4"><span class='ocrx_word' id='word_1_658' title='bbox 2154 4200 2474 4258; x_wconf 79' lang='lat' dir='ltr'><strong>dormiente,</strong></span> <span class='ocrx_word' id='word_1_659' title='bbox 2519 4194 2622 4249; x_wconf 87' lang='lat' dir='ltr'><strong>nisi</strong></span> <span class='ocrx_word' id='word_1_660' title='bbox 2667 4191 2922 4256; x_wconf 88' lang='lat' dir='ltr'><strong>somniet,</strong></span> <span class='ocrx_word' id='word_1_661' title='bbox 2959 4205 3062 4243; x_wconf 88' lang='lat' dir='ltr'><strong>non</strong></span> <span class='ocrx_word' id='word_1_662' title='bbox 3111 4188 3183 4244; x_wconf 89' lang='lat' dir='ltr'><strong>sit</strong></span> <span class='ocrx_word' id='word_1_663' title='bbox 3229 4186 3477 4240; x_wconf 90' lang='lat' dir='ltr'><strong>voluntas</strong></span> <span class='ocrx_word' id='word_1_664' title='bbox 3504 4195 3622 4251; x_wconf 70' lang='lat' dir='ltr'><strong>qua:</strong></span> <span class='ocrx_word' id='word_1_665' title='bbox 3650 4188 3750 4233; x_wconf 70' lang='lat' dir='ltr'><strong>est</strong></span> 
     </span>
    </p>
   </div>
   <div class='ocr_carea' id='block_1_86' title="bbox 2154 4274 3743 4357">
    <p class='ocr_par' dir='ltr' id='par_1_86' title="bbox 2154 4274 3743 4357">
     <span class='ocr_line' id='line_1_87' title="bbox 2154 4274 3743 4357; baseline -0.013 -12"><span class='ocrx_word' id='word_1_666' title='bbox 2154 4308 2307 4357; x_wconf 87' lang='lat' dir='ltr'><strong>usus,</strong></span> <span class='ocrx_word' id='word_1_667' title='bbox 2340 4288 2562 4345; x_wconf 89' lang='lat' dir='ltr'><strong>dubium</strong></span> <span class='ocrx_word' id='word_1_668' title='bbox 2593 4301 2699 4341; x_wconf 86' lang='lat' dir='ltr'><strong>non</strong></span> <span class='ocrx_word' id='word_1_669' title='bbox 2733 4294 2815 4340; x_wconf 88' lang='lat' dir='ltr'><strong>est</strong></span> <span class='ocrx_word' id='word_1_670' title='bbox 2844 4301 2856 4337; x_wconf 93' lang='lat'><strong>:</strong></span> <span class='ocrx_word' id='word_1_671' title='bbox 2891 4295 3081 4353; x_wconf 90' lang='lat' dir='ltr'><strong>quare,</strong></span> <span class='ocrx_word' id='word_1_672' title='bbox 3111 4285 3254 4348; x_wconf 59' lang='lat' dir='ltr'><strong>{cum</strong></span> <span class='ocrx_word' id='word_1_673' title='bbox 3289 4278 3484 4334; x_wconf 89' lang='lat' dir='ltr'><strong>dicitur</strong></span> <span class='ocrx_word' id='word_1_674' title='bbox 3515 4275 3566 4330; x_wconf 89' lang='lat' dir='ltr'><strong>in</strong></span> <span class='ocrx_word' id='word_1_675' title='bbox 3605 4274 3743 4327; x_wconf 88' lang='lat' dir='ltr'><strong>dor-</strong></span> 
     </span>
    </p>
   </div>
   <div class='ocr_carea' id='block_1_87' title="bbox 2156 4363 3765 4454">
    <p class='ocr_par' dir='ltr' id='par_1_87' title="bbox 2156 4363 3765 4454">
     <span class='ocr_line' id='line_1_88' title="bbox 2156 4363 3765 4454; baseline -0.013 -15"><span class='ocrx_word' id='word_1_676' title='bbox 2156 4386 2356 4439; x_wconf 89' lang='lat' dir='ltr'><strong>miente</strong></span> <span class='ocrx_word' id='word_1_677' title='bbox 2403 4383 2549 4454; x_wconf 89' lang='lat' dir='ltr'><strong>justo</strong></span> <span class='ocrx_word' id='word_1_678' title='bbox 2594 4380 2688 4414; x_wconf 81' lang='grc'><strong>³⁸⁰²</strong></span> <span class='ocrx_word' id='word_1_679' title='bbox 2727 4377 2973 4433; x_wconf 89' lang='lat' dir='ltr'><strong>voluntas</strong></span> <span class='ocrx_word' id='word_1_680' title='bbox 3011 4375 3155 4444; x_wconf 89' lang='lat' dir='ltr'><strong>justc</strong></span> <span class='ocrx_word' id='word_1_681' title='bbox 3203 4369 3463 4436; x_wconf 80' lang='lat' dir='ltr'><strong>vivendi,</strong></span> <span class='ocrx_word' id='word_1_682' title='bbox 3506 4381 3616 4424; x_wconf 66' lang='lat' dir='ltr'><strong>non.</strong></span> <span class='ocrx_word' id='word_1_683' title='bbox 3661 4363 3765 4425; x_wconf 71' lang='lat' dir='ltr'><strong>ibi,</strong></span> 
     </span>
    </p>
   </div>
   <div class='ocr_carea' id='block_1_88' title="bbox 476 4455 3744 4544">
    <p class='ocr_par' dir='ltr' id='par_1_88' title="bbox 476 4455 3744 4544">
     <span class='ocr_line' id='line_1_89' title="bbox 476 4455 3744 4544; baseline -0.006 -19"><span class='ocrx_word' id='word_1_684' title='bbox 476 4470 731 4534; x_wconf 72' lang='lat' dir='ltr'><strong>adicitur,</strong></span> <span class='ocrx_word' id='word_1_685' title='bbox 759 4471 967 4541; x_wconf 71' lang='lat' dir='ltr'><strong>duplex.</strong></span> <span class='ocrx_word' id='word_1_686' title='bbox 1000 4481 1101 4526; x_wconf 84' lang='lat' dir='ltr'><strong>est.</strong></span> <span class='ocrx_word' id='word_1_687' title='bbox 1150 4472 1280 4527; x_wconf 86' lang='lat' dir='ltr'><strong>Nam</strong></span> <span class='ocrx_word' id='word_1_688' title='bbox 1321 4476 1466 4530; x_wconf 87' lang='lat' dir='ltr'><strong>sicut</strong></span> <span class='ocrx_word' id='word_1_689' title='bbox 1491 4477 1639 4530; x_wconf 89' lang='lat' dir='ltr'><strong>visus</strong></span> <span class='ocrx_word' id='word_1_690' title='bbox 1670 4476 1849 4544; x_wconf 89' lang='lat' dir='ltr'><strong>plures</strong></span> <span class='ocrx_word' id='word_1_691' title='bbox 1892 4477 2056 4530; x_wconf 89' lang='lat' dir='ltr'><strong>habet</strong></span> <span class='ocrx_word' id='word_1_692' title='bbox 2088 4475 2140 4528; x_wconf 67' lang='grc' dir='ltr'><strong><em>Β</em></strong></span> <span class='ocrx_word' id='word_1_693' title='bbox 2160 4472 2480 4540; x_wconf 79' lang='lat' dir='ltr'><strong>intelligitur</strong></span> <span class='ocrx_word' id='word_1_694' title='bbox 2503 4469 2755 4524; x_wconf 90' lang='lat' dir='ltr'><strong>voluntas</strong></span> <span class='ocrx_word' id='word_1_695' title='bbox 2784 4467 3056 4521; x_wconf 71' lang='lat' dir='ltr'><strong>“&quot;‘usus.</strong></span> <span class='ocrx_word' id='word_1_696' title='bbox 3089 4463 3316 4518; x_wconf 86' lang='lat' dir='ltr'><strong>Nonest</strong></span> <span class='ocrx_word' id='word_1_697' title='bbox 3354 4459 3518 4530; x_wconf 86' lang='lat' dir='ltr'><strong>igitur</strong></span> <span class='ocrx_word' id='word_1_698' title='bbox 3544 4455 3744 4509; x_wconf 81' lang='lat' dir='ltr'><strong>volun-</strong></span> 
     </span>
    </p>
   </div>
   <div class='ocr_carea' id='block_1_89' title="bbox 477 4561 2055 4634">
    <p class='ocr_par' dir='ltr' id='par_1_89' title="bbox 477 4561 2055 4634">
     <span class='ocr_line' id='line_1_90' title="bbox 477 4561 2055 4634; baseline 0.002 -18"><span class='ocrx_word' id='word_1_699' title='bbox 477 4561 844 4631; x_wconf 85' lang='lat' dir='ltr'><strong>aptitudines;</strong></span> <span class='ocrx_word' id='word_1_700' title='bbox 887 4562 1124 4630; x_wconf 88' lang='lat' dir='ltr'><strong>scilicet,</strong></span> <span class='ocrx_word' id='word_1_701' title='bbox 1166 4565 1232 4617; x_wconf 84' lang='lat' dir='ltr'><strong>ad</strong></span> <span class='ocrx_word' id='word_1_702' title='bbox 1274 4564 1559 4620; x_wconf 86' lang='lat' dir='ltr'><strong>vivendum</strong></span> <span class='ocrx_word' id='word_1_703' title='bbox 1611 4565 1816 4629; x_wconf 84' lang='lat' dir='ltr'><strong>lucem,</strong></span> <span class='ocrx_word' id='word_1_704' title='bbox 1861 4575 1916 4619; x_wconf 90' lang='lat' dir='ltr'><strong>et</strong></span> <span class='ocrx_word' id='word_1_705' title='bbox 1958 4581 2055 4634; x_wconf 90' lang='lat' dir='ltr'><strong>per</strong></span> 
     </span>
    </p>
   </div>
   <div class='ocr_carea' id='block_1_90' title="bbox 477 4651 2051 4724">
    <p class='ocr_par' dir='ltr' id='par_1_90' title="bbox 477 4651 2051 4724">
     <span class='ocr_line' id='line_1_91' title="bbox 477 4651 2051 4724; baseline 0.004 -20"><span class='ocrx_word' id='word_1_706' title='bbox 477 4651 750 4724; x_wconf 64' lang='lat' dir='ltr'><strong>lucetqad</strong></span> <span class='ocrx_word' id='word_1_707' title='bbox 781 4651 1065 4706; x_wconf 90' lang='lat' dir='ltr'><strong>videndum</strong></span> <span class='ocrx_word' id='word_1_708' title='bbox 1102 4653 1330 4724; x_wconf 82' lang='lat' dir='ltr'><strong>ﬁguras,</strong></span> <span class='ocrx_word' id='word_1_709' title='bbox 1363 4656 1429 4710; x_wconf 88' lang='lat' dir='ltr'><strong>ad</strong></span> <span class='ocrx_word' id='word_1_710' title='bbox 1460 4656 1747 4710; x_wconf 88' lang='lat' dir='ltr'><strong>videndum</strong></span> <span class='ocrx_word' id='word_1_711' title='bbox 1783 4655 1876 4687; x_wconf 81' lang='grc' dir='ltr'><strong>³τ⁹⁷</strong></span> <span class='ocrx_word' id='word_1_712' title='bbox 1903 4657 2051 4712; x_wconf 90' lang='lat' dir='ltr'><strong>colo-</strong></span> 
     </span>
    </p>
   </div>
   <div class='ocr_carea' id='block_1_91' title="bbox 476 4667 2047 4843">
    <p class='ocr_par' dir='ltr' id='par_1_91' title="bbox 476 4667 2047 4843">
     <span class='ocr_line' id='line_1_92' title="bbox 477 4667 2047 4724; baseline 0.004 -20"><span class='ocrx_word' id='word_1_713' title='bbox 477 4667 618 4706; x_wconf 84' lang='lat' dir='ltr'><strong>tucet</strong></span> <span class='ocrx_word' id='word_1_714' title='bbox 684 4667 750 4706; x_wconf 85' lang='lat' dir='ltr'><strong>au</strong></span> <span class='ocrx_word' id='word_1_715' title='bbox 781 4667 1065 4706; x_wconf 73' lang='lat' dir='ltr'><strong>vuueuuum</strong></span> <span class='ocrx_word' id='word_1_716' title='bbox 1102 4667 1330 4724; x_wconf 81' lang='lat' dir='ltr'><strong>uguras,</strong></span> <span class='ocrx_word' id='word_1_717' title='bbox 1363 4667 1429 4710; x_wconf 88' lang='lat' dir='ltr'><strong>au</strong></span> <span class='ocrx_word' id='word_1_718' title='bbox 1460 4667 1747 4710; x_wconf 80' lang='lat' dir='ltr'><strong>videndum</strong></span> <span class='ocrx_word' id='word_1_719' title='bbox 1783 4667 1873 4687; x_wconf 66' lang='grc' dir='ltr'><strong>ἠ’</strong></span> <span class='ocrx_word' id='word_1_720' title='bbox 1903 4667 2047 4712; x_wconf 92' lang='lat' dir='ltr'><strong>coto-</strong></span> 
     </span>
     <span class='ocr_line' id='line_1_93' title="bbox 476 4667 2047 4843; baseline 0.002 -45"><span class='ocrx_word' id='word_1_721' title='bbox 476 4667 724 4843; x_wconf 31' lang='grc' dir='ltr'><strong>τεῇ-’ξω</strong></span> <span class='ocrx_word' id='word_1_722' title='bbox 773 4743 1190 4799; x_wconf 88' lang='lat' dir='ltr'><strong>instrumentum</strong></span> <span class='ocrx_word' id='word_1_723' title='bbox 1234 4747 1445 4800; x_wconf 80' lang='lat' dir='ltr'><strong>valendi</strong></span> <span class='ocrx_word' id='word_1_724' title='bbox 1488 4750 1622 4802; x_wconf 90' lang='lat' dir='ltr'><strong>duas</strong></span> <span class='ocrx_word' id='word_1_725' title='bbox 1649 4748 1811 4803; x_wconf 87' lang='lat' dir='ltr'><strong>habet</strong></span> <span class='ocrx_word' id='word_1_726' title='bbox 1842 4749 2047 4819; x_wconf 87' lang='lat' dir='ltr'><strong>aptitu-</strong></span> 
     </span>
    </p>
   </div>
   <div class='ocr_carea' id='block_1_92' title="bbox 477 4836 2050 4906">
    <p class='ocr_par' dir='ltr' id='par_1_92' title="bbox 477 4836 2050 4906">
     <span class='ocr_line' id='line_1_94' title="bbox 477 4836 2050 4906; baseline 0.004 -17"><span class='ocrx_word' id='word_1_727' title='bbox 477 4836 822 4904; x_wconf 82' lang='lat' dir='ltr'><strong>dines,&#39;quas</strong></span> <span class='ocrx_word' id='word_1_728' title='bbox 862 4851 996 4890; x_wconf 89' lang='lat' dir='ltr'><strong>voco</strong></span> <span class='ocrx_word' id='word_1_729' title='bbox 1029 4836 1344 4894; x_wconf 70' lang='lat' dir='ltr'><strong>aﬂectiones</strong></span> <span class='ocrx_word' id='word_1_730' title='bbox 1379 4851 1393 4890; x_wconf 90' lang='lat'><strong>:</strong></span> <span class='ocrx_word' id='word_1_731' title='bbox 1430 4853 1657 4906; x_wconf 87' lang='lat' dir='ltr'><strong>quarutn</strong></span> <span class='ocrx_word' id='word_1_732' title='bbox 1708 4855 1810 4892; x_wconf 89' lang='lat' dir='ltr'><strong>una</strong></span> <span class='ocrx_word' id='word_1_733' title='bbox 1863 4849 1949 4895; x_wconf 92' lang='lat' dir='ltr'><strong>est</strong></span> <span class='ocrx_word' id='word_1_734' title='bbox 1983 4841 2050 4895; x_wconf 90' lang='lat' dir='ltr'><strong>ad</strong></span> 
     </span>
    </p>
   </div>
   <div class='ocr_carea' id='block_1_93' title="bbox 2163 4548 3747 4626">
    <p class='ocr_par' dir='ltr' id='par_1_93' title="bbox 2163 4548 3747 4626">
     <span class='ocr_line' id='line_1_95' title="bbox 2163 4548 3747 4626; baseline -0.011 -7"><span class='ocrx_word' id='word_1_735' title='bbox 2163 4576 2245 4620; x_wconf 89' lang='lat' dir='ltr'><strong>tas</strong></span> <span class='ocrx_word' id='word_1_736' title='bbox 2292 4563 2524 4626; x_wconf 76' lang='lat' dir='ltr'><strong>affectio,</strong></span> <span class='ocrx_word' id='word_1_737' title='bbox 2561 4563 2806 4617; x_wconf 87' lang='lat' dir='ltr'><strong>voluntas</strong></span> <span class='ocrx_word' id='word_1_738' title='bbox 2854 4559 3270 4613; x_wconf 89' lang='lat' dir='ltr'><strong>instrumentum</strong></span> <span class='ocrx_word' id='word_1_739' title='bbox 3296 4594 3312 4618; x_wconf 94' lang='lat'><strong>,</strong></span> <span class='ocrx_word' id='word_1_740' title='bbox 3358 4559 3451 4605; x_wconf 94' lang='lat' dir='ltr'><strong>aut</strong></span> <span class='ocrx_word' id='word_1_741' title='bbox 3491 4548 3747 4603; x_wconf 80' lang='lat' dir='ltr'><strong>voluntas</strong></span> 
     </span>
    </p>
   </div>
   <div class='ocr_carea' id='block_1_94' title="bbox 2161 4648 3748 4723">
    <p class='ocr_par' dir='ltr' id='par_1_94' title="bbox 2161 4648 3748 4723">
     <span class='ocr_line' id='line_1_96' title="bbox 2161 4648 3748 4723; baseline -0.014 -11"><span class='ocrx_word' id='word_1_742' title='bbox 2161 4673 2322 4723; x_wconf 91' lang='lat' dir='ltr'><strong>usus;</strong></span> <span class='ocrx_word' id='word_1_743' title='bbox 2370 4655 2698 4710; x_wconf 89' lang='lat' dir='ltr'><strong>voluntatem</strong></span> <span class='ocrx_word' id='word_1_744' title='bbox 2741 4663 2956 4721; x_wconf 91' lang='lat' dir='ltr'><strong>quoque</strong></span> <span class='ocrx_word' id='word_1_745' title='bbox 2999 4648 3416 4702; x_wconf 89' lang='lat' dir='ltr'><strong>instrumentum</strong></span> <span class='ocrx_word' id='word_1_746' title='bbox 3471 4654 3575 4695; x_wconf 88' lang='lat' dir='ltr'><strong>non</strong></span> <span class='ocrx_word' id='word_1_747' title='bbox 3616 4652 3748 4693; x_wconf 75' lang='lat' dir='ltr'><strong>esse</strong></span> 
     </span>
    </p>
   </div>
   <div class='ocr_carea' id='block_1_95' title="bbox 2162 4729 3762 4808">
    <p class='ocr_par' dir='ltr' id='par_1_95' title="bbox 2162 4729 3762 4808">
     <span class='ocr_line' id='line_1_97' title="bbox 2162 4729 3762 4808; baseline -0.013 -6"><span class='ocrx_word' id='word_1_748' title='bbox 2162 4747 2492 4804; x_wconf 89' lang='lat' dir='ltr'><strong>voluntatem</strong></span> <span class='ocrx_word' id='word_1_749' title='bbox 2518 4759 2675 4799; x_wconf 90' lang='lat' dir='ltr'><strong>usum</strong></span> <span class='ocrx_word' id='word_1_750' title='bbox 2711 4741 2887 4796; x_wconf 90' lang='lat' dir='ltr'><strong>nullus</strong></span> <span class='ocrx_word' id='word_1_751' title='bbox 2910 4740 3156 4808; x_wconf 83' lang='lat' dir='ltr'><strong>ignorat;</strong></span> <span class='ocrx_word' id='word_1_752' title='bbox 3185 4734 3438 4805; x_wconf 81' lang='lat' dir='ltr'><strong>quoniam</strong></span> <span class='ocrx_word' id='word_1_753' title='bbox 3470 4745 3588 4786; x_wconf 89' lang='lat' dir='ltr'><strong>cum</strong></span> <span class='ocrx_word' id='word_1_754' title='bbox 3615 4729 3762 4782; x_wconf 79' lang='lat' dir='ltr'><strong>dico</strong></span> 
     </span>
    </p>
   </div>
   <div class='ocr_carea' id='block_1_96' title="bbox 2164 4816 3751 4894">
    <p class='ocr_par' dir='ltr' id='par_1_96' title="bbox 2164 4816 3751 4894">
     <span class='ocr_line' id='line_1_98' title="bbox 2164 4816 3751 4894; baseline -0.014 0"><span class='ocrx_word' id='word_1_755' title='bbox 2164 4854 2251 4894; x_wconf 90' lang='lat' dir='ltr'><strong>me</strong></span> <span class='ocrx_word' id='word_1_756' title='bbox 2277 4852 2382 4892; x_wconf 84' lang='lat' dir='ltr'><strong>nOn</strong></span> <span class='ocrx_word' id='word_1_757' title='bbox 2410 4835 2614 4890; x_wconf 86' lang='lat' dir='ltr'><strong>habere</strong></span> <span class='ocrx_word' id='word_1_758' title='bbox 2635 4832 2963 4888; x_wconf 87' lang='lat' dir='ltr'><strong>voluntatem</strong></span> <span class='ocrx_word' id='word_1_759' title='bbox 2990 4826 3281 4890; x_wconf 87' lang='lat' dir='ltr'><strong>scribendi,</strong></span> <span class='ocrx_word' id='word_1_760' title='bbox 3307 4837 3466 4879; x_wconf 89' lang='lat' dir='ltr'><strong>nemo</strong></span> <span class='ocrx_word' id='word_1_761' title='bbox 3494 4816 3751 4886; x_wconf 70' lang='lat' dir='ltr'><strong>intelligit</strong></span> 
     </span>
    </p>
   </div>
   <div class='ocr_carea' id='block_1_97' title="bbox 1752 4948 2428 5007">
    <p class='ocr_par' dir='ltr' id='par_1_97' title="bbox 1752 4948 2428 5007">
     <span class='ocr_line' id='line_1_99' title="bbox 1752 4948 2428 5007; baseline -0.004 -3"><span class='ocrx_word' id='word_1_762' title='bbox 1752 4952 1985 5006; x_wconf 63' lang='lat' dir='ltr'><strong>VARIJE</strong></span> <span class='ocrx_word' id='word_1_763' title='bbox 2029 4949 2320 5007; x_wconf 76' lang='lat' dir='ltr'><strong>LECTION</strong></span> <span class='ocrx_word' id='word_1_764' title='bbox 2327 4948 2428 5003; x_wconf 86' lang='lat' dir='ltr'><strong>ES.</strong></span> 
     </span>
    </p>
   </div>
   <div class='ocr_carea' id='block_1_98' title="bbox 549 5028 3753 5104">
    <p class='ocr_par' dir='ltr' id='par_1_98' title="bbox 549 5028 3753 5104">
     <span class='ocr_line' id='line_1_100' title="bbox 549 5028 3753 5104; baseline -0.003 -8"><span class='ocrx_word' id='word_1_765' title='bbox 549 5039 939 5096; x_wconf 75' lang='lat' dir='ltr'><strong>&quot;&quot;Convertit</strong></span> <span class='ocrx_word' id='word_1_766' title='bbox 962 5042 1176 5096; x_wconf 90' lang='lat' dir='ltr'><strong>animus</strong></span> <span class='ocrx_word' id='word_1_767' title='bbox 1206 5058 1341 5101; x_wconf 71' lang='lat' dir='ltr'><strong>mss.</strong></span> <span class='ocrx_word' id='word_1_768' title='bbox 1365 5041 1511 5095; x_wconf 72' lang='lat' dir='ltr'><strong>Gem.</strong></span> <span class='ocrx_word' id='word_1_769' title='bbox 1563 5045 1898 5097; x_wconf 87' lang='lat' dir='ltr'><strong>convertitur</strong></span> <span class='ocrx_word' id='word_1_770' title='bbox 1926 5046 2138 5099; x_wconf 89' lang='lat' dir='ltr'><strong>animus</strong></span> <span class='ocrx_word' id='word_1_771' title='bbox 2179 5043 2309 5100; x_wconf 82' lang='lat' dir='ltr'><strong>l&#39;t&#39;ct.</strong></span> <span class='ocrx_word' id='word_1_772' title='bbox 2354 5051 2401 5094; x_wconf 83' lang='lat' dir='ltr'><strong>et</strong></span> <span class='ocrx_word' id='word_1_773' title='bbox 2436 5036 2620 5093; x_wconf 81' lang='lat' dir='ltr'><strong>Cister.</strong></span> <span class='ocrx_word' id='word_1_774' title='bbox 2650 5033 3016 5090; x_wconf 88' lang='lat' dir='ltr'><strong>convertimus</strong></span> <span class='ocrx_word' id='word_1_775' title='bbox 3089 5031 3182 5104; x_wconf 56' lang='lat' dir='ltr'><strong>mf</strong></span> <span class='ocrx_word' id='word_1_776' title='bbox 3204 5028 3483 5104; x_wconf 53' lang='lat' dir='ltr'><strong>Vocnmgﬁ</strong></span> <span class='ocrx_word' id='word_1_777' title='bbox 3509 5039 3753 5104; x_wconf 58' lang='grc' dir='ltr'><strong>ῃεηπιης</strong></span> 
     </span>
    </p>
   </div>
   <div class='ocr_carea' id='block_1_99' title="bbox 477 5094 3748 5181">
    <p class='ocr_par' dir='ltr' id='par_1_99' title="bbox 477 5094 3748 5181">
     <span class='ocr_line' id='line_1_101' title="bbox 477 5094 3748 5181; baseline -0.004 -15"><span class='ocrx_word' id='word_1_778' title='bbox 477 5113 618 5166; x_wconf 85' lang='lat' dir='ltr'><strong>hanc</strong></span> <span class='ocrx_word' id='word_1_779' title='bbox 662 5094 787 5165; x_wconf 59' lang='lat' dir='ltr'><strong>imi.</strong></span> <span class='ocrx_word' id='word_1_780' title='bbox 821 5094 1078 5166; x_wconf 77' lang='lat' dir='ltr'><strong>vocamus</strong></span> <span class='ocrx_word' id='word_1_781' title='bbox 1116 5094 1351 5181; x_wconf 74' lang='lat' dir='ltr'><strong>namque.</strong></span> <span class='ocrx_word' id='word_1_782' title='bbox 1388 5094 1508 5166; x_wconf 65' lang='lat' dir='ltr'><strong>hic</strong></span> <span class='ocrx_word' id='word_1_783' title='bbox 1548 5094 2278 5168; x_wconf 24' lang='lat' dir='ltr'><strong>“iiModoactiui-sanctus</strong></span> <span class='ocrx_word' id='word_1_784' title='bbox 2307 5113 2468 5164; x_wconf 87' lang='lat' dir='ltr'><strong>homo</strong></span> <span class='ocrx_word' id='word_1_785' title='bbox 2515 5123 2641 5160; x_wconf 81' lang='lat' dir='ltr'><strong>mss.</strong></span> <span class='ocrx_word' id='word_1_786' title='bbox 2681 5104 2840 5181; x_wconf 86' lang='lat' dir='ltr'><strong>mde</strong></span> <span class='ocrx_word' id='word_1_787' title='bbox 2897 5110 3116 5158; x_wconf 87' lang='lat' dir='ltr'><strong>sanctus</strong></span> <span class='ocrx_word' id='word_1_788' title='bbox 3156 5101 3316 5180; x_wconf 81' lang='lat' dir='ltr'><strong>homo</strong></span> <span class='ocrx_word' id='word_1_789' title='bbox 3389 5095 3484 5128; x_wconf 75' lang='grc'><strong>³⁷⁸⁵</strong></span> <span class='ocrx_word' id='word_1_790' title='bbox 3517 5094 3748 5181; x_wconf 36' lang='grc' dir='ltr'><strong>ἳξξζυιιξῖξῑ</strong></span> 
     </span>
    </p>
   </div>
   <div class='ocr_carea' id='block_1_100' title="bbox 477 5161 3754 5240">
    <p class='ocr_par' dir='ltr' id='par_1_100' title="bbox 477 5161 3754 5240">
     <span class='ocr_line' id='line_1_102' title="bbox 477 5161 3754 5240; baseline -0.006 -5"><span class='ocrx_word' id='word_1_791' title='bbox 477 5161 806 5236; x_wconf 55' lang='lat' dir='ltr'><strong>liiiit&#39;ué’fin</strong></span> <span class='ocrx_word' id='word_1_792' title='bbox 835 5161 1507 5236; x_wconf 20' lang='lat' dir='ltr'><strong>icitur-nisa.&quot;vivendii&#39;ét</strong></span> <span class='ocrx_word' id='word_1_793' title='bbox 1522 5198 1643 5236; x_wconf 89' lang='lat' dir='ltr'><strong>cum</strong></span> <span class='ocrx_word' id='word_1_794' title='bbox 1665 5161 1818 5215; x_wconf 45' lang='lat' dir='ltr'><strong>&quot;illi</strong></span> <span class='ocrx_word' id='word_1_795' title='bbox 1834 5161 2256 5240; x_wconf 65' lang='lat' dir='ltr'><strong>uni</strong></span> <span class='ocrx_word' id='word_1_796' title='bbox 2281 5161 2408 5234; x_wconf 74' lang='lat' dir='ltr'><strong>vero</strong></span> <span class='ocrx_word' id='word_1_797' title='bbox 2439 5161 2544 5232; x_wconf 84' lang='lat' dir='ltr'><strong>non</strong></span> <span class='ocrx_word' id='word_1_798' title='bbox 2572 5192 2698 5230; x_wconf 76' lang='lat' dir='ltr'><strong>mss.</strong></span> <span class='ocrx_word' id='word_1_799' title='bbox 2727 5173 3148 5228; x_wconf 84' lang='lat' dir='ltr'><strong>lnstrumentum</strong></span> <span class='ocrx_word' id='word_1_800' title='bbox 3175 5169 3318 5223; x_wconf 89' lang='lat' dir='ltr'><strong>enim</strong></span> <span class='ocrx_word' id='word_1_801' title='bbox 3351 5181 3457 5240; x_wconf 74' lang='lat' dir='ltr'><strong>non</strong></span> <span class='ocrx_word' id='word_1_802' title='bbox 3533 5161 3622 5195; x_wconf 80' lang='lat'>””</span> <span class='ocrx_word' id='word_1_803' title='bbox 3657 5162 3754 5215; x_wconf 81' lang='lat' dir='ltr'><strong>Fi-</strong></span> 
     </span>
    </p>
   </div>
   <div class='ocr_carea' id='block_1_101' title="bbox 477 5245 2586 5324">
    <p class='ocr_par' dir='ltr' id='par_1_101' title="bbox 477 5245 2586 5324">
     <span class='ocr_line' id='line_1_103' title="bbox 477 5245 2586 5324; baseline 0 -21"><span class='ocrx_word' id='word_1_804' title='bbox 477 5267 641 5324; x_wconf 76' lang='lat' dir='ltr'><strong>guras</strong></span> <span class='ocrx_word' id='word_1_805' title='bbox 663 5293 676 5313; x_wconf 91' lang='lat'><strong>,</strong></span> <span class='ocrx_word' id='word_1_806' title='bbox 709 5259 763 5305; x_wconf 90' lang='lat' dir='ltr'><strong>et</strong></span> <span class='ocrx_word' id='word_1_807' title='bbox 789 5250 1112 5324; x_wconf 55' lang='lat' dir='ltr'><strong>periiguras</strong></span> <span class='ocrx_word' id='word_1_808' title='bbox 1133 5251 1198 5324; x_wconf 87' lang='lat' dir='ltr'><strong>a_d</strong></span> <span class='ocrx_word' id='word_1_809' title='bbox 1230 5250 1515 5305; x_wconf 87' lang='lat' dir='ltr'><strong>videndum</strong></span> <span class='ocrx_word' id='word_1_810' title='bbox 1549 5269 1671 5306; x_wconf 76' lang='lat' dir='ltr'><strong>mss.</strong></span> <span class='ocrx_word' id='word_1_811' title='bbox 1707 5252 1927 5324; x_wconf 74' lang='lat' dir='ltr'><strong>ﬁguras.</strong></span> <span class='ocrx_word' id='word_1_812' title='bbox 1957 5255 2022 5305; x_wconf 90' lang='lat' dir='ltr'><strong>ad</strong></span> <span class='ocrx_word' id='word_1_813' title='bbox 2055 5251 2363 5324; x_wconf 51' lang='lat' dir='ltr'><strong>videnduuv</strong></span> <span class='ocrx_word' id='word_1_814' title='bbox 2415 5247 2509 5280; x_wconf 68' lang='grc'><strong>³⁷⁸⁸</strong></span> <span class='ocrx_word' id='word_1_815' title='bbox 2541 5245 2586 5312; x_wconf 82' lang='lat' dir='ltr'><strong>Q</strong></span> 
     </span>
    </p>
   </div>
   <div class='ocr_carea' id='block_1_102' title="bbox 451 5317 2580 5390">
    <p class='ocr_par' dir='ltr' id='par_1_102' title="bbox 451 5317 2580 5390">
     <span class='ocr_line' id='line_1_104' title="bbox 451 5317 2580 5390; baseline -0.003 -15"><span class='ocrx_word' id='word_1_816' title='bbox 451 5317 618 5390; x_wconf 63' lang='lat' dir='ltr'><strong>tinet</strong></span> <span class='ocrx_word' id='word_1_817' title='bbox 671 5317 804 5372; x_wconf 53' lang='lat' dir='ltr'><strong>mss:</strong></span> <span class='ocrx_word' id='word_1_818' title='bbox 861 5317 992 5370; x_wconf 78' lang='lat' dir='ltr'><strong>Vict.</strong></span> <span class='ocrx_word' id='word_1_819' title='bbox 1040 5329 1086 5390; x_wconf 79' lang='lat' dir='ltr'><strong>et</strong></span> <span class='ocrx_word' id='word_1_820' title='bbox 1128 5321 1336 5390; x_wconf 58' lang='lat' dir='ltr'><strong>Cister.</strong></span> <span class='ocrx_word' id='word_1_821' title='bbox 1371 5337 1490 5390; x_wconf 72' lang='lat' dir='ltr'><strong>qua:</strong></span> <span class='ocrx_word' id='word_1_822' title='bbox 1532 5331 1615 5376; x_wconf 90' lang='lat' dir='ltr'><strong>est</strong></span> <span class='ocrx_word' id='word_1_823' title='bbox 1659 5325 1723 5374; x_wconf 85' lang='lat' dir='ltr'><strong>ad</strong></span> <span class='ocrx_word' id='word_1_824' title='bbox 1746 5317 2059 5377; x_wconf 65' lang='lat' dir='ltr'><strong>&#39;volcndum</strong></span> <span class='ocrx_word' id='word_1_825' title='bbox 2100 5319 2580 5390; x_wconf 66' lang='lat' dir='ltr'><strong>commoditatem;</strong></span> 
     </span>
    </p>
   </div>
   <div class='ocr_carea' id='block_1_103' title="bbox 2591 5235 3750 5300">
    <p class='ocr_par' dir='ltr' id='par_1_103' title="bbox 2591 5235 3750 5300">
     <span class='ocr_line' id='line_1_105' title="bbox 2591 5235 3750 5300; baseline -0.014 -3"><span class='ocrx_word' id='word_1_826' title='bbox 2591 5259 2671 5297; x_wconf 69' lang='lat' dir='ltr'><strong>uae</strong></span> <span class='ocrx_word' id='word_1_827' title='bbox 2718 5244 2784 5296; x_wconf 93' lang='lat' dir='ltr'><strong>ad</strong></span> <span class='ocrx_word' id='word_1_828' title='bbox 2834 5242 3116 5296; x_wconf 89' lang='lat' dir='ltr'><strong>volendum</strong></span> <span class='ocrx_word' id='word_1_829' title='bbox 3149 5235 3588 5294; x_wconf 86' lang='lat' dir='ltr'><strong>commoditatem</strong></span> <span class='ocrx_word' id='word_1_830' title='bbox 3624 5245 3750 5300; x_wconf 86' lang='lat' dir='ltr'><strong>per-</strong></span> 
     </span>
    </p>
   </div>
   <div class='ocr_carea' id='block_1_104' title="bbox 2661 5301 3750 5377">
    <p class='ocr_par' dir='ltr' id='par_1_104' title="bbox 2661 5301 3750 5377">
     <span class='ocr_line' id='line_1_106' title="bbox 2661 5301 3750 5377; baseline -0.017 -9"><span class='ocrx_word' id='word_1_831' title='bbox 2661 5313 2754 5346; x_wconf 72' lang='grc'>³⁷⁸⁸</span> <span class='ocrx_word' id='word_1_832' title='bbox 2784 5311 2914 5377; x_wconf 84' lang='lat' dir='ltr'><strong>Quae</strong></span> <span class='ocrx_word' id='word_1_833' title='bbox 2940 5326 3084 5366; x_wconf 88' lang='lat' dir='ltr'><strong>nunc</strong></span> <span class='ocrx_word' id='word_1_834' title='bbox 3121 5308 3306 5377; x_wconf 14' lang='lat' dir='ltr'><strong>estgad</strong></span> <span class='ocrx_word' id='word_1_835' title='bbox 3353 5321 3492 5377; x_wconf 46' lang='lat' dir='ltr'><strong>mu.</strong></span> <span class='ocrx_word' id='word_1_836' title='bbox 3517 5301 3652 5377; x_wconf 64' lang='lat' dir='ltr'><strong>Vict.</strong></span> <span class='ocrx_word' id='word_1_837' title='bbox 3692 5310 3750 5352; x_wconf 68' lang='lat' dir='ltr'><strong>et</strong></span> 
     </span>
    </p>
   </div>
   <div class='ocr_carea' id='block_1_105' title="bbox 478 5371 3746 5459">
    <p class='ocr_par' dir='ltr' id='par_1_105' title="bbox 478 5371 3746 5459">
     <span class='ocr_line' id='line_1_107' title="bbox 478 5371 3746 5459; baseline -0.007 -15"><span class='ocrx_word' id='word_1_838' title='bbox 478 5371 939 5459; x_wconf 32' lang='lat' dir='ltr'><strong>bialeraquieegt</strong></span> <span class='ocrx_word' id='word_1_839' title='bbox 963 5389 1048 5459; x_wconf 90' lang='lat' dir='ltr'><strong>_ad</strong></span> <span class='ocrx_word' id='word_1_840' title='bbox 1122 5371 1687 5447; x_wconf 20' lang='lat' dir='ltr'><strong>&#39;3”Vtilt‘llahorarcﬂ</strong></span> <span class='ocrx_word' id='word_1_841' title='bbox 1710 5371 1795 5446; x_wconf 82' lang='lat' dir='ltr'><strong>vel</strong></span> <span class='ocrx_word' id='word_1_842' title='bbox 1816 5371 2059 5446; x_wconf 46' lang='lat' dir='ltr'><strong>tusae};</strong></span> <span class='ocrx_word' id='word_1_843' title='bbox 2089 5371 2380 5459; x_wconf 33' lang='lat' dir='ltr'><strong>adnatat</strong></span> <span class='ocrx_word' id='word_1_844' title='bbox 2409 5384 2748 5459; x_wconf 65' lang='lat' dir='ltr'><strong>cumdabqre</strong></span> <span class='ocrx_word' id='word_1_845' title='bbox 2777 5371 2988 5459; x_wconf 57' lang='lat' dir='ltr'><strong>discere</strong></span> <span class='ocrx_word' id='word_1_846' title='bbox 3036 5396 3135 5436; x_wconf 80' lang='lat' dir='ltr'><strong>ms.</strong></span> <span class='ocrx_word' id='word_1_847' title='bbox 3190 5371 3746 5459; x_wconf 19' lang='lat' dir='ltr'><strong>&#39;Cister..vult.lah‘o‘re</strong></span> 
     </span>
    </p>
   </div>
   <div class='ocr_carea' id='block_1_106' title="bbox 478 5443 3750 5530">
    <p class='ocr_par' dir='ltr' id='par_1_106' title="bbox 478 5443 3750 5530">
     <span class='ocr_line' id='line_1_108' title="bbox 478 5443 3750 5530; baseline -0.006 -16"><span class='ocrx_word' id='word_1_848' title='bbox 478 5443 692 5514; x_wconf 83' lang='lat' dir='ltr'><strong>discere</strong></span> <span class='ocrx_word' id='word_1_849' title='bbox 726 5443 741 5456; x_wconf 78' lang='grc'><em>’</em></span> <span class='ocrx_word' id='word_1_850' title='bbox 765 5457 856 5530; x_wconf 54' lang='lat' dir='ltr'><strong>’{N</strong></span> <span class='ocrx_word' id='word_1_851' title='bbox 884 5455 1065 5530; x_wconf 79' lang='lat' dir='ltr'><strong>Palam</strong></span> <span class='ocrx_word' id='word_1_852' title='bbox 1107 5468 1288 5518; x_wconf 78' lang='lat' dir='ltr'><strong>autem</strong></span> <span class='ocrx_word' id='word_1_853' title='bbox 1314 5443 1396 5514; x_wconf 70' lang='lat' dir='ltr'><strong>eSt</strong></span> <span class='ocrx_word' id='word_1_854' title='bbox 1422 5443 1546 5530; x_wconf 84' lang='lat' dir='ltr'><strong>quia</strong></span> <span class='ocrx_word' id='word_1_855' title='bbox 1579 5443 1700 5515; x_wconf 66' lang='lat' dir='ltr'><strong>cuin</strong></span> <span class='ocrx_word' id='word_1_856' title='bbox 1723 5443 2107 5516; x_wconf 26' lang='lat' dir='ltr'><strong>di‘cimuvsvuon</strong></span> <span class='ocrx_word' id='word_1_857' title='bbox 2144 5457 2490 5530; x_wconf 83' lang='lat' dir='ltr'><strong>csseiujusto</strong></span> <span class='ocrx_word' id='word_1_858' title='bbox 2515 5453 2804 5530; x_wconf 67' lang='lat' dir='ltr'><strong>dormienti</strong></span> <span class='ocrx_word' id='word_1_859' title='bbox 2830 5450 3162 5530; x_wconf 59' lang='lat' dir='ltr'><strong>voluntatem</strong></span> <span class='ocrx_word' id='word_1_860' title='bbox 3184 5448 3330 5530; x_wconf 85' lang='lat' dir='ltr'><strong>juste</strong></span> <span class='ocrx_word' id='word_1_861' title='bbox 3355 5443 3608 5530; x_wconf 61' lang='lat' dir='ltr'><strong>vivendi;</strong></span> <span class='ocrx_word' id='word_1_862' title='bbox 3635 5454 3750 5530; x_wconf 62' lang='lat' dir='ltr'><strong>non</strong></span> 
     </span>
    </p>
   </div>
   <div class='ocr_carea' id='block_1_107' title="bbox 479 5519 3744 5598">
    <p class='ocr_par' dir='ltr' id='par_1_107' title="bbox 479 5519 3744 5598">
     <span class='ocr_line' id='line_1_109' title="bbox 479 5519 3744 5598; baseline -0.004 -16"><span class='ocrx_word' id='word_1_863' title='bbox 479 5536 712 5597; x_wconf 74' lang='lat' dir='ltr'><strong>negatur</strong></span> <span class='ocrx_word' id='word_1_864' title='bbox 739 5521 986 5598; x_wconf 78' lang='lat' dir='ltr'><strong>veluntas</strong></span> <span class='ocrx_word' id='word_1_865' title='bbox 1012 5528 1064 5581; x_wconf 93' lang='lat' dir='ltr'><strong>in</strong></span> <span class='ocrx_word' id='word_1_866' title='bbox 1095 5543 1161 5582; x_wconf 91' lang='lat' dir='ltr'><strong>eo</strong></span> <span class='ocrx_word' id='word_1_867' title='bbox 1185 5544 1303 5583; x_wconf 90' lang='lat' dir='ltr'><strong>esse</strong></span> <span class='ocrx_word' id='word_1_868' title='bbox 1331 5519 1492 5598; x_wconf 72' lang='lat' dir='ltr'><strong>quain</strong></span> <span class='ocrx_word' id='word_1_869' title='bbox 1521 5532 1630 5585; x_wconf 78' lang='lat' dir='ltr'><strong>dixi</strong></span> <span class='ocrx_word' id='word_1_870' title='bbox 1662 5531 2107 5598; x_wconf 78' lang='lat' dir='ltr'><strong>instrumentum,</strong></span> <span class='ocrx_word' id='word_1_871' title='bbox 2126 5519 2528 5598; x_wconf 46' lang='lat' dir='ltr'><strong>t’ptoniauveam</strong></span> <span class='ocrx_word' id='word_1_872' title='bbox 2556 5539 2652 5598; x_wconf 57' lang='lat' dir='ltr'><strong>me.</strong></span> <span class='ocrx_word' id='word_1_873' title='bbox 2692 5520 2836 5598; x_wconf 34' lang='lat' dir='ltr'><strong>.Vict.</strong></span> <span class='ocrx_word' id='word_1_874' title='bbox 2869 5519 2953 5598; x_wconf 63' lang='lat'><strong>13.</strong></span> <span class='ocrx_word' id='word_1_875' title='bbox 2981 5519 3039 5573; x_wconf 90' lang='lat' dir='ltr'><strong>lu</strong></span> <span class='ocrx_word' id='word_1_876' title='bbox 3074 5519 3273 5598; x_wconf 76' lang='lat' dir='ltr'><strong>injuste</strong></span> <span class='ocrx_word' id='word_1_877' title='bbox 3297 5523 3609 5598; x_wconf 68' lang='lat' dir='ltr'><strong>autemnon</strong></span> <span class='ocrx_word' id='word_1_878' title='bbox 3637 5523 3744 5598; x_wconf 52' lang='lat' dir='ltr'><strong>Pg-</strong></span> 
     </span>
    </p>
   </div>
   <div class='ocr_carea' id='block_1_108' title="bbox 479 5595 2282 5668">
    <p class='ocr_par' dir='ltr' id='par_1_108' title="bbox 479 5595 2282 5668">
     <span class='ocr_line' id='line_1_110' title="bbox 479 5595 2282 5668; baseline 0 -19"><span class='ocrx_word' id='word_1_879' title='bbox 479 5595 637 5668; x_wconf 68' lang='lat' dir='ltr'><strong>gatttt&#39;</strong></span> <span class='ocrx_word' id='word_1_880' title='bbox 667 5611 788 5668; x_wconf 76' lang='lat' dir='ltr'><strong>esse</strong></span> <span class='ocrx_word' id='word_1_881' title='bbox 817 5595 1065 5668; x_wconf 84' lang='lat' dir='ltr'><strong>voluntas</strong></span> <span class='ocrx_word' id='word_1_882' title='bbox 1089 5595 1502 5654; x_wconf 79' lang='lat' dir='ltr'><strong>instrumentum</strong></span> <span class='ocrx_word' id='word_1_883' title='bbox 1525 5618 1539 5665; x_wconf 90' lang='lat'><strong>;</strong></span> <span class='ocrx_word' id='word_1_884' title='bbox 1569 5600 1824 5668; x_wconf 87' lang='lat' dir='ltr'><strong>quoniam</strong></span> <span class='ocrx_word' id='word_1_885' title='bbox 1852 5615 1971 5655; x_wconf 87' lang='lat' dir='ltr'><strong>eam</strong></span> <span class='ocrx_word' id='word_1_886' title='bbox 1999 5595 2122 5652; x_wconf 72' lang='lat' dir='ltr'><strong>mss.</strong></span> <span class='ocrx_word' id='word_1_887' title='bbox 2145 5595 2282 5668; x_wconf 54' lang='lat' dir='ltr'><strong>&#39;aliq.</strong></span> 
     </span>
    </p>
   </div>
   <div class='ocr_carea' id='block_1_109' title="bbox 2322 5583 3743 5663">
    <p class='ocr_par' dir='ltr' id='par_1_109' title="bbox 2322 5583 3743 5663">
     <span class='ocr_line' id='line_1_111' title="bbox 2322 5583 3743 5663; baseline -0.012 -14"><span class='ocrx_word' id='word_1_888' title='bbox 2322 5596 2496 5663; x_wconf 89' lang='lat' dir='ltr'><strong>palam</strong></span> <span class='ocrx_word' id='word_1_889' title='bbox 2521 5630 2538 5663; x_wconf 16' lang='grc' dir='ltr'><em>,ν</em></span> <span class='ocrx_word' id='word_1_890' title='bbox 2564 5592 2661 5663; x_wconf 68' lang='lat' dir='ltr'><strong>._in</strong></span> <span class='ocrx_word' id='word_1_891' title='bbox 2691 5591 2902 5663; x_wconf 59' lang='lat' dir='ltr'><strong>injuste</strong></span> <span class='ocrx_word' id='word_1_892' title='bbox 2920 5583 3222 5663; x_wconf 72' lang='lat' dir='ltr'><strong>dormiente</strong></span> <span class='ocrx_word' id='word_1_893' title='bbox 3245 5583 3600 5644; x_wconf 81' lang='lat' dir='ltr'><strong>voluntatem,</strong></span> <span class='ocrx_word' id='word_1_894' title='bbox 3631 5586 3743 5663; x_wconf 48' lang='lat' dir='ltr'><strong>etc:</strong></span> 
     </span>
    </p>
   </div>
   <div class='ocr_carea' id='block_1_110' title="bbox 478 5647 3764 5738">
    <p class='ocr_par' dir='ltr' id='par_1_110' title="bbox 478 5647 3764 5738">
     <span class='ocr_line' id='line_1_112' title="bbox 478 5647 3764 5738; baseline -0.003 -22"><span class='ocrx_word' id='word_1_895' title='bbox 478 5647 837 5738; x_wconf 52' lang='grc' dir='ltr'><strong>ἶιῖεξῌίἱξζ</strong></span> <span class='ocrx_word' id='word_1_896' title='bbox 867 5647 1065 5738; x_wconf 28' lang='lat' dir='ltr'><strong>fili—lu</strong></span> <span class='ocrx_word' id='word_1_897' title='bbox 1089 5647 2544 5738; x_wconf 45' lang='lat' dir='ltr'><strong>&quot;iidiiiiiéiiiE&#39;ihit‘E.&quot;iii2&quot;i&#39;n&quot;d5r}niei.ie‘iusio&quot;to&quot;</strong></span> <span class='ocrx_word' id='word_1_898' title='bbox 2566 5661 2683 5718; x_wconf 80' lang='lat' dir='ltr'><strong>Non</strong></span> <span class='ocrx_word' id='word_1_899' title='bbox 2737 5647 3056 5731; x_wconf 73' lang='lat' dir='ltr'><strong>intelligitur</strong></span> <span class='ocrx_word' id='word_1_900' title='bbox 3093 5656 3339 5714; x_wconf 88' lang='lat' dir='ltr'><strong>voluntas</strong></span> <span class='ocrx_word' id='word_1_901' title='bbox 3372 5668 3510 5710; x_wconf 64' lang='lat' dir='ltr'><strong>mn.</strong></span> <span class='ocrx_word' id='word_1_902' title='bbox 3529 5663 3634 5706; x_wconf 88' lang='lat' dir='ltr'><strong>non</strong></span> <span class='ocrx_word' id='word_1_903' title='bbox 3665 5647 3764 5702; x_wconf 80' lang='lat' dir='ltr'><strong>ibi.</strong></span> 
     </span>
    </p>
   </div>
   <div class='ocr_carea' id='block_1_111' title="bbox 483 5734 1078 5816">
    <p class='ocr_par' dir='ltr' id='par_1_111' title="bbox 483 5734 1078 5816">
     <span class='ocr_line' id='line_1_113' title="bbox 483 5734 1078 5816; baseline 0.007 -27"><span class='ocrx_word' id='word_1_904' title='bbox 483 5734 803 5816; x_wconf 65' lang='lat' dir='ltr'><strong>intelligitur</strong></span> <span class='ocrx_word' id='word_1_905' title='bbox 826 5736 1078 5793; x_wconf 81' lang='lat' dir='ltr'><strong>voluntas</strong></span> 
     </span>
    </p>
   </div>
  </div>
