4076 6288
321 375 418 435 557

273 522 284 532 ε
320 507 404 546 tne
439 503 547 543 ttott
579 487 781 543 habere
809 485 1224 540 instrumentum
1251 483 1481 539 valendi.

321 585 573 639 voluntas
614 581 1057 645 instrumentum,
1100 577 1203 630 alia
1235 576 1481 631 voluntas
1507 574 1748 639 affectio,
1794 572 1897 629 alia

320 672 568 729 voluntas
585 684 736 724 usus.
761 667 1022 723 Voluntas
1042 666 1257 737 quidem
1285 666 1699 720 instrumentum
1721 670 1900 717 movet

320 760 648 841 omnia
681 759 1065 823 instrumenta,
1105 759 1307 827 quibus
1344 765 1535 825 sponte
1585 755 1806 821 utimur,
1846 761 1900 809 et

319 870 437 924 quae
481 861 612 907 sunt
655 851 706 905 itt
765 849 948 914 nobis,
993 858 1052 904 ut
1105 863 1326 914 manus,
1377 848 1585 918 lingua,
1627 847 1809 913 visus;
1845 855 1902 902 et

320 961 437 1016 cpta:
463 954 593 999 sunt
630 950 786 997 extra
815 957 946 1007 nos,
989 950 1047 995 ut
1087 940 1285 1012 stylus,
1316 949 1367 996 et
1418 940 1655 1006 securis;
1688 949 1743 993 et
1771 938 1901 994 facit

318 1050 510 1090 omnes
537 1033 871 1119 voluntarios
900 1039 1079 1087 motus
1103 1048 1115 1085 :
1146 1031 1416 1119 ἐρεείνετο
1446 1044 1504 1084 se
1531 1027 1903 1103 smatl'eetio-

320 1127 479 1180 nibus
506 1133 716 1189 movet:
738 1111 879 1178 unde
902 1122 1007 1177 dici
1030 1111 1643 1193 poteﬁ'ittstrtttnetttutn
1659 1117 1900 1193 §clp§titg

323 1231 569 1272 movens.
623 1217 753 1271 Dico
782 1215 1113 1271 voluntatem
1153 1213 1568 1267 instrumentum
1594 1225 1783 1266 omnes
1809 1224 1904 1264 vo-

322 1307 588 1362 luntarios
615 1315 793 1371 motus
825 1304 1004 1360 facere
1054 1323 1068 1359 :
1111 1305 1203 1359 sed
1243 1303 1286 1358 si
1317 1302 1412 1335 ⁸⁸⁸³
1443 1302 1731 1371 diligenter
1772 1316 1902 1355 con-

321 1391 989 1483 sideramus,gillg’t'erins
1013 1395 1107 1427 ³⁸⁸⁵
1143 1394 1344 1450 dicitur
1373 1391 1553 1449 facere
1578 1407 1737 1448 omne
1761 1392 1903 1462 quod

324 1489 452 1543 facit
469 1498 666 1544 natura
686 1497 781 1543 aut
801 1488 1183 1570 voluntas.
1201 1486 1332 1559 facit
1348 1497 1607 1574 natum
1626 1495 1680 1541 et
1705 1485 1903 1539 instru-

324 1587 567 1635 mentum
587 1578 801 1635 volendi
842 1594 965 1634 cum
992 1546 1368 1633 adeetionibus
1393 1546 1677 1663 εἰίἷὲξᾝιιε
1708 1575 1904 1647 quibus

325 1668 466 1724 idem
502 1669 923 1750 instrumentum
958 1669 1088 1725 nihil
1116 1668 1260 1724 facit.

326 1800 456 1883 Car:
498 1801 595 1883 .Xll
628 1801 722 1874 [aL
754 1802 949 1883 XXIII.
982 1791 1052 1844 -ὲ
1102 1804 1256 1883 Quod
1296 1822 1362 1859 ea:
1393 1806 1654 1883 rotantate
1693 1813 1904 1866 rectitu-
1939 1824 1980 1883 Β

394 1872 535 1943 diuis
568 1872 665 1926 aut
688 1872 949 1928 commodi
991 1877 1235 1943 procedat
1267 1892 1417 1930 omne
1447 1880 1685 1933 meritum
1734 1883 1906 1936 homi-

396 1941 498 2003 nis,
528 1943 635 1998 sive
659 1943 728 1997 ad
753 1941 1000 2010 salutem,
1023 1944 1128 1998 sive
1153 1945 1224 1998 ad
1250 1947 1659 2002 dattmationcm.

402 2034 477 2087 Ex
508 2033 593 2088 his
617 2031 825 2089 duabus
850 2033 1247 2099 allectionibus,
1270 2038 1579 2105 qnasctiam
1604 2038 1906 2101 voluntates

326 2124 596 2190 dicimus,
651 2124 931 2180 descendit
970 2140 1131 2180 omne
1178 2129 1428 2181 tnerittttn
1478 2129 1744 2196 hominis,
1788 2132 1919 2205 sive

324 2216 555 2280 bonum,
589 2216 703 2271 sive
741 2216 959 2270 malum:
992 2217 1123 2284 Qttte
1150 2218 1268 2273 dna:
1315 2219 1615 2278 voluntates
1655 2224 1819 2278 etiam
1852 2225 1905 2279 itt

325 2307 432 2361 hoc
470 2303 727 2361 differunt
756 2306 1001 2377 m“quia
1050 2307 1167 2376 illa,
1213 2325 1332 2379 quae
1379 2320 1464 2365 est
1509 2312 1576 2365 ad
1616 2314 1906 2370 volendunt

326 2397 714 2462 commodum,
744 2396 1123 2468 inseparabilis
1151 2409 1262 2467 est;
1298 2401 1383 2453 illa
1414 2416 1543 2456 vero
1578 2419 1697 2473 qua:
1723 2414 1804 2459 est
1839 2407 1906 2460 ad

322 2486 617 2543 volendum
668 2488 1066 2554 rectitudinem,
1117 2489 1439 2563 separaltilis
1493 2490 1615 2557 fuit,
1656 2503 1713 2546 ιιι
1746 2508 1907 2563 supra

324 2577 449 2631 dixi
471 2575 643 2645 (Dial.
671 2577 735 2631 de
759 2576 851 2631 lib.
877 2578 1016 2641 arb.,
1045 2593 1094 2633 c.
1126 2578 1259 2647 ιι),
1295 2579 1347 2633 in
1371 2581 1639 2652 principio
1670 2585 1723 2638 in
1751 2599 1910 2656 ange-

324 2666 418 2730 lis,
447 2674 503 2721 et
540 2666 595 2720 in
623 2666 815 2737 primis
842 2668 1043 2723 nostris
1079 2670 1425 2737 parentibus;
1455 2681 1510 2728 et
1538 2683 1622 2729 est
1651 2666 1907 2732 adhuein

326 2756 437 2811 hac
467 2755 578 2810 vita
608 2758 971 2845 ma_tngbgs.
1004 2758 1061 2813 ltt
1092 2759 1194 2815 hoc
1243 2775 1457 2831 quoque
1494 2763 1746 2819 dill‘erunt
1785 2766 1911 2837 quia

324 2846 443 2910 illa,
473 2862 593 2916 qua:
632 2857 719 2903 est
741 2848 1135 2931 adﬂolendutn
1166 2853 1530 2918 commodum.
1566 2871 1670 2911 non
1698 2865 1783 2912 est
1809 2858 1911 2913 hoc

325 2937 479 3006 quod
511 2935 624 3007 ipsa
673 2937 786 2993 vult
812 2934 945 3007 tilla
981 2956 1109 2997 vero
1133 2944 1254 3030 qua:
1282 2953 1365 2999 est
1390 2945 1456 2999 ad
1495 2945 1590 2978 ³⁸⁸⁷
1625 2948 1911 3004 volcndum

327 3028 735 3094 rectitudinem,
770 3031 1036 3087 rectitudo
1064 3028 1173 3125 est};
1202 3034 1388 3091 Nullus
1411 3038 1607 3108 quippe
1633 3040 1913 3095 rectitudi-

329 3133 462 3175 nem
494 3119 640 3183 vult,
672 3120 774 3175 nisi
826 3119 1203 3180 rectitudinem
1240 3126 1447 3183 habens
1477 3147 1490 3183 :
1533 3146 1705 3201 neque
1737 3142 1912 3201 potest

330 3211 532 3280 aliquis
579 3211 959 3268 rectitudinem
997 3214 1159 3280 velle,
1202 3217 1304 3273 nisi
1358 3220 1697 3277 rectitudine.
1729 3221 1911 3276 Palam
1940 3191 1982 3249 Ο

336 3314 528 3357 antettt
560 3310 643 3357 est
684 3304 802 3375 ejus
842 3305 1167 3370 voluntatis,
1193 3321 1313 3377 quat
1349 3319 1431 3364 est
1474 3304 1910 3377 instrutnentutd,

330 3398 496 3453 istam
537 3410 659 3452 esse
697 3396 1101 3453 rectitudinem.
1143 3397 1292 3456 llatte
1322 3390 1912 3470 pronutttiiiiittimm

326 3487 542 3557 iustitia
588 3489 902 3562 designatur
946 3490 1210 3547 rectitudo
1258 3493 1551 3550 voluntatis
1593 3484 1812 3568 propter
1857 3513 1914 3552 se

332 3592 577 3633 servata.
606 3579 732 3635 llate
752 3591 835 3636 est
859 3584 1023 3637 etiam
1052 3587 1250 3641 veritas
1280 3586 1369 3641 illa
1394 3587 1701 3658 voluntatis,
1733 3591 1913 3659 inqua

335 3661 647 3733 arguitur'a
679 3671 904 3728 Domino
930 3673 1175 3731 diabolus
1212 3692 1316 3732 non
1347 3677 1566 3733 stetisse
1594 3695 1609 3734 :
1636 3680 1778 3750 quod
1805 3680 1914 3735 dixi

335 3760 484 3828 (cap.
515 3758 572 3829 4)
603 3759 656 3813 itt
702 3768 931 3816 tractatu
980 3763 1047 3818 de
1075 3764 1323 3820 veritate.
1379 3764 1533 3823 Nune
1567 3769 1916 3824 consideran-

336 3847 469 3901 dum
495 3856 579 3901 est
606 3850 875 3917 quomodo
900 3867 964 3905 ex
1008 3851 1091 3907 his
1124 3853 1328 3910 duabus
1359 3854 1756 3920 voluntatibus.
1785 3873 1919 3927 quas

332 3950 477 3992 voco
523 3936 853 4007 aptitudines
885 3941 1000 3998 sive
1029 3942 1380 4011 adectiones,
1424 3947 1738 4016 procedant,
1782 3949 1920 4004 sicut

331 4026 484 4091 dixi,
533 4027 727 4083 merita
777 4030 1085 4098 hominum,
1136 4034 1252 4089 site
1288 4036 1355 4090 ad
1405 4035 1667 4105 salutem,
1715 4038 1829 4094 sive
1854 4040 1920 4094 ad

330 4118 763 4175 damnationem.
797 4122 1085 4180 [lectitttdo
1133 4127 1372 4196 quidem,
1405 4139 1667 4199 quantum
1707 4131 1759 4185 itt
1807 4131 1921 4203 ipsa

331 4218 464 4272 est,
517 4210 714 4269 nullius
746 4214 871 4269 ntali
915 4232 1080 4272 causa
1117 4228 1237 4285 est,
1267 4230 1324 4276 et
1367 4222 1544 4278 omnis
1575 4224 1751 4279 meriti
1798 4225 1923 4280 boni

336 4311 530 4362 mater
564 4312 679 4368 est,
718 4305 835 4364 haec
884 4308 1028 4363 enim
1071 4308 1221 4366 favet
1264 4312 1477 4382 spiritui
1524 4315 1924 4385 concupiscenti

333 4392 608 4450 adversus
627 4409 849 4453 carnem
873 4396 1072 4469 (Galat.
1096 4414 1147 4465 v,
1171 4400 1289 4473 25.)
1315 4411 1372 4458 et
1398 4403 1797 4462 condelectatur
1821 4405 1924 4479 legi

1174 371 1262 427 DE
1294 368 1471 428 CONC
1574 370 1630 424 D.
1675 367 1943 424 PlthSC.
1990 368 2099 423 DEI
2139 369 2284 425 CUM
2336 366 2470 424 LIB.
2518 368 2795 425 Alllli'l'll.

1175 492 1224 538 tn
1251 369 1632 559 volcndifzflia
1662 490 1743 537 est
1766 497 1896 553 ergo
1924 484 1972 542 A
1998 496 2104 537 non
2142 495 2355 551 semper
2390 484 2529 536 tnala
2575 491 2689 549 est;
2724 498 2795 538 se.

1514 483 1555 537 Α

3468 373 3573 429 538

1563 483 1632 537 lia
1662 490 1743 537 est
1766 497 1896 553 ergo
1924 484 1972 542 A
1998 496 2104 537 non
2142 495 2355 551 semper
2390 484 2529 536 tnala
2575 491 2689 549 est;
2724 483 2817 538 sel
2850 483 3063 552 quando
3108 485 3381 538 consentit
3424 488 3573 540 carni
3602 464 3605 473 ί

1999 575 2401 645 concupiscenti
2436 577 2695 631 adversus
2723 575 2992 644 spiritum.

1999 687 2129 744 Car.
2188 686 2297 743 Xlll
2333 688 2428 761 [al.
2484 688 2692 761 XXlll].
2719 719 2799 761 Σ-
2852 686 3001 761 Unde
3038 699 3112 761 est
3149 699 3258 743 tant
3306 689 3488 745 vitiosa
3525 699 3573 743 et

2321 758 2429 812 tam
2464 776 2628 829 prona
2654 758 2727 812 ad
2768 759 2967 813 malum
3000 759 3260 814 voluntas.

2073 849 2181 905 Sed
2232 858 2290 904 ut
2327 851 2430 905 hoc
2480 850 2690 920 planius
2744 850 3092 920 intelligatur,
3144 850 3573 922 investigandum

2001 951 2086 997 est
2113 942 2253 997 ttnde
2281 952 2387 997 tam
2422 942 2612 997 vitiosa
2644 952 2697 995 et
2726 953 2831 996 tant
2858 957 3023 1012 prona
3049 941 3119 996 sit
3146 943 3214 996 ad
3247 940 3443 996 maltnn
3475 941 3574 996 ista

2000 1029 2270 1086 voluntas.
2302 1027 2414 1085 Non
2438 1031 2581 1084 enim
2607 1029 2930 1084 credendum
2953 1039 3037 1083 est
3057 1028 3215 1084 talem
3238 1029 3381 1083 illam
3408 1028 3575 1083 Deum

2002 1121 2199 1179 fecisse
2228 1121 2280 1176 itt
2309 1121 2498 1192 primis
2520 1120 2722 1177 nostris
2752 1119 3084 1189 parentibus.
3117 1119 3251 1175 Cum
3278 1119 3420 1173 enim
3453 1135 3579 1188 νων

2006 1214 2100 1268 tuli
2131 1222 2382 1269 naturattt
2408 1213 2699 1268 humanam
2729 1220 2949 1283 propter
2979 1221 3256 1283 peceatum
3284 1210 3579 1267 incurrisse

2005 1304 2409 1376 corruptionem
2443 1313 2499 1359 et
2542 1304 2813 1374 appetitus
2861 1303 2927 1358 ad
2956 1302 3361 1357 similitudinem
3388 1303 3576 1357 bruto-

2006 1411 2125 1450 rum
2174 1395 2520 1462 animalium,
2554 1410 2660 1449 non
2693 1395 2803 1450 dixi
2849 1393 3119 1466 quomodo
3167 1394 3288 1450 talis
3333 1395 3580 1449 voluntas

2004 1472 2145 1544 orta
2175 1488 2247 1543 sit
2292 1488 2347 1543 in
2383 1487 2624 1543 homine.
2651 1487 2809 1543 Aliud
2853 1503 3086 1558 namque
3136 1496 3260 1542 sunt
3313 1488 3582 1558 appetitus

2004 1577 2182 1633 vitiosi
2216 1596 2229 1633 :
2258 1578 2403 1632 aliud
2453 1577 2647 1633 vitiosa
2700 1578 2950 1633 voluntas
2997 1577 3323 1649 appetitibus
3357 1591 3583 1632 consen-

2009 1667 2169 1722 tiens.
2202 1666 2280 1723 De
2309 1667 2401 1721 tali
2432 1682 2563 1738 ergo
2588 1666 2866 1722 voluntate
2896 1666 3247 1736 quatrendnm
3286 1672 3413 1734 pttto
3443 1663 3584 1716 unde
3618 1662 3619 1665 “

2009 1757 2212 1813 ltotniai
2248 1757 2530 1813 acciderit.
2576 1756 2681 1812 Sed
2712 1757 2756 1812 si
2799 1757 3028 1828 primam
3072 1755 3351 1809 rationalis
3377 1763 3585 1807 natura:

2007 1847 2374 1903 conditionem
2401 1847 2829 1911 consideremus,
2875 1845 3036 1902 facile
3080 1845 3234 1899 nobis
3272 1842 3434 1911 hujus
3463 1844 3584 1897 talis

2007 1936 2301 1991 vitluntatis
2331 1951 2495 1991 cau-a
2536 1935 2756 2006 pattbit.
2810 1935 3038 1989 Intentio
3068 1950 3299 2003 namque
3346 1933 3435 1987 Dei
3484 1932 3586 2007 fuit

2009 2037 2064 2082 ttt
2092 2027 2295 2096 justam
2328 2027 2529 2083 faceret
2561 2036 2725 2097 atque
2752 2024 2967 2080 beatam
2992 2033 3238 2079 naturam
3266 2024 3584 2079 rationalem
3610 2099 3614 2105 ἰ

2008 2122 2073 2175 ad
2109 2119 2391 2175 fruendum
2423 2135 2519 2175 se:
2552 2119 2645 2175 sed
2683 2132 2858 2188 neque
2879 2115 3023 2187 justa
3082 2131 3259 2185 neque
3288 2112 3443 2169 beata
3467 2129 3589 2168 esse

2007 2196 2181 2282 potuit
2221 2212 2339 2266 sine
2391 2209 2661 2265 voluntate
2710 2208 2936 2280 justitia:
2967 2216 3025 2275 et
3064 2205 3438 2267 beatitudinis.
3484 2205 3601 2269 Vos

2009 2305 2191 2359 lttntas
2212 2304 2429 2375 quidem
2445 2302 2670 2373 justitia:
2687 2311 2769 2358 est
2794 2301 3163 2373 ipsajustitia;
3193 2300 3437 2356 voluntas
3464 2313 3590 2353 vero

2009 2395 2151 2449 beati
2181 2396 2360 2452 udinis
2389 2411 2494 2449 non
2527 2402 2612 2449 est
2647 2393 2928 2450 beatitudo
2959 2411 2972 2448 :
3006 2394 3131 2464 quia
3167 2408 3271 2449 non
3295 2391 3471 2447 omnis
3494 2389 3590 2445 ba-

2011 2487 2100 2541 bet
2142 2486 2565 2552 beatitudinem,
2612 2485 2915 2564 qui.habet
2964 2485 3082 2556 ejus
3128 2484 3486 2539 voluntatem.
3532 2480 3609 2537 ln.

2011 2577 2344 2633 beatitudine
2395 2587 2600 2642 autem,
2644 2575 2941 2632 secundum
2991 2575 3232 2631 omnium
3267 2573 3427 2646 13‘.
3464 2588 3592 2629 sen-

2011 2684 2155 2733 sum,
2186 2677 2270 2724 est
2299 2666 2616 2724 sufﬁcientia
2646 2667 3009 2741 competentia
3033 2670 3440 2723 commodorum
3469 2665 3593 2721 sine
3620 2656 3623 2657 7

2012 2762 2159 2818 omni
2191 2763 2489 2834 indigentia
2534 2781 2549 2819 :
2600 2763 2718 2820 sive
2753 2762 2995 2834 angelica
3046 2760 3381 2831 intelligatur
3428 2760 3599 2835 beatig

2016 2855 2177 2919 tndo,
2227 2854 2342 2910 sive
2386 2853 2473 2908 illa
2518 2848 2684 2929 gnam
2718 2853 2948 2912 habebat
2992 2852 3165 2908 Adam
3216 2852 3270 2907 in
3316 2851 3593 2922 paradiso.

2016 2943 2275 3010 Quamvis
2299 2943 2443 2999 enim
2479 2943 2651 3014 major
2681 2943 2754 3000 sit
2781 2942 3060 2999 beatitudo
3087 2941 3407 3013 angelorum
3430 2956 3591 3010 quam
3621 2991 3625 3000 ἱ

2016 3033 2103 3090 illa
2133 3049 2254 3104 quae
2285 3043 2407 3089 erat
2432 3033 2674 3089 hominis
2711 3032 2766 3088 in
2803 3033 3077 3103 paradiso,
3104 3047 3211 3089 non
3252 3041 3428 3086 tamen
3477 3030 3597 3084 ideo

2019 3125 2202 3196 negari
2232 3132 2410 3195 potest
2450 3122 2623 3179 Adam
2672 3122 3064 3179 beatitudinem
3108 3121 3384 3177 habuisse.
3443 3119 3597 3175 Sient

2015 3204 2252 3286 namque
2299 3215 2453 3272 calor
2496 3230 2725 3286 magnus
2771 3224 2856 3269 est
2899 3213 3017 3270 sine
3062 3212 3208 3269 omni
3263 3211 3497 3281 frigore,
3542 3218 3627 3289 et,

2017 3318 2194 3363 tamen
2222 3316 2398 3376 potest
2424 3322 2546 3364 esse
2578 3306 2717 3363 alius
2740 3303 2911 3375 major
2932 3304 3080 3361 calor
3108 3319 3123 3359 :
3153 3313 3207 3360 et
3234 3302 3596 3373 quemadmo-

2016 3398 2143 3453 dum
2167 3396 2337 3467 frigus
2357 3406 2441 3453 est
2469 3397 2589 3453 sine
2625 3396 2775 3454 omni
2810 3394 3010 3458 calore,
3048 3408 3169 3449 cum
3211 3403 3386 3447 tamen
3425 3388 3599 3457 majus

2016 3489 2192 3544 valeat
2226 3489 2397 3560 frigus
2424 3503 2583 3555 esse;
2612 3487 2685 3543 ita
2715 3486 2849 3542 nihil
2885 3485 3134 3556 prohibet
3172 3483 3344 3539 Adam
3374 3484 3594 3539 beatum

2017 3584 2184 3639 fuisse
2210 3583 2262 3638 itt
2298 3581 2548 3653 paradiso
2576 3579 2695 3636 sine
2722 3579 2869 3635 omni
2928 3576 3254 3648 indigentia,
3281 3574 3407 3631 l'cet
3428 3570 3602 3642 major

2018 3682 2164 3728 esset
2194 3670 2434 3744 angelica
2466 3668 2766 3727 beatitudo.
2798 3666 3000 3739 Nempe
3045 3666 3246 3737 aliquid
3287 3665 3464 3721 minus
3491 3663 3599 3717 alio

2021 3765 2250 3830 habere,
2303 3778 2410 3820 non
2457 3778 2671 3833 semper
2712 3771 2796 3818 est
2843 3760 3116 3832 indigere;
3156 3758 3248 3814 sed
3287 3757 3466 3826 aliqtta
3516 3769 3596 3818 re,

2020 3871 2143 3912 cum
2179 3871 2299 3911 eant
2323 3854 2510 3909 haberi
2537 3853 2632 3886 m’
2658 3860 2925 3923 oporteat,
2954 3864 3141 3905 carere
3164 3846 3325 3918 (quod
3356 3862 3461 3900 non
3482 3852 3600 3898 erat

2023 3948 2075 4001 in
2113 3946 2283 4000 Adam
2311 3945 2426 4016 ³⁸¹⁰)
2453 3953 2537 4000 εει
2573 3944 2834 4016 indigere.
2870 3942 2971 3998 Ubi
3006 3956 3133 3995 vero
3166 3947 3248 3994 est
3282 3936 3598 4007 indigentia,

2024 4038 2097 4093 ibi
2128 4044 2212 4092 est
2244 4036 2463 4093 miseria
2494 4053 2510 4091 :
2538 4052 2644 4091 non
2673 4046 2852 4091 autem
2890 4032 3016 4088 fecit
3046 4031 3218 4094 Deus,
3247 4029 3363 4084 sine
3398 4042 3600 4097 praece-

2024 4130 2180 4185 dente
2209 4127 2382 4200 culpa,
2413 4126 2730 4183 rationalem
2755 4135 3000 4180 naturam
3028 4121 3276 4177 miseram
3301 4119 3416 4186 '3“,
3440 4133 3600 4188 quam

2025 4222 2094 4276 ad
2124 4219 2530 4288 intelligendum
2575 4226 2631 4275 et
2659 4216 2946 4273 amandum
2976 4230 3035 4270 se
3062 4212 3267 4269 creavit
3294 4228 3308 4266 :
3352 4209 3477 4265 fecit
3505 4208 3601 4278 igi-

2028 4321 2115 4367 tur
2160 4312 2303 4368 Deus
2346 4311 2619 4367 hominem
2657 4309 2876 4366 beatum
2925 4307 3046 4362 sine
3095 4304 3241 4360 omni
3287 4302 3599 4372 indigentia.

2028 4406 2199 4462 Simul
2227 4421 2355 4477 ergo
2390 4405 2602 4476 accepit
2632 4403 2912 4461 rationalis
2934 4412 3137 4474 natura
3162 4409 3219 4456 et
3254 4396 3604 4455 beatitudinis

331 4482 444 4515 ⁸⁸⁸⁸
473 4483 569 4540 Dei
618 4488 915 4543 secundum
957 4488 1271 4546 interiorem
1300 4491 1574 4548 hominem
1617 4493 1795 4565 (Rom.
1824 4511 1923 4560 vn,
1956 4527 2001 4582 Β
2026 4498 2383 4564 voluntatem,
2417 4505 2474 4552 et
2493 4495 2903 4559 bemitudinem,
2932 4503 2987 4548 et
3012 4491 3342 4547 voluntatem
3360 4486 3624 4569 justitize.

330 4575 462 4645 22),
487 4575 543 4632 id
566 4584 652 4632 est
677 4579 972 4636 secundum
1001 4583 1251 4640 eumdem
1271 4584 1542 4654 spiritum.
1565 4584 1623 4642 Si
1650 4595 1831 4642 autem
1856 4602 1922 4644 ex

331 4666 438 4723 illa
487 4667 689 4725 malum
730 4670 1021 4741 aliquando
1067 4675 1220 4745 sequi
1260 4677 1503 4743 videtur,
1537 4693 1643 4734 non
1674 4692 1740 4734 ex
1785 4679 1916 4750 ipsa,

330 4756 445 4814 sed
468 4773 538 4814 ex
579 4760 708 4816 alio.
738 4760 842 4819 Per
869 4765 1248 4821 rectitudinem
1280 4767 1477 4838 quippe
1508 4768 1737 4838 apostoli
1768 4778 1927 4824 erant

332 4850 523 4907 bonus
546 4852 680 4907 odor
699 4853 810 4911 Deo
824 4855 875 4925 (1
884 4855 914 4909 I
926 4854 1049 4912 Cor.
1065 4874 1124 4926 ιι,
1142 4858 1253 4928 l6.)
1280 4874 1294 4913 :
1322 4860 1419 4915 sed
1440 4860 1582 4930 quod
1604 4860 1924 4931 quibusdam

332 4952 506 5005 erant
521 4946 654 5001 odor
682 4949 877 5005 mortis
898 4950 950 5004 in
974 4960 1203 5007 mortem
1219 4950 1269 5021 (1
1276 4952 1442 5024 bitt);
1471 4968 1576 5007 nott
1598 4953 1924 5021 procedebat

332 5051 419 5091 ex
440 5037 804 5107 apostolorum
818 5037 1057 5109 iustitia,
1072 5041 1167 5097 sed
1180 5057 1247 5099 ex
1267 5041 1641 5098 malivolorum
1661 5042 1917 5113 nequitia.

330 5128 446 5186 Illa
463 5144 592 5187 vero
618 5131 887 5200 voluntas,
912 5148 1034 5205 qua:
1053 5135 1229 5192 estad
1250 5134 1536 5191 volendunt
1561 5137 1920 5199 commodum,

2027 4590 2079 4645 id
2114 4599 2198 4645 est
2225 4588 2318 4621 ³⁸η
2370 4587 2771 4653 rectitudinem,
2808 4601 2929 4658 qua:
2975 4591 3064 4639 est
3113 4582 3226 4654 ipsa
3269 4577 3499 4649 justitia,
3549 4584 3605 4630 et

2026 4682 2254 4737 liberum
2298 4680 2605 4745 arbitrium,
2645 4680 2761 4735 sine
2788 4693 2899 4749 quo
2933 4675 3201 4745 justitiam
3232 4685 3455 4729 servare
3496 4683 3608 4722 non

2028 4774 2219 4846 potuit.
2252 4771 2344 4827 Sic
2388 4780 2566 4826 autem
2617 4772 2759 4827 Deus
2786 4771 2881 4804 ³⁸¹³
2907 4768 3179 4825 ordinavit
3217 4767 3321 4821 has
3353 4764 3486 4817 duas
3514 4772 3605 4812 vot-

2028 4865 2304 4933 lnntates,
2352 4868 2466 4924 sive
2529 4865 2871 4924 adiectiones;
2911 4871 2970 4917 ut
3017 4860 3302 4919 voluntas.
3353 4867 3473 4923 (ιυειε
3522 4856 3609 4901 (⁵⁸⁸

2032 4956 2476 5023 instrumentum,
2503 4966 2748 5025 uteretur
2771 4970 2856 5018 ea,
2896 4968 3016 5023 qua:
3039 4963 3122 5008 εει
3145 4945 3375 5018 justitia,
3407 4941 3473 4996 ad
3500 4940 3611 4994 iut-

2030 5048 2239 5116 perium
2280 5056 2333 5104 et
2377 5048 2615 5119 regimen
2639 5046 2753 5110 ³⁸³⁵,
2781 5044 3007 5100 docente
3030 5040 3224 5111 spiritu
3250 5035 3421 5106 quiet
3455 5044 3613 5086 mens

2029 5146 2085 5191 et
2123 5139 2264 5194 ratio
2289 5138 2526 5206 dicitur;
2548 5146 2603 5194 et
2627 5136 2795 5192 altera
2837 5140 3082 5213 uteretur
3113 5129 3181 5185 ad
3224 5123 3615 5211 obedientium,

1638 5289 1870 5344 VARIJE
1914 5291 2321 5349 LECTIONES.

427 5421 524 5458 "“
547 5424 750 5500 Facere
768 5426 847 5500 εἰ-
860 5442 987 5481 mss.
1025 5424 1252 5500 facere;
1309 5426 1404 5480 sed
1433 5425 1500 5480 si.
1575 5425 1670 5458 ³⁸⁸⁵
1694 5424 1801 5500 Sed
1831 5424 1921 5500 ille
1958 5426 2289 5500 verinsmss.
2341 5427 2509 5500 antiit.
2538 5425 2632 5481 sed
2705 5423 2799 5456 ³⁸⁸⁵
2821 5421 2997 5500 Etiam
3028 5418 3157 5500 nihil
3176 5416 3452 5500 tliqeﬂlll‘ln
3480 5428 3610 5500 ptas.

335 5491 519 5565 etiam
547 5494 603 5548 in
620 5495 726 5551 hoc
748 5495 1005 5551 diﬂ’erunt
1079 5495 1283 5549 m1'llla
1314 5510 1443 5550 vero
1465 5510 1585 5565 qua:
1611 5506 1697 5551 est
1721 5497 1789 5550 ad
1864 5496 1957 5532 ³⁸⁸⁸
1976 5497 2040 5551 Ει
2070 5496 2370 5552 delectatur
2392 5496 2494 5565 legi
2518 5513 2643 5549 mss.
2660 5502 2726 5565 et
2749 5491 3154 5565 eondelectatur
3176 5488 3280 5565 legi
3327 5558 3340 5565 _
3359 5484 3452 5519 ³⁸⁹⁹
3479 5483 3609 5538 Eant

338 5561 555 5619 habere
580 5581 705 5637 mss.
735 5580 853 5620 eam
886 5566 1073 5637 haberi
1150 5566 1243 5600 ³⁸¹⁰
1265 5566 1418 5637 Quod
1445 5558 1564 5637 erat
1594 5564 1646 5620 in
1677 5566 1848 5620 Adam
1874 5583 1999 5637 om.
2036 5565 2174 5620 Vict.
2207 5558 2484 5637 quodnon
2511 5574 2630 5621 erat
2658 5564 2710 5619 itt
2732 5558 3609 5637 _A_dam__“"ltationaletncrea-

338 5642 536 5686 turam
562 5633 816 5689 miseram
845 5652 974 5690 mss.
1012 5633 1146 5691 Vict.
1179 5637 1214 5691 ὅ
1240 5630 1344 5690 et‘9
1367 5646 1414 5689 et
1440 5633 1630 5689 Hister.
1672 5636 1991 5691 rationalem
2019 5630 2268 5692 naturain
2301 5636 2554 5692 miserant
2584 5651 2684 5689 ms.
2732 5632 2869 5688 Yict.
2902 5631 2966 5686 l3
2994 5630 3312 5686 rationalem
3360 5636 3611 5683 naturam

339 5700 426 5774 ad
469 5701 746 5759 miseriam
820 5705 926 5742 "m-
962 5706 1355 5762 Beatitudinent
1378 5704 1637 5774 justitiat,
1672 5706 1723 5759 id
1758 5714 1870 5770 est,
1901 5722 2027 5760 mss.
2075 5706 2468 5760 beatitudinem
2499 5716 2552 5760 et
2583 5704 2914 5766 voluntatem
2956 5702 3209 5772 jnstitiae,
3243 5700 3294 5758 id
3330 5708 3449 5767 est,

3523 5697 3615 5730 ιιι)

341 5770 418 5830 Si
445 5782 625 5828 autem
656 5774 796 5832 Deus
839 5790 960 5832 uisa.
994 5777 1076 5835 sic
1106 5785 1286 5833 autem
1339 5770 1481 5831 Deus
1555 5775 1647 5808 η’*
1683 5775 1749 5831 Ει
1776 5791 1998 5846 regnum
2027 5791 2151 5830 mss.
2186 5784 2242 5832 et
2268 5777 2511 5847 regimen
