4076 6288
550 279 661 341 539

1098 287 1154 343 S.
1195 288 1495 349 ANSEL’HI
1535 284 1886 355 CANTUAR.
1926 300 2250 358 ARCHIEP.
2278 304 2440 369 ,OPP.
2484 306 2666 363 PARS
2705 307 2744 361 f.
2783 338 2855 349 --
2881 307 3299 368 DOGMATICA.

3707 323 3825 381 510.

553 395 793 453 sine.‘m
831 400 985 454 omni
1022 400 1475 463 iuconnno:'itate.
1504 408 1890 475 BentiItIJittetn
1921 414 2136 485 quidem
2167 424 2209 480 Α
2243 434 2524 489 possumus
2569 421 2750 476 dicere
2795 423 3105 482 affectiones
3143 442 3260 497 ejus
3303 429 3619 498 voluntatis,
3650 451 3825 504 quam.

554 488 704 545 dedit
728 490 944 546 homini
987 497 1068 563 (ut
1095 494 1161 549 de
1190 497 1395 566 angelis
1425 503 1653 571 taceam)
1691 503 1758 557 ad
1798 507 2137 571 commodum

552 577 702 647 ejus;
728 582 1024 648 justitiam
1052 598 1180 638 vero
1213 586 1279 640 ad
1329 587 1588 644 honorem
1631 606 1786 647 suum
1817 609 1832 647 :
1863 596 2136 667 sedjusti-

552 671 701 737 tiam,
734 686 805 725 ita
845 685 911 727 ut
956 673 1101 728 illam
1143 686 1325 747 posset
1370 679 1650 749 deserere;
1698 689 1969 754 quatenus
2011 704 2133 745 cum

551 760 697 816 illam
748 778 852 817 non
908 764 1214 841 desereret,
1266 770 1358 825 sed
1409 785 1814 842 perseveranter
1862 790 2134 848 servaret,

548 851 775 923 provehi
805 855 1115 936 mereretur
1142 860 1207 912 ad
1237 863 1571 919 consortium
1603 869 1914 938 angelorum
1944 885 1960 924 :
1990 874 2132 943 quod

547 943 592 998 si
627 943 769 999 illam
813 945 1112 1013 desereret,
1145 949 1450 1009 nullatenus
1491 970 1610 1010 eam
1650 973 1748 1028 per
1793 974 1852 1016 se
1881 961 2133 1033 deinceps

547 1048 822 1090 resumere
868 1048 1088 1105 potssel;
1138 1052 1193 1094 et
1233 1042 1618 1102 beatitudinem
1664 1050 1976 1120 angelorum
2024 1069 2127 1108 non

548 1124 964 1196 adipisceretur,
1003 1138 1059 1183 et
1088 1130 1177 1185 illa
1208 1148 1368 1202 quam
1401 1135 1634 1193 habebat
1656 1140 1960 1209 privaretur
1990 1152 2045 1198 et
2075 1145 2128 1198 in

549 1216 961 1274 similitudinem
1019 1221 1298 1278 brutoruut
1352 1212 1663 1283 animalium
1722 1233 1949 1298 cadens,
2004 1250 2125 1291 cum

547 1305 657 1362 illis
684 1310 1022 1377 corruptioni
1053 1320 1109 1366 et
1138 1311 1757 1390 sa-pefatisappelitibus
1787 1320 2087 1391 subiaceret
2108 1342 2145 1391 ;7

549 1397 800 1455 voluntas
833 1409 1009 1456 tamen
1037 1402 1391 1463 beatitudinis
1435 1420 1719 1467 maneret:
1751 1423 1802 1467 ut
1852 1408 1948 1484 per
1987 1416 2125 1471 iudi-

546 1487 782 1556 gentiam
833 1489 1097 1546 bonorunt
1154 1509 1273 1563 quae
1321 1496 1666 1566 perdidisset,
1708 1502 1858 1571 gravi
1908 1503 2122 1560 miseria

541 1574 686 1644 iuste
726 1574 1026 1647 puniretur.
1064 1582 1343 1657 Quoniam
1377 1602 1507 1659 ergo
1554 1590 1790 1646 deseruit
1823 1591 2118 1663 justitiam,

545 1667 781 1737 perdidit
809 1669 1233 1737 beatitudinem;
1259 1683 1314 1730 et
1348 1676 1619 1746 voluntas,
1651 1697 1813 1751 quam
1845 1683 2040 1739 bonam
2068 1695 2124 1740 et

546 1755 614 1811 ad
642 1757 839 1813 bonum
868 1774 1022 1814 suum
1051 1764 1286 1833 accepit,
1316 1765 1532 1822 fervens
1563 1769 1830 1825 desiderio
1855 1770 1949 1804 ³⁸η
1977 1789 2124 1828 com-
2158 1760 2200 1815 Β

548 1846 830 1902 modorum
857 1864 975 1918 qum
999 1866 1107 1907 non
1140 1854 1273 1909 velle
1299 1856 1504 1925 nequit,
1536 1859 1660 1928 quia
1690 1876 1814 1916 vera
1844 1866 2122 1918 commoda

545 1938 795 1994 rationali
838 1951 1042 1996 naturae
1067 1948 1468 2015 convenientia,
1494 1966 1613 2019 quae
1641 1953 1896 2021 perdidit,
1925 1957 2124 2011 habere

544 2043 650 2083 non
695 2020 870 2098 valet,
913 2034 979 2085 ad
1020 2033 1154 2091 falsa
1178 2078 1193 2102 ,
1227 2048 1283 2093 et
1322 2040 1603 2095 brutorum
1639 2044 1947 2099 animalium
1977 2062 2123 2101 com—

545 2118 727 2184 moda,
770 2135 890 2190 qua:
928 2122 1185 2180 bestiales
1239 2129 1511 2197 appetitus
1550 2144 1870 2201 suggerunt,
1900 2150 1959 2190 se
1995 2152 2122 2192 con-

547 2207 710 2262 vertit
737 2223 752 2261 :
782 2217 834 2263 ct
865 2210 938 2266 ita
968 2229 1090 2268 cum
1120 2230 1185 2270 ea
1225 2216 1338 2271 vult
1380 2218 1704 2285 inordinate,
1738 2226 2117 2282 rectitudinem

545 2307 639 2353 aut
680 2314 750 2355 ne
796 2302 1095 2381 accipiatur
1139 2307 1351 2378 oblata,
1404 2311 1639 2383 repellit;
1700 2324 1792 2368 attt
1843 2329 2118 2388 acceptam

544 2389 767 2459 expellit
795 2378 931 2447 “‘7':
973 2410 1094 2474 cum
1139 2413 1267 2455 vero
1297 2415 1359 2455 ea
1405 2380 1553 2458 licite
1596 2404 1706 2458 vult
1747 2405 1839 2438 ³⁸¹⁸
1868 2408 1980 2474 ⁸⁸³,
2013 2425 2118 2466 non

543 2479 647 2535 hoc
676 2478 824 2537 facit.
868 2481 983 2540 Hoc
1012 2470 1182 2557 igitur
1205 2491 1362 2567 modo
1400 2492 1649 2551 voluntas
1680 2495 2117 2567 instrumentum,

542 2581 725 2628 creata
749 2574 889 2629 bona
913 2576 1006 2610 ³⁸²⁹
1026 2617 1040 2643 ,
1058 2566 1120 2633 in
1147 2565 1404 2658 quantum
1442 2584 1607 2641 habet
1633 2602 1774 2653 esse,
1815 2601 1871 2644 et
1890 2589 2035 2658 justa
2064 2565 2118 2648 et

542 2660 699 2719 fortis
728 2666 795 2721 ad
823 2669 1145 2746 servandum
1168 2684 1441 2744 acceptam
1458 2662 1747 2746 justitiam;
1772 2696 1869 2751 per
1888 2681 2115 2739 liberum
2162 2674 2169 2681 ’

542 2748 1011 2816 ᾰτὺίιτίιιήιίὶιοιιι
1041 2772 1122 2819 est
1168 2765 1329 2833 mala,
1359 2783 1465 2823 non
1495 2769 1547 2825 in
1591 2748 1849 2842 quantum
1879 2785 1983 2842 est,
2021 2781 2115 2835 sed

541 2845 596 2900 in
628 2859 889 2931 quantum
933 2853 1128 2924 injusta
1158 2855 1293 2912 facta
1324 2868 1408 2941 est
1435 2876 1532 2941 per
1579 2865 1874 2941 absentiam
1922 2879 2117 2938 sponte

541 2928 773 2996 desertte
825 2941 1084 3013 justitize,
1135 2928 1573 3023 qttatti'semper'
1616 2938 1816 3014 habere
1873 2960 2113 3016 deberet.

539 3027 755 3085 lulirma
787 3048 1001 3106 quoque
1031 3038 1189 3094 modo
1235 3040 1375 3096 facta
1408 3038 1490 3099 est
1526 3047 1593 3100 ad
1626 3047 1908 3104 volendum
1952 3052 2113 3121 justi-

541 3119 672 3174 tiam
701 3122 968 3201 desertam
994 3140 1009 3179 :
1038 3143 1144 3183 non
1173 3131 1313 3185 enim
1344 3148 1442 3202 per
1469 3120 1695 3192 liberum
1720 3119 2004 3195 arbitrium
2037 3141 2107 3197 ita

542 3219 721 3279 potest
747 3229 866 3268 eam
897 3217 1055 3295 velle,
1078 3234 1200 3274 cum
1232 3221 1377 3278 illam
1408 3239 1511 3279 non
1541 3226 1732 3294 habet;
1761 3233 2113 3300 quemadmo-

542 3300 669 3356 dum
701 3303 842 3359 valet
870 3320 988 3362 eam
1038 3323 1257 3366 servare
1297 3311 1419 3378 Μ’,
1449 3330 1571 3368 cum
1619 3317 1800 3374 habet.
1850 3320 2111 3380 Voluntas

537 3392 701 3448 etiam
730 3398 1021 3464 commodi,
1054 3401 1270 3457 condita
1314 3404 1452 3460 bona
1483 3390 1597 3472 ³³¹ί,
1646 3408 1699 3463 in
1729 3423 1985 3479 quantum
2027 3425 2112 3470 est

538 3490 774 3560 aliquid;
808 3494 968 3566 mala,
1004 3498 1054 3552 id
1083 3508 1166 3555 est
1193 3498 1412 3570 injusta,
1442 3502 1581 3560 facta
1614 3506 1857 3578 est,quia
1891 3523 1993 3564 non
2026 3524 2110 3566 σει

538 3580 751 3636 subdita
777 3581 1023 3651 justitite,
1049 3587 1166 3642 sine
1189 3604 1290 3658 qua
1324 3592 1457 3645 nihil
1485 3593 1619 3648 velle
1646 3595 1821 3650 debet.
1850 3596 2109 3654 Voluntas

534 3685 687 3745 ergo
711 3673 1156 3747 instrumentum,
1198 3695 1320 3734 cum
1355 3693 1545 3751 sponte
1576 3685 1720 3741 facta
1768 3686 1839 3741 sit
1878 3687 2105 3757 injusta,

537 3774 660 3833 post
678 3765 946 3823 desertam
969 3769 1234 3840 justitiam
1260 3784 1463 3840 manet,
1492 3785 1752 3846 quantum
1779 3779 1831 3834 in
1865 3780 1978 3850 ipsa
1999 3793 2104 3847 est,

539 3860 865 3917 necessitate
895 3863 1124 3932 injusta,
1165 3875 1219 3921 et
1245 3869 1440 3924 ancilla
1480 3870 1805 3939 injustitiat;
1846 3876 1969 3945 quia
1996 3879 2108 3946 'per

537 3962 597 4025 se
626 3950 804 4007 redire
846 3955 1034 4024 nequit
1077 3957 1145 4011 ad
1180 3957 1482 4029 justitiam,
1530 3961 1645 4017 sine
1688 3978 1791 4030 qua
1830 3980 2105 4036 nunquam

537 4038 705 4096 libera
729 4036 844 4110 est,
889 4047 1012 4116 quia
1054 4047 1318 4105 naturalis
1347 4050 1568 4107 libertas
1603 4054 1812 4109 arbitrii
1853 4055 1971 4112 sine
2019 4058 2106 4114 illa

534 4128 711 4188 otiosa
743 4143 848 4190 est.
894 4136 1103 4193 Ancilla
1131 4142 1294 4196 etiam
1334 4144 1473 4198 facta
1510 4153 1593 4199 est
1630 4161 1740 4200 suae
1781 4146 2102 4218 affectionis,

533 4239 656 4293 qua:
683 4226 750 4279 ad
778 4231 1117 4286 commodum
1138 4242 1217 4288 est
1244 4248 1260 4287 :
1291 4226 1437 4305 quia,
1471 4245 1675 4291 remota
1706 4237 1935 4307 justitia,
1973 4241 2106 4296 nihil

534 4322 713 4382 potest
740 4310 876 4372 velle
906 4314 1006 4373 nisi
1033 4322 1172 4389 quod
1201 4322 1287 4378 illa
1313 4325 1444 4381 vult.
1472 4325 1601 4380 Dico
1625 4336 1805 4381 autem
1823 4338 1877 4383 ct
1908 4328 2108 4385 instru-

488 4395 494 4401 ⁷
535 4412 801 4474 mentum,
826 4417 881 4464 et
908 4408 1245 4479 affectionem
1269 4414 1404 4484 ejus,
1454 4417 1588 4472 velle
1620 4436 1633 4473 :
1660 4418 1784 4489 quia
1829 4427 1883 4473 et
1912 4420 2106 4476 instru-

534 4503 776 4551 mentum
836 4507 919 4553 est
972 4500 1244 4565 voluntas.
1300 4515 1356 4561 et
1404 4506 1615 4564 affectio
1675 4509 1940 4583 voluntas.
1994 4510 2105 4566 Nec

535 4576 835 4659 incongrue
863 4586 1105 4665 utraque
1136 4596 1385 4653 voluntas
1425 4599 1561 4654 velle
1590 4601 1787 4656 dicitur
1815 4582 1829 4655 ἐ
1858 4602 1981 4672 quia
2016 4601 2100 4656 illa

534 4675 649 4757 vult
677 4691 799 4746 quae
846 4678 1128 4740 affectione
1157 4700 1252 4740 sua
1295 4687 1436 4754 vult;
1469 4696 1524 4745 et
1568 4687 1781 4745 affectio
1828 4690 1966 4757 vult,
2008 4707 2104 4762 per

531 4752 696 4836 quam
730 4767 815 4824 illa
865 4772 979 4828 vult
1021 4793 1034 4828 :
1068 4775 1207 4831 sicut
1254 4752 1439 4832 videre
1483 4778 1683 4834 dicitur
1717 4789 1770 4835 et
1798 4782 1978 4845 homo,
2008 4752 2099 4852 qui

527 4857 645 4940 visu
670 4859 834 4928 videt,
863 4871 917 4919 et
941 4864 1057 4935 ipse
1075 4867 1222 4922 visus
1246 4882 1354 4938 quo
1376 4866 1536 4924 videt.
1565 4869 1718 4926 Unde
1741 4886 1845 4926 non
1869 4871 2101 4926 absurde

2240 510 2655 570 instrumentum
2682 514 2789 569 dixi
2821 516 3042 581 animae,
3074 521 3230 589 quasi
3270 521 3622 580 instrumenta
3669 524 3821 596 ejus?

2236 599 2356 653 dem
2393 600 2733 656 instrumenti
2763 618 2921 672 esse:
2954 607 3079 677 quia
3121 609 3252 664 nihil
3295 611 3408 681 ipsa
3434 613 3536 668 nisi
3572 617 3687 671 istis
3716 600 3837 651 ’ω’

2235 697 2511 757 operatur.
2560 690 2778 746 Perdite
2820 693 2986 762 igitur
3020 692 3389 757 instrumento
3414 703 3625 759 volendi
3648 707 3812 775 justi-

2236 780 2398 845 tiam,
2435 781 2495 835 id.
2533 790 2646 847 est,
2690 785 3097 853 rectitudinem;
3142 788 3289 846 nullo
3332 793 3523 859 modo,
3565 796 3667 854 nisi
3712 814 3813 868 per

2233 869 2466 940 gratiam
2516 872 2805 939 reddatur,
2852 886 3032 946 potest
3084 872 3332 937 voluntas
3389 874 3839 942 instrumentmn

2234 959 2368 1014 velle
2412 958 2702 1028 justitiam.
2759 959 3100 1035 Quapropter
3151 972 3408 1040 quoniam
3477 975 3613 1031 nihil
3670 977 3811 1033 velle

2232 1048 2425 1116 debet,
2454 1050 2556 1106 nisi
2598 1050 2743 1122 juste
2778 1052 2799 1106 ξ
2836 1054 3096 1126 quidquid
3139 1058 3253 1113 vult
3297 1061 3416 1115 sine
3448 1065 3806 1136 rectitudine,

2230 1140 2345 1194 vult
2375 1140 2889 1215 injuste.Appetitus
2916 1162 3063 1216 vero,
3093 1165 3229 1219 quos
3262 1167 3451 1208 omnes
3476 1164 3633 1210 vocat
3662 1156 3809 1226 Apo—

2232 1232 2403 1288 stolus
2431 1248 2653 1289 carnem
2675 1244 2729 1291 et
2746 1240 3264 1308 concupiscentiam,
3293 1243 3344 1297 itt
3370 1256 3630 1314 quantum
3654 1257 3807 1310 sunt,

2231 1338 2338 1377 non
2372 1330 2499 1393 sunt
2521 1324 2666 1389 mali,
2692 1325 2774 1380 vel
2803 1326 3016 1397 iujusti;
3047 1331 3139 1385 sed
3163 1332 3287 1400 quia
3316 1342 3440 1387 sunt
3468 1334 3519 1388 in
3552 1336 3805 1393 rationali

2226 1421 2476 1468 creatura
2514 1414 2602 1469 ubi
2632 1431 2738 1470 non
2769 1417 2964 1472 debent
3006 1435 3156 1488 esse,
3198 1410 3453 1476 dicuntur
3492 1422 3697 1491 injusti.
3740 1424 3803 1479 lu

2225 1504 2399 1561 brutis
2424 1507 2691 1577 siquidem
2723 1508 3047 1566 animalibus
3091 1526 3195 1565 non
3241 1522 3367 1567 sunt
3399 1514 3555 1581 mali,
3589 1515 3672 1570 vel
3719 1517 3806 1570 in-

2218 1592 2375 1660 justi,
2402 1596 2526 1664 quia
2561 1594 2631 1650 ibi
2661 1597 2857 1651 debent
2879 1613 3019 1654 esse.

2225 1701 2354 1758 CAP.
2384 1703 2499 1759 XIV
2537 1703 2633 1778 [αι.
2680 1704 2896 1779 XXIV].
2923 1737 2995 1747 —
3019 1707 3420 1791 Recapitulatio,
3452 1722 3501 1765 et
3534 1713 3808 1770 conclusio

2905 1793 3094 1847 opem.

2294 1862 2411 1918 Iam
2448 1879 2511 1919 ex
2542 1866 2643 1928 his,
2671 1883 2789 1938 quae
2812 1868 2954 1923 dicta
2978 1877 3123 1936 sunt,
3146 1872 3398 1939 cognosci
3425 1880 3599 1943 potest
3629 1874 3807 1929 homi-

2225 1972 2346 2012 nem
2376 1957 2495 2013 ideo
2522 1975 2626 2014 non
2671 1960 2872 2015 habere
2911 1976 3124 2030 semper
3158 1960 3459 2030 justitiam,
3487 1980 3650 2034 quant
3681 1965 3804 2018 sine

2226 2048 2814 2105 intermissione-debet
2842 2051 3070 2117 habere;
3106 2053 3229 2122 quia
3261 2054 3407 2108 nullo
3436 2058 3593 2108 modo
3624 2064 3805 2124 potest

2225 2136 2365 2191 illam
2410 2152 2507 2207 per
2534 2154 2593 2192 se
2623 2140 2866 2209 adipisci,
2898 2141 2980 2195 vel
3011 2156 3351 2214 recuperare.
3399 2143 3582 2198 Palam
3630 2146 3798 2200 etiam

2221 2242 2252 2283 e
2285 2228 2446 2297 tquia
2470 2229 2610 2284 Deus
2622 2230 2763 2286 bona
2788 2231 2915 2287 facit
2933 2246 3093 2302 opera
3117 2249 3209 2289 sua
3230 2235 3342 2289 sola
3360 2235 3601 2292 bonitate
3622 2256 3636 2290 :
3654 2254 3800 2307 quo-

2221 2318 2368 2372 niam
2397 2319 2509 2387 ipse
2551 2329 2702 2375 creat
2743 2321 3074 2378 voluntatem
3105 2339 3226 2379 cum
3254 2325 3425 2381 libero
3454 2326 3707 2392 arbitrio,
3742 2340 3802 2384 et

2220 2408 2312 2462 dat
2338 2409 2412 2463 illi
2437 2408 2703 2478 justitiam
2726 2425 2822 2481 per
2849 2427 3008 2481 quam
3036 2422 3312 2484 operatur.
3343 2416 3478 2471 Mala
3508 2433 3639 2472 vero
3664 2417 3799 2497 facit

2219 2498 2315 2532 3°“
2347 2499 2463 2554 sola
2495 2500 2648 2570 culpa
2693 2500 3005 2567 hominum;
3051 2503 3177 2574 quia
3219 2520 3280 2560 ea
3324 2520 3428 2560 non
3470 2506 3709 2571 faceret,
3749 2508 3795 2571 si

2218 2591 2381 2646 homo
2412 2590 2499 2646 illa
2528 2591 2711 2649 facere
2742 2607 2846 2649 non
2882 2593 3042 2650 vellet
3071 2612 3086 2651 :
3120 2593 3255 2651 facit
3294 2604 3469 2653 nunen
3515 2597 3614 2654 hoc
3644 2598 3794 2668 quod

2217 2692 2373 2748 sunt;
2412 2684 2669 2753 quoniam
2699 2684 2945 2740 condidit
2974 2686 3025 2741 in
3050 2686 3277 2742 homine
3299 2688 3649 2755 voluntatem,
3680 2705 3805 2759 qua

2215 2759 2333 2832 sine
2373 2774 2581 2844 justitia
2611 2776 2783 2831 utitur
2808 2795 2822 2832 :
2854 2784 2909 2833 et
2957 2777 3076 2834 ideo
3101 2776 3213 2834 sola
3243 2780 3341 2813 ³⁸η
3366 2781 3520 2851 culpa
3552 2783 3797 2839 hominis

2216 2864 2356 2920 mala
2387 2873 2535 2929 sunt,
2567 2881 2686 2936 quae
2710 2876 2989 2937 operatur.
3024 2867 3140 2923 Non
3176 2870 3318 2925 enim
3349 2879 3434 2926 est
3465 2872 3618 2943 culpa
3654 2874 3750 2929 Dei
3775 2918 3793 2939 ,

2213 2957 2304 3028 qui
2336 2958 2538 3013 creavit
2569 2961 2621 3017 in
2650 2973 2717 3015 eo
2756 2974 2878 3013 cum
2907 2958 3157 3014 libertate
3185 2961 3396 3016 arbitrii
3427 2963 3795 3032 voluntatem,

2216 3061 2270 3108 et
2295 3053 2525 3109 contulit
2551 3054 2599 3108 ei
2624 3051 2910 3121 justitiam,
2939 3062 2997 3109 ut
3019 3053 3150 3109 nihil
3181 3054 3282 3109 nisi
3303 3054 3450 3123 juste
3476 3055 3665 3123 vellet;
3694 3059 3794 3112 sed

2217 3145 2374 3217 enlpa
2401 3146 2655 3212 hominis,
2692 3146 2782 3216 qui
2808 3145 3077 3216 justitiam
3102 3146 3357 3211 deseruit,
3382 3165 3542 3218 quam
3566 3166 3794 3204 servare

2215 3237 2408 3308 potuit.
2456 3236 2596 3292 Deus
2639 3237 2803 3309 igitur
2846 3236 3010 3291 habet
3049 3237 3102 3290 in
3150 3236 3306 3291 bonis
3354 3240 3601 3308 quidem,
3641 3241 3795 3310 quod

2212 3330 2353 3384 bona
2393 3310 2521 3384 sunt
2553 3344 2650 3398 per
2690 3329 3010 3395 essentiam;
3052 3335 3106 3384 et
3153 3329 3296 3398 quod
3346 3331 3484 3385 bona
3523 3339 3649 3385 sunt
3693 3348 3795 3400 per

2206 3418 2470 3488 justitiam
2520 3435 2534 3472 :
2589 3418 2643 3473 in
2695 3417 2851 3475 malis
2897 3431 3024 3474 vero
3069 3416 3406 3474 solummodo
3456 3418 3597 3489 quod
3642 3418 3789 3475 bona

2211 3523 2337 3571 sunt
2357 3530 2451 3585 per
2479 3515 2808 3581 essentiam;
2835 3530 2940 3569 non
2971 3511 3111 3584 quod
3144 3512 3282 3567 mala
3305 3524 3433 3581 sunt
3468 3529 3563 3584 per
3588 3514 3789 3568 absen-

2211 3604 2346 3659 tiam
2382 3604 2576 3659 debitae
2604 3603 2864 3671 justitiae,
2914 3620 3033 3673 qua:
3084 3622 3187 3660 non
3235 3603 3571 3673 estaliquid.
3614 3603 3789 3658 llomo

2209 3702 2389 3747 autem
2443 3693 2603 3747 habet
2643 3692 2736 3724 ““
2781 3692 2833 3747 in
2881 3693 3256 3771 honishquod
3297 3692 3435 3746 mala
3473 3707 3579 3746 non
3623 3702 3784 3757 sunt;

2208 3780 2333 3852 quia
2365 3795 2486 3835 cum
2513 3789 2697 3850 posset
2730 3779 2982 3836 deserere
3007 3779 3275 3849 justitiam
3303 3787 3353 3835 et
3395 3779 3532 3833 mala
3564 3778 3749 3834 facere
3769 3821 3785 3845 ,

2209 3888 2313 3926 non
2348 3872 2615 3936 deseruit;
2649 3872 2741 3927 sed
2792 3872 3029 3926 servavit
3056 3886 3154 3941 per
3193 3871 3423 3926 liberum
3472 3870 3795 3935 arbitrium,

2208 3964 2369 4018 dante
2392 3972 2446 4018 et
2467 3965 2827 4033 subsequente
2850 3963 3057 4033 gratia;
3078 3963 3129 4015 in
3158 3963 3314 4016 malis
3339 3977 3463 4016 vero
3483 3962 3584 4016 hoc
3606 3961 3795 4017 solum

2205 4055 2348 4124 quod
2378 4055 2515 4109 tnala
2548 4064 2674 4109 sunt
2699 4071 2712 4106 :
2740 4056 2862 4123 quia
2887 4069 2952 4108 ea
2979 4053 3090 4107 sola
3113 4053 3349 4123 propria,
3377 4053 3428 4106 id
3476 4059 3555 4104 est
3579 4051 3784 4120 iujus‘a

2207 4146 2485 4199 voluntate
2514 4143 2664 4198 facit.
2715 4142 2852 4196 Puto
2881 4159 2966 4198 me
2999 4141 3112 4210 jam
3144 4157 3377 4212 congrue
3416 4156 3573 4208 posse
3616 4141 3781 4194 linem

2205 4250 2407 4307 ponere
2438 4235 2694 4290 tractatui
2725 4234 2790 4288 de
2820 4234 2992 4288 tribus
3019 4232 3323 4288 difﬁcilibus
3369 4231 3791 4302 qnmstionihus,

2207 4339 2367 4395 quem
2400 4324 2453 4379 in
2483 4339 2575 4393 spe
2605 4322 2790 4400 auxilii
2836 4322 2928 4376 Dei
2964 4323 3181 4390 inempi,
3218 4322 3269 4376 in
3313 4337 3420 4389 quo
3447 4320 3491 4375 si
3529 4319 3619 4389 qui
3667 4319 3784 4371 dixi

2208 4413 2352 4483 quod
2381 4413 2641 4482 qumrenti
2692 4412 2911 4467 cuilibet
2954 4412 3197 4467 sntl‘tccre
3235 4411 3457 4473 debeat,
3507 4426 3613 4465 non
3646 4409 3780 4462 mihi

2207 4506 2444 4575 imputo;
2479 4505 2605 4574 quia
2648 4520 2753 4558 non
2782 4519 2911 4574 ego,
2943 4505 3036 4559 sed
3082 4505 3254 4573 gratia
3292 4504 3383 4559 Dei
3414 4504 3507 4535 ³⁸¹⁷
3544 4518 3782 4557 mecum.

2206 4593 2320 4649 Hoc
2368 4603 2548 4648 autem
2601 4593 2723 4649 dico
2757 4594 2882 4662 quia
2934 4593 2978 4647 si
3036 4593 3157 4661 quis
3210 4594 3339 4646 mihi
3397 4591 3656 4661 querenti
3712 4591 3783 4645 de

2204 4681 2592 4755 quaestionibus
2618 4681 2821 4737 eisdem
2840 4722 2855 4744 ,
2908 4684 3123 4750 quando
3177 4682 3228 4736 in
3258 4683 3338 4736 eis
3367 4697 3518 4763 mens
3543 4696 3663 4735 mea
3695 4697 3783 4734 ra-

2203 4760 2403 4828 tionem
2450 4772 2743 4845 qumrendo
2776 4770 3103 4834 fiuctuahat,
3142 4785 3204 4825 ea
3246 4760 3606 4841 quzescripsi
3658 4768 3783 4832 m',

2203 4866 2604 4934 respondisset;
2636 4863 2840 4934 gratias
2884 4866 3118 4936 egissem
3151 4863 3274 4931 quia
3307 4862 3436 4915 mihi
3480 4857 3780 4951 satisfecis-

1813 4999 2043 5055 VARIIE
2080 4996 2480 5055 LECTIONES.

598 5121 693 5155 ""
712 5120 792 5178 Ad
820 5125 1179 5182 obedien'iam
1207 5130 1323 5182 sine
1344 5144 1470 5182 mss.
1499 5127 1564 5182 ad
1588 5128 1943 5183 obedientium
1972 5130 2090 5183 sine
2161 5127 2480 5182 “"Fruens
2502 5125 2772 5209 desiderio
2784 5127 3145 5209 {ussgfeevens
3166 5124 3436 5209 desiderio
3504 5121 3783 5209 πίτριιειέ

526 5202 638 5248 tam
673 5194 883 5256 repellit
911 5206 1002 5249 aut
1029 5197 1249 5266 expellit
1278 5216 1402 5251 mss.
1431 5200 1670 5253 oblatam
1698 5197 1909 5268 repellit
1938 5208 2030 5251 aut
2059 5206 2333 5268 acceptam
2375 5196 2592 5265 expellit
2665 5195 2880 5236 ’δ”-⁸⁸η
2902 5195 3072 5251 Licite
3102 5196 3213 5248 vult
3232 5210 3506 5276 campus.
3539 5207 3604 5247 ea
3634 5193 3784 5246 lieite

526 5262 641 5314 vult
711 5263 805 5297 ⁸⁸⁸⁸³
835 5264 1183 5314 lnstrumenti
1208 5275 1386 5314 creata
1414 5268 1612 5314 bonum
1634 5284 1760 5314 mn.
1787 5269 2202 5314 instrumentum
2225 5277 2407 5314 creata
2438 5266 2575 5314 bona
2603 5264 2743 5314 \m‘
2766 5266 2894 5314 Eam
2922 5267 3095 5314 velle:
3141 5274 3316 5314 tamen
3367 5263 3511 5314 Illam
3542 5277 3648 5314 non
3681 5262 3783 5314 Ita-

525 5262 641 5318 vult
711 5263 805 5297 ⁸⁸²⁰
835 5262 1183 5320 lnstrumehti
1208 5275 1387 5322 creata
1412 5268 1612 5323 bonum
1634 5262 2204 5322 mssCinstrumeutuni
2225 5277 2407 5321 creata
2436 5262 2575 5319 bona
2603 5264 2743 5319 0°"
2765 5266 2894 5319 Eam
2922 5267 3095 5320 velle:
3141 5274 3316 5318 tamen
3367 5263 3511 5317 illam
3542 5277 3648 5315 non
3681 5262 3783 5314 ha-

526 5333 647 5398 bet,
698 5334 1148 5403 quemadmgdum
1201 5335 1343 5389 valet
1398 5351 1617 5392 servare
1671 5354 1796 5390 mss.
1850 5335 1984 5390 Vict.
2033 5351 2152 5391 eam
2200 5336 2369 5401 velle,
2407 5351 2528 5389 rum
2578 5336 2722 5389 illam
2773 5350 2877 5388 non
2925 5335 3112 5397 habet,
3148 5332 3601 5402 quemadmodum
3638 5330 3777 5383 Vale!

524 5417 648 5457 eam
701 5401 941 5459 servare.
995 5401 1199 5460 Tamen
1244 5404 1386 5460 illam
1417 5421 1523 5461 non
1569 5423 1695 5460 mss.
1721 5406 2089 5486 firmatam”
2118 5405 2417 5486 eum_illam
2463 5420 2607 5486 non;
2631 5404 2786 5486 Valet
2810 5418 3028 5486 servare
3056 5401 3776 5486 ms‘a‘iyaleteam’scrvare.

523 5471 619 5504 'm
655 5473 878 5527 Condita
918 5474 1114 5527 bonum
1143 5490 1268 5529 mss.
1300 5477 1519 5530 condita
1544 5477 1682 5530 bona
1702 5545 1715 5552 _
1758 5476 1852 5508 ³⁶¹³
1867 5474 2008 5552 Nihil
2038 5475 2139 5530 nisi
2171 5476 2288 5552 istis
2321 5491 2447 5552 mss:
2478 5474 2750 5552 nihilipga
2785 5473 2891 5528 nisi
2930 5474 3047 5529 istis
3062 5471 3327 5552 _”f‘Mala
3360 5469 3645 5552 veroifafi}
3670 5482 3778 5520 au.

536 5539 673 5594 Vict.
707 5542 773 5595 l3
797 5543 933 5595 mala
965 5544 1112 5625 D‘ens
1127 5542 1255 5599 facit
1325 5546 1420 5577 ³⁸⁸⁵
1440 5546 1621 5625 ptitue
1637 5545 1898 5625 solam».
1929 5546 2117 5625 utitur,
2141 5554 2198 5625 et
2222 5545 2342 5625 ideo
2369 5544 2481 5599 sola
2558 5538 2838 5625 ""llomo
2859 5543 3369 5625 ιιιιευιιιιιξῑὺθέρεξο
3401 5539 3535 5625 νίας
3558 5538 3785 5625 tibi???

528 5618 708 5665 autem
742 5612 902 5687 debet
975 5609 1069 5645 ³⁸⁸⁷
1095 5611 1320 5684 lmputo,
1358 5615 1453 5670 sed
1481 5615 1671 5687 gratia:
1714 5608 1805 5671 Dei
1832 5630 1957 5670 me.
1994 5608 2217 5687 imputo,
2248 5615 2374 5685 quia
2405 5630 2511 5671 non
2556 5629 2656 5686 ego
2681 5614 2775 5670 sed
2806 5613 2979 5685 gratia
3020 5613 3113 5668 Dei
3188 5611 3284 5646 “"
3301 5610 3430 5678 Qum
3453 5609 3607 5665 rem“
3639 5621 3779 5662 εὕδει

524 5695 644 5749 qua:
681 5695 871 5751 scripsit
