4076 6288
317 396 419 452 €45

1202 390 1291 447 DE
1328 387 1565 448 AZYMO
1616 386 1703 442 ET
1743 382 2087 475 FERMENT.
2132 387 2221 443 Λῐ)
2263 384 2638 444 WALERAN.

3469 400 3573 456 5.ιῦ

312 510 366 563 in
388 507 575 577 Hoyse
600 507 847 577 baptismi
871 515 992 560 sunt
1019 506 1071 559 in
1104 506 1256 571 nube,
1284 516 1335 560 et
1370 507 1423 561 in
1447 507 1584 563 mari
1607 505 1658 577 (I
1687 504 1808 560 Cor.
1838 520 1889 566 κ,
1923 508 1968 565 Λ
2000 503 2495 572 concupiscentiam.
2526 504 2653 559 Sine
2678 503 2788 573 lege
2831 506 2969 560 enim
3000 516 3271 576 peccatum
3309 520 3573 569 mortuum

314 598 396 663 2);
423 596 569 664 quod
596 595 779 666 negari
819 595 1007 663 nequit
1040 593 1133 626 ³⁸³⁰
1165 588 1227 650 in
1258 594 1428 664 ﬁgura
1460 596 1627 650 fuisse
1660 612 1675 649 :
1706 612 1772 650 nc
1803 596 1892 627 ’3“

312 685 602 738 videantur
626 684 904 752 baptizare
934 684 1201 754 baptismo
1227 684 1474 750 Joannis,
1512 687 1603 756 qui
1653 686 1897 756 baptiza-

311 776 385 828 vit
413 775 466 826 in
500 786 660 843 aqua.
693 772 750 828 Si
786 789 914 845 ergo
942 774 1495 842 irrcpreheusibilitcr
1534 775 1760 845 ﬁgurate
1802 774 1897 829 ba-

310 865 580 932 ptizamus
616 864 708 894 3““
752 864 804 917 in
834 879 973 934 aqua
1028 882 1041 918 :
1091 864 1216 920 licet
1253 865 1381 939 illud
1424 866 1689 936 baptisma
1720 877 1890 933 vetus,

308 954 453 1022 quod
487 953 590 1007 fuit
624 953 786 1023 hujus
824 954 948 1009 novi
994 944 1195 1026 (ﬁgura,
1228 957 1279 1010 in
1323 971 1462 1025 aqua
1503 956 1665 1011 fuerit
1700 976 1712 1011 :
1745 975 1893 1028 qua:-

310 1058 431 1097 naui
466 1052 553 1099 est
598 1043 650 1097 in
696 1043 797 1099 ista
838 1043 1150 1100 Graecorum
1181 1047 1472 1114 sapientia,
1504 1064 1625 1117 (pne
1671 1058 1893 1119 promer

308 1136 431 1199 huc,
457 1134 583 1202 quia
614 1143 768 1189 vetus
794 1135 1018 1197 Pascha,
1047 1151 1143 1205 per
1168 1137 1308 1203 quod
1336 1146 1577 1191 nostrum
1603 1137 1888 1207 ﬁguratum

308 1234 387 1279 est
411 1223 531 1291 ³⁸⁸³,
556 1223 883 1280 celebratum
909 1236 992 1280 est
1023 1227 1074 1282 in
1105 1229 1334 1298 azymis,
1356 1228 1765 1284 detestatur’m
1793 1245 1891 1284 nus

309 1314 621 1369 sacriﬁcare
650 1330 847 1384 corpus
885 1315 1110 1383 Christi,
1137 1317 1229 1387 qui
1259 1326 1344 1373 est
1380 1317 1585 1373 Pascha
1621 1331 1884 1386 nostrum,

307 1405 372 1459 de
401 1394 599 1475 πθήιο
633 1406 685 1461 in
722 1406 911 1477 ﬁgura.
945 1407 1057 1462 sive
1098 1408 1163 1462 ad
1190 1409 1723 1465 commemorandum
1762 1412 1887 1480 quia

309 1496 430 1550 talis
481 1496 582 1550 fuit
627 1496 737 1560 ille,
790 1488 944 1566 cujus
993 1512 1190 1569 corpus
1242 1485 1634 1567 sacriﬁcamus,
1678 1501 1886 1556 scilicet.

306 1586 423 1641 sine
452 1588 659 1656 peccati
695 1587 1025 1663 iul’ectionc;
1043 1586 1157 1644 sive
1191 1589 1258 1643 ad
1287 1592 1738 1645 commonendum
1766 1607 1883 1659 nos,

307 1674 433 1744 quia
466 1689 668 1745 corpus
701 1675 796 1708 ⁸⁸⁸⁸
826 1676 942 1745 ejus
975 1676 1327 1745 comedimus,
1362 1680 1495 1735 tales
1527 1679 1722 1736 debere
1745 1698 1883 1748 esse,

304 1764 605 1820 secundum
651 1763 963 1836 Apostolum
1019 1768 1286 1843 dicentem
1338 1789 1352 1825 :
1416 1770 1715 1843 Expurgate
1746 1785 1884 1828 vetus

1996 601 2129 646 erat.
2178 590 2289 662 Ego
2334 604 2507 647 autem
2553 595 2779 648 vivebam
2816 595 2929 649 sine
2977 594 3087 665 lege
3126 595 3435 668 aliquando.
3467 600 3572 655 Sed

1996 698 2115 749 cum
2139 683 2357 737 venisset
2381 685 2709 748 mandatum,
2739 694 3007 754 peccatum
3035 687 3239 740 revixit.
3269 686 3378 757 Ego
3399 698 3571 743 autem

1994 783 2235 826 mortuus
2266 791 2403 836 sum,
2431 785 2479 828 et
2509 776 2776 829 inventum
2808 786 2884 830 est
2913 778 3043 830 mihi
3073 778 3402 847 mandatum,
3436 790 3574 852 quod

1993 874 2105 916 erat
2145 864 2215 917 ad
2245 866 2420 929 vitam,
2468 866 2565 918 hoc
2601 883 2715 920 esse
2738 867 2807 919 ad
2839 877 3074 922 mortem.
3109 867 3251 922 Nam
3280 862 3579 939 peccatum,

1998 950 2276 1004 occasione
2302 963 2514 1019 accepta
2538 969 2632 1016 per
2654 954 3201 1021 mandatum,sedu:cit
3216 974 3316 1022 me,
3330 968 3378 1011 et
3390 976 3482 1028 per
3509 960 3574 1011 il-

1991 1037 2081 1091 lua
2106 1040 2294 1093 occidit
2310 1040 2488 1109 (llam.
2508 1042 2663 1104 vu,7,
2683 1053 2729 1095 et
2755 1042 2938 1111 seqq.).
2974 1043 3064 1098 Sic
3080 1045 3258 1101 littera
3287 1048 3405 1103 sine
3420 1048 3572 1117 adju-

1993 1142 2152 1185 vaute
2168 1131 2340 1200 gratia
2358 1131 2579 1193 occidit,
2595 1132 2828 1201 Spiritus
2850 1142 3030 1189 autem
3045 1137 3309 1202 viviﬁcat;
3332 1140 3473 1195 sicut
3494 1140 3572 1193 ait

1989 1218 2131 1273 idem
2163 1220 2453 1289 Apostolus
2482 1222 2548 1276 ad
2581 1222 2762 1277 Titum
2802 1240 2817 1277 :
2847 1224 2977 1278 Cum
3007 1237 3188 1280 autem.
3208 1230 3493 1298 benignitas
3518 1233 3571 1284 et

1987 1310 2290 1365 humanitus
2324 1315 2588 1381 apparuit
2638 1313 2928 1371 Saluatoris
2984 1319 3151 1372 nostri
3193 1319 3307 1384 Dei,
3361 1337 3463 1374 non
3501 1338 3567 1376 ea:

1987 1400 2230 1471 operibus
2242 1402 2488 1469 justitiw,
2514 1421 2633 1473 qua:
2656 1405 2873 1473 fecimus
2902 1424 2994 1461 nos
3010 1425 3030 1473 ;
3057 1410 3148 1461 sed
3166 1411 3446 1463 secundum
3472 1411 3567 1449 ³⁸⁸⁸

1986 1508 2135 1545 suam
2166 1494 2583 1548 misericordiam
2609 1495 2779 1550 salvos
2810 1514 2903 1551 nos
2929 1499 3051 1567 fecit
3072 1516 3166 1568 per
3189 1499 3458 1555 lavacrum
3481 1496 3575 1558 re-'

1983 1585 2334 1654 generationis
2362 1595 2410 1640 et
2449 1589 2802 1643 renovationis
2832 1589 2925 1622 ³⁸⁸⁸
2949 1589 3181 1659 Spiritus
3202 1595 3395 1658 sancti,
3416 1568 3575 1665 quens

1984 1675 2169 1745 e/fudit
2198 1676 2251 1729 in
2279 1693 2374 1731 nos
2398 1678 2604 1733 abunde
2632 1696 2725 1747 per
2748 1680 2929 1735 Jesum
2952 1680 3218 1737 Christum
3242 1683 3567 1742 Salvatorem

1988 1774 2246 1827 nostrum,
2280 1776 2336 1819 ut
2361 1765 2647 1835 jnsti/icati
2695 1769 2881 1837 gratia
2911 1770 3076 1838 ipsius
3123 1772 3355 1827 ha'retles
3401 1775 3565 1828 simus

307 1854 640 1923 fermentum,
667 1868 719 1910 nt
746 1859 861 1912 sitis
886 1874 1017 1912 nova
1042 1860 1362 1930 conspersio,
1386 1863 1521 1916 sicut
1541 1865 1664 1917 estis
1688 1865 1879 1933 negati.
1921 1852 1959 1905 Β
1985 1858 2271 1908 secundum
2293 1872 2433 1926 spem
2460 1857 2578 1911 vilic
2601 1869 2811 1913 a’tcrnw
2831 1857 2957 1927 (Tit.
2990 1876 3073 1927 tu,
3099 1861 3132 1915 4
3161 1871 3208 1915 et
3235 1863 3422 1933 seqq.).
3444 1864 3565 1918 Ideo

306 1944 514 1999 Etenim
547 1943 753 2001 Pascha
785 1959 1023 2002 nostrum
1046 1949 1346 2006 immolatus
1371 1962 1447 2006 est
1474 1952 1736 2007 Christus.
1765 1954 1882 2008 Itu-

294 2049 398 2102 gue
429 2034 702 2102 epulemur
728 2052 830 2091 non
873 2039 927 2092 in
976 2038 1228 2107 fermento
1275 2043 1456 2108 veteri,
1499 2059 1663 2113 neque
1690 2046 1741 2097 in
1773 2046 1882 2115 fer-

297 2134 479 2177 mento
501 2125 721 2179 malititv
748 2137 794 2179 et
818 2129 1061 2198 nequitia:
1084 2145 1105 2193 ;
1132 2128 1224 2183 sed
1252 2132 1306 2185 in
1337 2132 1538 2202 azymis
1566 2134 1881 2188 sinceritatis

292 2222 346 2266 et
373 2213 608 2269 veritatis
632 2215 684 2286 (1
715 2214 837 2270 Cor.
868 2233 919 2282 v,
948 2216 979 2268 7
1009 2228 1058 2272 et
1089 2214 1165 2290 8).

920 2351 1148 2410 CAPUT
1191 2356 1255 2408 V.

296 2439 438 2496 Loca
468 2441 764 2515 Scriptura'
787 2447 975 2515 quibus
1000 2444 1171 2501 Cra'ri
1198 2459 1380 2503 contra
1409 2448 1623 2505 Latinos
1670 2452 1723 2505 in
1749 2469 1876 2507 con-

314 2578 315 2581 ,
366 2515 625 2589 trotjersia
668 2515 732 2569 de
759 2517 1082 2589 fermentata
1122 2519 1490 2589 abutebantur,
1521 2538 1750 2589 congrue
1787 2539 1878 2576 ea:-

309 2599 313 2602 '
362 2584 570 2651 posita,
594 2601 656 2637 ac
685 2584 912 2655 primum
934 2597 1196 2641 tractatur
1223 2588 1391 2643 illud:
1418 2584 1875 2646 Littera'uccidil.

360 2690 500 2746 Sive
539 2693 723 2763 itaque
766 2695 817 2750 iu
867 2696 962 2728 ³⁸³⁸
1013 2697 1183 2770 ﬁgura
1223 2700 1593 2757 sacriﬁcemus
1622 2717 1874 2773 azymum

290 2797 517 2850 panem,
554 2783 671 2838 sive
695 2785 812 2841 sine
837 2787 985 2840 omni
1016 2789 1209 2859 ﬁgura,
1242 2790 1548 2846 nullatenus
1578 2808 1675 2847 nos
1702 2794 1874 2850 Graeci

260 2866 761 2942 ~reprehcnsihiles
787 2877 967 2953 valent
1008 2880 1324 2946 ostendere;
1371 2883 1465 2937 sed
1511 2892 1604 2937 aut
1648 2885 1746 2940 soli
1779 2902 1876 2940 nos

293 2965 435 3019 bene
463 2981 702 3034 aginms,
731 2967 803 3022 illi
834 2983 939 3022 non
987 2969 1151 3037 bene;
1194 2981 1288 3026 aut
1327 2988 1426 3027 nos
1452 2973 1644 3029 melius
1668 2984 1726 3030 ct
1752 2976 1874 3030 dili-

291 3058 534 3125 gentius,
567 3058 611 3112 si
644 3057 717 3112 illi
753 3059 909 3114 bene.
938 3060 1141 3130 Nempe
1164 3066 1301 3117 satis
1332 3064 1623 3118 ostendunt
1669 3081 1727 3121 se
1757 3066 1874 3120 md-

290 3147 400 3211 lam
426 3149 629 3204 habere
654 3150 913 3206 rationem
937 3153 1003 3208 ad
1020 3168 1172 3208 suam
1194 3164 1402 3224 partem
1422 3156 1867 3222 conﬁrmandam,
1900 3184 1947 3248 ε

291 3251 540 3295 nostram
593 3240 972 3297 inlirmaudam
1002 3259 1016 3297 :
1045 3258 1167 3300 cum
1202 3247 1304 3300 hoc
1328 3255 1518 3300 contra
1567 3262 1664 3301 nos
1695 3247 1874 3317 prole-

289 3332 616 3400 runt,-quod
644 3331 789 3387 nullo
825 3334 985 3389 modo
1011 3343 1106 3389 aut
1130 3345 1318 3391 contra
1345 3350 1466 3402 nos,
1497 3345 1589 3391 aut
1619 3353 1743 3392 Cttlll
1769 3337 1876 3393 illis

288 3437 414 3479 esse
455 3424 824 3494 cognoscitur.
879 3424 1155 3494 Objiciunt
1197 3426 1342 3483 enim
1389 3428 1576 3493 nobis,
1630 3429 1770 3483 sicut
1818 3429 1871 3484 in

289 3522 479 3567 vestra
526 3513 626 3583 legi
656 3515 907 3586 epistola,
940 3518 1082 3588 quod
1112 3517 1242 3573 dicit
1270 3518 1560 3589 Apostolus
1611 3537 1623 3573 :
1671 3518 1871 3574 Littera

286 3604 430 3657 enim
459 3606 680 3670 occidit;
715 3607 927 3675 spiritus
949 3618 1121 3663 autem
1146 3610 1371 3678 civi/ica!
1398 3609 1484 3678 (11
1510 3610 1633 3673 Cer.
1671 3627 1752 3677 tu,
1786 3612 1865 3680 6);

286 3701 348 3748 ct
373 3696 517 3764 quod
540 3695 703 3751 Amos
741 3700 1000 3767 propheta
1048 3718 1061 3753 :
1095 3699 1423 3769 Sacri/ictuc,
1452 3703 1646 3772 inquit,
1674 3704 1738 3757 de
1760 3704 1867 3773 fer-

287 3793 522 3838 mentata
554 3784 763 3840 laudem
794 3786 974 3857 (Arnus
1001 3806 1076 3853 Iv,
1114 3790 1190 3859 5).
1232 3787 1381 3847 Unde
1414 3792 1661 3847 nituntur
1689 3806 1871 3849 osten-

288 3874 424 3927 dere
447 3874 574 3943 quia
608 3875 807 3938 littera,
845 3893 965 3946 quia
993 3895 1146 3934 venis
1187 3880 1388 3936 Pascha
1434 3883 1697 3938 celebrari
1716 3885 1895 3953 jubet

285 3965 347 4019 in
374 3965 597 4035 azymis,
630 3983 726 4023 nos
747 3971 972 4036 occidit;
999 3988 1120 4026 ctun
1143 3988 1261 4026 eam
1291 3988 1595 4039 servamus,
1620 3990 1867 4046 azyinum

285 4057 675 4127 sacriﬁcando,
709 4076 813 4115 non
843 4062 980 4117 bene
1005 4063 1445 4133 Apostoliverha
1475 4063 1865 4134 iutelli‘geutes.

282 4148 498 4205 Littera
547 4152 689 4207 enim
742 4163 871 4209 tunc
927 4154 1127 4210 dicitur
1169 4157 1444 4222 occidere,
1508 4158 1725 4226 quando
1778 4157 1865 4214 illa

273 4242 484 4311 jubens
506 4257 536 4297 a
561 4253 783 4313 peccato
808 4246 1101 4312 declinare,
1124 4257 1406 4316 peccatum
1430 4250 1668 4305 ostendit
1693 4266 1707 4303 :
1732 4264 1868 4318 quo-

283 4333 463 4397 niam,
497 4334 598 4390 uisi
637 4336 852 4404 adjuvet
881 4338 1077 4408 gratia,
1129 4348 1187 4393 ut
1215 4340 1309 4395 ﬁat
1337 4340 1480 4411 quod
1508 4340 1752 4412 iubetur,
1783 4344 1865 4398 in-

277 4424 628 4480 obedientem
650 4436 700 4482 et
716 4429 1184 4497 praevaricatorem
1208 4430 1360 4486 facit.
1378 4432 1529 4499 Quod
1547 4434 1600 4486 in
1624 4433 1860 4503 Epistula

277 4518 357 4570 nil
404 4517 679 4575 Romanos
721 4521 860 4577 idem
896 4533 1084 4592 aperte
1127 4533 1391 4579 monstrat
1423 4524 1731 4595 Apostolus.
1775 4526 1859 4579 di-

274 4624 416 4662 cens
447 4626 461 4662 :
496 4608 772 4665 Peccatum
818 4630 923 4668 non
969 4614 1183 4684 cognovi
1222 4614 1331 4667 nisi
1371 4631 1465 4683 per
1497 4614 1678 4686 legem.
1718 4613 1860 4669 Nam

272 4700 1086 4768 concupiscentiamnesciebam,
1121 4704 1222 4759 nisi
1245 4704 1338 4736 ³⁸⁸⁷
1374 4704 1458 4759 lea:
1476 4705 1665 4759 diceret
1694 4718 1723 4756 :'
1746 4704 1859 4758 Non

252 4774 612 4858 lconcupiees
634 4790 830 4863 (Exod.
862 4809 954 4859 xx,
982 4794 1091 4865 Π).
1118 4793 1407 4848 Occasione
1427 4807 1600 4849 autent
1625 4806 1858 4864 accepta,

1983 1961 2108 2001 cum
2137 1946 2233 1978 ³⁸³⁷⁸
2263 1946 2490 2000 dixisset
2522 1964 2536 2001 :
2569 1946 2901 2017 Sufﬁcientia
2932 1960 3109 2003 nostra
3130 1967 3195 2004 ea:
3222 1950 3327 2005 Deo
3355 1962 3448 2017 est,
3473 1954 3564 2022 qui

1984 2046 2030 2090 et
2060 2036 2274 2092 idoneos
2315 2055 2409 2093 nos
2451 2038 2569 2107 fecit
2596 2040 2860 2092 ministros
2896 2037 3033 2094 Novi
3062 2039 3415 2107 'I‘cstamenti,
3459 2058 3562 2096 non

1982 2125 2176 2193 littera,
2190 2128 2281 2180 sed
2294 2129 2481 2198 spiritu
2504 2127 2589 2199 (11
2605 2126 2723 2182 Cor.
2742 2143 2825 2192 nt,
2850 2128 2928 2199 5),
2954 2129 3031 2184 ait
3068 2146 3082 2183 :
3106 2129 3279 2183 littera
3307 2133 3444 2184 enim
3466 2131 3557 2163 ³⁸⁷⁸

1982 2220 2169 2274 occidit
2195 2234 2213 2272 :
2244 2221 2459 2288 spiritus
2482 2232 2657 2274 autem
2687 2221 2915 2290 vivi/ictu
2956 2221 3167 2291 (lbid.).
3191 2221 3270 2277 Ac
3295 2223 3339 2278 si
3365 2223 3519 2278 dicat
3542 2239 3558 2277 :

1982 2305 2135 2362 Fecit
2158 2323 2255 2362 nos
2282 2309 2420 2364 Dens
2446 2310 2727 2365 ministros
2745 2309 2879 2365 Novi
2906 2309 3264 2378 Testamenti,
3289 2313 3429 2382 quod
3454 2328 3561 2369 non

1981 2403 2066 2451 est
2094 2397 2147 2451 in
2178 2396 2357 2452 littera
2389 2398 2691 2465 occidente,
2723 2400 2863 2455 sicut
2894 2400 3095 2466 Vetus;
3138 2403 3231 2456 sed
3273 2403 3326 2455 in
3367 2402 3561 2471 spiritu

1980 2486 2308 2541 viviﬁcante.
2338 2488 2419 2542 Ad
2469 2497 2760 2557 utrumque
2812 2504 2961 2555 vero,
2994 2491 3061 2545 ad
3092 2493 3420 2548 occisionem
3451 2495 3561 2550 scit

1981 2577 2107 2632 licet
2166 2577 2359 2634 littera:
2418 2586 2474 2633 ct
2538 2579 2957 2636 viviﬁcationem
3008 2583 3254 2652 spiritus,
3325 2588 3564 2653 pertinet

1979 2670 2121 2738 quod
2155 2670 2435 2740 sulijunxit
2471 2687 2485 2724 :
2520 2669 2674 2736 Quod
2707 2673 2754 2725 si
2785 2672 3101 2727 ministratio
3140 2676 3343 2737 mortis,
3372 2676 3561 2733 litteris

1977 2760 2271 2831 deformata
2300 2762 2353 2815 in
2377 2761 2664 2829 lapidibus,
2696 2762 2794 2829 [uit
2819 2762 2872 2815 in
2895 2763 3105 2832 gloria;
3135 2767 3208 2817 ita
3232 2775 3288 2817 ut
3312 2782 3414 2820 non
3439 2785 3562 2837 pos-

1976 2861 2087 2905 sent
2118 2852 2384 2905 intendere
2403 2851 2503 2920 ﬁlii
2535 2850 2706 2905 Israel
2732 2852 2787 2904 in
2812 2852 3001 2921 faciem
3020 2852 3192 2923 Moysi
3214 2866 3430 2924 propter
3453 2857 3562 2927 glo-

1978 2944 2112 2997 riam
2141 2942 2316 2997 vultus
2345 2943 2483 3013 ejus,
2514 2960 2632 3013 quae
2659 2955 2946 2997 evacuatur
2968 2959 2987 2998 :
3014 2948 3276 3013 quomodo
3315 2964 3417 3001 non
3447 2965 3562 3003 ma-

1975 3036 2054 3105 gis
2087 3036 2406 3090 ministratio
2448 3035 2665 3105 spiritus
2695 3036 2792 3090 erit
2817 3037 2871 3090 in
2905 3036 3118 3106 gloria?
3149 3037 3288 3091 Nunt
3330 3040 3375 3092 si
3404 3034 3561 3115 inini-

1975 3128 2164 3180 stratio
2203 3125 2564 3181 damnationis
2600 3127 2771 3196 gloria
2798 3136 2894 3192 est,
2937 3127 3102 3181 multo
3136 3130 3303 3199 magis
3327 3131 3559 3184 abundat

1976 3215 2325 3269 ministerium
2342 3215 2571 3284 justitia:
2597 3217 2650 3269 in
2673 3216 2863 3286 gloria.
2909 3213 3054 3269 Nunt
3087 3233 3179 3270 nec
3203 3217 3558 3286 glori/iratum

1973 3314 2072 3370 est,
2094 3306 2233 3375 quod
2249 3305 2437 3359 claruit
2462 3306 2516 3360 in
2541 3307 2639 3359 hac
2662 3315 2834 3375 parte,
2856 3316 3068 3376 pr0pter
3089 3307 3421 3360 excellente»:
3445 3310 3559 3377 glo-
3652 3353 3661 3361 .

1976 3399 2132 3452 riam.
2168 3396 2229 3451 Si
2250 3399 2388 3450 enim
2417 3400 2555 3468 quod
2578 3407 2886 3461 evacuatur,
2904 3397 3226 3467 pergloriam
3252 3409 3326 3451 est
3352 3413 3370 3450 :
3391 3400 3555 3454 multo

1973 3489 2142 3558 magis
2170 3487 2309 3557 quod
2337 3497 2535 3550 manet,
2564 3490 2616 3540 in
2648 3485 2816 3557 gloria
2846 3497 2945 3541 est.
2985 3486 3250 3542 [labentes
3284 3490 3444 3559 igitur
3471 3501 3556 3545 ta-

1973 3581 2074 3636 lem
2100 3593 2263 3651 spem,
2296 3578 2462 3634 multa
2486 3579 2684 3647 ﬁducia
2722 3581 2921 3633 utimur
2941 3596 2961 3637 :
2984 3590 3033 3634 et
3058 3596 3160 3634 non
3183 3581 3318 3634 sicut
3346 3580 3554 3652 Moyses

1972 3673 2192 3742 ponebat
2229 3672 2458 3725 velamen
2493 3672 2649 3739 snpcr
2675 3670 2865 3739 facient
2892 3687 3065 3734 suam,
3091 3680 3145 3724 ut
3173 3687 3277 3725 nou
3321 3673 3555 3729 intende-

1911 3793 1914 3796 ~
1973 3774 2086 3818 rent
2116 3764 2215 3832 ﬁlii
2253 3762 2427 3818 Israel
2463 3764 2516 3816 in
2546 3763 2735 3830 faciem
2769 3763 2904 3832 ejus,
2952 3764 3093 3833 quod
3120 3773 3436 3830 evacuatur;
3460 3766 3552 3820 sed

1972 3857 2143 3910 obtusi
2171 3866 2291 3909 sunt
2324 3871 2508 3909 sensus
2547 3871 2761 3909 eorum:
2790 3872 2951 3924 usque
2986 3856 3040 3909 in
3068 3856 3379 3910 hodiernum
3411 3859 3552 3910 enim

1970 3949 2107 4001 diem
2133 3946 2358 4015 idipsum
2410 3945 2565 4015 137
2610 3944 2839 4015 uelamen
2872 3946 2925 3997 in
2956 3944 3175 3999 lectione
3213 3943 3412 3999 Veteris
3456 3946 3552 3998 Te-

1970 4040 2214 4093 stamenti
2252 4048 2426 4091 manet
2471 4053 2576 4091 non
2616 4035 2933 4099 revelatum;
2972 4037 3221 4106 quoniam
3249 4037 3302 4088 in
3338 4036 3547 4090 Christo

1969 4141 2274 4185 evacuatur.
2310 4128 2414 4184 Sed
2446 4143 2608 4198 usque
2638 4131 2690 4180 in
2736 4127 3050 4183 hodiernum
3078 4128 3239 4192 diem,
3274 4143 3391 4181 cum
3417 4128 3548 4198 legi-

1969 4233 2056 4278 tur
2099 4223 2330 4294 Moyses,
2378 4222 2611 4277 velamen
2648 4230 2723 4274 est
2771 4221 2994 4289 positum
3038 4237 3194 4290 super
3223 4237 3316 4275 cor
3343 4239 3546 4276 eorum.

1968 4312 2102 4367 Cum
2135 4323 2308 4367 autem
2338 4327 2617 4366 conversus
2647 4308 2805 4381 fuerit
2837 4311 2906 4364 ad
2934 4311 3245 4377 Dominum,
3276 4313 3551 4382 auferetur

1967 4404 2219 4459 velamen.
2250 4403 2508 4459 Dominus
2530 4414 2705 4456 autem
2733 4404 2951 4472 spiritus
2980 4413 3088 4465 est;
3123 4403 3212 4458 ubi
3233 4416 3409 4458 autem
3436 4409 3547 4489 spi-

1889 4515 1941 4576 D
1968 4497 2103 4553 ritus
2128 4494 2360 4559 Domini,
2402 4495 2475 4549 ibi
2523 4493 2756 4550 libertas.
2791 4492 2906 4549 Nos
2942 4510 3060 4549 vero
3092 4511 3272 4550 omnes
3322 4496 3548 4551 revelata

1968 4588 2105 4660 [acie
2132 4586 2355 4657 gloriam
2391 4587 2604 4641 Domini
2626 4587 2978 4657 speculantes,
3012 4588 3069 4640 in
3101 4586 3338 4641 eamdem
3360 4587 3551 4659 imagi-

1967 4696 2085 4736 nem
2104 4678 2553 4748 transformamur
2580 4697 2612 4732 a
2639 4678 2945 4733 claritatein
2970 4678 3548 4750 claritatem,tanquam

1966 4789 2001 4824 α
2042 4758 2255 4826 Domini
2303 4770 2512 4832 spiritu.
2544 4769 2675 4824 Ideo
2729 4770 2975 4826 habentes
3017 4770 3546 4832 administrationem,

264 4891 548 4953 peccatum
575 4899 668 4953 per
695 4886 1003 4940 mandatum
1055 4897 1326 4956 aperatum
1353 4897 1427 4940 est
1456 4886 1510 4940 in
1546 4902 1626 4940 me
1654 4884 1856 4941 omnem

1976 4865 2116 4925 iuxta
2141 4880 2301 4935 quam
2326 4863 2420 4897 “7'
2449 4863 2866 4918 miscricordiam
2907 4864 3173 4919 consecuti
3206 4878 3412 4927 sumus,
3441 4878 3546 4917 non

1550 5064 1783 5120 VARUE
1825 5061 2229 5119 LECTIONES.

353 5214 861 5292 m‘i‘iegarinequit
890 5235 1012 5273 mss.
1054 5217 1187 5292 Vict.
1223 5216 1292 5271 15
1317 5215 1461 5270 Edit.
1495 5213 1654 5270 Gotlt.
1678 5224 1726 5269 et
1759 5214 1890 5292 Cyl:
1911 5228 2112 5292 negare
2165 5223 2444 5292 nequeunt
2516 5214 2611 5244 ³⁸⁶¹
2640 5211 2821 5292 Vitcnt
2846 5226 3062 5292 quoque
3090 5225 3282 5292 aquam
3317 5225 3385 5292 ne
3415 5229 3544 5265 ntss.

265 5288 421 5344 Vict.
455 5289 523 5341 20
542 5279 620 5342 vet
651 5279 838 5342 Cister.
868 5291 1034 5342 omitt.
1064 5289 1239 5343 vitent
1277 5300 1494 5356 quoque
1527 5292 1730 5356 aquam,
1750 5285 1892 5356 λῆθ’
1935 5279 2190 5354 Figuratc
2218 5279 2687 5356 liaptizaintts_’ms.
2713 5279 2920 5356 eam.
2961 5285 3189 5350 ﬁgurate
3217 5279 3548 5356 hbaptizatur

258 5358 424 5414 Edit.
458 5357 754 5432 GothsCOI.
801 5357 976 5412 Venet.
1013 5348 1661 5432 ﬁguratur-baptismusn
1692 5354 1787 5432 “_“
1802 5348 2051 5432 Nostrum
2081 5348 2398 5432 "ﬁguratum
2423 5364 2506 5432 est
2531 5352 2675 5406 Edit.
2713 5351 2903 5432 Venet.
2935 5348 3547 5432 tiOSti'utn_ﬁgttrabatur

252 5430 373 5461 ⁸⁵⁵⁵
392 5430 525 5494 Qui.
552 5465 569 5482 .
599 5430 937 5503 detestantur
983 5419 1108 5503 mss.
1148 5426 1282 5481 Vict.
1308 5426 1342 5482 9
1370 5419 1591 5503 6115"“
1619 5423 1776 5503 corb.
1808 5435 1855 5479 et
1891 5424 2040 5503 Edit.
2061 5419 2229 5503 ‘Go'tlt:
2283 5434 2330 5477 et
2358 5422 2470 5503 col.
2504 5438 2624 5503 qua;
2643 5462 2655 5474 .
2684 5424 3039 5503 ._dc't‘esta_tur
3110 5419 3231 5503 “'1
3250 5419 3365 5503 Non
3415 5422 3541 5491 quia

249 5489 472 5569 corpus
497 5516 595 5552 ms.
638 5497 966 5569 Cister.uon
996 5499 1086 5569 qui
1120 5512 1318 5569 co_rpus
1392 5495 1626 5569 "’_"_Sive
1664 5496 1943 5569 itaquein
1987 5493 2331 5569 Edit.‘_l_’_ene.
2365 5494 2479 5569 sive
2526 5489 2675 5545 enim
2714 5492 2766 5545 in
2801 5490 3002 5546 Pascha
3053 5489 3353 5569 sacriﬁcari
3410 5489 3541 5569 mss.

259 5560 417 5625 Vict.
446 5567 480 5623 9
503 5579 548 5621 et
578 5569 642 5621 15
666 5579 711 5621 et
735 5566 889 5622 Corb.
913 5578 961 5622 et
989 5560 1133 5622 Edit.
1157 5560 1314 5623 Goth.
1337 5576 1384 5621 et
1410 5564 1526 5620 Col.
1556 5560 1774 5620 Pascha
1793 5565 2052 5621 celebrari
2129 5564 2220 5595 "‘7
2239 5563 2552 5616 nesciebam
2584 5577 2706 5616 esse
2729 5570 3007 5631 peccatum
3038 5560 3143 5631 nisi
3170 5576 3296 5615 mss.
3328 5563 3543 5616 nescie-

246 5641 396 5696 bam
426 5638 527 5691 nisi
602 5638 694 5672 ³⁸⁸⁸
713 5638 1018 5693 Secundum
1048 5653 1296 5707 magnam
1329 5653 1453 5691 mss.
1485 5639 1782 5707 secundum
1811 5651 1963 5707 suam
2039 5634 2132 5707 ‘f‘ﬁ’
2151 5635 2215 5707 bit
2246 5631 2578 5707 renovationi
2607 5629 2741 5707 mss.
2761 5632 2928 5707 omit.
3004 5629 3100 5707 ff"
3126 5630 3251 5684 Ideo
3285 5646 3408 5707 cum
3440 5647 3539 5686 ms.

246 5708 433 5774 Corb,
464 5708 594 5762 ltctn
626 5724 745 5761 cum
776 5725 871 5761 ius.
905 5706 1038 5762 Vict.
1068 5700 1264 5773 Qtl'jam
1295 5724 1448 5782 cutn_
1493 5702 1935 5782 “'f‘Testamenti
1957 5745 1970 5768 ,
1997 5703 2246 5782 Eia-Iunt:
2279 5717 2383 5754 non
2427 5702 2605 5756 littera
2631 5704 2723 5782 sed
2759 5701 2987 5782 spritu;
3022 5700 3199 5780 littera
3232 5702 3537 5782 euim_mss.

246 5770 603 5833 Testamcnti
653 5794 757 5833 non
793 5778 970 5833 littera
1008 5781 1097 5833 sed
1134 5770 1370 5848 Spiritu,
1402 5777 1477 5831 ait
1514 5794 1527 5828 :
1571 5776 1745 5830 littera
1778 5776 1920 5829 enim
1996 5774 2087 5804 ³⁸⁸7³
2117 5771 2277 5826 Juxta
2312 5787 2471 5840 quam
2507 5789 2599 5826 ms.
2646 5770 3045 5827 Cister..rectius
3084 5771 3238 5840 juxta
3262 5772 3428 5842 quod.
