4076 6288
547 324 651 380 547

544 439 812 508 deﬁcimus
838 436 1071 506 (Il‘Cor.
1108 455 1190 504 ιιι,
1219 439 1370 500 1-l8,
1406 451 1482 500 IV,
1518 434 1571 504 l)
1628 434 1703 487 De
1731 419 2006 486 occisione
2038 428 2125 482 lit-
2161 431 2202 486 Α

550 540 705 596 terte,
749 541 801 585 et
832 530 1194 585 viviﬁcalione
1221 528 1465 598 spiritus,
1501 523 1829 595 superﬂuum
1880 521 2010 576 mihi
2049 520 2128 575 vi-

546 622 704 676 detur
744 638 908 691 super
937 621 1048 674 haec
1078 619 1281 688 aliquid
1317 619 1538 672 addere.
1579 614 1724 670 Satis
1770 613 1934 684 igitur
1981 621 2130 682 patet

544 713 670 782 quia
708 729 806 766 nec
840 712 1040 766 Grzecis
1071 711 1312 779 prodest,
1344 723 1445 764 nec
1480 707 1636 762 nobis
1674 705 1850 770 obest,
1881 702 2025 773 quod
2057 703 2127 757 de

543 805 828 857 occidente
856 802 1035 856 littera
1058 801 1344 870 objiciunt.

1160 909 1388 966 CAPUT
1427 908 1516 963 Vl.

546 1004 821 1070 Quomodo
850 1004 1102 1072 propheta
1137 999 1664 1124 jubleatdsacri/ieari
1707 998 1772 1052 de
1817 998 2128 1067 fermentata

1252 1088 1321 1124 au
1361 1087 1464 1124 em.

1252 1087 1464 1125 auaem.

617 1166 770 1231 Quod
823 1175 1004 1220 autem
1052 1171 1340 1219 assumunt
1374 1163 1439 1218 de
1480 1162 1740 1232 propheta
1781 1178 1794 1214 :
1851 1157 2029 1213 Venite
2074 1159 2129 1211 in

546 1256 789 1328 Galgala,
821 1267 867 1311 et
900 1257 1056 1326 impie
1095 1256 1234 1325 agite
1271 1271 1289 1309 :
1322 1265 1369 1308 et
1412 1253 1703 1322 sacriﬁcate
1730 1251 1794 1305 de
1822 1251 2128 1320 fermentata

547 1347 756 1401 laudem
789 1347 967 1416 (Amos
994 1363 1068 1412 ιν,
1100 1346 1185 1416 5);
1227 1343 1624 1414 intelligendum
1660 1351 1889 1396 estesse
1927 1341 2127 1395 dictum

549 1448 644 1491 aut
689 1437 1036 1508 approbando
1075 1437 1180 1490 tale
1221 1435 1583 1497 sacrilicium,
1639 1441 1731 1486 aut
1768 1432 2126 1502 reprobamlo.

548 1525 653 1581 Sed
683 1528 727 1580 si
775 1529 875 1581 hoc
912 1527 1151 1596 prmciptt
1183 1525 1438 1596 propheta
1459 1565 1473 1586 ,
1505 1533 1562 1578 ut
1606 1524 1896 1579 secundum
1925 1537 2018 1577 eos
2049 1522 2127 1575 ιυ-

546 1633 712 1686 quar,
745 1616 866 1671 illos
885 1618 1081 1672 occidit
1109 1616 1286 1671 littera
1305 1657 1319 1681 ,
1345 1614 1436 1685 qui
1464 1615 1700 1669 litteram
1733 1615 2030 1675 servando,
2061 1614 2129 1667 de

545 1708 872 1763 fermentato
901 1708 1234 1763 Sacriﬁcant.
1283 1711 1353 1762 At
1385 1708 1429 1762 si
1473 1708 1576 1763 hoc
1604 1707 1984 1776 exprobrando
2015 1706 2128 1759 dic-

547 1807 658 1850 tum
697 1807 814 1863 est,
861 1812 965 1868 qua
1013 1797 1204 1854 fronte
1231 1797 1544 1853 sacrificant
1579 1796 1720 1867 quod
1763 1797 2021 1865 propheta
2071 1797 2124 1848 in

545 1886 872 1942 sacriﬁcium
904 1899 1218 1943 exsecratur
1246 1907 1261 1945 :
1291 1898 1384 1944 aut
1411 1905 1514 1957 qua
1543 1888 1748 1942 ratione
1779 1888 1882 1942 hoc
1916 1887 1966 1940 in
1994 1901 2122 1942 auc-

547 1977 818 2031 toritatem
846 1976 949 2032 sibi
990 1979 1306 2033 assumunt?
1331 1977 1481 2046 Quod
1526 1986 1703 2032 autem
1733 1977 1833 2032 hoc
1862 1977 2124 2048 propheta

544 2081 652 2120 non
695 2066 969 2136 iubendo,
1011 2069 1103 2123 sed
1142 2067 1582 2139 reprehendendo
1628 2067 1855 2131 dixerit,
1906 2066 2126 2120 dubium

547 2171 653 2209 non
688 2165 802 2221 est;
846 2173 967 2212 cum
1006 2159 1109 2214 hoc
1158 2158 1335 2230 impiae
1385 2157 1582 2213 actioni
1630 2156 1979 2212 as~:ociaverit
2008 2155 2124 2208 ³⁸⁷³.

551 2245 769 2299 Dixerat
799 2246 941 2300 enim
975 2264 988 2301 :
1031 2246 1205 2302 Venite
1245 2247 1314 2301 ad
1355 2246 1564 2311 Bel/tet,
1605 2256 1650 2299 et
1695 2245 1849 2316 impie
1879 2244 2034 2314 agite.
2062 2245 2130 2299 Et

549 2336 710 2404 paulo
738 2347 856 2406 post
881 2379 897 2399 .
927 2339 1236 2393 continuata
1269 2339 1638 2406 increpatione
1693 2337 1770 2391 ait
1814 2354 1827 2390 :
1864 2335 1929 2390 Et
1965 2336 2129 2405 sacri-

545 2425 702 2493 ﬁcate
731 2428 794 2480 de
817 2427 1124 2495 fermentata
1151 2429 1380 2482 laudem.
1411 2429 1519 2482 Aut.
1556 2443 1686 2497 ergo
1726 2435 1871 2481 tanta
1915 2427 2124 2482 ratione

549 2527 758 2585 partem
811 2533 962 2572 suam
1015 2519 1349 2575 fermentarii
1402 2519 1694 2574 defendant
1742 2517 1873 2583 ⁸⁸⁷⁸,
1927 2527 2126 2586 quanta

545 2624 698 2664 suam
729 2612 984 2666 roborant
1012 2614 1259 2684 azymitze
1283 2632 1296 2668 :
1321 2623 1414 2668 aut
1441 2612 1686 2682 rejiciant
1715 2628 1868 2667 suum
1893 2611 2126 2666 fermen-

546 2708 691 2765 tum,
722 2713 776 2755 et
798 2702 928 2756 iiant
952 2705 1198 2774 azymita‘:
1228 2721 1246 2761 :
1273 2713 1368 2759 aut
1405 2705 1448 2759 si
1483 2721 1580 2760 nec
1619 2703 1746 2758 illud
1776 2703 1987 2769 valent,
2025 2713 2124 2759 n’ec

547 2789 686 2842 istud
714 2791 926 2858 volunt,
948 2794 1138 2849 saltem
1165 2811 1270 2850 non
1301 2795 1702 2864 reprehendunt
1731 2795 2014 2864 azyinitas.

1072 321 1130 379 S.
1172 319 1470 377 ANSELMI
1511 314 1862 374 CANT‘B.\R.
1905 312 2223 370 ARCHIEP.
2259 309 2407 368 OPP.
2449 310 2630 366 PARS
2655 311 2698 365 l.
2725 343 2793 352 —-
2833 312 3231 371 DOGMATICA

3710 321 3816 377 διε

2839 427 3066 482 CAPUT
3107 427 3218 482 VII.

2232 517 2502 574 Commbia
2543 518 2849 573 Latinorum
2895 521 2960 573 de
2995 519 3176 574 eadem
3220 520 3529 587 cognatione
3567 521 3621 574 in
3663 524 3820 578 certis

2373 591 2622 659 gradibus
2652 591 2853 644 dissitis
2871 629 2887 656 ,
2920 591 3056 644 male
3076 607 3108 644 a
3135 589 3336 644 Gra'cis
3373 591 3672 657 reprobate.

2299 703 2357 756 ιιι
2388 702 2542 757 tertia
2567 702 2896 771 quaastione,
2929 700 3069 756 sicut
3097 700 3370 770 intelligo,
3401 701 3674 758 mandatis
3689 704 3817 774 quia

2231 793 2403 848 Graeci
2432 794 2766 846 detestantur
2803 799 2984 844 nostra
3028 790 3294 845 connubia
3312 830 3327 854 ,
3355 789 3446 846 ubi
3476 793 3691 861 cognati
3720 807 3818 846 co-

2233 885 2409 956 gnatis
2431 885 2497 936 de
2529 883 2631 936 alia
2666 881 2989 953 cognatione
3026 881 3374 950 copulantur.
3418 879 3575 947 Quod
3597 897 3700 936 cur
3733 881 3820 936 fa—

2232 980 2399 1043 ciant,
2433 978 2632 1032 nullam
2661 977 2816 1032 video
2837 975 3215 1030 auctoritatem
3245 984 3341 1030 aut
3367 977 3653 1032 rationem.
3680 977 3819 1033 Nam

2232 1071 2276 1126 si
2306 1072 2408 1126 hoc
2434 1070 2486 1124 in
2516 1069 2628 1124 suis
2656 1065 2942 1139 prohibent
2967 1067 3081 1121 ileri
3112 1067 3434 1134 connubiis,
3463 1077 3558 1122 aut
3582 1083 3690 1123 non
3721 1083 3822 1123 ex-

2234 1163 2455 1220 tendunt
2490 1160 2839 1231 cognationes
2871 1173 3040 1229 usque
3079 1159 3146 1214 ad
3181 1158 3468 1228 septimam
3503 1161 3817 1230 generatio-

2231 1270 2394 1319 nem,
2425 1255 2566 1309 sicut
2599 1269 2727 1318 nos;
2774 1260 2867 1306 aut
2916 1249 3246 1320 impossibile
3294 1251 3507 1306 videtur
3564 1253 3814 1320 servari,

2231 1345 2372 1415 quod
2405 1345 2744 1414 praecipiunt.
2769 1342 2905 1398 Sunt
2935 1345 3078 1399 enim
3111 1358 3252 1412 saepe
3275 1342 3328 1397 in
3360 1359 3465 1396 una
3491 1344 3815 1412 cognatione

2233 1435 2514 1506 plusquam
2545 1442 2759 1488 centum
2792 1432 2892 1486 viri
2922 1441 2978 1487 et
3000 1433 3254 1488 mulieres
3282 1441 3503 1502 egentes
3531 1431 3811 1503 coniugio.

2233 1526 2480 1582 Totidem
2512 1522 2674 1597 igitur
2702 1524 3052 1595 cognationes
3081 1523 3326 1579 invenire
3362 1537 3580 1578 necesse
3603 1531 3686 1578 est
3705 1563 3721 1588 ,
3748 1523 3819 1579 de

2233 1618 2426 1688 quibus
2471 1615 2696 1684 singulis
2740 1615 2933 1684 singuli
2973 1613 3242 1684 eligantur
3278 1615 3378 1670 viri
3427 1624 3482 1668 et
3528 1615 3818 1680 mulieres,

2233 1710 2427 1778 quibus
2459 1707 2531 1762 illi
2560 1709 2626 1762 de
2655 1723 2756 1760 una
2789 1706 3110 1776 cognatione
3153 1704 3350 1776 singuli
3397 1703 3620 1775 singulis
3648 1719 3820 1773 copu-

2229 1802 2424 1856 lentur.
2477 1801 2584 1854 Aut
2633 1800 2813 1869 itaque
2862 1796 3198 1854 detestabilia
3257 1804 3384 1850 sunt
3445 1796 3822 1852 indubitanter

2228 1906 2414 1946 eorum
2443 1887 2706 1946 connubia
2726 1929 2740 1952 ,
2765 1887 2808 1943 si
2843 1886 2982 1941 intra
3011 1896 3215 1954 septem
3245 1885 3626 1956 generationes
3653 1895 3816 1949 sunt;

2231 1998 2329 2037 nec
2377 1981 2573 2035 debent
2629 1979 3025 2049 reprehendere
3070 1987 3288 2044 nostra,
3343 1977 3559 2048 quando
3597 1977 3820 2048 cegnati

2231 2070 2627 2142 coniunguntur
2648 2071 2892 2141 cognatis
2916 2069 2981 2124 de
3003 2069 3106 2122 alia
3133 2069 3472 2140 cognatione,
3499 2070 3641 2140 quod
3661 2069 3820 2124 nulla

2229 2163 2478 2235 prohibet
2517 2161 2812 2218 auctoritas
2855 2161 2937 2216 vel
2985 2161 3153 2236 ratio;
3199 2168 3293 2214 aut
3319 2160 3645 2230 impossibile
3683 2170 3822 2226 est,

2232 2263 2290 2309 ut
2320 2254 2462 2317 dixi,
2505 2268 2722 2308 servare
2771 2252 2864 2284 ³⁸⁷⁸
2901 2251 3044 2322 quod
3091 2251 3438 2322 praecipiunt;
3474 2260 3533 2306 ut
3565 2251 3822 2317 scilicet,

2233 2354 2309 2399 tut
2344 2345 2696 2412 cognationes
2747 2343 3103 2413 exquirantur
3147 2343 3216 2396 ad
3264 2341 3423 2397 unius
3477 2343 3822 2412 cognationis

2229 2435 2494 2492 connubia
2515 2477 2528 2500 ,
2561 2445 2692 2505 quot
2721 2444 2846 2489 sunt
2875 2434 2928 2488 in
2961 2434 3049 2488 illa
3081 2433 3180 2488 viri
3207 2441 3263 2488 et
3291 2433 3546 2488 mulieres
3568 2441 3824 2503 petentes

2229 2527 2500 2598 conjugia.
2530 2525 2681 2593 Quod
2719 2535 2898 2581 autem
2942 2525 3058 2580 sine
3091 2525 3238 2580 omni
3279 2525 3602 2580 auctoritate
3640 2533 3695 2579 et
3727 2540 3824 2579 ra-

2234 2620 2378 2675 tione
2414 2619 2470 2671 tit
2512 2628 2697 2672 contra
2739 2617 3005 2671 rationem
3030 2657 3045 2679 ,
3089 2615 3291 2685 absque
3321 2614 3416 2647 ³⁸⁷⁸
3451 2614 3611 2670 dubio
3647 2615 3826 2669 ratio-

2233 2708 2480 2763 nabiliter
2510 2707 2898 2778 repudiandum
2935 2705 3209 2774 iudicatur
3238 2705 3352 2759 ³⁸⁷⁷.
3383 2694 3392 2702 ’

1556 3133 1697 3248 s.
1837 3073 2802 3245 exsulans

869 3311 1050 3468 DE
1150 3356 2412 3472 SACRAMENTORUM
2522 3355 3482 3474 DIVERSITATE

1576 3570 1668 3624 Al)
1709 3569 2210 3626 WALERANNUM
2247 3569 2656 3627 EPISCOPUM.

1941 3730 2346 3748 μυ-

1357 3847 2264 3968 WALERANNI'
2329 3775 3006 3965 EPISTULA

1119 4073 1282 4142 QUAE
1318 4072 1548 4130 ΒΕΔΤο
1590 4072 1914 4130 ANSELMO
1956 4072 2127 4128 SCRII

2229 4071 2315 4127 lDl
2353 4071 2846 4130 ARGUMENTUM
2873 4071 3222 4130 ΡΒᾹΞΒΗΙΤ.

547 4229 968 4307 Conqueritur
1031 4226 1103 4287 de
1155 4227 1452 4307 varietate
1514 4227 2014 4307 ceremoniarum
2068 4226 2235 4307 inter
2294 4225 2521 4307 altaris
2553 4227 2938 4307 sacri/icium
2969 4228 3205 4290 carica
3246 4229 3447 4289 variis
3480 4228 3820 4292 observari

625 4304 955 4386 solitarum
985 4327 1005 4386 ξ
1031 4307 1208 4384 quasi
1241 4323 1383 4365 vero
1413 4306 1503 4366 Ita:
1536 4304 1909 4365 sacramenti
1937 4304 2259 4365 essentiam
2297 4305 2698 4384 attingerent,
2727 4304 2925 4386 ,qnin,
2953 4307 3173 4384 potius
3201 4309 3565 4384 mysterium
3606 4317 3662 4368 et
3697 4309 3822 4370 de—

632 4385 894 4444 centiam
919 4383 1296 4461 religiosam.

617 4570 974 4626 Serenissimo
1001 4571 1063 4626 D.
1093 4572 1345 4628 Assumo
1367 4581 1566 4627 sanctae
1585 4570 1992 4627 Cantuariensis
2015 4572 2111 4627 Ec-

2229 4551 2522 4606 litterarum
2545 4559 2844 4606 sectatores
2861 4550 3216 4606 ratiocinandi
3243 4549 3618 4620 probabilitate
3638 4551 3818 4608 iidem

541 4664 719 4719 clesia:
760 4663 1209 4719 reverendissimo
1263 4663 1702 4734 archiepiscopo,
1739 4661 2117 4719 Wstsaausus

541 4755 638 4810 Dei
665 4755 838 4825 gratia
865 4753 1336 4823 erembnrgensis
1360 4755 1672 4823 episcopus,
1717 4753 1911 4808 servile
1952 4755 2113 4808 obse-

539 4847 754 4916 quium,
789 4845 1099 4899 instantiam
1150 4845 1481 4906 orationum,
1518 4859 1581 4897 ac
1616 4844 1962 4914 semetipsum
1994 4860 2114 4900 om-

539 4937 666 4990 nino
695 4935 746 4990 in
785 4937 1035 4990 omnibus
1062 4935 1473 4988 deditissimnm.

609 5023 744 5078 Cum
787 5023 1022 5079 Minerva
1071 5024 1136 5077 de
1185 5023 1484 5079 litterarum
1531 5023 1868 5094 professione
1912 5023 2112 5094 aliquid

535 5127 860 5183 prasumere
888 5114 1276 5183 ineptissimum
1293 5122 1392 5178 est,
1409 5128 1475 5169 ac
1497 5113 1636 5170 inter
1655 5115 2002 5171 edocumatos
2017 5114 2108 5146 ³⁸”

2224 4644 2428 4710 facere,
2465 4660 2570 4700 non
2598 4654 2838 4699 nostram
2867 4645 3043 4712 attigit
3071 4644 3163 4674 ³⁸⁸⁸
3194 4643 3525 4698 facultatem.
3551 4642 3654 4696 Sed
3681 4659 3817 4698 cum

2222 4739 2489 4810 Propheta
2515 4737 2835 4808 su5pirando
2869 4755 2881 4789 :
2916 4735 3104 4790 Revela
3131 4736 3308 4790 oculos
3335 4754 3475 4792 meos
3496 4781 3512 4805 ,
3547 4747 3592 4791 et
3620 4738 3815 4790 consi-

2222 4830 2415 4885 derabo
2450 4828 2711 4882 mirabilia
2742 4829 2804 4881 de
2841 4827 2950 4896 lege
2984 4837 3074 4879 tua
3105 4825 3279 4897 (Psal.
3311 4843 3500 4892 cxvm,
3534 4826 3641 4894 18),
3677 4823 3814 4881 cuni

2222 4937 2430 4976 summa
2473 4919 2758 4975 devotione
2802 4917 2986 4971 oculos
3031 4915 3150 4970 levo
3188 4918 3256 4970 ad
3300 4926 3537 4972 montem
3579 4917 3816 4970 celsitu-

2222 5014 2362 5069 dinis
2395 5023 2608 5078 vestrae,
2634 5011 2836 5065 utinde
2858 5010 3039 5063 veniat
3063 5009 3320 5063 auxilium
3350 5009 3509 5074 mihi;
3537 5009 3812 5062 auxilium

2219 5115 2491 5169 vestrum,
2527 5103 2790 5158 auxilium
2842 5117 2872 5156 a
2913 5103 3168 5164 Domino,
3203 5101 3294 5172 qui
3347 5100 3475 5157 fecit
3513 5100 3720 5156 malum
3758 5109 3816 5156 et

1807 5268 2042 5322 VARIJE
2080 5262 2486 5321 LECTiONES.

611 5379 704 5413 ⁸³⁷³
729 5380 862 5436 Cum
912 5381 1088 5449 impia:
1122 5381 1323 5434 actioni
1371 5381 1720 5435 associavcri'.
1751 5398 1877 5435 mss.
1925 5398 2046 5435 cum
2077 5383 2179 5435 hoc
2209 5380 2386 5448 impia:
2423 5376 2621 5432 actioni
2673 5373 3209 5449 associaveritlfdit.
3259 5373 3417 5449 Gelli.
3464 5368 3811 5449 Clol._VeLset_.

535 5466 660 5518 eum
708 5451 810 5505 hoc
846 5452 1004 5518 impie
1033 5452 1328 5504 auctoritas
1358 5453 1652 5505 sociaverit

1727 5450 1821 5481 ³⁸⁷⁸
1855 5451 2152 5506 Defendunt
2183 5439 2308 5503 mss'.
2344 5450 2636 5503 defendant
2709 5446 2802 5476 ⁸⁸⁷⁸
2833 5446 3048 5499 Servari
3083 5461 3208 5498 mss.
3233 5457 3278 5498 et
3311 5441 3454 5496 Etlit.
3488 5439 3644 5494 Goth.
3685 5440 3813 5494 Col.

544 5517 725 5573 Venet.
751 5511 970 5573 servare
1044 5518 1386 5572 ""Ralione
1417 5525 1620 5589 absque
1657 5537 1783 5574 mss.
1821 5522 2028 5575 ratione
2072 5522 2128 5572 iit
2166 5532 2351 5573 etmtra
2385 5520 2644 5589 rationem
2676 5517 3048 5589 absgue___”_"
3100 5512 3616 5589 Reprehendendum
3651 5511 3816 5580 judi-

532 5597 695 5644 catur
722 5589 1257 5658 mss.reputiiamlum
1282 5580 1558 5658 judicatur
1591 5589 1735 5643 Etlit.
1794 5589 1970 5644 Venet.
2019 5589 2358 5645 rcfutandum
2405 5587 2680 5654 judicatur
2754 5580 2847 5618 ³⁸⁷⁸
2883 5580 3195 5658 Waleranni
3240 5585 3456 5656 epistola
3491 5580 3692 5637 collata
3732 5591 3817 5635 est

534 5675 652 5710 eum
701 5676 797 5710 ms.
842 5655 970 5713 Vict.
1006 5658 1117 5726 127.,
1161 5658 1249 5710 20.
1284 5655 1293 5658 ⁷
1327 5658 1420 5689 ³⁸⁷⁹
1449 5660 1681 5715 Edoetos
1714 5675 1838 5714 mss.
1867 5663 2216 5717 edocuniatos
2289 5659 2382 5690 ³⁸³⁰
2406 5659 2633 5742 ᾼιιὶιιεὶι
2669 5674 2794 5712 mss.
2827 5656 3021 5726 attigit.
