4076 6288
264 351 368 410 519

1180 340 1275 399 DE
1307 339 1929 401 SACBAMENTORU.“
1973 341 2461 401 DlVERSlTATE.

3417 335 3529 408 550

263 475 464 520 terram
503 479 515 514 :
551 459 656 526 Qui
690 458 918 518 adlucret
954 455 1200 519 Domino,
1236 472 1370 509 unus
1416 446 1638 522 spiritus
1667 463 1739 507 est
1783 453 1846 523 (1
1876 459 1920 515 Α
1951 469 2054 524 que
2084 466 2326 513 tenemus
2371 474 2401 513 a
2446 461 2704 532 progenie
2741 461 2793 516 in
2823 463 3172 534 progeniem;
3205 472 3262 521 et
3294 465 3528 521 vestram

262 555 382 611 Cor.
417 553 630 620 v1.17).
657 549 726 605 Ut
763 549 886 604 inde
915 557 1097 618 pateat
1135 564 1198 601 ex
1233 546 1349 615 ejus
1388 545 1720 616 plenitudine
1750 561 1846 598 vos

262 646 426 700 etiam
455 639 719 711 profunda
750 639 842 692 Dei
875 638 1136 702 scrutari;
1177 647 1415 691 nostram
1446 653 1574 690 vero
1603 637 1840 705 parvita-

265 748 370 791 tem
402 749 590 788 vocem
639 731 755 800 ejus
789 732 1007 796 audire,
1038 729 1144 785 'sed
1189 744 1413 800 prorsus
1452 730 1663 785 nescire
1705 732 1846 786 unde

262 825 462 889 veniat,
495 833 590 878 aut
616 837 724 892 quo
746 823 922 875 vadat.
995 881 998 884 ,

689 910 850 980 138
887 905 1115 964 CAPUT
1153 907 1446 964 PRIMUM.

264 1003 504 1070 Querela:
537 1001 850 1056 Walerauni
873 1001 936 1055 de
970 1012 1118 1054 tanta
1142 1001 1439 1055 diversitate
1470 1002 1523 1055 in
1550 1018 1850 1056 sacramen-

773 1080 945 1124 torum
976 1071 1340 1124 celebratione.

333 1187 613 1240 lndividua
647 1177 884 1240 Trinitas
919 1184 1060 1238 Dens
1105 1191 1223 1250 est,
1263 1193 1317 1237 et
1351 1192 1611 1254 quotquot
1642 1194 1765 1240 sunt
1795 1202 1846 1240 in

265 1278 402 1340 Deo,
435 1291 600 1329 unum
646 1284 769 1329 sunt
805 1274 857 1328 in
893 1272 1026 1343 ipso.
1062 1275 1358 1329 Diversitas
1388 1275 1439 1328 in
1484 1274 1721 1330 Ecclesia
1749 1275 1846 1328 ad-

264 1371 484 1423 modum
518 1377 600 1420 est
639 1366 830 1420 unitati
867 1365 1162 1419 contraria.
1199 1365 1292 1418 Diu
1327 1379 1430 1418 non
1464 1375 1638 1435 potest
1665 1377 1846 1434 stare,

266 1461 407 1529 quod
447 1468 680 1523 partium
712 1457 762 1510 in
792 1472 849 1512 se
871 1465 1152 1527 grassatur
1177 1456 1537 1510 dissensione.
1569 1453 1642 1511 De
1666 1472 1850 1512 saera-

267 1552 463 1606 mentis
518 1547 799 1610 ECCleSl‘J},
830 1535 994 1601 aliud
1025 1547 1292 1602 Palestina
1313 1586 1326 1610 ,
1367 1546 1508 1601 aliud
1552 1548 1807 1602 Armenia
1832 1589 1847 1615 ,

267 1643 408 1697 aliud
444 1650 626 1695 nostra
679 1640 957 1712 Romana,
1012 1647 1067 1694 et
1113 1638 1408 1708 'l‘ripartita
1449 1639 1616 1694 sentit
1653 1639 1847 1695 Callia.

267 1731 532 1788 Dominici
567 1731 730 1784 etiam
761 1729 1004 1798 corporis
1047 1729 1360 1800 mysterium
1396 1729 1552 1784 aliter
1567 1725 1846 1795 'Romana,

267 1823 427 1877 aliter
475 1821 752 1876 Gallicana
805 1819 1080 1886 Ecclesia,
1136 1837 1198 1876 ac
1255 1821 1624 1878 diversissime
1665 1835 1848 1879 nostra
1884 1794 1926 1853 Β

270 1924 470 1969 tractat
517 1913 831 1968 Germania.
887 1911 965 1966 Ex
1021 1914 1258 1983 antiquis
1309 1916 1553 1985 patribus
1607 1918 1851 1976 ordinem

267 2008 533 2061 habemus
563 2004 902 2060 sacriﬁcandi
943 2020 958 2059 :
1004 2015 1061 2060 et
1085 2007 1238 2061 vahle
1287 2007 1526 2062 admiror
1557 2013 1696 2064 unde
1739 2010 1854 2066 haec

267 2097 484 2151 novitas
506 2096 834 2176 surrepserit
872 2096 925 2150 in
958 2097 1117 2152 domo
1151 2098 1358 2152 Domini
1393 2117 1406 2153 :
1433 2099 1588 2155 Jesus
1616 2101 1854 2157 Christus

265 2191 379 2244 heri
410 2200 459 2243 et
481 2189 658 2254 hodie,
686 2189 796 2257 ipse
816 2200 889 2244 est
915 2191 968 2262 iu
997 2190 1193 2244 stecula
1217 2190 1373 2262 (lIeb.
1408 2208 1525 2256 xm,
1561 2192 1615 2264 8)
1641 2209 1854 2263 semper

265 2295 431 2342 unus,
462 2295 678 2350 semper
714 2280 892 2345 idem,
935 2281 1137 2335 nullam
1174 2282 1385 2352 patiens
1416 2282 1852 2339 mutabilitatem.

263 2375 309 2427 Α
369 2371 590 2429 Christo
641 2373 918 2438 dissentit,
983 2375 1075 2443 qui
1131 2375 1184 2429 in
1238 2375 1604 2430 diversitatem
1659 2375 1852 2429 tendit.

266 2466 519 2520 Christus
560 2473 643 2520 εει
689 2466 842 2536 panis
881 2467 1223 2537 angelorum,
1252 2467 1341 2537 qui
1375 2469 1441 2522 de
1468 2466 1604 2522 etelo
1630 2466 1854 2521 descen-

266 2557 342 2610 dit
369 2555 556 2627 (Joan.
585 2554 699 2624 xu)
718 2595 734 2619 ,
759 2564 814 2610 et
857 2553 1033 2611 lactus
1059 2566 1142 2611 est
1169 2557 1326 2626 panis
1364 2557 1641 2611 hominum
1665 2595 1680 2619 ,
1725 2569 1851 2609 esca

263 2664 598 2720 pauperum,
649 2648 870 2703 satietas
923 2663 1044 2702 cum
1091 2663 1158 2704 eo
1209 2648 1549 2719 regnantium
1601 2655 1714 2700 :ut
1760 2646 1851 2716 qui

263 2740 428 2809 digne
454 2739 782 2801 comedunt,
824 2737 1008 2792 vivant
1059 2738 1113 2792 in
1161 2737 1413 2792 s:eculum
1455 2735 1660 2791 saeculi.
1704 2733 1850 2790 Unus

261 2831 441 2900 panis,
467 2847 626 2883 unum
650 2845 837 2899 corpus
861 2827 1012 2882 multi
1030 2845 1208 2882 sumus
1229 2831 1283 2881 in
1310 2828 1514 2882 Christo
1540 2843 1739 2886 omnes.
1759 2827 1851 2896 qui

262 2923 331 2976 de
369 2939 472 2976 uno
503 2939 640 2991 pane
681 2920 1056 2991 participamus
1110 2919 1159 2988 (l
1189 2919 1310 2975 Cor.
1339 2935 1400 2984 x,
1434 2919 1546 2989 l7):
1604 2919 1851 2974 Christus

261 3023 350 3069 εει
398 3014 482 3067 via
529 3013 710 3084 (Joan.
763 3015 913 3080 xtv),
955 3028 1052 3084 per
1089 3028 1250 3081 quam
1295 3012 1634 3083 gradiamur,
1688 3025 1848 3079 quem

261 3105 530 3160 imitetur.
574 3103 674 3171 Qui
720 3119 750 3158 a
788 3103 1002 3158 Christo
1038 3101 1346 3164 exorbitat,
1391 3101 1691 3170 periculose
1729 3116 1847 3154 am-

262 3198 418 3252 hulat
448 3217 460 3250 :
493 3198 633 3252 inter
666 3195 1078 3252 sacriﬁcandum
1100 3236 1114 3259 ,
1164 3196 1307 3264 quod
1343 3191 1592 3247 Christus
1620 3191 1768 3255 fecit,
1796 3201 1848 3246 et

261 3303 368 3342 nos
413 3287 693 3342 faciamus.
734 3285 1152 3354 Quotiescunque
1179 3326 1194 3352 ,
1236 3284 1445 3354 inquit,
1493 3286 1596 3338 huc
1637 3283 1846 3348 facitis,

259 3380 670 3448 quotiescunque
699 3377 912 3432 sumitis
938 3375 992 3447 (1
1019 3378 1141 3432 Cor.
1172 3393 1250 3444 x1,
1277 3375 1367 3443 25,
1389 3375 1480 3446 26)

895 3490 1121 3548 CAPUT
1160 3489 1223 3544 ll.

356 3581 464 3634 Cur
493 3581 657 3652 aliqui
677 3582 1043 3651 fermentatum
1082 3580 1360 3634 adhibeant
1400 3580 1453 3633 in
1487 3578 1763 3650 mysteriis.

340 3671 562 3725 Armeni
589 3672 803 3740 quidem
833 3674 898 3727 de
927 3671 1250 3726 l'ermentato
1297 3685 1356 3724 se
1395 3669 1610 3723 laudem
1641 3668 1850 3724 sacriﬁ-

260 3778 398 3818 care
428 3771 647 3833 putant;
681 3764 773 3817 sed
819 3763 870 3818 in
909 3764 1147 3817 novitate
1174 3761 1297 3815 vita:
1331 3775 1452 3816 cum
1491 3759 1710 3814 Christo
1741 3776 1846 3813 non

260 3853 568 3908 ambulant.
603 3853 905 3907 linitatores
930 3852 1130 3908 Christi
1157 3860 1370 3921 oportet
1398 3849 1606 3918 epulari
1657 3866 1760 3904 non
1793 3851 1846 3903 in

260 3947 539 3998 fermento
567 3944 765 4008 veteri,
795 3944 888 3998 sed
929 3944 980 3998 in
1019 3943 1222 4013 azymis
1255 3941 1587 3996 sinceritatis
1615 3949 1669 3994 et
1705 3941 1848 3995 veri-

259 4034 400 4089 tatis
442 4032 493 4103 (I
525 4032 648 4087 Cor.
681 4033 756 4102 v).
796 4033 1139 4087 Fermentum
1189 4031 1313 4085 licet
1372 4030 1641 4084 modicum
1683 4039 1845 4083 totam

258 4139 506 4178 massam
543 4123 858 4191 corrumpit.
889 4123 1136 4178 Christus
1164 4135 1361 4190 corpus
1405 4118 1844 4187 incorruptibile,

257 4224 530 4282 quantum
557 4214 810 4284 possibile
851 4222 962 4279 est,
1001 4214 1142 4267 nulla
1176 4212 1451 4267 inﬁciatnr
1477 4212 1770 4280 corruptio.
1803 4212 1847 4264 A

253 4310 596 4365 sinceritatis
651 4307 918 4361 sacriﬁcio
966 4305 1142 4358 omnis
1187 4303 1488 4373 huiusmodi
1543 4301 1683 4356 absit
1727 4316 1848 4355 cor-

254 4401 471 4469 ruptio.
503 4398 602 4466 Qui
637 4403 893 4466 exaptant
940 4395 1101 4450 imbui
1137 4393 1340 4449 Christi
1388 4391 1630 4461 corporis
1667 4391 1846 4446 incor-

1949 545 2210 601 miramnr
2256 548 2646 607 diversitatem.
2688 552 2802 608 Hoc
2847 554 3095 611 Christus
3144 553 3272 612 fecit
3299 597 3314 621 ,
3348 565 3401 612 et
3431 571 3530 613 nos

1948 633 2126 690 facere
2152 641 2446 709 prmcepit:
2481 639 2616 709 lloc,
2655 643 2856 714 inquit,
2885 645 3074 714 facile,
3124 647 3528 718 quotiescunque

1947 727 2379 796 sumitis(Matth.
2408 746 2564 797 xxvr;
2594 731 3249 800 Marc.x1v;Luc.xxn;l
3278 736 3400 791 Cor.
3426 738 3527 806 ιι).

1947 817 2231 886 Accipiens
2255 835 2448 888 panem
2477 823 2824 892 singulariter
2859 827 3175 892 benedixit,
3208 838 3264 883 et
3301 827 3528 884 calicem

1949 907 2217 964 similiter.
2252 910 2505 980 Singulas
2531 914 2779 982 singulis,
2804 925 2863 970 ut
2890 926 3090 980 noster,
3121 918 3230 972 imo
3253 919 3532 974 Romanus

1949 995 2094 1051 Ordo
2122 999 2394 1070 prmcipit,
2430 1016 2623 1058 cruces
2645 1001 2773 1058 fecit
2807 1021 2820 1056 :
2853 1013 2908 1058 et
2931 1005 3004 1058 ita
3028 1005 3096 1060 ab
3125 1006 3260 1076 ipso,
3294 1007 3384 1077 qui
3413 1007 3529 1062 heri

1947 1097 2002 1141 et
2027 1089 2188 1144 hodie
2219 1101 2271 1144 et
2294 1107 2464 1160 usque
2494 1093 2548 1147 in
2595 1092 2848 1148 sccculum
2879 1094 3018 1149 idem
3055 1105 3169 1161 est,
3196 1105 3382 1151 nostra
3412 1097 3533 1153 ino-

1948 1177 2080 1232 levit
2138 1179 2231 1213 ³⁸⁸¹
2289 1183 2644 1237 consuetudo.
2711 1183 2786 1238 De
2841 1198 3061 1238 crucum
3118 1185 3530 1254 singularitate,

1949 1270 2150 1326 Christi
2202 1271 2359 1327 nobis
2413 1275 2710 1329 assentitur
2757 1275 3070 1329 auctoritas.
3133 1274 3300 1329 Miror
3347 1287 3529 1330 autem

1949 1362 2103 1416 valde
2122 1378 2224 1432 qua
2243 1363 2452 1418 ratione
2475 1364 2815 1420 sacriﬁcandi
2844 1366 3010 1435 cmpit
3031 1365 3319 1422 diversitas
3359 1385 3371 1420 :
3417 1365 3534 1420 Una

1950 1464 2024 1507 est
2053 1454 2205 1522 ﬁdes,
2234 1471 2396 1509 unum
2428 1455 2682 1525 baptisma
2720 1456 2938 1526 (Ephes.
2983 1473 3054 1524 tv,
3091 1458 3168 1527 5),
3202 1474 3305 1513 una
3332 1457 3534 1513 Clu-isti

1951 1549 2121 1602 antica
2145 1589 2158 1614 ,
2195 1550 2484 1616 sponsajet
2522 1547 2792 1602 columba.
2841 1547 3096 1602 Ecclesia:
3155 1548 3348 1602 unitati
3381 1547 3536 1602 valde

1952 1637 2107 1691 obest
2157 1636 2209 1690 in
2256 1637 2614 1690 sacramentis
2653 1635 2990 1706 discrepare;
3030 1647 3081 1692 et
3117 1636 3375 1706 quidquid
3410 1636 3536 1691 libi-

1955 1738 2064 1783 tum
2094 1738 2178 1784 cst
2236 1728 2442 1784 licitum
2474 1728 2671 1784 lacere.

2563 1820 2790 1876 CAPUT
2828 1822 2916 1876 IV.

2061 1912 2169 1966 Cur
2192 1913 2333 1966 calix
2363 1911 2474 1967 velo
2503 1929 2593 1967 seu
2623 1913 2766 1983 palla
2794 1914 3062 1983 operiatur
3087 1933 3118 1966 ιι
3150 1912 3422 1984 principio.

2027 2005 2294 2059 Praeterea
2345 2005 2487 2059 inter
2527 2007 2955 2060 consecrandum
2993 2009 3232 2062 nonnulli
3267 2009 3335 2063 ab
3379 2010 3534 2064 initio

1956 2093 2176 2149 calicem
2205 2094 2458 2166 operiunt
2494 2093 2712 2163 quidam
2746 2095 3043 2164 corporali,
3071 2095 3160 2150 alii
3186 2091 3364 2166 paimo
3387 2112 3535 2152 com-

1955 2187 2152 2258 plicato
2195 2188 2368 2242 instar
2421 2187 2646 2252 sudarii,
2693 2188 2837 2257 quod
2888 2197 3157 2257 repertum
3207 2189 3434 2260 legimus
3481 2190 3532 2244 in

1957 2288 2333 2342 monumento,
2388 2293 2492 2332 non
2540 2295 2662 2334 cum
2709 2280 3114 2336 linteaminibus
3155 2283 3408 2350 positum,
3439 2282 3536 2338 sed

1955 2367 2245 2436 separatim
2274 2366 2571 2421 involutum
2614 2367 2666 2422 in
2696 2383 2804 2422 uno
2847 2369 2987 2426 loco.
3023 2370 3272 2425 Christus
3299 2371 3383 2425 via
3417 2381 3495 2425 est
3519 2411 3535 2438 ,

1954 2467 2010 2513 et
2033 2457 2270 2520 veritas,
2309 2465 2364 2510 et
2391 2457 2498 2509 vita
2555 2456 2737 2526 (Joan.
2772 2459 2918 2529 xiv);
2960 2460 3042 2514 via
3083 2460 3208 2527 "8',
3251 2475 3345 2529 per
3375 2475 3534 2529 quam

1954 2549 2292 2620 gradiamnr,
2321 2556 2382 2602 ut
2424 2547 2490 2600 ad
2543 2548 2718 2616 ipsum
2768 2550 3067 2604 veniamus.
3100 2549 3202 2614 Qui
3236 2551 3361 2604 dicit
3390 2567 3445 2605 se
3480 2552 3536 2604 in

1954 2639 2162 2695 Christo
2195 2656 2432 2703 manere,
2465 2639 2649 2704 debet,
2679 2641 2814 2694 sicut
2851 2641 2959 2709 ipse
2997 2641 3314 2706 ambulavit,
3350 2643 3536 2712 et;ips’e

1954 2729 2222 2784 ambulare
2275 2728 2456 2794 (Joan.
2509 2743 2651 2794 xxv,
2682 2729 2760 2800 6).
2796 2729 2910 2785 Non
2961 2731 3186 2786 veniunt
3228 2732 3293 2786 ad
3334 2733 3534 2801 vitam,

1955 2822 2057 2876 nisi
2111 2821 2411 2877 imitatores
2453 2821 2598 2876 vitm.
2649 2821 2928 2877 Paschalis
2968 2823 3144 2877 hostia
3184 2822 3384 2878 nudato
3415 2839 3537 2879 cor-

1954 2930 2085 2984 pore
2128 2914 2180 2969 iu
2207 2931 2300 2970 ara
2337 2916 2516 2971 crucis
2562 2914 2836 2970 immolata
2879 2924 2997 2978 est,
3055 2916 3255 2969 nudato
3308 2931 3537 2986 corpore

1953 3005 2136 3061 οπεΠί
2159 3007 2362 3070 νοΙιιίι,
2391 3007 2483 3077 qui
2512 3006 2694 3062 omnia
2739 3021 2860 3075 qua:
2896 3005 3101 3060 audivit
3140 3021 3168 3060 a
3208 3005 3396 3073 Patre,
3423 3008 3538 3063 suis

1955 3105 2080 3150 nota
2123 3096 2250 3153 fecit
2294 3098 2474 3169 (Joan.
2514 3099 2624 3167 xv).
2683 3097 2740 3151 In
2789 3112 2886 3152 sua
2928 3096 3294 3152 immolatione
3335 3107 3538 3156 semet-

1957 3188 2155 3259 ipsum,
2170 3189 2326 3244 sicuti
2342 3200 2444 3254 est,
2463 3188 2857 3254 manifestavit;
2876 3188 3032 3257 cujus
3053 3189 3276 3258 gloriam
3305 3192 3536 3247 revelata

1952 3279 2090 3334 facie
2110 3279 2687 3350 contemplabimur,ut
2711 3279 2758 3333 ei
2796 3295 2893 3349 per
2917 3279 3096 3334 omnia
3126 3279 3531 3336 conl’ormemnr

1951 3369 2271 3440 conﬁgurati
2305 3370 2519 3439 corpori
2565 3369 2826 3424 claritatis
2859 3385 2970 3424 sua:
2995 3409 3010 3434 ,
3044 3377 3101 3423 ut
3133 3370 3246 3438 ipse
3281 3371 3352 3424 sit
3377 3371 3532 3426 nobis

1950 3464 2129 3517 omnia
2176 3462 2229 3516 in
2273 3470 2474 3516 aeterna
2518 3461 2872 3516 beatitudine.
2907 3461 2973 3516 Et
3012 3471 3068 3515 ut
3115 3461 3312 3532 (ipsius
3350 3462 3531 3518 verbis

1952 3559 2074 3607 utar
2099 3551 2320 3624 [Matt/i.
2353 3567 2532 3617 xxvii;
2570 3545 2734 3606 Joan.
2779 3550 2926 3622 xix])
2957 3550 3390 3606 Consummatum
3421 3549 3532 3618 est,

1951 3640 2158 3710 inquit,
2188 3653 2247 3695 ut
2271 3650 2452 3694 vetera
2484 3655 2590 3694 non
2623 3640 2964 3708 ambigamus
2997 3641 3304 3703 trausiisse,
3334 3654 3386 3697 et
3413 3657 3532 3696 om-

1952 3732 2037 3785 nia
2086 3748 2223 3786 nova
2273 3747 2423 3796 esse;
2466 3733 2633 3786 velum
2664 3731 2842 3801 templi
2881 3733 3101 3786 scissum
3137 3743 3211 3787 est
3255 3751 3287 3786 a
3329 3751 3535 3788 summa

1951 3835 2114 3889 usque
2134 3821 2375 3875 deorsum
2408 3834 2426 3872 :
2451 3820 2592 3888 quod
2623 3834 2794 3888 usque
2825 3820 2877 3874 in
2910 3821 3228 3877 hodiernum
3272 3823 3413 3877 diem
3437 3839 3538 3892 po-

1952 3911 2114 3965 sitqu
2159 3919 2242 3965 est
2287 3923 2449 3980 super
2492 3911 2654 3965 corda
2690 3909 3030 3976 Judazorum;
3088 3920 3147 3966 ut
3192 3912 3379 3967 oculos
3432 3914 3532 3968 ha-

1951 4005 2140 4060 bentes
2164 4019 2268 4057 non
2302 4004 2554 4066 videant,
2586 4011 2641 4056 et
2670 4019 2830 4058 aures
2861 4017 2966 4058 non
3011 4004 3336 4076 intelligant.
3364 4005 3534 4062 Nobis

1950 4114 2102 4162 vero,
2131 4098 2327 4167 quibus
2359 4097 2497 4151 Deus
2525 4095 2783 4150 rcvelavit
2806 4111 2904 4167 per
2937 4097 3188 4167 spiritum
3218 4113 3397 4162 suum,
3423 4113 3530 4154 non

1951 4199 2165 4260 oportet
2187 4187 2524 4244 sacriﬁcandi
2543 4191 2800 4260 mysteria
2824 4188 3104 4258 implicare
3124 4206 3138 4249 ;
3165 4190 3257 4244 sed
3279 4191 3531 4261 exemplo

1951 4282 2166 4338 Domini
2198 4281 2354 4336 Jesus
2382 4280 2706 4336 clariﬁcare.
2734 4280 2850 4336 Non
2873 4296 2997 4336 cum
3029 4279 3226 4350 Moyse,
3257 4290 3313 4334 ut
3332 4279 3530 4344 Judaei,

1950 4377 2195 4430 velamen
2243 4372 2773 4442 superimponanms;
2819 4373 2913 4429 sed
2956 4387 3076 4427 cum
3130 4372 3358 4426 Domino
3399 4372 3527 4428 Jesu

255 4462 548 4558 ruptioue,
581 4488 702 4542 novi
737 4462 989 4541 sacriﬁcii
1031 4486 1343 4539 sinceritate
1373 4494 1609 4537 veterem
1645 4491 1847 4538 exuant
1878 4483 1924 4541 D
1950 4466 2270 4558 οπθνθηίθξι
2295 4464 2362 4558 (ίβ
2390 4463 2638 4558 cum“?
2666 4466 2718 4518 in
2749 4464 3053 4558 Clamat?”
3101 4462 3384 4518 "an’fcrri
3410 4474 3530 4519 5""

251 4579 560 4634 hominem.
608 4578 664 4632 In
707 4576 909 4632 Christi
958 4574 1200 4643 corporis
1236 4573 1570 4629 confectione
1599 4573 1848 4643 displicet

252 4669 397 4729 alia,
430 4667 530 4722 nisi
566 4663 727 4736 quam
762 4668 874 4736 ipse
900 4665 1092 4720 obtulit
1129 4665 1451 4720 substantia.
1488 4663 1574 4728 Et,
1599 4663 1643 4717 si
1671 4664 1844 4717 ausim

247 4756 546 4829 proﬁteri,
577 4757 807 4814 tenenda
835 4766 918 4813 est
960 4771 1021 4812 ea
1043 4797 1058 4824 ,
1095 4771 1260 4826 quam
1292 4755 1467 4819 dedit,
1499 4751 1843 4808 sacriﬁcandi

251 4849 476 4919 regula.

883 4939 1113 4995 CAPUT
1150 4939 1234 4993 lll.

246 5031 379 5086 Cur
420 5027 630 5083 unicum
671 5042 720 5085 et
773 5051 874 5086 non
908 5031 1180 5098 multiplex
1222 5031 1393 5085 crucis
1443 5031 1650 5099 signum
1693 5041 1850 5096 super

477 5118 664 5170 pauent
696 5113 742 5156 et
772 5103 983 5156 calicem
1007 5102 1261 5171 formetur
1291 5119 1324 5154 a
1353 5100 1630 5170 plerisque.

330 5211 446 5266 Nos
474 5212 819 5283 singulariter
847 5228 1062 5283 panem,
1092 5211 1446 5284 singulariter
1474 5208 1848 5264 benedicimus

240 5305 508 5361 calicem.
538 5305 648 5358 lloc
674 5318 940 5369 canones,
969 5304 1073 5358 hoc
1108 5303 1360 5372 antiquus
1393 5301 1538 5357 Ordo
1571 5299 1846 5354 Romanus

242 5396 535 5466 prmcipit,
563 5397 711 5450 ntab
737 5396 890 5450 initio
929 5397 979 5450 in
1012 5412 1223 5452 canone
1263 5395 1502 5469 singulas
1547 5408 1737 5448 cruces
1763 5392 1844 5446 l'a-

238 5487 472 5541 ciatnns
498 5485 743 5556 Singulis.
781 5485 891 5541 Hoc
923 5487 1138 5557 publico
1167 5496 1222 5542 et
1263 5486 1566 5541 inveterato
1603 5500 1698 5538 usu
1730 5483 1847 5537 ubi-

1952 4561 2195 4614 deamus.
2227 4556 2413 4612 Nudus
2438 4556 2595 4612 Jesus
2625 4557 2678 4611 in
2707 4573 2798 4611 ara
2831 4557 3038 4621 crucis,
3071 4558 3246 4610 nudus
3272 4569 3532 4626 appareat

1953 4652 2007 4706 in
2042 4665 2134 4704 ara
2172 4658 2372 4704 nostrae
2418 4649 2830 4714 immolationis;
2865 4652 3007 4718 quod
3044 4651 3222 4704 verb's
3262 4658 3532 4718 protesta-

1952 4755 2107 4805 mur,
2148 4739 2404 4810 operibus
2440 4747 2788 4810 exsequatur.
2827 4739 2988 4794 Panis
3031 4741 3118 4794 ille
3170 4756 3294 4794 vere
3327 4739 3530 4794 Christi

1953 4848 2150 4903 corpus
2196 4841 2307 4897 est;
2350 4840 2405 4886 et
2435 4841 2493 4884 ut
2532 4831 2732 4888 Christi
2774 4835 3019 4904 corporis
3063 4834 3522 4899 immolationem,

1955 4923 2218 4980 immolari
2243 4933 2476 4994 oportet.
2504 4923 2704 4978 Christi
2729 4939 2925 4993 corpus
2950 4924 3002 4976 in
3035 4939 3126 4978 ara
3156 4925 3334 4979 crucis
3359 4924 3532 4978 nuda-

1956 5025 2097 5080 tum,
2123 5015 2176 5069 in
2205 5013 2453 5084 sepulcro
2490 5013 2667 5068 linteis
2707 5024 2790 5069 est
2829 5014 3158 5080 involutum,
3195 5015 3246 5068 in
3280 5015 3532 5084 passione

1955 5107 2335 5178 discipulormn
2368 5106 2652 5161 devotione
2686 5107 2738 5159 in
2767 5107 3038 5176 sepultura
3084 5115 3168 5161 est
3204 5105 3526 5160 involutum.

1953 5198 2304 5266 Sepeliendo.
2336 5197 2475 5251 sicut
2522 5211 2638 5249 mos
2667 5203 2750 5249 est
2787 5194 2985 5252 Judzeis
3037 5196 3295 5266 sepelire,
3345 5206 3532 5250 osten-

1952 5291 2084 5345 dunt
2111 5305 2236 5359 erga
2273 5287 2580 5358 Magistrum
2616 5287 2777 5339 studii
2802 5287 3171 5352 devotionem;
3210 5288 3304 5342 sed
3348 5287 3530 5342 adhuc

1952 5384 2272 5456 ignorabant
2323 5379 2650 5434 sacramenti
2709 5378 3012 5432 veritatem.
3066 5377 3234 5434 Judaai
3292 5379 3526 5434 similem

1953 5477 2250 5548 sepeliant,
2273 5482 2332 5527 ut
2371 5469 2645 5536 Judaeum;
2691 5469 2816 5538 quia
2853 5470 3087 5526 nondum
3127 5470 3531 5540 perpendcrant

1540 5613 1774 5669 VARUE
1816 5607 2214 5667 LECTlONES.

328 5711 427 5744 ³⁸³⁸
463 5711 526 5766 Ε.
581 5712 723 5770 idem
777 5715 990 5770 inolevit
1042 5731 1165 5767 mss.
1216 5713 1356 5770 idem
1405 5721 1519 5774 est,
1572 5717 1755 5765 nostra
1810 5706 2028 5763 inolevit
2100 5703 2196 5734 ’δ”
2237 5700 2366 5754 Vilal‘
2410 5700 2492 5754 \‘ia
2541 5713 2664 5753 mu.
2719 5699 2849 5766 \‘ila,
2887 5697 2970 5752 Via
