4076 6288
583 333 683 391 55!

583 440 760 496 crucis
790 437 1102 509 mysterium
1144 453 1157 488 :
1190 435 1415 504 Spiritus
1451 435 1627 488 omnin
1668 439 1970 492 scrutatur,
2001 428 2156 480 etiam
2196 428 2237 482 A

581 529 843 598 profunda
874 527 967 581 Dei
1017 525 1065 596 (l
1099 523 1222 579 Cor.
1265 539 1338 588 ll,
1393 522 1478 592 l0)
1512 541 1524 576 :
1565 522 1668 576 illis
1713 531 1894 575 autem
1927 518 2165 572 nondum

584 621 808 690 spiritus
844 625 963 672 erat
1000 615 1158 671 datus
1184 655 1199 678 ,
1231 615 1354 684 quia
1395 630 1460 668 ex
1517 613 1832 668 infirmitate
1875 612 2168 666 crucifixus

583 697 837 765 Christus
868 723 970 763 non
1003 715 1118 760 erat
1157 705 1511 777 glorificatus.
1542 704 1885 760 Glorilicatus
1915 717 2044 758 vero
2079 701 2169 756 Je-

584 781 678 861 Sus
707 800 1072 870 corruptionis
1111 798 1436 853 vestimenta
1472 797 1706 860 deserit,
1738 795 2108 865 corruptibilia
2136 811 2166 849 a

582 911 642 951 se
669 895 898 949 removit
953 910 967 945 :
1038 889 1498 959 incorruptionem
1562 888 1790 943 vestitus
1859 885 2168 956 sepulcrum

582 986 785 1046 deserit
813 1003 828 1039 :
859 984 1091 1056 gloriam
1125 998 1277 1037 suam
1315 996 1374 1037 se
1410 979 1720 1034 amantibus
1756 978 2030 1048 patefecit.
2058 977 2170 1032 Cur

581 1093 712 1148 ergo
763 1092 828 1132 ex
888 1073 1314 1145 incorruptibilis
1367 1071 1571 1128 sudarii
1626 1069 1958 1125 involutione
2014 1067 2168 1138 quasi

582 1169 787 1224 Christi
837 1176 1204 1237 protestamur
1247 1163 1649 1228 infirmitatem,
1676 1171 1730 1216 et
1771 1161 1823 1214 in
1858 1158 2167 1228 huiusmodi

586 1261 826 1317 tenebris
880 1259 1269 1314 involutionem
1307 1273 1322 1311 :
1369 1271 1493 1311 cum
1539 1271 1662 1310 eum
1713 1252 1997 1308 verissime
2043 1266 2170 1321 pro-

587 1363 852 1406 testamur
877 1350 968 1404 Dei
996 1349 1246 1404 virtutem
1269 1355 1323 1402 ct
1351 1345 1534 1400 mundi
1563 1344 1774 1398 lucem?
1797 1343 1908 1396 Lux
1939 1341 2005 1396 de
2025 1341 2167 1404 luce,

585 1423 708 1514 qua:
737 1441 1004 1495 illuminat
1029 1453 1241 1495 onmem
1269 1436 1540 1492 hominem
1565 1434 1745 1506 (Joan.
1771 1435 1834 1504 ι),
1859 1432 2166 1488 nullatenus

585 1533 688 1587 sub
717 1530 920 1586 sudarii
954 1537 1182 1599 ponatur
1211 1526 1390 1582 modio
1423 1543 1437 1579 :
1471 1525 1565 1580 sed
1618 1525 1756 1579 sicut
1802 1524 2034 1594 ipsemet
2082 1538 2169 1578 sa-

585 1623 781 1678 cerdos
807 1631 862 1675 et
896 1619 1069 1674 hostia
1099 1617 1294 1672 obtulit
1330 1616 1710 1685 semetipsum;
1741 1615 1816 1668 ita
1840 1623 1890 1668 et
1920 1623 2165 1668 nostrum

584 1711 635 1766 ei
664 1709 924 1764 offeratur
954 1706 1278 1762 sacrificium
1299 1744 1314 1770 ,
1359 1703 1592 1775 positum
1641 1703 1741 1758 sub
1771 1704 1892 1758 divo
1917 1744 1932 1770 ,
1962 1712 2019 1755 ut
2055 1717 2170 1757 om-

585 1805 744 1859 nibus
798 1805 893 1838 ³³⁸³
935 1807 1002 1860 ad
1047 1806 1213 1859 vitam
1258 1804 1311 1858 in
1342 1801 1545 1857 Christi
1587 1800 1761 1856 luceat
1797 1800 1976 1855 domo.
2017 1798 2170 1854 Tunc

584 1898 822 1952 maxime
854 1897 1203 1966 acceptabilis
1239 1894 1458 1948 victima
1497 1902 1682 1948 nostra
1724 1892 1867 1956 erit,
1896 1890 1939 1946 si
1966 1889 2169 1945 Christi

585 1985 775 2040 hostiae
827 1986 989 2040 fuerit
1029 1983 1343 2040 consimilis.
1383 1982 1706 2036 lnvolvimus
1738 1991 1915 2036 tamen
1967 1989 2023 2034 et
2071 1993 2170 2032 nos

585 2077 807 2132 vitalem
832 2078 1100 2143 hostiam;
1131 2093 1260 2144 non,
1290 2077 1432 2133 sicut
1452 2076 1606 2132 vobis
1635 2089 1770 2140 mos,
1802 2089 1832 2126 a
1865 2072 2163 2142 principio;

586 2166 682 2222 sed
722 2167 774 2221 in
807 2166 941 2233 line,
977 2183 1100 2222 cum
1145 2167 1343 2237 Josepb
1391 2175 1447 2222 et
1485 2166 1798 2221 Nicodemo.
1849 2163 2002 2231 Quod
2061 2177 2165 2217 non

587 2257 765 2314 solum
793 2257 1017 2312 offertur
1048 2259 1099 2313 in
1128 2259 1309 2328 specie
1335 2258 1431 2314 scd
1465 2259 1518 2312 in
1555 2258 1631 2312 rei
1659 2261 1884 2312 veritate
1910 2295 1925 2320 ,
1958 2256 2166 2311 discre-

587 2363 720 2422 pare
758 2365 865 2404 non
898 2359 1110 2419 oportet
1140 2350 1193 2404 in
1220 2365 1315 2404 sua
1340 2349 1729 2404 immolatione.
1758 2348 1860 2415 Qui
1888 2347 2166 2402 offerendo

588 2439 876 2510 discrepat,
907 2457 1014 2496 non
1040 2441 1178 2497 sicut
1201 2439 1450 2496 Christus
1487 2439 1806 2502 ambulavit,
1839 2450 1894 2494 et
1915 2439 2028 2507 ipse
2052 2453 2168 2491 am-

588 2528 757 2584 bulat.
789 2529 844 2584 Si
876 2539 1056 2584 autem
1085 2531 1138 2584 in
1173 2530 1274 2607 hac
1302 2537 1453 2599 parte
1475 2528 1815 2584 sacrificandi
1837 2527 2168 2584 sinceritatis

584 2628 846 2693 causatur
866 2662 881 2689 ,
914 2621 1225 2677 facillimum
1254 2631 1340 2677 est
1359 2621 1636 2676 nobiscum
1678 2621 2007 2676 sinceritatis
2037 2633 2165 2674 coo-

589 2709 808 2780 perculo
855 2711 1172 2766 munditiem
1221 2711 1544 2775 observare;
1598 2717 1652 2762 et
1706 2720 1886 2764 tamen
1938 2707 2008 2762 ab
2054 2708 2170 2778 ipso

591 2799 745 2856 initio
775 2802 1116 2858 sacrificandi
1156 2810 1211 2857 et
1248 2801 1617 2857 vetustissimo
1641 2800 1895 2856 Ecclesiae
1926 2800 2030 2854 ritu
2063 2814 2170 2854 non

587 2891 922 2947 exorbitare.

1139 327 1197 381 S.
1240 320 1536 378 ANSEJll
1577 317 1926 374 CANTUAB.
1969 312 2286 370 ARCIIIEP.
2323 309 2474 368 ΟΡΡ.
2515 308 2696 365 PARS
2734 309 2774 364 l.
2818 341 2887 350 —-
2921 307 3348 365 DOGMATiCA.
3739 317 3831 374 55g

2891 419 3116 476 CAPUT
3155 421 3219 474 V.

2345 514 2519 567 Mouet
2547 514 2610 568 de
2631 529 2725 567 suo
2760 515 2828 565 nd
2860 514 3275 566 communionem
3313 511 3558 567 Ecclesiw
3597 516 3774 571 redita.

2342 606 2718 675 Imperfectum
2749 617 2928 657 meum
2962 604 3174 657 videant
3208 603 3348 658 oculi
3384 604 3548 658 veSIri
3570 644 3586 666 ,
3631 615 3685 661 et
3713 608 3839 663 sicut

2271 700 2404 756 estis
2429 699 2482 754 in
2508 712 2724 754 omnem
2752 695 3257 766 circumspectionis
3287 695 3673 765 plenitudinem
3698 701 3834 767 quasi

2270 791 2533 845 virtutum
2559 790 2808 846 manibus
2831 796 3168 858 compactus.
3201 797 3402 841 nostra:
3425 786 3836 852 imperfectionis

2270 881 2637 950 compatimini
2705 880 3040 936 excessibus.
3103 877 3383 933 Gloriticat
3433 876 3602 931 Deum
3657 876 3708 930 in
3763 895 3838 935 me

2271 973 2536 1029 catholica
2587 973 2827 1028 Ecclesia
2857 1012 2872 1038 ,
2922 971 3178 1040 quoniam
3226 969 3278 1022 in
3329 978 3515 1023 nostra
3559 969 3839 1025 mutatione

2271 1065 2466 1119 divinas
2497 1064 2754 1118 bonitatis
2781 1072 3005 1133 apparet
3037 1062 3234 1132 gratia.
3264 1060 3482 1117 Gratias
3525 1060 3619 1116 Dei
3651 1077 3760 1116 sum
3793 1063 3838 1118 id

2271 1154 2412 1226 quod
2441 1171 2591 1218 smn;
2621 1169 2687 1209 ex
2720 1154 2882 1208 Saulo
2913 1153 3136 1217 Paulus;
3176 1168 3242 1207 cx
3271 1153 3581 1210 adversario
3605 1153 3840 1209 Romana:

2271 1245 2549 1308 Ecclesia},
2569 1246 2789 1300 intimus
2811 1245 3057 1300 Paschali
3089 1260 3238 1315 papa:
3265 1245 3671 1315 acceptissimus
3700 1247 3840 1318 139

2272 1337 2626 1394 cardinalimn
2657 1336 3126 1401 consecretarius;
3161 1344 3216 1390 et
3259 1334 3311 1388 in
3355 1335 3607 1390 omnibus
3657 1335 3708 1389 in
3753 1338 3842 1392 hac

2272 1437 2425 1498 parte
2457 1443 2743 1497 prosperos
2790 1442 2950 1494 spero
2995 1440 3301 1482 successus.
3339 1424 3537 1496 Joseph
3595 1426 3647 1480 in
3697 1427 3842 1482 domo

2272 1520 2595 1586 Pharaonis,
2623 1533 2722 1588 ego
2766 1518 2818 1572 in
2865 1517 3064 1588 palatio
3103 1517 3320 1572 llenrici
3362 1517 3724 1587 imperatoris.
3750 1517 3841 1573 Ne-

2272 1625 2376 1680 que
2402 1609 2693 1679 iniqnitas,
2727 1623 2902 1678 neque
2942 1615 3228 1676 peccatum
3264 1622 3440 1661 meum
3465 1607 3630 1675 (quod
3657 1607 3837 1677 absit),

2274 1709 2367 1754 aut
2393 1698 2547 1770 quasi
2569 1696 2712 1752 Nero
2737 1697 2996 1761 incestus,
3028 1705 3123 1750 aut
3149 1703 3394 1766 apostata
3423 1695 3688 1751 Julianus.
3719 1696 3840 1752 Gra-

2203 1765 2245 1824 Β
2276 1789 2379 1844 tias
2410 1765 2519 1842 Deo
2549 1787 2666 1853 ’3”,
2695 1786 2950 1856 quoniam
3002 1785 3102 1841 sub
3150 1765 3346 1841 vestra:
3381 1786 3688 1841 sanctitatis
3721 1786 3843 1857 regi-

2275 1877 2420 1932 mine
2448 1876 2605 1946 lupus
2630 1884 2684 1930 et
2712 1890 2884 1946 agnus
2907 1873 3067 1930 simul
3101 1883 3399 1945 pascuntur
3419 1913 3436 1939 ,
3465 1873 3548 1927 leo
3574 1886 3627 1928 et
3661 1875 3842 1928 vitulus

2277 1966 2438 2023 simul
2488 1967 2774 2030 accubant,
2823 1979 3065 2036 puerque
3110 1964 3369 2034 parvulus
3409 1964 3580 2018 minat
3628 1978 3721 2020 eos
3755 1973 3842 2018 :et

2272 2060 2398 2129 quia
2425 2058 2572 2128 virga
2618 2056 2915 2125 mquitatis,
2950 2039 3104 2126 virga
3146 2055 3297 2126 regni
3323 2055 3521 2121 vestri;
3549 2055 3643 2109 Dei
3671 2055 3843 2110 lauda-

2275 2167 2394 2208 mus
2431 2152 2684 2206 virtutem
2715 2149 3094 2205 Ecclesiastico
3134 2157 3342 2204 terrore
3384 2147 3675 2204 indomitas
3714 2147 3844 2202 feras

2279 2228 2679 2307 mansuescere,
2715 2241 2950 2312 nullique
2974 2240 3026 2295 in
3056 2248 3237 2295 monte
3265 2239 3478 2294 Domini
3503 2255 3720 2295 nocere.
3750 2239 3844 2293 Leo

2276 2315 2478 2407 rugiet,
2507 2335 2629 2404 quis
2656 2349 2762 2388 non
2807 2333 3058 2388 timebit?
3095 2331 3205 2388 Sed
3235 2332 3363 2401 quia
3408 2333 3592 2403 justus
3613 2371 3630 2397 ,
3662 2341 3719 2386 ut
3743 2331 3843 2394 leo,

2277 2426 2500 2481 conlidit
2532 2425 2584 2478 in
2614 2421 2941 2491 bujusmodi,
2965 2422 3116 2493 quasi
3151 2422 3321 2493 ipsius
3358 2422 3528 2476 David
3556 2437 3720 2476 manu
3747 2420 3845 2474 for-

2277 2520 2373 2583 tis;
2402 2533 2498 2572 cor
2525 2525 2760 2572 vestrum
2793 2513 2898 2571 non
2930 2514 3196 2585 trepidat,
3219 2513 3316 2570 sed
3345 2513 3400 2567 in
3442 2511 3534 2568 Dei
3572 2516 3766 2567 virtute
3798 2509 3846 2564 in

2277 2610 2531 2666 omnibus
2560 2607 2877 2678 triumphat.
2921 2606 3180 2661 Dominus
3205 2604 3296 2675 qui
3343 2618 3447 2680 vos
3489 2601 3706 2657 inunxit
3737 2599 3846 2655 oleo

2275 2699 2652 2759 exsultationis
2691 2714 2804 2769 pra:
2842 2698 3198 2769 participibus
3239 2696 3438 2752 vestris
3469 2693 3662 2766 (Hebr.
3690 2709 3728 2759 ι,
3758 2692 3845 2758 9),

2274 2797 2363 2852 ille
2393 2811 2489 2851 vos
2515 2803 2746 2852 coronet
2794 2792 2848 2847 in
2901 2789 3274 2846 misericordia
3322 2799 3378 2844 et
3427 2787 3774 2843 miseratione
3799 2783 3846 2837 in

2271 2903 2443 2958 regno
2469 2885 2838 2968 beatitudinis.

2073 3113 2392 3128 α--ψ

772 3211 778 3217 '
873 3213 1296 3313 ANSELMI
1367 3213 1499 3311 AD
1575 3213 2184 3316 WALERANNI
2253 3134 2768 3337 QUIERELAS
2869 3209 3390 3312 BESPONSIO

666 3438 894 3495 Domino
919 3447 974 3493 et
1001 3438 1176 3493 amico
1201 3436 1550 3493 WALEBANNO
1582 3438 1698 3502 ³⁸⁸⁸,
1733 3438 1910 3508 gratia
1935 3438 2030 3494 Dei
2059 3437 2164 3494 Ne-
2196 3445 2242 3508 (ζ

592 3527 990 3599 wemburgeusi
1019 3527 1312 3582 venerabili
1341 3527 1617 3596 episcopo,
1646 3528 1950 3592 Aasseuus,
1984 3544 2176 3586 servus

596 3618 850 3674 Ecclesia:
875 3615 1300 3680 Cantuariensis,
1333 3615 1587 3682 salutem,
1643 3617 1946 3684 servitium,
1973 3621 2178 3674 oratiu-

597 3722 716 3764 nes.
744 3704 1044 3760 dilectionis
1072 3702 1348 3758 affectum.

614 3863 616 3865 ,
669 3803 911 3868 Gaudeo,
950 3811 1006 3858 et
1027 3803 1232 3872 gratias
1257 3817 1357 3874 ago
1403 3803 1514 3860 Deo
1559 3805 1683 3874 quia
1737 3807 1878 3862 sicut
1920 3808 2178 3876 scribitis,

594 3894 866 3966 glorificat
893 3909 1015 3949 eum
1043 3895 1095 3948 in
1134 3895 1286 3950 vobis
1313 3894 1554 3951 Ecclesia
1586 3898 1889 3965 catholica;
1919 3901 2178 3969 quoniam

597 3989 655 4044 in
680 3998 857 4044 vestra
894 3987 1192 4043 mutatione
1217 3988 1412 4044 divinat
1443 3990 1700 4046 bonitatis
1724 4001 1947 4061 apparet
1971 3995 2172 4064 gratia,

596 4089 653 4134 et
683 4077 894 4132 Domini
917 4092 1070 4148 papa:
1095 4077 1376 4134 Paschalis
1426 4079 1724 4135 amicitiam
1778 4081 1989 4137 habetis
2014 4092 2069 4138 et
2100 4083 2184 4138 fa-

599 4170 988 4232 miliaritatem,
1015 4179 1074 4222 ut
1087 4166 1200 4237 jam
1223 4170 1354 4224 mihi
1378 4169 1539 4226 liceat
1563 4179 1801 4226 vestram
1824 4174 2183 4230 amicabiliter

597 4259 834 4334 salutare
855 4258 1218 4312 sanctitatem.
1249 4259 1400 4326 Quod
1429 4269 1604 4315 vestra
1637 4261 1881 4318 sublimis
1905 4264 2180 4321 humilitas

600 4363 687 4403 me
715 4355 993 4418 comparat
1032 4347 1282 4402 Minervae
1309 4357 1364 4404 et
1392 4358 1550 4406 vocat
1581 4362 1838 4418 montem,
1868 4369 1973 4408 non
2001 4353 2054 4408 in
2097 4371 2181 4411 me

598 4437 844 4518 accipio;
878 4436 1132 4504 quoniam
1163 4439 1294 4492 nihil
1320 4439 1372 4493 in
1413 4456 1519 4506 me,
1565 4457 1660 4496 cur
1688 4444 1792 4497 hoc
1822 4443 1928 4499 diei
1977 4445 2043 4500 de
2095 4460 2180 4499 me

599 4526 818 4592 debeat,
845 4529 1104 4598 intelligo.
1143 4527 1260 4583 Non
1317 4538 1494 4585 tamen
1557 4532 1727 4587 debeo
1779 4549 1901 4589 esse
1935 4535 2180 4604 ingratus

599 4625 796 4670 vestra:
846 4615 937 4648 ³⁸⁸⁷
985 4619 1341 4689 benignitati;
1373 4621 1629 4691 quoniam
1679 4622 1783 4677 hoc
1833 4624 1963 4679 facit
2007 4626 2178 4681 abun-

601 4705 790 4760 dantia
833 4716 1030 4763 vestra:
1081 4724 1208 4779 erga
1261 4726 1349 4766 me
1394 4712 1545 4766 boum
1581 4713 1890 4770 voluntatis.
1932 4714 2179 4772 Solemus

2784 3441 3013 3498 CAPUT
3048 3440 3337 3496 PRIMUM.

2391 3534 2709 3592 Varietatem
2736 3536 2932 3588 rituum
2963 3551 3078 3588 cum
3111 3535 3311 3588 unitate
3336 3534 3461 3602 ﬁdei
3481 3538 3762 3593 mittereris.

2351 3626 2608 3694 Queritur
2633 3626 2728 3658 ³³⁸⁸
2749 3633 2928 3679 vestra
2958 3627 3255 3680 reverentia
3280 3628 3344 3680 de
3372 3633 3732 3686 sacramentis
3759 3631 3849 3685 Ec-

2282 3718 2486 3784 clesiae,
2511 3719 2768 3790 quoniam
2812 3735 2918 3776 non
2951 3733 3058 3772 uno
3089 3719 3246 3772 modo
3306 3719 3442 3773 fiunt
3497 3720 3724 3791 ubique,
3769 3723 3852 3776 sed

2283 3810 2518 3866 diversis
2555 3811 2729 3868 modis
2755 3813 2808 3867 in
2840 3813 3071 3868 diversis
3098 3811 3230 3866 locis
3283 3821 3615 3868 tractantur.
3674 3815 3852 3883 Utique

2283 3903 2327 3957 si
2357 3917 2456 3972 per
2484 3904 2790 3960 universam
2823 3903 3118 3959 Ecclesium
3144 3921 3251 3959 uno
3296 3905 3456 3960 modo
3494 3914 3550 3960 et
3576 3905 3853 3962 concordi-

2283 4001 2365 4048 ter
2395 3992 2826 4060 celebrarentur,
2863 3995 3063 4051 bonum
3094 4005 3239 4052 esset
3276 4006 3332 4062 et
3383 3996 3675 4054 laudabile.
3725 3995 3852 4064 Quo.

2284 4081 2429 4135 niam
2461 4091 2640 4138 tamen
2681 4083 2862 4140 multa:
2906 4096 3033 4141 sunt
3068 4085 3433 4154 diversitates,
3488 4105 3615 4159 qua:
3656 4105 3761 4144 non
3808 4088 3854 4140 in

2282 4173 2584 4230 substantia
2640 4173 2735 4206 “8’
2782 4177 3131 4241 sacramenti,
3206 4194 3379 4248 neque
3430 4180 3483 4234 in
3527 4179 3732 4235 virtute
3771 4177 3854 4210 ⁸⁸⁸⁸

2287 4264 2427 4334 ejus,
2459 4274 2552 4318 aut
2592 4264 2697 4319 fide
2726 4265 3065 4335 discordant;
3115 4283 3294 4338 neque
3345 4285 3538 4326 omnes
3590 4272 3650 4326 in
3705 4284 3855 4324 unam

2286 4356 2730 4410 consuetudinem
2760 4357 2939 4428 colligi
2970 4369 3191 4428 possunt
3221 4378 3234 4414 :
3291 4360 3519 4416 testimo.
3543 4377 3642 4417 eas
3690 4361 3855 4432 potius

2287 4445 2338 4498 in
2380 4460 2512 4516 pace
2561 4446 2906 4501 concorditer
2957 4447 3284 4515 tolerandas,
3332 4465 3493 4519 quam
3545 4453 3856 4509 discorditer

2283 4551 2406 4591 eum
2430 4537 2687 4592 seandalo
2714 4538 3072 4593 damnandas.
3120 4539 3392 4596 Habemus
3417 4543 3563 4597 enim
3598 4561 3629 4599 a
3662 4543 3856 4597 sanctis

2284 4625 2563 4694 Patribus,
2585 4629 2710 4695 quia
2743 4630 2786 4684 si
2816 4629 3002 4708 unitas.
3029 4631 3149 4701 ._”°‘
3207 4642 3457 4688 servatur
3491 4635 3780 4691 charitalis
3812 4635 3858 4689 in

2285 4719 2388 4776 fide
2418 4722 2706 4788 catholica,
2735 4721 3063 4778 nibilolhcit
3114 4728 3452 4784 consuetudo
3511 4729 3750 4784 diversa.
3806 4725 3856 4778 Si

598 4799 745 4854 enim
770 4813 914 4870 saepe
957 4801 1159 4856 sentire
1209 4803 1431 4859 meliora
1470 4805 1537 4860 de
1587 4807 1671 4861 his
1705 4822 1842 4877 quos
1883 4809 2175 4881 diligimus,
2210 4802 2254 4856 Ι)
2281 4821 2459 4866 autem
2487 4813 2751 4882 qumritur
2777 4815 2919 4870 unde
2951 4815 3067 4870 istm
3090 4827 3234 4872 natae
3259 4829 3388 4874 sunt
3413 4818 3859 4875 consuetudinum

601 4903 764 4958 quam
792 4891 1229 4959 ipsimereamur.
1245 4892 1318 4948 De
1339 4892 1492 4950 laude
1514 4893 1696 4966 igitur,
1727 4912 1848 4967 qua:
1871 4900 1936 4954 ad
1959 4916 2044 4956 me
2073 4917 2178 4956 non

601 4979 852 5049 pertinet,
875 4995 972 5036 cor
990 4998 1169 5038 meum
1197 4997 1305 5038 non
1334 4983 1629 5056 gloriatur;
1658 4989 1752 5044 sed
1781 4991 1848 5044 de
1869 4991 2197 5060 dilectione,

601 5085 722 5140 qua:
756 5087 968 5144 semper
997 5074 1226 5130 amanda
1252 5083 1359 5143 est,
1391 5077 1594 5148 gratias
1617 5081 1822 5148 agendo
1849 5081 2084 5138 laetatur.

2284 4904 2614 4960 varietates:
2645 4906 2778 4961 nihil
2819 4907 2964 4964 aliud
3009 4909 3267 4980 intelligo,
3313 4927 3475 4981 quam
3508 4912 3859 4966 humanorum

2243 5028 2246 5031 -
2285 5011 2540 5052 sensuum
2587 4999 2953 5057 diversitates.
2986 5002 3085 5070 Qui
3124 5005 3375 5075 quamvis
3418 5007 3471 5060 in
3521 5007 3600 5060 rei
3635 5006 3862 5061 veritate

2283 5097 2340 5142 et
2369 5089 2572 5144 virtute
2600 5091 2694 5123 ³⁸³⁷⁸
2727 5107 2832 5147 non
2870 5095 3210 5160 dissentiant,
3263 5097 3316 5151 in
3346 5097 3651 5168 aptitudiue
3694 5107 3860 5152 ulmeo

1887 5220 2124 5276 VARle
2167 5222 2568 5281 LECTIONES.

674 5349 1276 5436 ‘f’qifnicoﬂutiompibus
1303 5353 1610 5436 Difﬁfjqu,
1642 5356 1925 5436 omnibus”
1959 5356 2403 5436 .aesf'GratiaReo
2437 5380 2558 5417 mss.
2593 5365 2797 5436 gratias
2829 5366 2956 5420 Deo.
3036 5367 3129 5400 ³⁸⁸⁸
3151 5366 3254 5421 Ms.
3298 5366 3485 5421 Cister.
3536 5365 3775 5436 Epistula
3803 5364 3862 5419 de

603 5417 973 5474 Saeramentis
1005 5421 1276 5477 Ecclesiw.

1354 5422 1790 5479 33°°Waleranno
1826 5427 2001 5480 Edilio
2032 5427 2226 5482 Veneta
2269 5428 2580 5486 Waleramu

2655 5435 2745 5466 ³³⁸⁷
2771 5435 2973 5491 Vestrze
2995 5453 3120 5503 erga
3147 5453 3231 5492 me
3251 5454 3376 5490 mss.
3409 5448 3602 5490 vestra:
3626 5436 3862 5505 benigni-

1057 5493 1158 5546 lioc
1189 5491 1318 5588 facit.
1344 5493 1667 5588 altillltdttltli?
1704 5509 1894 5580 vestra:
1917 5513 2046 5588 erga
2075 5512 2161 5588 an
2235 5498 2331 5582 ⁸⁸ξ⁸
2365 5504 2637 5583 Qua-ritur
2665 5488 2940 5588 mnnVict.
2951 5488 3042 5560 ⁷13-
3058 5488 3227 5563 ﬁdit:
3253 5488 3488 5561 σὸιίιζὲι
3511 5488 3652 5558 εόιῖ
3671 5488 3862 5575 ipiiiarit

637 5557 701 5643 ξδῖ
723 5557 1027 5643 influunt?!
1065 5578 1190 5643 ins.-
1212 5560 1342 5642 Vict.
1371 5563 1442 5642 .15
1478 5565 1528 5616 in
1564 5566 1875 5643 “substantia
1953 5557 2046 5643 ³⁵⁵Ϋ⁰
2073 5567 2254 5636 Neque
2287 5570 2341 5643 in
2377 5557 2584 5627 virtute
2627 5557 2726 5628 ms.
2753 5557 3284 5630 ίγίιὲιῖιδὀἐιὲὲὶζῖιῖ
3309 5557 3426 5607 ὴ³έέ¹
3449 5557 3586 5642 Quia
3608 5557 3666 5630 isi
3695 5557 3864 5630 inritas

607 5624 754 5702 Edtl.
789 5625 963 5681 Venet.
991 5631 1110 5702 quia
1142 5631 1228 5684 ubi
1291 5636 1470 5685 unitas
1564 5634 1724 5691 mmlu
1766 5641 1838 5692 rei
1897 5639 2125 5694 veritate
2168 5624 2226 5692 et
2257 5624 2460 5697 unitate
2499 5624 2596 5699 mi.
2627 5624 3429 5702 "i'ictavii’i-ctutiiiitiuGotlc.

605 5699 836 5752 veritate
869 5707 923 5751 et
953 5699 1149 5754 virtute
