4076 6288
553 535 1319 570 ...μμ-Μ

1098 367 1156 423 S.
1202 361 1503 422 ANSELMI
1542 352 1891 417 CANTUAR.
1935 352 2255 439 ARCHIEP.
2300 354 2452 412 OPP.
2487 352 2739 409 PARS].
2775 373 2840 393 -ε-
2876 349 3310 409 ‘TlOGMATICA.

1335 510 3816 548 “mw—MM

1618 678 1761 794 s.
1840 667 2810 823 exsuctus

1138 912 1286 1000 DE
1364 899 2175 999 PRESBYTERIS
2245 892 3059 989 CONCUBINARI
3081 893 3191 983 IS

2136 1104 2254 1150 εει]

1580 1254 2216 1320 OFFENDICULUM
2260 1250 2832 1316 SACERDOTUM.

631 1562 726 1596 ἠ’
762 1559 838 1615 De
856 1552 1190 1630 presbyteris
1213 1552 1310 1622 qui
1334 1558 1522 1623 aperta
1555 1548 1798 1605 libidinis
1844 1562 2134 1604 conversa-
2164 1553 2212 1612 Α
2240 1549 2367 1604 huic
2395 1544 2700 1610 sententiae,
2731 1558 2853 1616 qua
2876 1538 2944 1597 ad
2988 1542 3128 1598 sacri
3165 1538 3374 1599 ordinis
3423 1538 3656 1599 ofﬁcium
3712 1551 3835 1612 post

562 1659 707 1714 tione
738 1655 848 1723 Deo
878 1647 1247 1721 reprobabilcs
1282 1660 1341 1701 se
1378 1642 1664 1706 exhibent,
1694 1640 1919 1697 omnino
1938 1649 2139 1695 tenen-
2243 1641 2455 1712 lapsum
2490 1637 2760 1701 concedit,
2801 1649 3145 1706 nequaquam
3208 1635 3389 1706 aliqua
3439 1634 3666 1693 ratione.
3729 1633 3835 1688 nisi

561 1751 687 1806 dum
715 1753 817 1810 est,
842 1757 963 1814 qua:
994 1740 1087 1772 ³⁹⁰⁷
1120 1737 1418 1810 apostolica
1485 1733 1828 1806 providentia
1888 1730 2147 1786 ecclesia-

561 1841 698 1896 stico
719 1839 973 1910 justeque
1012 1832 1106 1879 ""9
1168 1830 1347 1900 rigore
1384 1825 1691 1882 constituit.
1738 1823 1946 1894 Nempe
1975 1821 2145 1876 nulla-

563 1942 721 1988 tenus
748 1928 1005 1986 convenit
1034 1934 1094 1979 ut
1136 1923 1209 1979 ibi
1266 1928 1577 1977 reverenter
1627 1925 1836 1973 astetur
1886 1916 2004 1979 ³⁹⁰⁹,
2058 1914 2151 1970 ubi

565 2012 932 2095 pertinaciter
957 2024 1147 2088 aperta.
1190 2022 1248 2069 et
1285 2009 1586 2082 impmlenti
1633 2007 1865 2071 libidine
1919 2005 2154 2063 fctentcs

568 2116 661 2171 Dei
686 2122 742 2169 et
770 2119 1084 2167 sanctorum
1103 2103 1525 2177 prohibitionem
1550 2099 1948 2163 contemnendo
1974 2098 2151 2154 sacris

573 2205 839 2261 altaribus
884 2198 1220 2262 deserviunt,
1290 2195 1454 2250 immo
1506 2207 1611 2247 non
1669 2190 2003 2255 deserviunt,
2056 2188 2152 2245 sed

570 2304 833 2370 quantum
871 2293 937 2348 ad
973 2292 1140 2362 ipsos,
1166 2284 1567 2344 commaculant
1595 2301 1610 2339 :
1638 2298 1745 2338 non
1774 2282 1920 2351 quod
1944 2281 2065 2351 quis
2090 2295 2155 2336 ea

574 2403 696 2460 qum
729 2391 965 2441 tractant
1015 2377 1446 2442 contemnenda,
1502 2376 1596 2431 sed
1654 2380 1951 2445 tractantes
2000 2386 2158 2427 exse-

572 2459 805 2536 crandos
834 2472 1129 2531 existimet.
1181 2469 1254 2525 Ut
1291 2467 1386 2538 qui
1436 2465 1529 2498 ³⁹¹⁰
1588 2464 1682 2518 Dei
1734 2471 1789 2518 et
1840 2459 2158 2533 angelorum

572 2566 918 2641 prtesen‘tiam
955 2578 1063 2619 non
1108 2567 1450 2622 reverentur,
1486 2556 1571 2611 vel
1604 2552 1888 2610 hominum
1923 2552 2161 2606 detesta-

574 2639 721 2717 none
756 2654 960 2727 repulsi
1011 2666 1170 2709 sacra
1220 2647 1596 2711 contaminare
1637 2659 1748 2700 non
1800 2642 2054 2697 audeant.
2087 2639 2160 2694 De

576 2750 742 2822 lapsis
770 2756 952 2803 autem
984 2758 1176 2800 sacros
1201 2741 1422 2797 ordines
1452 2736 1803 2798 habentibus,
1831 2741 1888 2789 et
1935 2739 2160 2803 sponta-

578 2860 679 2902 nca
700 2843 983 2900 voluntate
1013 2845 1226 2896 secrete
1264 2833 1461 2905 quibus
1514 2830 1715 2887 debent
1757 2823 2157 2888 conﬁtentibus,

2193 1775 2206 1791 .
2250 1732 2585 1789 auctoritate
2615 1729 2867 1786 l'ulciatur
2918 1726 3350 1797 Scripturarum,
3374 1724 3484 1780 vult
3508 1740 3837 1781 consensum

2248 1826 2576 1890 attribuere;
2608 1822 2754 1894 legat
2778 1820 3065 1891 epistolam
3094 1820 3238 1875 beati
3270 1817 3470 1875 Calixti
3494 1832 3666 1887 pap:c_
3689 1816 3836 1872 dire

2250 1922 2393 1971 ctam
2422 1913 2693 1984 episcopis
2716 1910 2924 1974 Galliae,
2969 1918 3026 1966 et
3075 1909 3220 1965 beati
3272 1906 3522 1979 Gregorii
3573 1921 3729 1976 papas
3774 1904 3838 1960 ad

2252 2007 2623 2066 Secundinnm
2644 2003 2949 2068 inclusum;
2980 2001 3070 2055 ubi
3106 2000 3206 2071 ipsi
3233 2000 3377 2054 hanc
3406 1999 3733 2054 sententiam
3763 1999 3842 2053 sic

2255 2102 2427 2159 ﬁrmis
2451 2109 2507 2156 et
2538 2114 2677 2170 pene
2706 2097 2910 2153 eisdem
2959 2094 3261 2150 rationibus
3309 2101 3365 2148 et
3422 2090 3841 2146 auctoritatibus

2254 2191 2607 2254 conﬁrmant,
2637 2197 2698 2243 ut
2720 2185 3030 2242 nullatenus
3080 2182 3308 2237 aliorum
3339 2181 3660 2252 probatione
3696 2178 3843 2233 indi-

2254 2288 2400 2353 geat.
2437 2278 2544 2338 Sed
2573 2279 2717 2349 quod
2748 2277 2888 2333 idem
2927 2274 3119 2329 beatus
3139 2270 3455 2343 Gregorius,
3484 2279 3537 2324 et
3575 2269 3667 2324 alii
3725 2283 3846 2324 san-

2255 2372 2330 2429 cti
2364 2372 2553 2426 Patres
2581 2368 2812 2438 idipsum
2834 2364 2961 2420 alibi
2986 2362 3239 2418 videntur
3265 2360 3509 2416 studiose
3533 2358 3839 2429 prohibere.

2260 2462 2328 2518 de
2371 2461 2577 2533 apertis
2613 2460 2836 2530 quidem
2887 2455 3255 2529 prohibuisse,
3311 2453 3378 2508 de
3434 2451 3664 2507 occultis
3714 2465 3845 2505 vero

2260 2560 2385 2623 post
2412 2552 2630 2623 dignam
2688 2549 3063 2622 paenitentiam
3114 2544 3455 2602 concessisse
3505 2540 3844 2611 intelligitur.

2263 2647 2398 2703 Nam
2421 2647 2627 2703 crimen
2659 2645 2802 2715 quod
2829 2657 2860 2697 a
2890 2643 3001 2698 Deo
3025 2656 3130 2695 non
3159 2640 3480 2709 imputatur,
3510 2649 3611 2689 nec
3656 2632 3725 2686 ab
3747 2631 3847 2684 bo.

2265 2740 2500 2796 minibus
2532 2753 2654 2795 esse
2677 2745 2916 2809 putatur.
2947 2749 3053 2789 non
3100 2732 3358 2802 reprobat
3412 2740 3589 2798 neque
3634 2723 3851 2779 deculoo

2267 2841 2351 2887 rat
2381 2849 2395 2888 :
2424 2847 2548 2887 cum
2577 2840 2757 2885 tanien
2784 2828 2839 2882 in
2870 2826 2961 2881 tali
2993 2840 3053 2879 re
3079 2825 3278 2893 cuique
3316 2820 3488 2874 tutius
3540 2817 3611 2873 sit
3659 2828 3845 2869 coram

580 2948 925 3007 nequaquam
952 2938 1037 2986 est
1066 2926 1419 2983 asserendum
1449 2921 1592 2993 quod
1620 2919 1830 2976 eisdem
1872 2915 2160 2974 ordinibus
2190 2911 2235 2972 Β
2264 2925 2376 2980 Deo
2409 2924 2511 2980 sibi
2539 2922 2661 2994 plus
2724 2920 2936 2983 limere,
2997 2914 3160 2986 quam
3217 2909 3514 2968 conﬁdere.
3571 2905 3849 2962 Ρτοιιῖιιι-ιιί

581 3006 813 3095 amplius
864 3021 942 3076 uti
980 3019 1292 3076 nullatenus
1338 3012 1568 3086 possint,
1607 3011 1652 3066 si
1687 3024 1785 3081 per
1828 3006 2162 3064 sacriﬁcium

581 3116 809 3185 spiritus
839 3107 1210 3169 contribulati,
1252 3104 1545 3172 cordisque
1583 3100 1675 3134 ’θη
1709 3097 1934 3156 contriti
1979 3106 2035 3151 et
2065 3096 2165 3150 hu-

584 3206 776 3261 miliati
808 3203 974 3258 Deum
1002 3199 1303 3271 placantes,
1332 3193 1399 3251 ad
1428 3196 1689 3248 virtutum
1719 3188 2025 3262 profectum
2055 3193 2168 3242 stu-

586 3300 736 3353 diose
766 3296 860 3328 ³⁰η
883 3309 943 3350 se
964 3291 1359 3347 converterint.
1389 3285 1524 3342 Nam
1551 3299 1651 3340 nec
1696 3284 1837 3356 apud
1868 3281 2038 3336 Deum
2080 3291 2169 3334 re-

585 3391 848 3460 probatur
888 3383 1125 3440 oﬁicium
1175 3379 1405 3450 alicujus
1448 3384 1672 3449 propter
1717 3360 1953 3449 culpam,
2005 3384 2169 3441 quam

584 3458 702 3549 ipse
729 3478 989 3547 ignoscit;
1018 3489 1118 3528 nec
1140 3471 1284 3544 apud
1330 3467 1581 3525 homines
1627 3461 1974 3521 decoloratur
2026 3458 2169 3516 sacri

586 3571 799 3624 ordinis
828 3567 1084 3637 dignitas,
1110 3572 1333 3634 propter
1356 3572 1653 3631 personam
1681 3554 1836 3625 cujus
1892 3553 1993 3624 ipsi
2046 3565 2173 3622 pec-

589 3668 774 3713 catum
800 3670 905 3711 non
934 3661 1289 3726 cognoscunt.
1319 3648 1528 3716 Quibus
1562 3647 1772 3702 duabus
1822 3643 2000 3700 causis
2053 3656 2176 3697 car-

593 3747 735 3803 nalis
763 3747 945 3817 lapsns
972 3744 1224 3814 prohibet
1246 3741 1339 3774 ³⁹¹³
1365 3739 1434 3794 ad
1479 3752 1696 3795 sacrum
1727 3735 1967 3792 ordinem
1996 3747 2179 3789 acces-

597 3852 715 3894 sum
766 3847 821 3892 et
854 3834 1112 3892 reditum.
1168 3831 1276 3888 Sed
1306 3831 1560 3901 quoniam
1616 3826 1791 3883 ferme
1823 3836 2038 3893 semper
2076 3835 2181 3900 .oc-

596 3932 802 3987 cultum
835 3938 959 3995 est,
993 3942 1224 3998 quorum
1270 3924 1512 3980 remissze
1565 3927 1693 3976 sunt
1744 3915 2081 3986 iniquitates,
2127 3920 2183 3968 et

597 4035 829 4094 quorum
866 4027 1011 4075 tecta
1032 4025 1169 4091 [sunt
1195 4022 1419 4086 peccata
1455 4009 1683 4084 (Psalm.
1713 4021 1865 4071 uxr,
1916 4005 1990 4075 l),
2049 4016 2184 4074 quo-

599 4135 719 4174 rum
751 4131 882 4173 vero
911 4115 1163 4178 minime;
1197 4111 1364 4167 tutius
1392 4119 1476 4165 est
1504 4119 1719 4176 semper
1756 4098 2037 4158 conscium
2080 4095 2184 4153 sibi

599 4211 848 4269 criminis
882 4208 950 4265 ab
977 4207 1045 4262 iis
1096 4220 1219 4276 quae
1269 4201 1526 4273 placitam
1558 4198 1668 4253 Deo
1700 4205 1988 4266 personam
2017 4202 2184 4258 expo-

601 4309 783 4364 scunt,
816 4314 914 4370 per
947 4295 1276 4352 laudabilem
1333 4292 1444 4347 Deo
1473 4286 1834 4345 humilitatem
1886 4281 2182 4344 abstinere,

602 4407 767 4463 quam
798 4405 895 4461 per
919 4386 1242 4459 culpabilem
1274 4382 1625 4440 securitatem
1671 4388 2022 4449 pmsumere.
2050 4370 2186 4426 Illud

608 4496 841 4551 namque
862 4493 1077 4548 semper
1101 4482 1303 4548 potest,
1338 4473 1450 4528 Deo
1476 4486 1582 4526 non
1639 4466 1984 4539 improbante
2009 4481 2024 4518 :
2080 4463 2186 4517 hoc

610 4586 738 4627 vero
774 4584 880 4627 non
916 4567 1096 4636 debet,
1147 4564 1253 4622 nisi
1289 4563 1401 4621 Deo
1456 4560 1811 4634 approbante.
1846 4554 1953 4624 Qui
2005 4562 2186 4609 autem

2212 4249 2259 4311 C

2262 3025 2445 3071 autem
2478 3013 2704 3068 invitum
2735 3011 2957 3072 debere,
2983 3006 3075 3077 qui
3107 3004 3380 3061 occultum
3409 3002 3618 3057 crimen
3659 2996 3849 3052 humili

2267 3104 2606 3162 confessione
2635 3110 2830 3173 sponte
2862 3108 2918 3155 et
2949 3096 3160 3154 occulte
3184 3095 3410 3166 detegit,
3467 3091 3689 3148 minime
3742 3088 3855 3143 cxi-

2268 3200 2466 3263 stimo;
2494 3209 2564 3250 ne
2586 3193 2771 3249 multis
2799 3191 3118 3248 obstruatur
3145 3188 3232 3243 via
3260 3184 3497 3242 salubris
3552 3180 3852 3237 confessio-

2271 3291 2378 3357 nis,
2405 3289 2496 3360 qui
2518 3288 2697 3359 potius
2729 3284 2933 3356 eligent
2959 3281 3053 3316 ωδ
3082 3282 3135 3337 in
3169 3287 3400 3334 mortem
3426 3275 3644 3348 penitus
3672 3270 3853 3329 occul-

2275 3384 2398 3449 tari,
2428 3397 2590 3454 quam
2618 3383 2724 3437 hac
2741 3379 3028 3437 occasione
3056 3377 3109 3432 iu
3134 3373 3514 3433 certitudinem
3544 3369 3632 3426 vel
3662 3370 3716 3423 in
3739 3381 3859 3423 sus-

2272 3476 2543 3548 picionem
2582 3471 2811 3543 alicujus
2833 3468 3082 3527 criminis
3108 3467 3325 3525 adduci.
3355 3463 3467 3532 Nec
3494 3460 3591 3526 illi.
3620 3460 3707 3516 cui
3737 3471 3859 3548 con-

2278 3547 2465 3626 ﬁtetur
2514 3563 2773 3622 statuitur
2802 3563 2869 3617 ad
2904 3569 3220 3633 peccatum;
3263 3556 3309 3613 si
3334 3554 3684 3611 conﬁtentem
3734 3547 3860 3603 abs-

2279 3675 2385 3730 que
2412 3657 2529 3728 ejus
2554 3670 2822 3713 consensu
2848 3666 3067 3708 cessare
3121 3658 3159 3703 a‘
3180 3648 3263 3704 sui
3295 3644 3508 3702 ordinis
3552 3639 3727 3696 oﬁitio
3754 3652 3860 3693 non

2280 3752 2454 3824 cogit,
2479 3749 2573 3807 sed
2605 3748 2785 3821 potius
2808 3745 2990 3817 magni
3024 3741 3271 3799 criminis
3301 3754 3426 3793 rcus
3454 3751 3577 3793 esse
3625 3733 3859 3796 videtur,

2283 3851 2327 3906 si
2353 3848 2524 3920 cogit:
2548 3847 2677 3918 quia
2695 3843 2777 3901 sic
2800 3849 2855 3899 et
2875 3840 3225 3899 conﬁtentem
3248 3836 3342 3870 ³⁹¹⁸
3366 3833 3634 3907 pmnitcre
3652 3826 3863 3886 confes-

2284 3918 2472 4008 sionis,
2496 3949 2553 3995 et
2575 3937 2759 4009 plures
2781 3934 3019 3991 nondum
3057 3932 3381 3989 conﬁtentes
3402 3928 3632 3983 horrere
3654 3918 3867 3979 confes-

2289 4033 2498 4088 sionem
2528 4026 2825 4099 compellit.
2863 4023 3146 4091 Hucusque
3169 4014 3339 4075 coclea:
3352 4016 3416 4072 S.
3443 4013 3718 4081 Ebrulphi.

2356 4122 2497 4192 Aug.
2524 4118 2789 4173 Dominus
2811 4111 3109 4170 declaravit
3138 4111 3193 4165 in
3246 4122 3357 4163 uno
3398 4113 3546 4161 cmtu
3591 4099 3867 4158 hominum

2289 4213 2479 4270 eadem
2518 4215 2862 4266 sacramenta
2891 4202 3247 4267 sumentium,
3299 4198 3606 4267 aliquorum
3640 4194 3872 4247 immun-

2291 4306 2479 4362 ditiam
2521 4301 2739 4358 mundis
2763 4299 2956 4355 obesse
3003 4312 3111 4353 non
3134 4307 3339 4366 posse:
3382 4290 3477 4361 qui
3526 4294 3708 4342 autem
3757 4280 3873 4338 solo

2292 4403 2657 4463 sacramento,
2698 4390 2954 4448 sacerdos
2994 4395 3099 4454 est,
3129 4385 3272 4442 sicut
3297 4376 3653 4450 fuitCaipha,
3685 4386 3871 4447 perse-

2293 4497 2452 4547 cutor
2479 4487 2641 4544 unius
2664 4494 2719 4542 et
2746 4483 2863 4540 veri
2891 4478 3089 4540 summi
3110 4473 3413 4535 sacerdotis

1844 4804 1852 4811 ο
1897 4729 2125 4791 unus
2160 4727 2563 4790 LECTIONES.

682 4861 775 4894 ‘9”
797 4814 1152 4915 Collatumest
1180 4854 1713 4928 Oﬁendicttlnm‘cnnt
1739 4865 1889 4928 tum
1943 4845 2192 4928 {inaccensi
2231 4840 2298 4897 E.
2331 4843 2439 4928 _lO.
2464 4849 2527 4928 Aet
2679 4833 2980 4928 (ξω-πέζῃ.ὶᾲ
3034 4826 3267 4928 ’Ἰζιξιιϊ

610 4932 752 4986 dicio
773 4904 866 4987 et"
898 4904 1879 4994 33";al.-,vatls'{ent"ll-‘7‘at;quidem
1954 4916 2046 4979 "_“
2075 4916 2148 4971 al.
2215 4914 2484 4982 cordcque
2556 4908 2651 4944 ³⁸⁸⁸
2681 4907 2754 4963 αι.
2802 4904 2982 4960 studio

582 4998 710 5067 ἐιη
735 5001 998 5074 eligerent
1071 4998 1164 5032 ³⁹¹⁸
1189 4998 1289 5065 aL,
1314 4994 1620 5053 conﬁtendo

3319 4821 3464 4895 quod
3497 4892 3508 4895 _
3536 4817 3634 4895 _'_'°'
3662 4813 3735 4869 al.
3758 4824 3881 4895 ,ξεῖ

3089 4879 3354 4960 δοιίίἓιξ
3394 4889 3709 4964 prohibetur
3787 4879 3882 4912 ⁸’“
