4076 6288
228 344 337 419 3ξῆ

1286 342 1377 414 m:
1416 340 1686 411 sursus
1726 351 2423 411 coxsaxcmxsonun.

3397 355 3502 411 558

1260 648 1402 766 Β.
1481 644 2450 766 ANSELMUS

549 876 745 1017 DE
835 878 1467 1018 NUPTIIS
1561 875 3169 1082 CONSANGUINEORUM.

282 1130 383 1192 An
410 1126 654 1206 nuptias
717 1123 1321 1203 consanguineorum
1353 1123 1481 1183 sint
1525 1120 1750 1194 vetita;
1782 1118 1936 1181 adeo
1970 1130 2038 1180 ut
2066 1121 2304 1183 remitti
2331 1128 2639 1202 nequeant
2673 1145 2692 1192 ς
2737 1130 2792 1184 et
2829 1141 2945 1185 cur
2980 1126 3109 1185 sint
3138 1124 3458 1188 damnata.

296 1402 455 1494 1:51
484 1416 769 1477 Msenatus
797 1398 1201 1474 Cantuariensis
1256 1414 1410 1470 fratri
1452 1401 1646 1470 dilecto
1681 1411 1805 1483 Spi-
1838 1413 1881 1469 A
1905 1413 2009 1483 tjue
2029 1420 2182 1468 extra
2213 1400 2476 1468 dividere.
2509 1402 2658 1470 Talis
2681 1413 2880 1485 quippe
2905 1411 3025 1471 erat
3053 1417 3339 1474 btcreditas
3369 1416 3489 1473 illo-

223 1514 388 1567 ritum
416 1513 715 1581 sapientiae,
745 1520 799 1565 et
825 1508 1153 1564 intellectus.

739 1596 968 1654 CAPUT
994 1597 1281 1653 PRIMUM.

225 1713 359 1781 Quae
378 1714 445 1770 sit
473 1713 609 1768 ratio
627 1711 988 1783 proltibitionis
1011 1708 1374 1780 conjugiorum
1398 1709 1531 1763 inter
1550 1707 1806 1777 sanguine

902 1780 1138 1850 jun'ctos.

288 1870 548 1927 Gratulor
568 1869 876 1933 admodum,
900 1860 1074 1924 l’rater
1094 1867 1434 1931 charissimc,
1458 1867 1652 1923 studiis
1675 1867 1801 1931 tuis.

221 1962 415 2029 quibus
446 1974 533 2013 me
571 1973 816 2021 exerces.
842 1959 967 2013 dum
996 1957 1215 2014 desidia:
1256 1971 1449 2012 somno
1479 1964 1803 2027 torpentem,

221 2068 320 2105 nec
349 2050 455 2105 tale
475 2051 603 2121 quid
626 2050 1006 2113 somniantem,
1027 2047 1325 2118 quaestione
1350 2046 1534 2118 pulsas
1554 2054 1614 2101 ut
1634 2046 1807 2118 evigi-

220 2141 319 2195 ler.
355 2141 537 2212 ltogas
570 2140 718 2195 enim
767 2155 854 2195 me
884 2139 1175 2202 hominem,
1208 2148 1271 2193 ut
1297 2148 1478 2208 putas,
1514 2138 1696 2199 multa;
1730 2139 1805 2194 les

218 2231 437 2311 clipnis,
460 2239 522 2284 ut
549 2230 642 2284 libi
665 2229 953 2300 diligenter
971 2238 1028 2283 et
1047 2226 1279 2283 dilucide
1302 2228 1599 2283 rescribam
1627 2228 1801 2282 sicubi

219 2318 270 2372 in
295 2328 609 2373 sanctorum
634 2312 856 2373 Patrum
883 2317 1116 2373 decretis
1142 2316 1227 2373 vel
1260 2317 1580 2372 tractatibus
1609 2316 1803 2371 metui-

219 2405 390 2458 nerim
417 2421 504 2459 me
526 2404 721 2475 legisse
746 2403 1164 2475 prohibitionem
1192 2403 1564 2474 coniugiorum
1595 2404 1648 2458 in
1675 2418 1803 2459 con-

215 2496 609 2567 sanguinitate;
660 2511 767 2565 qua
812 2495 1022 2549 ratione
1066 2495 1119 2549 in
1165 2494 1407 2551 Ecclesia
1450 2494 1543 2550 Dei
1593 2503 1800 2550 tantam

216 2591 322 2642 \iui
354 2587 672 2649 obtinuerit,
701 2595 761 2642 ut
793 2585 951 2655 bujus
981 2600 1237 2642 excessus
1264 2584 1407 2640 nulla
1428 2585 1651 2640 omnino
1677 2600 1801 2655 pos-

215 2679 284 2732 sit
310 2693 433 2734 esse
473 2676 823 2748 indulgentia,
864 2676 964 2733 nisi
1004 2677 1342 2746 praecedente
1371 2677 1538 2746 ipsius
1560 2677 1796 2747 eonjugii

1910 1520 2053 1568 rum,
2096 1503 2325 1573 talisque
2359 1513 2414 1560 et
2437 1507 2614 1562 omnis
2640 1514 2857 1562 terrena
2882 1508 3190 1575 bmreditas,
3227 1520 3288 1564 ut
3316 1510 3491 1567 divisa

1910 1595 2186 1649 minuatur
2209 1603 2265 1649 et
2300 1603 2409 1649 tota
2439 1596 2506 1651 ad
2536 1610 2631 1652 eos
2655 1612 2765 1653 non
2803 1598 3103 1668 perveniat.
3133 1598 3319 1671 itaque
3348 1601 3493 1657 sicut

1910 1684 2165 1741 Dominus
2195 1685 2247 1740 in
2274 1682 2567 1757 Evangelio
2589 1686 2807 1760 (Matth.
2836 1689 2951 1760 ιιι)
2975 1690 3106 1745 dicit
3130 1690 3199 1746 de
3219 1691 3398 1746 dando
3420 1691 3489 1745 li-

1907 1774 2047 1829 bello
2077 1775 2308 1847 repudii,
2338 1777 2635 1833 secundum
2677 1778 2935 1836 duritiam
2963 1780 3145 1837 cordis
3179 1790 3365 1838 ceram
3400 1796 3490 1837 re-

1906 1871 2161 1935 sponsum
2190 1874 2275 1921 est
2304 1872 2494 1923 eorum
2523 1867 2851 1923 earnaiitati.

2517 1970 2746 2036 CAPUT
2784 1972 2869 2035 Ill.

2159 2094 2312 2149 Ratio
2340 2095 2591 2148 contrarii
2626 2093 2783 2148 edicti
2810 2094 2864 2149 in
2890 2094 2999 2166 lege
3025 2079 3233 2167 gratia.

1912 2236 1917 2241 '
1975 2207 2139 2276 ἰηιήῖο
2165 2223 2470 2277 (Zbristiana
2501 2224 2672 2294 pietas
2701 2243 2808 2284 non
2836 2229 2937 2285 sic.
2967 2229 3101 2285 Cum
3133 2232 3278 2286 enim
3312 2232 3485 2290 lucre-

1903 2313 2044 2366 dltas
2087 2321 2270 2369 nostra
2301 2313 2391 2378 sit,
2423 2315 2489 2368 de
2519 2320 2628 2386 duo
2669 2317 2912 2375 dicitur:
2962 2320 3100 2377 Deus
3140 2324 3371 2378 charitas
3412 2328 3491 2379 est

1903 2403 1954 2476 (Ι
1975 2400 2138 2458 Joan.
2168 2419 2245 2471 Iv,
2264 2403 2348 2470 8);
2382 2405 2524 2461 sicut
2546 2405 2621 2461 illi
2652 2407 2769 2479 lege
2797 2419 3020 2466 utuntur
3039 2427 3153 2468 sua:
3178 2398 3484 2470 lu'ercditati

1900 2508 2161 2565 congrua,
2180 2493 2259 2549 sic
2276 2503 2331 2549 et
2351 2504 2451 2551 nos
2473 2505 2672 2552 nostrae
2692 2498 2994 2554 hmreditati
3016 2501 3187 2572 legem
3208 2504 3489 2560 vindicare

1900 2585 2177 2642 debemus.
2209 2584 2458 2642 Charitas
2493 2587 2660 2652 enim,
2702 2594 2808 2659 quo
2843 2588 3004 2646 latius
3032 2586 3203 2647 divisa
3226 2591 3484 2655 ditl‘undié

1902 2683 2009 2739 tur,
2062 2681 2212 2729 tanto
2259 2673 2479 2730 uberior
2527 2675 2784 2733 dividenti
2838 2683 3084 2734 remanet
3130 2693 3187 2736 et
3236 2687 3483 2752 augetur.

214 2768 482 2832 divortio;
515 2766 597 2821 vel
626 2782 723 2821 cur
746 2766 937 2821 saltem
969 2766 1258 2836 deputetur
1290 2765 1343 2819 in
1378 2775 1661 2835 peceatum
1693 2766 1798 2821 tale
1830 2761 1872 2816 B
1899 2763 2103 2820 Statuit
2128 2766 2291 2837 igitur
2322 2766 2626 2822 Christiana
2661 2768 2867 2840 religio,
2899 2780 2959 2825 ut
2981 2772 3228 2826 terminis
3250 2785 3486 2828 consan-

214 2858 545 2929 Coujttgium.
577 2858 667 2923 Et,
710 2865 771 2912 ut
812 2857 987 2921 video,
1029 2869 1136 2911 non
1177 2857 1376 2925 quaeris
1413 2855 1792 2912 auctoritatem

214 2951 332 3005 solo
361 2951 428 3022 (si
457 2951 527 3003 ita
552 2949 752 3020 dicam)
780 2949 1007 3019 imperio
1031 2957 1466 3019 cognoscentem,
1492 2947 1586 3003 sed
1614 2948 1795 3018 potius

216 3041 484 3094 rationem
532 3039 933 3094 rationabiliter
968 3040 1271 3095 docentem.
1306 3039 1549 3094 Dicerem
1587 3039 1794 3108 simpli-

214 3144 331 3184 cem
361 3136 628 3198 et_puram
657 3144 778 3185 esse
816 3129 1106 3194 rationem,
1138 3144 1334 3184 eorum
1363 3129 1585 3185 obedire
1610 3139 1797 3186 aucto-

214 3220 383 3285 ritati,
415 3220 612 3290 quibus
642 3220 842 3275 dictum
873 3228 957 3275 est
989 3237 1003 3275 :
1028 3218 1153 3274 Non
1180 3221 1317 3274 enim
1345 3236 1432 3274 ros
1459 3220 1581 3274 estis
1600 3222 1690 3291 qui
1718 3219 1796 3275 lo-

214 3312 457 3375 quimini,
496 3310 588 3365 sed
624 3312 840 3380 spiritus
885 3308 1065 3365 Patris
1095 3310 1250 3365 vestri
1285 3308 1517 3382 loquitur
1550 3312 1603 3364 in
1655 3311 1794 3366 vobis

215 3400 430 3471 (Matth.
474 3417 534 3464 χ,
564 3401 689 3473 20):
723 3412 777 3457 et
823 3401 1079 3458 Ecclesia:
1128 3402 1278 3472 sequi
1329 3402 1792 3467 consuetudinem,

214 3492 369 3562 cujus
422 3492 844 3547 consuetudines
900 3491 1036 3546 velle
1085 3490 1387 3547 convellere
1418 3533 1431 3557 ,
1482 3505 1651 3563 genus
1713 3500 1798 3547 est

214 3582 460 3637 btet-esis.
525 3580 631 3636 Sed
680 3590 737 3635 ut
789 3581 931 3635 Scias
980 3580 1032 3634 in
1094 3578 1346 3633 omnibus
1392 3593 1476 3633 me
1523 3578 1657 3634 velle
1698 3578 1797 3632 ob-

214 3680 524 3741 temperare
572 3669 833 3726 voluntati
882 3680 1008 3733 tute,
1062 3669 1163 3724 etsi
1217 3667 1354 3724 l‘orte
1404 3683 1508 3723 non
1561 3670 1794 3736 possim,

213 3764 454 3819 conabor
484 3773 662 3818 tamen
702 3771 758 3818 et
799 3763 852 3817 in
892 3762 996 3817 hoc
1035 3774 1101 3815 ex
1141 3758 1319 3829 aliqua
1368 3759 1462 3813 tibi
1500 3770 1650 3829 parte
1688 3775 1794 3814 nou

212 3855 421 3910 deesse.

831 3930 1059 4000 CAPUT
1100 3934 1157 3997 ll;

318 4044 551 4111 Iudaica
582 4056 823 4128 quantum
863 4056 1120 4138 connubia
1156 4070 1251 4108 cur
1286 4055 1422 4107 inter
1443 4060 1686 4124 cognatas

845 4192 853 4199 θ
868 4142 1141 4196 permusa.

282 4217 562 4289 Praecepto
590 4218 716 4284 hoc,
751 4216 958 4274 scilicet
993 4219 1048 4271 in
1085 4217 1536 4287 consanguinitate
1572 4232 1674 4270 non
1701 4215 1797 4269 mi-

209 4317 407 4370 scenda
435 4316 719 4380 connubia,
746 4315 827 4370 vel
860 4317 905 4370 si
942 4316 1099 4369 mista
1127 4324 1249 4367 sunt
1283 4312 1599 4377 dirimenda,
1632 4327 1798 4369 cano-

211 4420 311 4462 nes
338 4407 481 4477 pleni
527 4408 672 4472 suut,
702 4414 759 4460 et
801 4405 967 4460 multa
1008 4413 1135 4459 sunt
1165 4404 1382 4460 decreta
1414 4402 1668 4467 Patrum;
1701 4404 1796 4459 sed

211 4499 484 4552 rationem
511 4498 765 4568 praecepti
790 4510 952 4567 quam
974 4496 1164 4568 exigis,
1191 4495 1381 4555 fateor,
1406 4508 1494 4551 me
1518 4508 1792 4565 nunquam

209 4581 410 4657 legisse
438 4582 682 4641 memini.
713 4585 804 4641 Sic
830 4596 1008 4641 tamen
1037 4587 1104 4640 de
1125 4586 1224 4641 hac
1253 4599 1310 4640 re
1341 4597 1550 4639 mecum
1576 4598 1641 4639 ex
1663 4596 1794 4639 con-

209 4679 547 4734 sideratione
575 4686 882 4733 sanctarum
916 4676 1319 4747 Scripturarum
1357 4674 1506 4729 soleo
1532 4674 1792 4744 cogitare.

208 4770 268 4823 In
296 4770 465 4824 veteri
486 4768 577 4824 illo
601 4768 797 4839 populo
827 4767 1093 4823 connubia
1122 4766 1334 4823 misceri
1356 4766 1424 4823 de
1452 4766 1593 4822 tribu
1624 4766 1676 4820 in
1703 4766 1789 4819 tri-

208 4859 341 4912 bum
373 4872 481 4912 non
511 4857 726 4913 licebat.
773 4856 1046 4925 Quterenti
1077 4856 1209 4911 mibi
1243 4871 1343 4911 cur
1381 4870 1517 4920 non.
1543 4869 1797 4912 occurre-

209 4957 343 5001 runt
379 4947 484 5002 illae
511 4946 635 5002 tilia:
664 4947 922 5019 Salphaat
948 4960 1112 5016 super
1141 4945 1427 5000 eonnubiis
1456 4930 1792 5001 consulenti-

202 5038 315 5092 bus
344 5034 584 5108 Moysen,
612 5044 667 5090 et
691 5050 788 5106 per
808 5034 1025 5106 Moysen
1054 5034 1339 5089 Dominum
1363 5031 1552 5104 (Num.
1581 5034 1792 5101 nm),
1881 5042 1885 5047 '

207 5129 531 5183 mandatum
565 5143 595 5182 a
644 5127 872 5182 Domino
921 5125 989 5182 de
1026 5126 1165 5181 tribu
1211 5124 1265 5179 in
1314 5125 1512 5179 tribum
1545 5138 1649 5178 nou
1693 5124 1795 5179 Ini-

204 5219 414 5273 scenda
446 5218 714 5274 connubia
744 5228 962 5288 propter
990 5217 1266 5272 vitandam
1306 5211 1794 5271 suarum’lueredi-

205 5321 387 5362 tutum
422 5308 852 5363 diminutionem.
880 5307 1118 5378 Populus
1144 5306 1288 5362 enim
1320 5304 1405 5360 ille
1435 5305 1671 5360 carnalis
1698 5321 1795 5361 cor

202 5408 373 5451 suum
397 5397 598 5454 habere
618 5398 910 5462 neSciebat,
935 5398 1028 5453 sed
1052 5406 1110 5452 ut
1137 5396 1323 5466 reptile
1340 5404 1611 5451 terrenum
1636 5405 1793 5451 terra:

205 5498 330 5543 toto
361 5496 582 5558 pectore
609 5487 913 5551 adhaerens,
936 5486 1304 5542 hiereditatem
1326 5487 1495 5540 solam
1522 5493 1789 5540 terrenam

202 5579 508 5648 cogitabat.
547 5577 777 5632 Malebat
813 5577 1019 5646 singula
1053 5576 1225 5631 tribus
1254 5575 1519 5633 connubia
1553 5577 1694 5631 inter
1732 5593 1791 5631 se

200 5670 392 5722 dando
421 5675 477 5724 et
518 5666 832 5737 accipiendo
878 5667 1017 5720 inter
1055 5682 1180 5722 suas
1224 5681 1281 5721 se
1321 5667 1596 5738 angustias
1641 5667 1792 5721 eobi-

203 5759 364 5819 bcrc,
394 5772 559 5828 quam
578 5768 728 5814 extra
756 5756 932 5810 dando
955 5757 1242 5820 connubia,
1270 5756 1635 5811 lmreditatem
1659 5773 1789 5827 quo-

1899 2857 2177 2928 guinitatis
2205 2858 2502 2914 secundum
2541 2863 2855 2915 sanetorum
2882 2861 3097 2916 Patrum
3128 2873 3180 2917 et
3210 2875 3481 2920 canonum

1897 2949 2136 3016 decreta,
2182 2950 2354 3020 u‘Squ'e
2398 2949 2465 3005 ad
2513 2960 2728 3005 sextum
2760 2950 2984 3022 gradum
3029 2966 3097 3008 ex
3133 2955 3278 3009 omni
3328 2964 3484 3025 parte

1897 3037 2328 3109 pertingentibus
2370 3037 2440 3092 ad
2500 3038 2823 3095 charitatem
2870 3043 3298 3117 censervaudam
3350 3059 3484 3099 suus

1899 3129 2093 3184 natalis
2133 3120 2362 3185 subiciat
2404 3126 2649 3195 alfectus,
2695 3146 2856 3200 quem
2895 3131 3100 3189 violare
3129 3135 3295 3189 etiam
3339 3135 3484 3205 apud
3536 3156 3541 3162 ·

1897 3221 2159 3275 barbaros
2192 3219 2346 3275 nefas
2371 3220 2604 3275 ducitur.
2638 3220 2739 3277 Ubi
2773 3236 2905 3278 vero
2943 3223 3030 3279 ille
3054 3224 3259 3289 deficit,
3288 3226 3361 3280 ibi
3389 3228 3482 3281 de-

1898 3318 2044 3362 unum
2068 3309 2135 3363 ad
2162 3309 2483 3363 cbarita‘tem
2515 3308 2848 3380 religandam
2886 3327 2954 3367 ne
2975 3312 3241 3368 subducat
3273 3328 3352 3380 se,
3384 3315 3484 3369 ad-

1897 3397 2218 3453 nectendum
2243 3412 2361 3454 esse
2384 3398 2657 3453 vinculum
2684 3401 2966 3473 coniugale
2990 3401 3057 3457 ad
3084 3402 3481 3477 prolongandos

1900 3488 2157 3542 terminos
2182 3495 2379 3543 nostra:
2407 3487 2762 3557 hmreditatis,
2795 3505 2916 3560 quae
2939 3500 3023 3548 est
3060 3492 3172 3562 ipsa
3204 3494 3477 3562 cbaritas;

1892 3578 2361 3650 justissimumque
2414 3579 2650 3646 videtur,
2700 3587 2761 3637 ut
2815 3582 2957 3638 sicut
3009 3585 3151 3655 apud
3206 3586 3324 3643 illos
3382 3602 3482 3642 sua

1899 3668 2228 3724 multabatur
2271 3683 2433 3740 paena
2502 3679 2874 3741 transgressor
2938 3672 3076 3743 legis
3132 3676 3324 3745 positas
3383 3692 3484 3747 pro

1899 3767 2115 3814 terrena
2160 3774 2348 3815 eorum
2396 3760 2716 3818 haereditate
2763 3766 3156 3830 conservanda,
3211 3768 3292 3822 sic
3335 3771 3478 3840 apud

1899 3867 1998 3905 nos
2057 3866 2162 3907 non
2219 3847 2438 3923 impune
2505 3852 2669 3910 abeat
2740 3864 3033 3911 temerator
3099 3857 3231 3928 legis
3291 3860 3480 3928 posite

1898 3956 1997 4011 pro
2022 3942 2228 3998 cmlesti
2258 3958 2415 4014 pane,
2456 3954 2512 4000 et
2548 3946 2726 4000 divina
2770 3946 3088 4002 hatreditate
3122 3958 3307 4002 nostra
3343 3948 3479 4003 dila-

1901 4033 2082 4088 tauda.
2282 4048 2287 4053 '
2918 4045 2927 4069 ~‘

1824 4111 1869 4172 C
2503 4124 2733 4184 CAPUT
2781 4125 2874 4184 Ν.

1899 4234 2018 4293 Alia
2042 4229 2275 4313 ejusdem
2302 4241 2456 4295 edicti
2478 4239 2614 4296 ratio
2634 4243 2923 4296 comnmnis
2949 4242 3211 4313 plerisque
3235 4241 3481 4300 Jutlaicis

2134 4312 2269 4366 inter
2298 4320 2548 4381 cognatos
2577 4313 2870 4377 connubiis,
2895 4312 3017 4367 item
3045 4315 3233 4370 vetitis.

1968 4416 2158 4478 Adhuc
2208 4413 2376 4478 aliud.
2422 4421 2522 4489 Qui
2571 4431 2723 4479 extra
2772 4420 2968 4480 tribum
3028 4426 3298 4482 connubia
3348 4429 3480 4483 dare

1896 4513 2323 4582 prohibebantur
2348 4514 2489 4569 sicut
2524 4530 2644 4581 nos,
2684 4516 2752 4571 ad
2781 4516 3057 4587 proximos
3080 4516 3363 4589 sanguinis
3392 4533 3485 4575 ac-

1898 4604 2090 4657 cedere
2118 4603 2307 4658 cadem
2351 4598 2466 4681 lege
2504 4608 2608 4659 uo’n
2647 4604 3117 4675 permittebantur.
3152 4603 3291 4661 Dicit
3332 4609 3478 4660 enim

1898 4688 1981 4747 lex
2026 4711 2039 4746 :
2086 4690 2267 4758 Quivis
2306 4694 2459 4747 homo
2498 4695 2568 4748 ad
2604 4694 2896 4765 proximam
2938 4698 3023 4750 sui
3066 4700 3340 4768 sanguinis
3379 4715 3481 4751 nan

1895 4782 2102 4838 accedet
2127 4781 2312 4854 (Leuit.
2338 4789 2493 4849 xvttl,
2516 4784 2594 4854 6),
2621 4786 2872 4856 additque
2894 4788 3273 4842 auctoritatem
3290 4787 3480 4853 juben-

1898 4874 1967 4928 tis
1994 4887 2011 4928 :
2043 4873 2155 4943 Ego
2185 4872 2439 4929 Dominus
2469 4873 2644 4946 (ibid.)
2672 4893 2686 4929 :
2714 4885 2771 4931 et
2793 4878 2945 4945 quasi
2976 4878 3221 4948 exigeret
3255 4891 3477 4931 causam

1895 4966 2170 5036 praecepti,
2220 4967 2482 5021 rationem
2511 4966 2658 5022 addit
2693 4986 2707 5022 :
2749 4962 3143 5037 Turpitudinem
3186 4967 3376 5037 patris,
3431 4978 3478 5021 et

1895 5057 2272 5127 turpitudinem
2294 5055 2476 5112 matris
2493 5069 2599 5114 tua:
2624 5074 2726 5112 non
2750 5059 2996 5113 reuelabis
3019 5075 3038 5113 :
3059 5060 3181 5129 quia
3207 5061 3478 5129 turpitudo

1894 5150 1970 5201 est
1996 5146 2184 5216 patris,
2211 5147 2287 5201 vel
2312 5150 2492 5202 matris
2536 5159 2641 5203 tute
2673 5147 2820 5214 (ibid.
2846 5163 2899 5213 ν,
2943 5148 3019 5214 7).
3067 5149 3267 5204 Deinde
3301 5164 3364 5203 ex
3393 5165 3480 5205 sc-

1896 5235 2082 5304 quenti
2131 5230 2321 5291 ordine
2370 5236 2645 5306 proximos
2690 5235 2805 5291 illos
2851 5236 3131 5306 sanguinis
3159 5276 3174 5300 ,
3225 5239 3293 5292 ad
3340 5252 3476 5307 quos

1894 5332 2005 5380 non‘
2051 5325 2124 5379 sit
2171 5325 2536 5381 accedendum
2594 5340 2693 5380 nec
2739 5316 3024 5380 revelanda
3069 5342 3255 5381 eorum
3302 5328 3478 5399 turpi.

1824 5450 1872 5510 η
1900 5417 2047 5480 tudo,
2095 5416 2288 5472 fratres
2330 5415 2537 5471 scilicet
2594 5426 2648 5472 et
2685 5431 2922 5485 sorores,
2983 5426 3144 5488 atque
3197 5418 3333 5475 alios
3380 5423 3473 5490 Qui

1898 5508 1969 5562 ibi
2001 5508 2395 5564 describuntur.
2424 5506 2553 5575 Qua:
2597 5523 2760 5565 causa
2804 5511 3106 5565 communis
3147 5512 3323 5581 potest
3354 5517 3445 5565 ess

1899 5529 1969 5562 Im
2001 5529 2395 5564 tiCSCl'lutlntlll'.
2424 5529 2553 5575 una:
2597 5529 2760 5565 causa
2804 5529 3106 5565 communis
3147 5529 3323 5581 ροιθει
3354 5529 3445 5565 οδε

1897 5608 1951 5654 et
1984 5600 2136 5654 nobis
2170 5607 2225 5654 et
2253 5598 2379 5665 illis,
2412 5599 2552 5655 sicut
2591 5609 2922 5672 prteceptnm
2963 5615 3250 5657 commune
3299 5529 3487 5675 estet:

1864 5742 1867 5745 .
1899 5689 2050 5745 nobis
2071 5697 2123 5743 ei
2151 5688 2273 5743 illis.
