4076 6288
583 368 686 424 559

1111 469 1266 540 142
1298 464 1522 522 CAPUT
1559 463 1620 516 v.

586 591 881 662 Exponitur
916 601 1031 657 qua:
1069 585 1133 639 sit
1160 575 1622 662 turpitudo'clletegi'
1642 573 1818 633 vetita,
1844 567 1909 620 ad
1938 564 2155 618 rationis

1019 645 1294 724 propositae
1317 645 1731 714 intelligentiam.

653 752 969 817 Quaeramus
996 723 1158 815 igitur
1181 755 1302 810 qua:
1330 739 1402 793 sit
1427 738 1539 790 haec
1569 728 1863 800 turpitudo.
1894 723 2049 794 cujus
2074 737 2155 777 re-

585 844 780 898 velatio
826 842 1041 910 dignum
1088 834 1250 891 eﬂieil
1291 839 1466 886 morte
1504 825 1635 897 legis
1678 829 2155 889 transgressorem.

587 935 767 1004 'l‘urpe
800 908 1023 996 cst,,ubi
1069 940 1194 996 pars
1233 920 1374 992 parti
1407 934 1511 972 non
1543 911 1817 969 convenit.
1847 908 1902 963 In
1937 918 2163 975 corpore

586 1035 765 1080 autem
791 1023 1028 1076 humano
1055 1026 1183 1071 ante
1212 1012 1369 1084 primi
1399 1006 1633 1064 hominis
1664 997 2161 1072 praevaricationem
2186 1055 2195 1061 η

588 1118 721 1174 nihil
740 1124 857 1171 erat
883 1124 1061 1182 turpe,
1087 1107 1220 1166 nihil
1253 1106 1531 1161 dissonum
1564 1116 1577 1153 ε
1605 1112 1728 1153 cum
1758 1090 2039 1149 harmonia
2071 1087 2161 1142 illa

588 1210 716 1266 boni
742 1181 1014 1263 Creatoris
1044 1215 1207 1256 manu
1242 1198 1379 1252 bene
1411 1208 1474 1248 ac
1502 1192 1755 1245 decenter
1779 1193 1960 1254 aptata
1983 1181 2164 1236 adhuc

588 1305 941 1371 permanente
981 1306 1108 1362 pars
1146 1286 1281 1358 parti
1327 1281 1660 1339 conveniret.
1712 1277 1927 1343 Deoque
1957 1272 2163 1332 anima,

593 1366 789 1446 anima:
812 1401 939 1442 vero
964 1396 1159 1453 corpus
1190 1392 1344 1435 suum
1369 1388 1465 1444 per
1488 1370 1666 1426 omnia
1698 1366 1972 1423 subditum
2001 1369 2162 1417 esset.

592 1482 885 1550 Postquam
913 1450 1517 1541 veroipravaricatione
1559 1457 1795 1513 mandati
1833 1453 2012 1508 anima
2060 1450 2169 1503 Deo

594 1543 850 1628 facta-est
885 1561 1220 1625 inobediens,
1266 1552 1563 1627 superioris
1590 1550 1683 1604 Dei
1714 1545 1898 1602 rebelli
1941 1543 2169 1599 inferius

593 1678 790 1733 corpus
828 1656 1032 1715 destitit
1074 1666 1193 1708 esse
1231 1647 1510 1705 obediens.
1558 1640 1756 1697 Statim
1794 1638 1992 1707 quippe
2028 1634 2168 1690 oculi

593 1726 762 1826 aperti
801 1756 924 1815 sunt
952 1738 1469 1813 transgressoribus.
1508 1733 1571 1786 Et
1598 1730 1768 1802 aperti
1793 1738 1935 1792 sunt,
1970 1726 2164 1795 inquit,

595 1818 729 1898 oeuli
759 1855 936 1895 eorum
967 1834 1175 1906 (Cenes.
1206 1846 1290 1909 In,
1321 1828 1375 1899 7)
1418 1844 1431 1879 :
1478 1822 1727 1879 videlicet
1754 1819 1821 1874 ad
1849 1833 1907 1874 se
1936 1818 2169 1873 invicem

578 1928 1103 2001 concupiscendum.
1131 1924 1195 1978 Et
1221 1937 1343 1977 cum
1366 1918 1515 1989 prius
1542 1914 1667 1970 nudi
1691 1919 1892 1976 essent,
1918 1925 2016 1965 nec
2042 1924 2170 1965 eru—

598 2027 902 2081 bescerent,
935 2030 1061 2071 mox
1091 2010 1335 2081 corporis
1360 2007 1441 2063 sui
1485 2013 1669 2076 partes
1696 2016 1882 2057 versas
1907 2016 2028 2056 esse
2052 2013 2175 2055 sen-

599 2118 797 2170 tientes
823 2113 875 2165 in
914 2105 1188 2178 pudenda,
1220 2110 1272 2158 et
1303 2110 1483 2171 tegere
1525 2096 1614 2152 illa
1654 2094 1999 2155 festinantes,
2032 2090 2176 2161 peri-

600 2210 812 2258 zoniata
843 2197 944 2253 sibi
981 2196 1242 2251 fecerunt.
1285 2188 1438 2256 Quod
1481 2186 1645 2240 etiam
1687 2197 1830 2238 nunc
1878 2182 1930 2244 in
1970 2179 2174 2251 pueris,

601 2294 686 2349 vel
732 2289 1028 2346 infantibus
1070 2284 1253 2339 videre
1299 2286 1607 2353 promptum
1638 2282 1760 2349 gest,
1813 2272 1905 2342 qui
1939 2271 2178 2341 quandiu

603 2380 1096 2455 concupiscentiam
1143 2377 1283 2431 hanc
1324 2387 1430 2428 non
1475 2368 1737 2433 sentiunt,
1776 2364 2023 2436 pudenda
2070 2378 2177 2420 non

600 2476 827 2538 habent,
870 2472 996 2542 quia
1039 2470 1104 2526 de
1143 2467 1322 2535 aliqua
1357 2460 1600 2532 corporis
1648 2458 1731 2515 sui
1780 2465 1935 2528 parte
1980 2455 2178 2533 erube-

600 2582 756 2623 scere
781 2564 1045 2619 uesciunt.
1088 2559 1191 2616 Ubi
1222 2571 1348 2613 vero
1370 2554 1516 2609 illius
1543 2550 1809 2620 incipiunt
1835 2562 1958 2603 esse
1981 2559 2180 2616 exper-

605 2668 704 2720 tes,
723 2656 835 2726 jam
859 2661 1043 2723 partes
1065 2646 1183 2703 illas
1208 2648 1436 2703 intectas
1465 2641 1609 2697 ferre
1630 2654 1737 2693 non
1764 2636 1964 2691 ferunt.
1992 2633 2182 2689 Soluta

607 2749 770 2815 igitur
799 2746 852 2799 in
877 2743 1066 2813 primis
1086 2740 1191 2795 illis
1214 2735 1525 2793 hominibus
1548 2728 1913 2802 pulcherrima
1935 2726 2023 2781 illa
2055 2726 2185 2780 har-

605 2813 811 2898 monia,
861 2834 1003 2886 facta
1047 2837 1131 2889 est
1171 2825 1587 2896 turpitudonon
1633 2817 1879 2884 minima,
1904 2813 2185 2885 originalis

608 2943 767 2997 puum
816 2940 937 2980 cum
989 2919 1242 2992 originali
1289 2924 1511 2988 peccato
1555 2914 1627 2967 ab
1675 2911 1781 2966 illis
1828 2910 1882 2964 in
1935 2917 2185 2978 posteros

613 3017 935 3072 transitura.
963 3014 1041 3067 Ex
1069 3012 1172 3066 hoc
1197 3009 1361 3080 igitur
1389 3007 1442 3061 in
1473 3017 1699 3074 corpore
1726 3009 1935 3066 nostro,
1959 3012 2213 3071 corpore

1115 359 1168 412 s.
1213 322 1506 410 Assem"
1547 343 1897 404 CANTUAll.
1949 331 2245 393 AIlClllEP
2294 329 2444 385 ore.
2488 324 2664 380 PARS
2692 326 2726 379 ι.
2771 353 2839 363 -
2878 313 3295 376 DOCMATICA.

3725 310 3836 368 560

2865 431 3091 488 CAPUT
3132 429 3218 483 Vl.

2259 532 2602 588 Concluditnr
2633 529 2767 582 ratio
2789 525 3056 595 proposita
3078 532 3124 576 et
3150 520 3493 595 (testarentur
3513 520 3668 572 vetita
3698 528 3835 595 inter

2327 602 2580 672 quosdam
2601 588 2859 672 sanguine
2875 588 3090 672 functos
3112 590 3375 644 connubia
3400 588 3463 641 ob
3492 589 3834 643 reverentiam

2330 664 2485 742 quam
2512 669 2611 723 sibi
2648 664 2862 739 inuicem
2884 664 3089 717 debent.

2328 761 2497 832 Cujus
2541 769 2719 814 tamen
2762 753 3128 826 generationis
3181 751 3359 809 nullus
3405 764 3561 805 amor
3605 747 3839 803 revelari

2259 866 2378 907 eam
2406 847 2670 920 permittit
2701 846 2753 900 in
2788 842 2895 899 illis
2922 844 2988 898 de
3018 839 3213 912 quibus
3236 840 3322 894 lex
3350 839 3482 893 dicit
3511 856 3525 891 :
3559 853 3667 908 quo
3711 853 3836 907 pro-

2264 941 2393 998 ximi
2422 940 2530 997 sint
2571 935 2867 1007 sanguinis,
2905 942 2960 988 et
2998 932 3168 1002 ipsius
3190 929 3313 1008 jure
3344 938 3401 986 ct
3430 929 3691 985 instinctu
3740 943 3837 981 na—

2264 1044 2398 1089 turac
2437 1046 2557 1086 eam
2594 1029 2696 1084 sibi
2728 1014 2941 1081 debent
2986 1022 3216 1078 invicem
3259 1020 3541 1076 charitatis
3586 1031 3839 1076 reveren-

2266 1124 2418 1187 tiam,
2448 1131 2510 1176 ut
2546 1120 2705 1181 inter
2730 1132 2789 1174 se
2827 1117 2915 1173 his
2944 1106 3287 1172 contumeliis
3318 1112 3586 1170 efﬁciendi
3614 1125 3841 1179 corpora

2265 1230 2361 1270 sua
2392 1212 2533 1268 nulla
2570 1211 2741 1281 possit
2769 1225 2888 1266 esse
2921 1208 3067 1279 justa
3107 1219 3296 1273 causa,
3325 1219 3425 1260 nec
3455 1202 3629 1274 possit
3651 1216 3842 1273 super-

2262 1296 2387 1360 duci
2422 1302 2956 1373 aliquid.honestum,
2982 1296 3122 1368 quod
3149 1305 3333 1366 tegere
3366 1293 3537 1363 possit
3562 1293 3667 1348 hoc
3693 1292 3845 1346 inho-

2269 1405 2502 1451 nestum.
2535 1391 2650 1448 Non
2678 1396 2822 1463 quod
2850 1403 3040 1460 negem
3065 1387 3284 1459 nuptias
3309 1393 3530 1439 sanctas
3574 1391 3629 1437 et
3673 1381 3849 1437 cubile

2269 1481 2693 1546 immaculatum,
2723 1494 2844 1549 qua:
2873 1476 3113 1549 legitime
3150 1483 3206 1530 et
3247 1489 3368 1528 cum
3403 1473 3597 1528 timore
3626 1468 3723 1525 Dei
3755 1486 3849 1524 ce-

2269 1573 2491 1629 lebratae
2521 1571 2610 1642 pio
2645 1582 2830 1623 amore
2857 1565 3282 1628 matrimonium,
3310 1566 3417 1633 q'uo
3444 1562 3717 1616 nubentes
3742 1559 3851 1615 eili-

2268 1665 2486 1720 eiuntur
2514 1677 2652 1718 unus
2696 1661 2944 1733 spiritus,
3001 1675 3068 1715 ex
3101 1673 3210 1731 quo
3242 1656 3370 1711 facti
3410 1665 3537 1711 sunt
3566 1671 3673 1709 una
3704 1671 3850 1720 caro,

2202 1788 2249 1849 B
2273 1770 2329 1815 et
2353 1740 2538 1812 amore
2569 1764 2779 1821 sancto,
2806 1740 2859 1809 et
2888 1751 3158 1817 desiderio
3197 1749 3519 1822 generandae
3549 1746 3745 1818 prolis,
3772 1748 3857 1802 sic

2194 1838 2245 1891 -”
2271 1856 2566 1919 contegunt
2588 1847 2876 1902 honestate
2904 1843 3010 1908 sui,
3039 1851 3095 1898 et
3128 1840 3427 1909 absorbent
3452 1838 3859 1908 quodammodo

2270 1938 2416 1994 illam
2444 1939 2692 1993 humanae
2712 1934 3080 2007 generationis
3116 1931 3384 2005 poenalem
3418 1930 3809 2002 turpitudinem
3837 1948 3853 1983 :

2273 2040 2334 2086 ut
2361 2030 2657 2086 secundum
2696 2026 3014 2100 Apostolum
3057 2024 3109 2098 (Ι
3155 2023 3279 2081 Cor.
3320 2024 3443 2094 vn),
3484 2023 3577 2093 qui
3623 2022 3860 2089 nubunt,

2275 2124 2381 2180 sint
2411 2123 2565 2193 quasi
2586 2137 2696 2178 nou
2721 2121 3001 2177 nubentes.
3038 2116 3192 2174 Unde
3231 2127 3287 2173 et
3323 2117 3377 2171 in
3406 2116 3653 2187 catalogo
3686 2117 3855 2185 turpi-

2278 2216 2522 2272 tudinum
2574 2229 2682 2271 non
2745 2210 3156 2270 revelandarum
3212 2209 3373 2264 etiam
3428 2207 3675 2279 conjugis
3739 2216 3853 2262 tua-

2277 2310 2575 2381 pitudinem
2602 2306 2689 2371 lex
2718 2305 2870 2377 ponit
2894 2319 3001 2360 non
3033 2301 3404 2359 revelandam.
3434 2299 3858 2369 Turpitudinem,

2280 2402 2475 2473 inquit.
2500 2400 2681 2454 uxoris
2706 2409 2812 2453 tua:
2837 2412 2941 2452 non
2961 2394 3209 2451 reuelabis
3238 2392 3433 2464 (Leuit.
3460 2406 3614 2459 xvm,
3652 2389 3759 2461 l7).

2886 2486 3118 2544 CAPUT
3158 2486 3269 2541 VII.

2283 2587 2392 2644 Cur
2412 2603 2475 2642 ea
2484 2582 2762 2656 prohibitio
2781 2580 2921 2656 apud
2932 2579 3259 2636 Christianos
3283 2577 3363 2656 ad-
3370 2575 3645 2656 ulteriores
3665 2574 3859 2647 gradus

2585 2646 2947 2724 protendatur,
2977 2665 3133 2722 quam
3163 2648 3303 2719 apud
3327 2646 3569 2702 Judteos.

2357 2745 2510 2803 Sicut
2544 2744 2708 2815 igitur
2729 2740 2843 2811 jam
2873 2739 3076 2796 dictum
3098 2745 3202 2802 est,
3228 2735 3320 2806 qui
3351 2744 3508 2791 extra
3532 2735 3731 2789 tribum
3763 2748 3860 2787 nu-

2284 2838 2414 2895 bere
2458 2835 2908 2909 prohibebantur,
2951 2830 3140 2886 eadem
3170 2827 3287 2898 lege
3326 2826 3394 2881 ad
3438 2825 3718 2896 proximos
3743 2839 3861 2879 san-

2286 2929 2463 3001 guinis
2494 2926 2752 2982 accedere
2786 2939 2892 2979 non
2936 2918 3408 2993 permittebantur,
3441 2918 3538 2973 sed
3565 2916 3712 2987 apud
3750 2915 3862 2970 illos

2286 3018 2377 3072 vix
2418 3015 2638 3072 tertium
2679 3013 2905 3085 gradum
2930 3006 3421 3080 consanguinitatis
3466 3007 3735 3062 transibat
3780 3005 3861 3058 lex

605 3107 844 3182 peccati,
896 3104 1135 3160 membra
1162 3101 1271 3163 illa,
1320 3114 1441 3168 qum
1481 3096 1608 3151 huic
1652 3093 1894 3151 serviunt
1925 3093 2184 3164 concupio

2290 3110 2378 3164 illa
2407 3107 2669 3165 naturalis
2690 3103 2914 3163 affectus
2944 3116 2958 3155 :
2991 3100 3131 3171 apud
3170 3113 3270 3155 nos
3298 3113 3446 3161 vero,
3478 3098 3532 3153 in
3564 3112 3703 3169 quos
3744 3105 3862 3169 tern-

602 3202 856 3265 sccntim,
874 3196 1145 3267 pudenda.
1168 3192 1251 3247 vel
1276 3190 1567 3261 turpitudo,
1586 3187 1669 3241 vel
1690 3185 1985 3255 ignominia
2015 3185 2188 3239 nomi-

610 3302 843 3351 nantur,
870 3286 1157 3342 exterioris
1190 3279 1556 3351 turpitudinis,
1589 3278 1642 3332 id
1681 3287 1770 3333 est
1801 3277 2188 3347 concupiscen-

614 3391 701 3437 tta:
723 3379 964 3434 velamen
990 3387 1203 3443 semper
1228 3382 1279 3425 et
1302 3371 1537 3424 latebras
1558 3366 1878 3421 naturaliter
1893 3364 2184 3436 exigentis.

614 3474 740 3529 Haec
761 3481 939 3525 autem
963 3463 1409 3537 concupiscentia:
1437 3460 1709 3530 turpitudo
1738 3469 1867 3513 tune
1894 3456 2188 3519 revelatur,

617 3579 740 3621 cum
779 3562 845 3615 ad
870 3560 1127 3615 indicium
1157 3558 1238 3612 sui
1268 3554 1632 3623 membrorum
1659 3563 1880 3604 suorum
1910 3547 2011 3603 sibi
2038 3545 2193 3600 exhi-

615 3661 709 3715 bet
737 3655 970 3711 oﬂlcium
1004 3671 1018 3707 :
1050 3662 1104 3708 et
1126 3650 1288 3722 gestit
1311 3649 1363 3702 in
1390 3645 1641 3701 elfectum
1661 3644 1808 3698 omni
1841 3642 1930 3696 illo
1957 3641 2194 3695 rationa-

617 3749 686 3804 lis
713 3752 907 3801 antma:
930 3743 1113 3813 vigore
1137 3740 1216 3794 sic
1242 3738 1520 3800 hebetato,
1551 3731 1778 3789 confuso
1800 3738 1855 3787 et
1876 3729 2105 3799 deiecto,
2139 3736 2195 3783 et

619 3836 944 3909 turpissima:
971 3830 1178 3887 libidini
1206 3827 1387 3884 carnis
1433 3825 1724 3885 subSLrato,
1768 3829 1830 3876 ut
1871 3820 2066 3875 merito
2104 3817 2195 3872 illa

622 3931 756 3984 liora
788 3925 958 3997 possit
979 3923 1165 3978 audire
1203 3937 1216 3973 :
1264 3917 1436 3971 Adam
1465 3914 1553 3969 ubi
1594 3929 1647 3968 es
1674 3912 1820 3984 (ibid.
1869 3909 1968 3971 9)?
2013 3909 2065 3963 id
2091 3916 2192 3974 est,

619 4022 710 4092 qui
745 4019 853 4074 Deo
874 4031 998 4073 esse
1022 4012 1217 4070 similis
1249 4007 1486 4069 voluisti,
1524 4021 1629 4060 non
1653 4005 1807 4059 vides
1834 4017 1942 4073 quo
1973 4001 2194 4057 deveni-

620 4111 727 4168 sti?
754 4110 822 4166 Et
861 4107 989 4178 quid
1030 4104 1242 4175 turpius
1274 4103 1375 4156 hac
1406 4096 1771 4168 turpitudine?
1802 4094 1931 4165 quid
1968 4092 2197 4163 ignomi-

620 4202 829 4256 niosius
855 4199 958 4253 hac
987 4192 1313 4264 ignominia?
1348 4204 1511 4259 quam
1555 4184 1845 4257 Apostolus
1880 4186 2147 4239 denotatis
2178 4203 2192 4237 :

623 4291 837 4362 Fugite,
862 4288 1056 4356 inquit,
1085 4283 1501 4354 fornicationem.
1540 4278 1707 4334 Omne
1731 4288 2019 4347 peccatum,
2060 4277 2197 4347 quod

623 4379 851 4452 peccavit
878 4377 1052 4437 homo,
1076 4382 1223 4427 extra
1262 4386 1449 4439 corpus
1474 4380 1545 4423 est
1571 4380 1589 4418 :
1615 4366 1705 4437 qui
1733 4381 1849 4420 vero
1883 4365 2196 4434 fornicatur,

2290 3217 2389 3274 pus
2409 3197 2763 3257 correctionis
2774 3194 3013 3260 devenit,
3032 3192 3218 3263 quibus
3241 3191 3468 3246 correxit
3492 3189 3669 3243 orbem
3693 3186 3864 3241 Domi-

2290 3309 2411 3358 nus,
2468 3290 2523 3346 id
2568 3298 2652 3346 est
2700 3284 3107 3357 perfectionem,
3170 3280 3261 3352 qui
3318 3297 3423 3335 non
3471 3275 3863 3352 commovebitur

2292 3381 2465 3455 (Psal.
2511 3396 2635 3445 xcv,
2679 3379 2802 3447 l0),
2848 3374 3020 3433 crevit
3056 3373 3253 3444 pietas,
3289 3367 3750 3441 superabundavit
3773 3367 3863 3420 Ιιοι

2292 3481 2494 3536 aestas.
2535 3479 2590 3527 et
2620 3472 2689 3525 ad
2730 3470 3119 3540 designandam
3163 3463 3438 3536 Evangelii
3482 3461 3864 3532 perfectionem

2294 3564 2564 3619 ternarius
2591 3560 2680 3617 ille
2701 3573 2959 3615 numerus
2985 3557 3289 3629 duplicatus
3308 3552 3687 3626 porrexitsein
3711 3565 3867 3605 senae

2293 3659 2456 3721 rium,
2507 3655 2600 3726 qui
2633 3654 2905 3726 perfectus
2947 3661 3031 3707 est
3077 3662 3339 3705 numerus
3369 3655 3426 3701 et
3467 3646 3584 3700 suis
3630 3640 3866 3714 partibus

2292 3756 2507 3806 cmistat
2548 3763 2563 3801 :
2612 3746 2753 3802 sicut
2796 3740 3071 3814 Evangelii
3114 3741 3318 3796 veritas
3359 3752 3458 3808 per
3492 3750 3553 3791 se
3592 3743 3728 3798 stat,
3772 3743 3870 3784 nec

2296 3848 2418 3912 eget
2474 3837 2695 3907 aliquo,
2755 3849 2862 3905 quo
2912 3831 3185 3889 fulciatur.
3224 3828 3381 3885 Licet
3432 3825 3578 3897 apud
3625 3823 3870 3891 antiquos

2298 3908 2464 3985 etiam
2494 3926 2595 3981 viri
2633 3924 2790 3978 laude
2814 3920 2961 3992 digni
3003 3917 3248 3974 honestis
3273 3914 3545 3985 aliquibus
3578 3910 3754 3967 causis
3788 3908 3871 3962 in-

2300 4014 2724 4073 tervenientibus
2751 4012 2818 4067 de
2847 4010 3023 4081 primo
3052 4018 3107 4063 et
3150 4005 3391 4062 secundo
3414 4002 3585 4074 gradu
3612 4009 3874 4055 temerare

2297 4104 2759 4179 praesumpserint,
2802 4110 2862 4157 ut
2894 4111 3023 4157 ante
3059 4099 3256 4171 legem,
3295 4095 3600 4158 Abraham,
3629 4090 3795 4153 lsaac,
3822 4095 3873 4141 et

2298 4178 2466 4253 lacob
2491 4210 2662 4266 nuper
2684 4209 2715 4248 a
2745 4192 2956 4249 caneris
2983 4190 3239 4264 gentibus
3261 4184 3534 4259 segregati
3561 4189 3783 4253 propter
3804 4178 3874 4233 fu-

2300 4290 2550 4361 giendam
2608 4302 2729 4344 cum
2788 4286 3039 4358 gentibus
3096 4279 3556 4345 eommistionem,
3609 4272 3880 4346 proximas

2302 4381 2580 4453 sanguinis
2624 4379 2705 4435 sui
2743 4379 3051 4440 dttxerunt;
3088 4373 3190 4429 sub
3233 4372 3350 4442 lege
3380 4383 3509 4425 vero
3553 4366 3753 4438 (Iosue.
3785 4362 3877 4430 xv)

624 4473 682 4526 in
704 4485 889 4539 corpus
926 4483 1080 4521 suum
1119 4473 1292 4533 peccat
1326 4461 1377 4531 (Ι
1403 4459 1525 4514 Cor.
1552 4475 1625 4523 vt,
1656 4457 1776 4526 18);
1807 4454 1858 4511 id
1886 4465 1987 4519 est,
2019 4456 2185 4511 omnia

2302 4475 2501 4544 Caleph
2528 4470 2777 4529 Othonicl
2811 4469 2963 4524 fratri
2991 4483 3090 4522 suo
3120 4463 3315 4520 minori
3345 4462 3489 4518 vieta
3520 4460 3737 4516 civitate
3774 4455 3876 4510 Dr-

626 4571 847 4639 peccata
877 4562 1111 4617 animam
1139 4556 1355 4626 quidem
1393 4552 1615 4617 laedunt,
1660 4565 1855 4621 corpus
1885 4559 2062 4604 tamen
2094 4564 2199 4604 non

629 4657 938 4724 deturpant.
988 4648 1089 4715 Qui
1129 4661 1259 4703 vero
1306 4644 1629 4711 fornicatur,
1664 4656 1773 4697 non
1816 4640 1988 4697 solum
2031 4640 2200 4694 Deum

629 4745 873 4812 offendit,
910 4751 964 4798 et
994 4739 1324 4796 contaminat
1366 4736 1626 4802 animam,
1669 4734 1761 4790 sed
1800 4743 1854 4789 et
1882 4735 2052 4802 ipsam
2082 4747 2203 4786 cor-

630 4835 779 4909 poris
794 4829 1248 4904 pulchritudinem
1273 4835 1436 4881 totam
1461 4823 1697 4878 fmdatet
1723 4822 2058 4877 dehonestat.
2086 4820 2205 4874 Sic-

633 4934 695 4980 ut
728 4924 871 4980 enim
915 4920 1020 4976 furi
1050 4916 1404 4986 deprehenso,
1445 4913 1589 4968 ferro
1618 4913 1697 4966 vel
1727 4914 1846 4982 igne
1875 4923 1998 4966 nota
2031 4910 2201 4965 inuri-

635 5026 723 5072 tur
745 5014 934 5071 aeterni
957 5007 1265 5081 opprobrii,
1289 5007 1367 5060 sic
1389 5012 1595 5058 natura:
1621 5011 1819 5058 nostra:
1842 5004 1971 5057 vitio
1997 4992 2203 5073 praeva—

630 5107 910 5168 ricationis
937 5106 990 5159 in
1023 5095 1135 5157 tuto
1163 5115 1260 5156 suo
1287 5107 1578 5168 corruptae,
1605 5111 1702 5168 per
1727 5110 1850 5150 eum
1879 5096 1930 5150 in
1957 5110 2062 5165 quo
2095 5103 2203 5149 tota

632 5217 779 5258 nunc
805 5208 948 5264 erat,
990 5205 1044 5252 et
1082 5203 1232 5251 extra
1278 5207 1437 5262 quem
1486 5205 1591 5244 non
1639 5197 1778 5253 erat,
1828 5187 2083 5243 indicium
2122 5195 2207 5241 est

637 5291 741 5345 hoc
774 5289 826 5344 in
863 5302 1077 5358 poenam
1108 5283 1314 5355 peccati
1342 5281 1445 5335 sui.
1489 5279 1618 5347 Quae
1648 5277 1922 5350 turpitudo
1946 5278 1997 5330 in
2030 5278 2205 5330 omni-

636 5381 737 5433 bus
791 5385 1046 5446 perpetuo
1098 5371 1435 5428 verecundiae
1487 5368 1717 5438 tegmine
1767 5373 1914 5419 esset
1959 5364 2208 5430 velanda,

640 5467 741 5521 nisi
768 5482 831 5520 ex
857 5480 1011 5536 pinna
1034 5464 1191 5536 primi
1215 5459 1418 5534 peccati
1436 5456 1770 5530 generationi
1797 5456 2042 5510 humanae
2067 5465 2212 5509 esset

641 5557 966 5614 necessaria.

2291 4567 2542 4622 birarum
2567 4565 2620 4623 in
2648 4560 2929 4634 prtemium
2952 4557 3192 4614 victoriae
3212 4556 3380 4611 tiliam
3404 4567 3560 4608 suam
3586 4550 3729 4606 dedit
3751 4561 3880 4599 uxo—

2304 4671 2440 4711 rem.
2471 4654 2578 4710 Sed
2608 4661 2660 4708 et
2689 4652 2945 4714 Thamar,
2976 4661 3100 4704 cum
3145 4645 3546 4716 opprimeretur
3586 4654 3616 4694 a
3652 4637 3822 4691 fratre
3863 4644 3879 4683 :

2295 4747 2456 4813 .Noli,
2496 4745 2686 4815 inquit.
2716 4744 2904 4812 frater,
2932 4738 3025 4795 sed
3060 4747 3172 4807 pete
3200 4751 3283 4789 nte
3317 4742 3349 4788 tt
3376 4748 3517 4802 rege,
3550 4745 3652 4784 non
3678 4723 3883 4815 negabit

2305 4853 2386 4891 me
2413 4811 2506 4889 tibi
2550 4811 2636 4904 (Il
2670 4832 2796 4902 Reg.
2847 4845 2968 4895 xui,
3017 4827 3111 4894 ιε,
3157 4825 3270 4896 i3).
3321 4823 3390 4879 Et
3433 4828 3587 4877 certe
3634 4831 3753 4880 rex,
3790 4811 3882 4882 qui

2308 4924 2462 4980 fratri
2516 4937 2757 4979 sororem
2811 4920 3094 4976 dicebatur
3149 4917 3375 4970 daturus
3426 4924 3672 4977 uxorem,
3724 4912 3887 4975 pater

2296 5013 2592 5081 (utriusque
2623 5029 2636 5065 :
2666 5009 2807 5080 quod
2835 5023 2979 5070 cum,
3006 5007 3147 5061 sicut
3171 5002 3307 5070 dixi,
3334 4998 3655 5071 quibusdam
3692 4990 3885 5047 causis

2312 5102 2795 5162 intervenientibus
2831 5098 2905 5154 illi
2930 5101 3348 5167 praesumerent,
3382 5087 3679 5146 Christiana
3710 5082 3887 5153 pietas

2312 5197 2446 5252 nihil
2483 5194 2594 5249 vult
2624 5194 2908 5248 honestum
2928 5188 3195 5255 judicare,
3221 5183 3364 5254 quod
3394 5180 3559 5235 faetet
3584 5182 3774 5232 contra
3796 5170 3870 5224 bo

2316 5297 2578 5345 aestatem
2629 5292 2853 5341 naturae.
2898 5279 3062 5344 Ecce,
3098 5276 3226 5346 quid
3271 5273 3401 5328 mihi
3442 5271 3682 5326 videatur
3727 5276 3893 5329 super

2311 5383 2610 5454 quaestione
2652 5389 2760 5442 tua,
2794 5377 2841 5431 si
2886 5374 3083 5446 placet,
3116 5372 3253 5427 bene
3296 5388 3310 5423 :
3351 5367 3397 5424 si
3439 5362 3703 5435 displicet,
3739 5352 3896 5409 facile

2312 5474 2527 5530 veniam
2549 5471 2810 5527 obtinebo
2838 5466 2980 5538 apud
3010 5474 3081 5521 te.
3119 5491 3121 5495 ε
