4076 6288
568 337 674 395 563

1112 342 1168 396 S.
1214 340 1515 395 ANSEMll
1557 338 1906 395 CANTUAR.
1945 335 2262 393 .\liClllEP.
2306 335 2437 391 OPP
2498 334 2676 397 PARS
2717 335 2754 389 1.
2797 365 2867 375 --
2896 335 3310 393 DOGMATICA.

3730 338 3834 394 568

566 465 651 509 est
678 456 997 514 rationatcm
1019 470 1159 510 esse.
1192 456 1335 515 Disc.
1366 456 1642 525 Augustin:
1671 466 1795 510 sunt
1826 456 1956 509 mihi
1987 454 2157 507 utrin-
2187 454 2233 509 Α
2259 466 2365 521 quo
2392 451 2525 507 nihil
2547 450 2804 506 eliicinut.
2840 451 2983 511 Dtsc.
3021 449 3186 505 Video
3208 466 3301 506 eas
3328 466 3435 505 non
3466 451 3668 510 habere
3694 470 3837 511 com-

567 562 674 614 que
703 547 796 578 ”“
826 563 840 600 :
873 563 994 601 nam
1027 548 1069 599 si
1098 546 1366 621 concedo,
1401 547 1676 609 concludis
1706 547 1905 601 nullum
1938 546 2031 578 ⁸⁹³⁸
2059 547 2153 602 Ιιο·

569 638 771 692 minem
800 654 917 693 esse
944 639 1138 692 animal
1165 656 1177 702 ;
1209 639 1253 692 si
1284 655 1483 706 renuo,
1515 639 1660 693 dices
1691 654 1775 693 me
1809 653 1913 692 non
1947 647 2154 692 tantunt

567 745 727 795 posse
758 729 1009 801 intelligi,
1034 730 1127 785 sed
1152 746 1277 784 vere
1310 745 1430 785 esse
1456 732 1572 785 sine
1606 731 1983 787 rationalitate.
2013 731 2152 784 Msa.

567 818 645 873 Ne
688 821 906 886 timeas;
946 838 1050 875 ιιοιι
1079 823 1222 876 enim
1258 823 1503 893 sequitur
1531 824 1674 893 quod
1706 832 1885 894 putas.
1917 824 2059 878 DISC.
2097 824 2154 880 Si

566 910 647 963 sic
674 920 755 963 est
775 951 788 972 ,
819 920 876 964 ut
910 913 1181 981 promittis
1201 954 1214 974 ,
1245 923 1578 982 spontaneos
1620 916 1860 970 concedo
1896 915 2155 985 quidquid

566 1003 895 1070 proposuisti
927 1022 939 1056 :
974 1006 1054 1058 sin
1080 1015 1281 1074 autem,
1313 1006 1529 1062 invitus.
1558 1006 1698 1065 Msa.
1724 1006 1965 1062 Contexe
1995 1008 2156 1078 igitur

568 1102 624 1145 tu
655 1093 768 1162 ipse
796 1103 1032 1163 quatuor
1064 1096 1281 1168 ultimas
1324 1099 1718 1168 propositiones
1759 1115 1895 1169 quas
1931 1099 2029 1164 feci
2051 1140 2064 1163 ,
2100 1100 2154 1167 in

568 1184 703 1238 duos
730 1185 1091 1255 syllogismos.
1124 1189 1267 1243 Dtsc.
1302 1188 1415 1244 Hoc
1445 1191 1629 1260 utique
1654 1190 1745 1222 ³⁸³⁸
1767 1191 1957 1246 ordine
1984 1192 2151 1261 digeri

566 1287 795 1344 possunt
827 1295 838 1327 :
876 1276 1042 1331 Omne
1080 1279 1278 1331 animal
1312 1280 1468 1352 144
1505 1289 1668 1349 potest
1705 1280 1924 1350 intelligi
1967 1293 2156 1349 praeter

570 1369 1011 1445 rationalitatem,
1048 1370 1223 1424 nullus
1255 1389 1369 1425 vero
1397 1373 1549 1426 homo
1574 1383 1735 1441 potest
1766 1372 1986 1442 intelligi
2018 1391 2155 1443 pra:-

569 1465 649 1513 ter
683 1458 1110 1529 rationalitatem.
1158 1461 1287 1514 Item
1328 1478 1339 1513 :
1390 1460 1614 1520 Nullum
1653 1462 1852 1516 animal
1900 1463 2155 1518 rationale

568 1558 644 1605 est
686 1565 751 1605 ea:
786 1552 1119 1617 necessitate;
1159 1553 1327 1611 omnis
1359 1564 1531 1606 autem
1571 1554 1723 1608 homo
1760 1554 2033 1608 rationalis
2078 1564 2153 1609 est

569 1653 634 1689 ea:
661 1639 986 1708 necessitate.
1025 1640 1101 1694 Ex
1129 1650 1356 1711 utroque
1385 1641 1487 1695 hoc
1515 1642 1705 1696 ordine
1735 1634 1981 1696 binorum
2025 1659 2148 1713 pro-

568 1727 899 1793 positionum
944 1730 1152 1795 videtur
1199 1732 1345 1787 nasci
1395 1750 1411 1786 :
1449 1731 1647 1789 Nullus
1693 1734 1854 1803 igitur
1891 1736 2044 1791 homo
2076 1746 2153 1789 est

2258 559 2472 598 munem
2507 543 2795 598 terminmn
2816 583 2831 607 ,
2864 552 2918 598 et
2964 544 3164 597 idcirco
3195 543 3327 597 nihil
3356 559 3420 598 ex
3450 545 3531 598 eis
3560 561 3833 618 conseqtn.

2258 634 2395 689 illac.
2428 636 2667 689 Contexe
2701 634 2931 689 alterum
2976 632 3366 704 syllogismum.
3398 634 3542 689 DISC.
3576 634 3691 691 Non
3727 653 3836 707 1am

2255 744 2390 798 opus
2427 738 2506 782 est
2545 736 2604 781 ιιι
2641 742 2740 796 pro
2783 726 2899 796 ejus
2930 726 3241 781 ostensione
3279 725 3529 791 labores;
3579 744 3703 781 nam
3742 730 3833 783 ad-

2255 830 2409 875 verto
2454 819 2571 887 ejus
2610 819 2897 874 fallaciam.
2950 817 3041 873 Sic
3083 818 3225 872 enim
3278 817 3399 887 ejus
3442 821 3839 890 propositiones

2258 911 2655 980 intelligebam,
2689 924 2754 963 ac
2796 910 2839 965 si
2873 910 3148 965 diceretur
3176 909 3302 978 quia
3352 909 3530 964 nullus
3570 911 3732 965 homo
3758 923 3838 967 est

2256 1005 2425 1073 magis
2460 1003 2546 1057 vel
2587 1003 2766 1057 minus
2810 1001 3006 1067 homo,
3040 1012 3095 1057 et
3121 1002 3299 1056 omnis
3335 1004 3723 1073 grammaticus
3762 1014 3839 1060 est

2257 1096 2429 1168 magis
2452 1094 2535 1150 vel
2571 1095 2749 1161 minus
2778 1094 3164 1165 grammaticus
3197 1111 3211 1147 :
3244 1102 3300 1148 et
3334 1094 3587 1164 quoniam
3617 1095 3700 1149 ha:
3728 1096 3840 1148 duze

2257 1188 2651 1259 prOpositiones
2684 1186 2887 1242 nullum
2926 1187 3128 1241 habent
3161 1201 3499 1240 communem
3532 1186 3838 1251 terminum,

2258 1281 2388 1335 nihil
2419 1280 2731 1335 conficiunt.
2768 1279 2906 1334 MAG.
2943 1278 3090 1333 Itane
3127 1278 3221 1333 tibi
3258 1278 3470 1331 videtur
3500 1278 3593 1309 ³⁹⁵⁰
3624 1278 3709 1332 his
3742 1282 3840 1331 tuis

2256 1372 2684 1429 connexiouihus
2714 1371 2844 1425 nihil
2877 1370 3123 1424 concludi
3159 1385 3337 1439 posse.
3373 1369 3518 1424 DISC.
3548 1369 3622 1423 lla
3657 1372 3841 1440 utique

2256 1462 2542 1533 putabam;
2589 1461 2681 1515 sed
2715 1461 2829 1515 haec
2868 1471 2956 1515 tua
2994 1460 3343 1529 interrogatio
3380 1474 3465 1517 me
3496 1457 3624 1513 facit
3654 1474 3841 1527 suspe-

2256 1564 2431 1617 ctum,
2485 1569 2551 1608 ne
2582 1553 2722 1607 forte
2764 1553 2816 1605 in
2855 1551 2960 1607 illis
2996 1550 3159 1607 lateat
3196 1550 3374 1620 aliqua
3418 1549 3656 1605 efﬁcacia
3696 1569 3710 1603 :
3754 1550 3841 1604 sed

2257 1645 2524 1714 quomodo
2578 1642 2815 1698 elliciuut
2873 1642 2991 1697 sine
3046 1642 3319 1696 communi
3382 1643 3652 1696 termino?
3704 1642 3839 1697 MAG.

2256 1735 2572 1792 Communis
2612 1734 2875 1788 terminus
2922 1732 3218 1803 syllogismi
3259 1748 3365 1787 non
3412 1742 3521 1785 tam
3566 1732 3621 1785 in
3667 1732 3842 1801 prola-

568 1820 803 1884 animal;
832 1838 938 1891 quo
962 1823 1096 1877 nihil
1124 1824 1330 1891 falsius,
1364 1825 1488 1881 licet
1515 1828 1878 1895 prlecedeutes
1905 1830 2151 1898 [πορθεῖ-
2187 1812 2230 1873 Β
2259 1830 2403 1885 tione
2443 1828 2557 1891 3’“,
2601 1842 2763 1895 quam
2812 1826 2865 1879 in
2913 1826 3180 1881 sententia
3218 1834 3302 1879 est
3346 1823 3646 1879 habendus.
3692 1824 3841 1878 Sicut

570 1908 749 1964 tiones
782 1910 1014 1966 titubare
1052 1912 1101 1965 iu
1136 1914 1280 1967 nullo
1313 1914 1543 1969 videam.
1577 1919 1703 1971 Duze
1736 1934 1999 1988 namque,
2034 1935 2154 1989 quze

568 1998 871 2067 subjectum
901 2004 1188 2059 terminum
1222 2006 1454 2071 habent,
1484 2008 1757 2063 hominem
1789 2011 2010 2079 “37,,sic
2031 2020 2156 2065 sunt

568 2106 667 2159 per
698 2109 757 2147 se
789 2104 959 2159 noue,
1006 2105 1062 2150 ut
1094 2097 1451 2166 imprudentia
1484 2100 1556 2155 sit
1601 2117 1695 2155 eas
1736 2102 1985 2170 probare.
2028 2104 2155 2157 Dum

568 2194 729 2247 vero,
760 2199 879 2253 quin
909 2183 1201 2251 subjiciunt
1225 2188 1454 2256 animal,
1486 2191 1563 2244 sic
1594 2192 1843 2269 ridentur
1882 2195 2151 2262 probatae,

570 2280 634 2333 ut
670 2272 1002 2342 impudentia
1032 2274 1127 2306 ³⁸³⁸
1166 2276 1234 2331 sit
1262 2293 1354 2333 eas
1382 2295 1599 2350 negare.
1635 2280 1740 2335 Sed
1773 2282 1927 2337 video
1961 2285 2153 2338 horum

572 2365 801 2434 duorum
842 2366 1272 2439 syllogismorum
1316 2372 1706 2427 conuersionem
1737 2390 1836 2444 per
1870 2376 2049 2429 omnia
2082 2377 2157 2431 si-

572 2454 755 2509 milem
796 2456 902 2513 illis
939 2459 1177 2523 duobus,
1210 2477 1348 2530 quos
1386 2464 1547 2532 paulo
1581 2476 1705 2523 ante
1742 2469 1959 2534 protuli.
2007 2471 2154 2537 Qua-

570 2554 796 2617 propter
824 2550 890 2602 ad
918 2548 1051 2619 nihil
1084 2549 1229 2604 aliud
1259 2554 1507 2622 suspicor
1536 2565 1586 2611 te
1618 2556 1718 2620 bos
1750 2559 2020 2626 attulisse,
2053 2562 2152 2617 nisi

570 2645 634 2689 ut
654 2651 775 2710 cum
799 2652 983 2707 eorum
1005 2641 1402 2711 conclusionem
1428 2657 1612 2716 aperte
1634 2647 1823 2707 falsam
1850 2666 2152 2717 cernerem,

570 2726 714 2800 idem
757 2729 823 2793 de
862 2729 1127 2799 similibus
1176 2750 1315 2803 quos.
1357 2751 1458 2807 ego
1507 2736 1741 2800 feceram
1785 2742 2153 2805 decernerem.

571 2815 713 2872 Msa.
761 2817 853 2874 Sic
883 2829 982 2875 est.
1020 2822 1166 2878 Disc.
1209 2826 1447 2882 Ostende
1486 2846 1615 2900 ergo
1648 2832 1699 2886 in
1729 2848 1835 2903 quo
1881 2844 1937 2889 et
1977 2835 2064 2889 hic
2104 2845 2159 2891 et

573 2909 649 2964 ibi
685 2920 832 2964 tanta
863 2912 931 2966 sit
961 2913 1205 2985 deceptio
1234 2935 1246 2969 :
1280 2930 1335 2971 ut
1363 2936 1484 2973 cum
1513 2931 1567 2976 et
1600 2938 1737 2979 verte
1765 2926 2158 2995 propositiones

583 3005 956 3059 etsecundum
998 3017 1245 3064 naturam
1288 3012 1721 3083 syllogismorum
1770 3032 2027 3075 connexa:
2072 3020 2155 3073 vi-

574 3093 827 3160 dcantur,
857 3096 998 3150 nulla
1027 3108 1202 3153 tamen
1226 3118 1413 3156 eorum
1440 3104 1811 3175 conclusiones
1835 3108 1928 3140 "3°
1956 3108 2155 3165 veritas

576 3197 808 3243 tueatur.

1070 3246 1085 3273 γ’
1120 3288 1123 3289 ⁷
1190 3248 1415 3343 carm
1456 3289 1545 3343 IV.

726 3418 921 3475 Vitium
949 3412 1367 3493 syllogismorum
1394 3444 1510 3497 cap.
1544 3426 1579 3481 2
1606 3431 2011 3498 propositorum.

647 3509 788 3567 MAG.
829 3513 883 3567 In
916 3515 1021 3568 luis
1049 3516 1370 3586 syllogismis
1402 3518 1501 3572 hoc
1527 3518 1748 3586 faciam;
1779 3537 1948 3587 meos,
1976 3523 2020 3576 si
2054 3537 2153 3586 ns,

572 3615 674 3669 per
704 3610 756 3656 te
784 3601 1032 3658 discutio.
1067 3604 1214 3661 Disc.
1244 3607 1367 3661 Fiat
1396 3617 1485 3661 tuo
1505 3608 1729 3678 judicio.
1762 3611 1900 3666 Msc.
1932 3612 2153 3683 Repete,

571 3700 629 3742 et
681 3698 908 3745 contexo
956 3692 1294 3764 syllogismos
1343 3712 1478 3766 quos
1529 3695 1722 3754 fecisti.
1775 3702 1921 3757 Dtse.
1972 3705 2157 3758 Omnis

575 3782 732 3835 homo
761 3795 925 3851 potest
955 3785 1175 3856 intelligi
1199 3788 1313 3842 sine
1340 3779 1704 3859 grammatica.
1737 3792 1876 3849 Mss.
1909 3774 2046 3862 Quid
2076 3796 2157 3849 di-

574 3873 654 3927 ris
687 3873 959 3929 hominem
993 3876 1215 3945 intelligi
1262 3892 1418 3948 posse
1446 3882 1563 3937 sine
1589 3884 1978 3951 grammatica?
2008 3885 2152 3940 DISC.

574 3964 877 4021 llominem.
904 3966 1044 4024 MAG.
1086 3971 1181 4025 Dic
1206 3986 1336 4042 ergo
1381 3972 1435 4026 in
1474 3973 1585 4050 ipsa
1618 3976 1986 4046 propositione
2012 3979 2153 4046 quod

570 4057 847 4128 intelligis.
892 4057 1036 4115 DISC.
1081 4060 1268 4116 Omnis
1307 4064 1466 4118 homo
1504 4074 1683 4145 potest
1724 4066 1953 4142 intelligi
1993 4069 2155 4124 homo

546 4150 688 4205 sine
738 4154 1109 4222 grammatica.
1160 4152 1302 4212 Mss.
1352 4154 1604 4212 Concedo
1654 4176 1667 4211 :
1716 4174 1951 4214 assume.
2007 4161 2151 4217 DISC.

568 4239 761 4297 Nullus
805 4245 1191 4313 grammaticus
1228 4253 1407 4316 potest
1455 4248 1675 4321 intelligi
1725 4251 1842 4306 sine
1885 4269 2157 4321 gramma-

569 4332 702 4386 tica.
750 4332 890 4405 Mtte.
936 4335 1076 4404 Quid
1115 4350 1223 4391 non
1272 4344 1449 4407 potest
1497 4342 1883 4409 grammaticus
1930 4343 2152 4415 intelligi

570 4423 693 4478 sine
726 4428 1108 4495 grammatica?
1136 4429 1284 4484 Disc.
1331 4429 1747 4489 Grammaticus.
1786 4433 1925 4489 Mss.
1966 4434 2154 4491 Profer

570 4531 701 4587 ergo
730 4519 871 4586 quod
910 4519 1183 4591 intelligis.
1218 4523 1360 4577 Dtsc.
1406 4523 1595 4581 Nullus
1631 4528 2016 4595 grammaticus
2061 4543 2154 4598 po-
2186 4532 2233 4591 l)

571 4616 681 4662 test
721 4607 947 4680 intelligi
992 4612 1382 4678 grammaticus
1429 4615 1544 4671 sine
1589 4619 1963 4689 grammatica.
2012 4616 2154 4676 Msa.

570 4697 746 4771 Junge
778 4700 874 4756 has
916 4702 1049 4757 duas
1084 4707 1476 4774 propositiones
1508 4708 1581 4763 ita
1623 4711 1863 4781 integras
1889 4712 2031 4769 sicut
2067 4728 2160 4769 eas

570 4790 732 4845 modo
772 4792 1068 4862 protulisti.
1117 4793 1265 4849 Dtsc.
1308 4795 1493 4851 Omnis
1541 4804 1695 4852 homo
1732 4810 1895 4869 potest
1937 4801 2158 4874 intelligi

570 4882 723 4949 (tomo
766 4883 880 4939 sine
923 4888 1307 4954 grammatica;
1357 4888 1534 4943 nullus
1578 4892 1952 4960 grammaticus
1990 4904 2156 4961 potest

568 4975 789 5047 intelligi
834 4981 1210 5051 grammaticus
1259 4981 1371 5035 sine
1416 4984 1780 5051 grammatica.
1830 4983 1972 5040 Msa.
2026 4987 2157 5043 Vide

568 5082 701 5138 ergo
746 5077 929 5137 utrum
986 5071 1219 5133 habeant
1267 5088 1608 5132 communem
1656 5076 1941 5134 terminum
1969 5119 1983 5144 ,
2036 5078 2155 5134 sine

2257 1921 2403 1975 enim
2439 1918 2575 1973 nihil
2604 1916 2849 1978 eilicitur,
2889 1917 2933 1971 si
2965 1916 3267 1970 communis
3294 1925 3376 1969 est
3403 1916 3455 1969 in
3492 1931 3622 1970 voce
3652 1928 3712 1969 et
3742 1930 3839 1969 non

2257 2012 2309 2065 in
2334 2026 2495 2065 sensu
2523 2026 2536 2061 :
2565 2010 2638 2063 ita
2660 2008 2789 2067 nihil
2810 2009 2962 2063 obest
2982 2008 3096 2072 ³³⁵³,
3121 2008 3163 2062 si
3187 2015 3270 2061 est
3289 2008 3341 2062 in
3369 2006 3637 2061 intellectu
3659 2016 3716 2060 et
3741 2023 3837 2059 non

2257 2102 2310 2155 in
2358 2100 2676 2169 prolatione.
2731 2099 3009 2156 Sententia
3046 2099 3242 2169 quippe
3279 2097 3408 2169 ligat
3436 2099 3837 2169 syllogismum,

2257 2210 2361 2249 non
2394 2192 2573 2247 verba.
3453 2183 3463 2191 ’

2878 2280 3106 2336 CAPUT
3148 2278 3189 2332 V

2260 2397 2401 2463 Quid
2445 2410 2508 2450 ea:
2544 2394 2807 2465 pra’dittis
2851 2394 3166 2464 syllogismis
3204 2394 3333 2463 eﬂiei
3371 2392 3597 2463 legitime
3632 2392 3837 2459 valeat,

2710 2466 2765 2519 in
2799 2482 2977 2518 eorum
3013 2481 3117 2518 uno
3142 2465 3378 2517 docetur.

2330 2558 2476 2613 Dtsc.
2509 2557 2777 2626 EXSpecto
2806 2566 2867 2609 ut
2894 2555 3087 2609 reddas
3114 2554 3361 2610 eﬂ‘ectum
3386 2553 3842 2624 propositionibus

2259 2651 2415 2706 meis.
2454 2650 2593 2704 Mss.
2634 2648 2882 2703 Elliciuut
2907 2662 3035 2703 vere
3065 2647 3265 2717 aliquid
3295 2646 3410 2711 ⁸⁸⁸³,
3440 2647 3532 2700 sed
3564 2661 3672 2699 non
3702 2646 3838 2715 quod

2258 2753 2543 2812 exsltectas
2578 2741 2689 2794 '9“.
2729 2740 2874 2796 Disc.
2904 2739 3171 2811 Quidquid
3210 2740 3338 2794 illud
3370 2741 3469 2803 sit,
3511 2754 3615 2793 non
3657 2748 3847 2809 gratus

2259 2835 2485 2904 aecipio.
2533 2833 2672 2888 MAG.
2722 2833 2823 2899 Qui
2868 2833 3025 2897 dicit,
3072 2833 3240 2887 omnis
3280 2833 3435 2885 homo
3480 2843 3645 2901 potest
3694 2832 3840 2885 intel-

2258 2925 2349 2997 ligi
2387 2925 2539 2979 homo
2578 2925 2689 2978 sine
2722 2925 3097 2994 grammatica,
3139 2931 3213 2984 et,
3256 2922 3431 2976 nullus
3466 2924 3840 2993 grammaticus

2258 3029 2423 3088 potest
2453 3017 2670 3086 intelligi
2698 3017 3070 3086 grammaticus
3095 3016 3207 3068 sine
3241 3016 3585 3084 grammatica
3616 3031 3633 3069 :
3668 3030 3843 3069 nonne

2263 3109 2364 3167 hoc
2396 3108 2669 3181 significat
2697 3108 2821 3178 quia
2856 3123 2977 3164 esse
3011 3107 3247 3165 hominis
3279 3122 3383 3161 non
3421 3107 3627 3177 indiget
3664 3124 3842 3177 gram-

2184 3183 2497 3263 Cmatica,
2545 3207 2598 3255 et
2643 3215 2764 3254 esse
2811 3198 3152 3268 grammatici
3203 3198 3404 3267 indiget
3450 3200 3843 3267 grammatici?

2260 3292 2404 3346 Dtsc.
2440 3289 2579 3345 Nihil
2619 3290 2819 3345 verius.
2852 3288 2990 3344 MAG.
3024 3289 3105 3343 Au
3137 3289 3335 3343 habent
3363 3304 3708 3345 communem
3740 3300 3843 3344 teu-

2260 3385 2464 3439 minum
2499 3384 2581 3437 ha:
2610 3383 2729 3437 dum
2755 3381 3173 3452 propositiones,
3200 3397 3335 3452 quas
3360 3385 3520 3437 modo
3543 3382 3657 3437 disi
3682 3383 3843 3453 signi-

2260 3477 2408 3533 licari
2447 3476 2500 3529 in
2528 3475 2649 3529 aliis
2681 3474 2775 3506 ³⁸³⁸
2804 3475 3044 3530 duabus?
3081 3474 3228 3529 DISC.
3266 3474 3494 3528 llubent.
3532 3473 3675 3530 Mss.
3708 3474 3842 3529 (Ιοιιο

2259 3566 2443 3621 ticitur
2470 3580 2603 3635 ergo
2629 3564 2753 3636 quia
2795 3580 2914 3619 esse
2953 3564 3293 3634 grammatici
3333 3578 3437 3618 non
3469 3574 3553 3618 est
3598 3580 3722 3619 esse
3754 3564 3842 3617 ho-

2234 3659 2421 3714 .miuis
2447 3699 2463 3724 ,
2509 3658 2559 3712 id
2604 3667 2690 3721 est.
2734 3672 2840 3711 non
2885 3672 3007 3711 esse
3048 3656 3293 3712 eamdem
3340 3656 3713 3711 definitionem
3756 3656 3842 3686 ”“

2260 3750 2562 3819 utriusque.
2596 3748 2744 3804 DISC.
2774 3748 2968 3803 Procul
2995 3747 3156 3807 dubio
3180 3747 3258 3803 sic
3290 3748 3445 3802 video
3472 3763 3595 3803 esse
3636 3756 3693 3801 et
3723 3764 3843 3802 cou-

2259 3840 2431 3910 sequi.
2464 3839 2602 3895 Illac.
2646 3838 2762 3894 Non
2793 3847 2972 3894 tamen
3004 3838 3125 3894 ideo
3152 3840 3501 3906 consequitur
3525 3854 3771 3908 gramma
3802 3840 3841 3887 5-

2257 3947 2378 3986 cum
2410 3947 2516 3985 non
2546 3946 2667 3987 esse.
2700 3931 2993 3994 hominem,
3026 3931 3165 3989 sicut
3195 3940 3248 3985 tu
3279 3930 3636 4001 iutelligebas.
3668 3930 3776 3985 Sed
3802 3929 3841 3980 si

2261 4023 2332 4078 ita
2362 4024 2653 4095 intelligas,
2680 4024 3056 4092 grammaticus
3090 4040 3191 4076 non
3222 4032 3305 4076 est.
3326 4023 3503 4084 homo,
3532 4038 3596 4076 ac
3622 4024 3668 4075 si
3700 4024 3843 4079 die..-

2260 4128 2346 4171 tur
2380 4117 2505 4179 ³³⁵⁷,
2537 4117 2925 4187 grammaticus
2962 4131 3066 4170 non
3104 4124 3189 4170 est
3214 4115 3352 4169 idem
3390 4115 3533 4183 quod
3573 4116 3765 4175 homo,
3798 4114 3845 4165 id

2255 4218 2338 4262 est
2368 4224 2473 4263 non
2504 4208 2703 4262 habent
2738 4206 2983 4262 eamdem
3009 4205 3410 4269 definitionem;
3459 4219 3585 4268 vera
3611 4216 3698 4260 est
3722 4220 3845 4258 cou-

2255 4294 2445 4361 clusio.

2867 4389 3097 4445 CAPUT
3139 4390 3225 4445 Vl.

2486 4528 2721 4581 Alterum
2751 4528 3013 4599 soylcisma
3044 4526 3325 4580 discutitur
3351 4543 3416 4580 ea:
3439 4528 3611 4582 dictis.

2336 4620 2482 4675 Dtsc.
2522 4617 2764 4687 Intelligo
2799 4616 2942 4687 quod
2975 4616 3129 4681 dicis.
3166 4616 3304 4671 MAG.
3341 4616 3397 4672 Si
3438 4634 3567 4687 ergo
3602 4617 3740 4672 bene
3771 4617 3845 4670 iu-

2265 4711 2459 4782 telligis
2492 4723 2612 4780 qua:
2639 4708 2782 4771 dixi,
2825 4707 2912 4762 dic
2944 4710 3216 4777 quomodo
3260 4717 3318 4761 tu
3352 4709 3678 4762 dissolveres
3709 4711 3847 4763 hunc

2262 4801 2663 4875 syllogismum,
2705 4799 2749 4853 si
2782 4798 2905 4868 quis
2952 4798 3025 4852 ita
3065 4800 3415 4855 contexeret?
3457 4800 3640 4854 Omnis
3670 4818 3845 4871 gram-

2260 4894 2483 4948 maticus
2514 4889 2711 4944 dicitur
2733 4890 2787 4943 in
2815 4905 2873 4942 eo
2895 4888 3034 4959 quod
3061 4887 3248 4959 quale;
3276 4889 3449 4959 nullus
3475 4890 3627 4942 homo
3657 4891 3847 4945 dicitur

2262 4989 2316 5041 in
2358 5004 2417 5039 eo
2460 4986 2599 5054 quod
2636 4982 2821 5054 quale;
2866 4998 2987 5051 ergo
3030 4980 3206 5039 nullus
3253 4981 3408 5035 homo
3451 4982 3843 5050 grammaticus.

2264 5080 2409 5134 DISC.
2448 5076 2578 5132 Tale
2618 5076 2749 5132 mihi
2788 5076 2890 5130 hoc
2920 5074 3136 5129 videtur
3161 5088 3314 5140 esse,
3353 5088 3417 5129 ac
3450 5075 3496 5129 si
3533 5075 3845 5129 diceretur:

1868 5240 2105 5298 VARUE
2158 5241 2559 5304 LECTIONES.

640 5370 877 5451 “vim”
905 5375 1143 5451 {militiae
1169 5393 1295 5451 περ.
1326 5378 1741 5451 mihiulrinque
1814 5380 2207 5437 “"Coueludis
2242 5384 2446 5438 nullum
2479 5402 2578 5451 ms.
2616 5381 2750 5449 Vict.
2783 5382 2817 5447 5
2848 5381 3119 5436 concludit
3156 5380 3361 5434 nullum
3438 5379 3529 5413 ³⁹³⁸
3547 5378 3637 5434 Sic
3664 5377 3848 5443 utique

569 5458 695 5523 3m!-
728 5440 830 5523 1³ίο9
854 5444 1039 5523 ulig'te
1058 5440 1334 5523 tus-__Y‘ic_t_._
1361 5448 1440 5523 Δ15
1470 5448 1557 5502 hic
1592 5440 1778 5523 utique
1852 5451 2270 5523 ’WSubjectum
2300 5452 2501 5509 habent
2532 5445 2741 5507 tantum
2772 5442 3043 5506 hominem
3074 5468 3200 5505 mss.
3226 5440 3848 5523 subjectumterminum

569 5511 772 5593 habet“
796 5511 1073 5593 hominem
1151 5515 1248 5550 ³⁸³⁸
1278 5517 1541 5593 Videntur
1557 5511 1815 5593 probare,
1836 5532 1910 5593 ut
1938 5511 2298 5592 impr'udentia
2324 5541 2447 5578 mss.
2468 5525 2718 5579 videntur
2748 5523 3015 5592 probatur,
3042 5530 3101 5575 ut
3129 5511 3494 5593 impudéutfa
3535 5521 3626 5593 "3’
3648 5517 3848 5570 Eorum

570 5579 933 5661 conclusione.
962 5601 1278 5661 uinearum
1307 5579 1680 5661 conclusiones
1755 5579 1848 5624 ”“
1869 5592 1941 5645 Ita
1975 5579 2193 5647 necesse
2221 5594 2435 5648 videtur
2457 5612 2580 5649 mss.
2612 5579 2762 5648 Itane
2782 5594 2875 5646 tibi
2910 5579 3122 5646 videtur
3195 5579 3357 5645 ii’“lu
3382 5591 3697 5661 probatione
3722 5603 3849 5639 mss.

572 5650 628 5732 in
679 5651 1287 5732 prglatione___”"_'o_l‘{ec
1315 5660 1471 5732 obest
1499 5676 1624 5713 mss.
1654 5662 1785 5732 nihil
1815 5664 1966 5717 obest
2040 5660 2135 5696 ³ου
2177 5663 2316 5718 Vere
2344 5666 2472 5732 quid
2504 5682 2627 5719 mss.
2660 5679 2788 5717 rere
2819 5662 3019 5731 aliquid
3094 5662 3186 5694 ³⁸⁵⁸
3202 5650 3471 5732 Expectas
3518 5676 3635 5714 mss.
3678 5672 3850 5732 expe-

570 5730 707 5805 ctas.
740 5722 881 5778 Disc.
1107 5725 1225 5780 Dixi
1258 5728 1327 5805 in_
1344 5728 1464 5805 aliis
1492 5745 1617 5783 mss.
1648 5730 1755 5784 dixi
1789 5733 2078 5803 signiticari
2112 5733 2170 5787 in
2193 5734 2297 5790 illis
2326 5722 2446 5790 aliis
2522 5733 2855 5796 ‘9“Easdem
2889 5722 3228 5805 deﬁnitiones
3258 5722 3381 5786 υἷες.
3421 5732 3659 5791 curulem
3721 5722 3847 5779 acu.

574 5794 833 5863 “itionem
909 5794 1075 5851 “'"ld
1099 5805 1182 5852 est
1203 5812 1262 5851 ac
1286 5799 1330 5853 si
1376 5798 1587 5854 dicatur
1635 5816 1758 5861 mss.
1808 5794 1869 5858 ai:
1921 5804 1964 5857 si
2016 5806 2227 5859 dicatur
