4076 6288
1117 478 1347 536 CAPUT
1386 479 1519 547 Vlll.

782 565 1024 623 Emmen
1077 574 1373 640 argumenti
1406 590 1521 641 cap.
1555 574 1587 627 5
1613 577 1890 644 prapoeiti.

614 655 758 713 Disc.
800 657 915 714 Non
958 659 1130 723 habeo
1168 661 1295 730 quid
1345 672 1537 717 contra
1589 664 1728 719 hanc
1797 669 2121 722 sententiam

540 760 686 804 tuam
712 749 906 803 dicam.
939 748 1043 804 Sed
1065 752 1325 821 quoniam
1379 752 1610 808 latenter
1646 756 1903 813 monuisti
1947 773 2035 813 me
2064 767 2124 811 ut

527 829 643 895 inou
675 841 775 894 εἰιιι
799 850 1088 896 contentus
1154 840 1450 913 intelligere
1497 844 1623 913 quid
1676 846 1858 902 dicas:
1908 848 2003 902 sed
2048 848 2127 901 id-

546 931 725 999 ipsum
756 932 897 999 quod
927 932 1081 995 dicis,
1113 933 1451 993 considerem
1479 954 1492 989 :
1525 936 1738 992 videtur
1789 938 1918 993 mihi
1949 940 2127 994 consi-

536 1022 773 1076 denmda
807 1029 896 1075 tua
930 1024 1205 1078 conclusio
1236 1024 1351 1090 ’9",
1381 1041 1543 1096 quam
1561 1043 1626 1082 ex
1655 1043 1775 1083 meo
1804 1029 2119 1100 syllogismo

537 1111 732 1166 conﬁci
769 1113 1051 1168 os:endisti
1074 1131 1087 1175 ;
1108 1115 1234 1184 quia
1261 1130 1382 1171 esse
1406 1119 1743 1187 grammatici
1770 1130 1978 1175 nonest
1999 1137 2122 1177 esse

535 1205 787 1259 hominis.
805 1202 861 1259 Si
886 1205 1029 1260 enim
1054 1206 1158 1261 hoc
1184 1215 1296 1272 est,
1321 1208 1411 1276 qui
1438 1208 1601 1264 habet
1628 1212 1920 1265 essentiam
1937 1227 2120 1282 gram-

536 1294 745 1359 matici,
783 1309 886 1348 non
920 1296 1040 1350 ideo
1058 1298 1368 1353 necessario
1403 1298 1568 1353 habet
1596 1301 1889 1355 essentiam
1940 1303 2119 1357 homi-

536 1385 653 1449 nis;
692 1385 787 1439 sed
812 1386 856 1439 si
892 1386 1055 1441 homo
1080 1398 1338 1457 sequatur
1394 1392 1835 1467 grammaticum,
1885 1396 2119 1451 essentia

539 1475 777 1530 hominis
818 1477 1067 1546 sequitur
1116 1479 1407 1533 essentiam
1441 1483 1783 1551 grammatici
1820 1502 1832 1537 :
1868 1486 1962 1540 sed
2005 1487 2120 1542 hare

538 1582 644 1620 non
688 1567 933 1637 sequitur
995 1570 1165 1631 hanc,
1221 1585 1389 1639 quare
1434 1588 1533 1627 nec
1568 1572 1653 1626 ille
1680 1574 1847 1629 illum.
1892 1575 2008 1631 Non
2038 1588 2122 1634 est

537 1660 700 1731 igitur
725 1662 903 1716 omnis
933 1663 1322 1733 grammaticus
1352 1664 1515 1719 homo
1547 1682 1559 1717 :
1600 1675 1677 1729 at,
1710 1683 1831 1721 cum
1864 1669 2119 1725 omnibus

534 1754 904 1824 grammaticis
942 1771 1045 1810 una
1074 1756 1143 1811 sit
1165 1756 1323 1817 ratio,
1356 1773 1455 1811 cur
1479 1758 1589 1812 sint
1619 1760 1864 1815 homines
1888 1804 1901 1827 ,
1938 1763 2117 1831 profe-

533 1856 622 1901 cto
660 1855 753 1900 aut
779 1847 956 1903 onmis
1001 1851 1392 1919 grammaticus
1448 1862 1533 1907 est
1569 1853 1749 1914 homo,
1790 1864 1881 1907 aut
1920 1856 2115 1912 nullus.
2155 1843 2197 1902 Β

535 1936 642 1991 Sed
670 1949 883 1993 constat
912 1941 1038 2011 quia
1064 1956 1170 1995 non
1202 1942 1412 2007 omnis;
1444 1941 1623 1997 nullus
1661 1944 1845 2013 igitur.
1893 1944 2120 1999 Videtur

534 2030 719 2098 itaque
749 2030 840 2061 3"”
878 2031 1002 2099 quia
1032 2029 1343 2100 syllogismo
1374 2048 1492 2087 meo
1506 2033 1933 2099 conclusionem,
1957 2050 2118 2104 quam

535 2132 693 2176 acute
723 2122 1015 2187 abstulisti,
1044 2123 1341 2187 auferendo
1365 2126 1580 2179 acutius
1622 2126 1839 2180 dedisti.
1887 2126 2024 2180 MAG.
2054 2126 2120 2182 Et

536 2215 582 2269 si
615 2214 849 2269 latenter
884 2227 935 2271 te
960 2217 1141 2271 monui
1201 2218 1550 2273 considerare
1599 2219 1741 2289 quod
1780 2219 1971 2283 audis,
2013 2236 2117 2274 non

536 2316 744 2371 tamen,
781 2316 839 2371 ut
869 2318 1115 2378 apparet,
1150 2308 1414 2363 inutiliter
1461 2322 1475 2361 :
1515 2326 1638 2363 nam
1686 2310 1787 2365 etsi
1829 2310 2121 2380 sophistica

534 2397 735 2465 probes
771 2398 974 2451 nullum
1008 2399 1101 2431 "7’
1127 2399 1538 2468 grammaticum
1572 2400 1864 2462 hominem,
1885 2417 1981 2471 per
2010 2402 2111 2455 hoc

533 2491 681 2559 quod
735 2506 855 2545 esse
891 2491 1235 2561 grammatici
1295 2507 1397 2545 nou
1430 2502 1662 2551 estesse
1710 2493 1948 2547 hominis
1987 2493 2115 2557 "7';

531 2578 663 2655 utile
693 2589 871 2645 tamen
914 2580 1007 2635 tibi
1053 2581 1179 2645 erit,
1209 2596 1329 2635 cum
1356 2581 1530 2650 ipsum
1573 2582 1849 2651 sophisma
1896 2584 2037 2652 quod
2069 2592 2119 2638 te

532 2672 634 2727 sub
650 2672 810 2741 pallio
825 2688 963 2728 vera:
992 2674 1218 2728 rationis
1244 2674 1379 2727 laliit
1397 2674 1449 2727 in
1463 2690 1556 2728 sua
1573 2674 1803 2738 fallacia,
1823 2675 1895 2728 ita
1916 2677 2117 2729 nudum

532 2765 859 2835 conspicies.
892 2766 1034 2821 Disc.
1061 2764 1296 2821 Ostende
1351 2782 1481 2836 ergo
1525 2766 1667 2836 quod
1706 2782 1793 2821 me
1826 2767 2012 2833 fallat;
2065 2777 2119 2822 et

532 2854 621 2907 ubi
651 2872 735 2909 me
768 2854 915 2909 fallat
940 2856 1074 2925 haec,
1115 2872 1280 2925 quam
1310 2858 1468 2912 modo
1490 2857 1592 2912 feci
1631 2858 1698 2912 de
1738 2861 2115 2928 grammatico,

529 2946 798 3014 probatio.
831 2946 969 3003 MAG.
1020 2947 1327 3003 Redeamus
1359 2949 1554 3003 iterum
1585 2951 1652 3003 ad
1712 2950 1911 3004 animal
1942 2962 1993 3004 et
2023 2952 2121 3009 ho-,

532 3036 762 3103 minem,
793 3038 847 3093 in
878 3038 1079 3111 quibus
1110 3040 1181 3093 ita
1206 3039 1359 3111 quasi
1382 3040 1665 3110 palpamus
1690 3041 1972 3096 veritatem
1999 3042 2116 3107 ’9”,

1080 366 1135 422 S.
1176 366 1473 421 ANSELMI
1516 367 1866 424 CANTUAR.
1901 369 2223 439 AliClllEP.
2274 372 2425 427 ORP.
2472 373 2652 429 PARS
2684 375 2724 428 l.
2757 402 2827 414 -—
2861 372 3284 431 DOGMATICA.‘

3708 378 3815 435 508

2154 490 2203 546 Α
2233 487 2625 557 grammaticus
2645 488 2868 543 omnino
2898 498 2953 544 et
2978 488 3160 544 homo.
3177 488 3333 544 Sicut
3360 490 3505 545 enim
3524 494 3690 547 homo
3707 508 3815 548 non

2231 577 2393 633 debet
2416 578 2627 633 deﬁniri
2653 595 2773 633 cum
2803 580 3182 650 grammatica,
3206 580 3279 634 ita
3304 574 3692 650 grammatiCus
3710 597 3816 637 non

2227 669 2372 722 valet
2401 669 2522 730 sine
2546 670 2923 752 grammatica.
2963 670 3143 737 Quare
3165 669 3323 725 debet
3354 670 3576 740 intelligi
3608 672 3697 725 illa
3724 683 3815 727 tua

2228 764 2626 834 argumentatio
2641 762 2745 817 hoc
2773 762 2933 819 modo
2963 780 2976 817 :
3010 762 3067 817 Si
3094 776 3215 819 esse
3238 762 3579 831 grammatici
3603 769 3822 818 uon'est

2229 855 2549 931 simpliciter
2575 870 2698 910 esse
2713 854 2955 910 hominis
2979 871 2993 920 ;
3019 855 3109 925 qui
3135 853 3298 907 habet
3321 854 3611 908 essentiam
3637 869 3818 925 gram-

2228 948 2437 1012 matici,
2471 963 2579 1002 non
2606 947 2729 1002 ideo
2772 947 3023 1018 sequitur
3046 956 3103 1000 ut
3131 945 3327 1000 habeat
3367 945 3691 1014 simpliciter
3728 960 3819 1000 εε-

2226 1035 2457 1091 sentiam
2498 1036 2764 1093 hominis.
2815 1034 3082 1091 Similiter
3128 1035 3536 1106 intelligendum
3576 1044 3658 1091 est
3688 1035 3817 1105 quia

2226 1126 2544 1195 simpliciter
2566 1126 2729 1180 homo
2766 1142 2872 1182 non
2900 1126 3151 1196 sequitur
3181 1125 3621 1195 grammaticum,
3646 1125 3699 1179 id
3728 1133 3813 1178 est

2225 1216 2267 1269 si
2292 1216 2677 1285 grammaticus
2708 1225 2812 1281 est,
2843 1233 2947 1271 non
2986 1216 3235 1286 sequitur
3275 1227 3336 1270 ut
3367 1216 3439 1272 sit
3487 1216 3819 1287 simpliciter

2223 1308 2414 1373 homo;
2463 1308 2533 1363 ita
2586 1323 2715 1363 vero
2760 1308 2892 1362 nihil
2948 1308 3093 1362 aliud
3150 1311 3419 1377 sequitur,
3479 1308 3584 1363 nisi
3636 1306 3818 1360 nulla

2222 1402 2596 1467 grammaticus
2648 1409 2723 1453 est
2769 1397 3075 1469 simpliciter
3122 1400 3299 1453 homo.
3348 1400 3495 1455 Disc.
3520 1398 3665 1454 Nihil
3717 1397 3819 1431 ”“

2222 1487 2439 1541 clarius.

2823 1578 3051 1635 CAPUT
3092 1580 3180 1634 IX.

2430 1714 2593 1765 Ausit
2619 1713 2811 1781 aliquis
2863 1714 3238 1781 grammaticus
3274 1729 3381 1776 non
3417 1714 3592 1769 homo.

2299 1846 2436 1900 illac.
2477 1847 2671 1900 Verum
2706 1847 2748 1907 si
2787 1847 3133 1916 probaretur,
3160 1848 3303 1916 quod
3333 1846 3415 1917 (ut
3448 1846 3600 1917 puto)
3653 1846 3825 1903 facile

2224 1936 2337 1991 ﬁeri
2366 1937 2459 1971 ⁸⁸⁸³
2504 1948 2707 2006 potest,
2740 1940 2866 2008 quia
2926 1955 3045 1994 esse
3077 1940 3415 2009 grammatici
3446 1941 3520 1995 ita
3574 1956 3680 1995 non
3729 1952 3821 1995 est

2221 2046 2342 2085 esse
2370 2032 2624 2096 hominis,
2662 2033 2805 2087 sicut
2828 2047 2949 2088 esse
2973 2034 3078 2087 albi
3126 2049 3230 2087 non
3277 2042 3361 2089 est
3408 2049 3529 2090 esse
3566 2035 3817 2089 hominis

2223 2125 2421 2193 (potest
2451 2125 2594 2179 enim
2627 2125 2787 2180 homo
2811 2141 2930 2181 esse
2954 2126 3071 2180 sine
3102 2123 3246 2191 albo,
3280 2136 3337 2181 et
3366 2126 3547 2181 album
3566 2127 3683 2181 sine
3703 2127 3813 2181 ho-

2223 2216 2387 2285 mine)
2417 2233 2431 2269 :
2462 2225 2590 2271 tunc
2612 2231 2737 2271 vere
2758 2225 3079 2286 sequeretur
3108 2218 3342 2286 aliquem
3387 2218 3820 2287 grammaticum

2220 2323 2379 2377 posse
2401 2323 2519 2363 esse
2542 2325 2645 2364 non
2666 2310 2960 2371 hominem.
2996 2310 3139 2365 DISC.
3164 2309 3301 2377 Quid
3317 2326 3445 2380 ergo
3465 2310 3820 2365 laboramus?

2221 2399 2278 2454 Si
2311 2400 2412 2455 hoc
2434 2400 2529 2434 ⁸⁹⁸³
2588 2401 2805 2471 probari
2839 2410 3038 2470 potest,
3092 2402 3259 2471 proba
3291 2418 3304 2457 :
3341 2413 3397 2456 et
3440 2401 3663 2455 ﬁniatur
3688 2402 3813 2457 haec

2222 2493 2317 2525 ³³⁸⁸
2352 2492 2601 2563 quaestio.
2627 2493 2763 2550 MAG.
2797 2492 2914 2548 Non
2946 2494 3047 2549 hoc
3076 2510 3104 2547 a
3137 2510 3223 2548 me
3243 2493 3410 2549 debes
3443 2495 3533 2549 hic
3551 2495 3813 2565 exigere;
3860 2546 3864 2551 .

2222 2600 2324 2639 non
2354 2587 2498 2639 enim
2530 2585 2583 2640 in
2614 2585 2715 2639 hac
2735 2586 3032 2655 qumstione
3064 2586 3390 2641 ventilanms
3412 2595 3590 2640 utrum
3630 2588 3815 2657 possit

2221 2690 2363 2740 esse,
2391 2676 2486 2730 sed
2510 2685 2688 2731 utrum
2728 2678 2801 2732 sit
2826 2677 3023 2746 aliquis
3067 2678 3457 2749 grammaticus
3494 2694 3600 2732 non
3624 2680 3815 2745 homo,

2220 2768 2363 2838 quod
2417 2768 2571 2824 vides
2620 2770 2910 2824 monstrari
2966 2784 3071 2824 non
3139 2784 3319 2840 posse.
3354 2772 3497 2825 DISC.
3555 2770 3815 2825 Nondum

2221 2861 2398 2928 video,
2444 2862 2571 2930 quia
2603 2861 2781 2916 adhuc
2824 2861 2998 2917 habeo
3029 2862 3211 2917 dicere
3255 2872 3466 2916 contra.
3500 2861 3638 2917 hinc.
3691 2862 3815 2919 Dic.

2221 2952 2723 3023 Disc.,Aristoteles
2744 2954 3414 3023 ostenditgrammaticum
3457 2969 3647 3010 eorum
3694 2970 3822 3011 esse

2222 3058 2341 3113 quae
2366 3052 2490 3099 sunt
2518 3042 2871 3110 insubjecto:
2917 3042 3081 3115 146
3109 3053 3163 3097 ει
3205 3042 3379 3097 ιιυΙΙιιε
3423 3044 3586 3098 homo
3628 3054 3716 3098 est
3760 3045 3818 3099 in

534 3140 592 3184 ut
623 3131 829 3186 nullum
881 3132 1159 3203 sophisma,
1187 3134 1345 3197 nobis,
1388 3134 1735 3203 persuadeat,
1782 3134 1907 3189 licet
1937 3145 2115 3205 cogat,
2148 3194 2188 3211 Α
2224 3135 2469 3205 subjecto
2496 3153 2508 3189 :
2542 3150 2710 3204 quare
2734 3134 2911 3189 nullus
2934 3134 3026 3166 ’9”
3050 3134 3441 3205 grammaticus
3467 3134 3817 3190 homo..\lac.

530 3225 755 3291 credere
786 3225 1095 3288 falsitatem.
1129 3228 1223 3285 Dic
1252 3244 1383 3300 ergo
1417 3222 1595 3283 utrum
1622 3244 1743 3284 esse
1774 3230 2117 3296 uniuscujus-
2146 3197 2188 3252 C
2222 3224 3318 3294 NoluitAristoteleshocconsequiexsuis
3332 3224 3654 3279 dictisznam
3670 3225 3819 3280 idem

529 3330 637 3383 que
652 3314 729 3369 rei
753 3316 805 3370 in
837 3316 1156 3385 dililnitione
1204 3319 1489 3374 consistat.
1556 3317 1701 3373 Disc.
1738 3320 1812 3373 Ita
1841 3330 1940 3373 est.
1975 3318 2114 3381 Mac.

528 3405 1386 3475 Dilﬁnitiohominisestdiﬁinitio
1400 3408 1685 3464 animalis?
1703 3408 2113 3466 Disc.Minime:

530 3497 576 3553 si
601 3499 745 3553 enim
778 3500 979 3553 animat
1019 3501 1277 3555 rationale
1323 3502 1547 3557 mortale
1589 3505 1734 3571 (quae
1762 3510 1845 3557 est
1871 3501 2116 3556 diﬁiuitio

530 3587 1209 3660 hominis),essetdiﬁiuitio
1242 3592 1833 3660 ammalis,cuicunquc
1862 3594 2116 3647 conveni-

530 3689 615 3735 ret
644 3680 864 3747 animal,
895 3682 1209 3736 conveniret
1232 3682 1507 3737 rationale
1538 3683 1769 3738 mortale
1795 3700 1808 3748 ;
1843 3686 1985 3754 quod
2015 3683 2113 3737 fal-

530 3789 652 3826 sum
682 3772 780 3810 ³⁹⁷¹ι
804 3782 905 3828 εει.
938 3773 1078 3847 Msa,
1109 3774 1225 3829 Non
1255 3784 1339 3836 εει
1370 3776 1535 3846 igitur
1562 3792 1684 3832 esse
1734 3776 1968 3832 hominis
1996 3794 2115 3833 esse

529 3864 801 3935 animalis.
833 3865 978 3933 Disc.
1006 3865 1083 3922 lta
1106 3868 1476 3937 consequitur.
1497 3867 1633 3933 Msa.
1662 3868 1824 3925 Potes
1856 3870 2024 3941 igitur
2046 3887 2112 3931 ex

528 3957 633 4011 hoc
663 3959 892 4027 probare
920 3960 1043 4030 quia
1081 3960 1255 4015 nullus
1280 3962 1435 4029 homo
1459 3962 1664 4017 animal
1693 3976 1791 4024 est,
1815 3964 2001 4019 eadem
2020 3966 2113 3996 3m

527 4048 758 4117 ratione,
794 4066 899 4123 qua
958 4052 1201 4122 probasti
1254 4054 1416 4108 modo
1447 4054 1648 4107 nullum
1697 4057 2110 4124 grammaticum

525 4154 649 4194 esse
680 4141 977 4197 hominem.
1038 4143 1380 4214 Quapropter
1407 4144 1452 4200 si
1503 4145 1657 4201 vides
1712 4160 1957 4217 apertam
1992 4165 2113 4210 esse

526 4231 824 4287 falsitatem
852 4233 997 4319 quod
1023 4234 1138 4289 haec
1168 4235 1369 4291 tua‘m
1398 4235 1741 4292 ratiocinatio
1780 4237 1866 4292 hie
1893 4238 2111 4295 conclu-

525 4321 624 4385 dit,
668 4338 736 4376 ne
773 4322 968 4379 credas
1010 4335 1216 4381 certam
1261 4341 1384 4382 esse
1406 4328 1691 4383 veritatem
1710 4328 1827 4394 ⁸³⁷⁸,
1849 4331 1993 4399 quod
2039 4331 2108 4385 ibi

524 4413 664 4467 ludit
695 4413 808 4487 “’3’.
838 4416 1117 4472 Distam
1137 4418 1424 4474 ostendisti
1447 4420 1574 4489 quia
1598 4436 1684 4475 me
1706 4421 1863 4486 fallit,
1886 4425 2110 4479 ostende

522 4504 693 4558 etiam
717 4504 828 4581 ubi.
855 4505 996 4583 Mne.
1023 4506 1140 4581 Non
1179 4515 1332 4574 tenes
1374 4511 1517 4579 quod
1544 4510 1701 4580 paulo
1743 4522 1870 4568 ante
1891 4513 2025 4580 dixi,
2058 4524 2110 4569 te

523 4598 878 4669 concedente,
908 4600 1033 4669 quia
1057 4616 1178 4657 esse
1198 4603 1535 4672 grammatici
1576 4620 1681 4658 non
1725 4614 1807 4660 est
1854 4621 1975 4662 esse
2016 4608 2111 4662 ho-

528 4690 716 4757 minis,
748 4692 889 4746 idem
918 4700 1001 4747 est
1025 4709 1089 4748 ac
1119 4694 1163 4749 si
1195 4694 1471 4750 diceretur
1501 4713 1513 4749 :
1556 4696 1811 4761 Dil‘ﬁuitio
1842 4715 2109 4769 gramma-

526 4779 617 4839 tici
643 4794 750 4835 non
774 4789 856 4837 εει
880 4780 1127 4855 diﬁinitio
1146 4783 1384 4841 hominis
1401 4785 1517 4853 ων,
1544 4786 1594 4840 id
1618 4798 1717 4853 est,
1740 4803 1850 4844 non
1871 4800 1954 4843 est
1968 4790 2106 4846 idem

2141 4560 2191 4617 ι)

2220 3320 2539 3375 Aristoteles
2560 3319 2690 3374 dicit
2724 3318 3013 3388 quemdam
3046 3318 3340 3379 hominem,
3362 3326 3419 3371 et
3451 3317 3737 3371 hominem
3763 3326 3821 3371 et

2219 3411 2418 3466 animal
2439 3410 2872 3481 grammaticum.
2910 3411 3053 3464 Disc.
3094 3408 3376 3475 Quomodo
3396 3423 3527 3478 ergo
3552 3408 3817 3463 dissolvi-

2221 3514 2308 3557 tur
2339 3503 2440 3556 iste
2470 3500 2850 3572 syllogismus?
2880 3499 3020 3555 MAG.
3048 3498 3338 3569 Responde
3368 3498 3499 3553 mihi
3530 3516 3543 3550 :
3570 3513 3703 3553 cum
3726 3498 3811 3553 Io-

2217 3595 2402 3666 queris
2428 3596 2558 3649 mihi
2588 3597 2654 3649 de
2679 3593 3063 3669 grammatico,
3097 3591 3238 3646 unde
3263 3591 3557 3662 intelligam
3592 3591 3823 3661 teloqui

2218 3689 2283 3743 de
2313 3687 2416 3741 hoc
2452 3685 2694 3751 nomine,
2727 3701 2794 3740 an
2821 3684 2887 3738 de
2919 3685 3081 3738 rebus
3106 3698 3242 3754 quas
3292 3681 3601 3753 signiﬁcat?
3656 3681 3814 3737 Disc.

2215 3778 2291 3833 De
2315 3777 2495 3832 rebus.
2528 3776 2670 3831 MAG.
2704 3773 2851 3842 Quas
2879 3790 3011 3847 ergo
3036 3789 3125 3830 res
3157 3773 3470 3845 signiﬁcat?
3504 3773 3655 3828 Disc.
3706 3771 3821 3828 Ho-

2217 3870 2439 3931 minem,
2467 3878 2523 3923 ct
2559 3867 2997 3939 grammaticam.
3028 3866 3169 3921 Msa.
3194 3865 3398 3921 Audito
3425 3879 3556 3936 ergo
3582 3864 3695 3919 hoc
3716 3880 3818 3918 no-

2215 3962 2381 4026 mine,
2435 3960 2735 4031 intelligam
2778 3960 3055 4014 hominem
3106 3966 3198 4011 aut
3245 3957 3711 4028 grammaticam;
3765 3966 3821 4010 et

2216 4055 2446 4125 loquens
2467 4054 2533 4108 de
2557 4052 2917 4123 grammatico
2943 4050 3136 4121 loquar
3167 4050 3262 4082 ³⁹⁸⁶
3300 4050 3367 4104 de
3419 4050 3671 4113 homine,
3721 4060 3823 4103 aut

2214 4147 2279 4201 de
2300 4145 2674 4217 grammatica.
2694 4145 2838 4199 Disc.
2868 4144 2945 4199 Ita
2967 4152 3181 4214 oportet
3202 4142 3317 4197 ³⁹⁸⁷.
3338 4142 3477 4203 MAG.
3505 4143 3605 4197 Dic
3632 4158 3781 4215 ergo
3801 4158 3829 4215 :_

2215 4238 2389 4293 Homo
2413 4246 2496 4292 est
2522 4237 2848 4301 substantia,
2884 4253 2952 4291 an
2978 4238 3030 4291 in
3060 4235 3345 4305 subjecto?
3391 4234 3537 4290 Disc.
3567 4233 3695 4289 Non
3731 4246 3822 4292 est

2212 4330 2268 4385 in
2297 4329 2557 4399 subjecto,
2614 4330 2707 4385 sed
2751 4337 2835 4385 est
2886 4329 3205 4385 substantia.
3258 4329 3397 4385 MAG.
3433 4328 3821 4385 Grammatica

2211 4435 2293 4480 est
2326 4424 2581 4493 qualitas,
2625 4431 2681 4477 et
2733 4422 2787 4476 in
2836 4421 3096 4492 subjecto.
3142 4420 3289 4475 Disc.
3348 4417 3657 4487 Utrumque
3707 4433 3818 4474 est.

2215 4512 2354 4569 Msa.
2389 4512 2527 4581 Quid
2549 4527 2678 4582 ergo
2702 4510 2917 4575 mirum,
2945 4511 2989 4566 si
3016 4510 3139 4581 quis
3172 4509 3303 4564 dicit
3330 4510 3456 4578 quia
3478 4509 3822 4579 grammatic

2214 4620 2313 4663 cus
2337 4615 2419 4661 est
2446 4603 2768 4665 substantia,
2793 4612 2847 4657 et
2872 4617 2976 4657 non
3008 4611 3089 4656 est
3120 4601 3172 4654 in
3204 4598 3468 4669 subjecto,
3498 4606 3820 4653 secundum

2218 4698 2520 4763 hominem;
2572 4706 2626 4751 et
2681 4694 3066 4766 grammaticus
3111 4703 3194 4747 est
3238 4691 3331 4723 ³⁸⁸⁸
3356 4689 3615 4761 qualitas.
3668 4700 3730 4744 et
3761 4690 3835 4762 iu.

2212 4788 2479 4858 subjecto,
2507 4788 2801 4844 secundum
2830 4786 3239 4856 grammaticam
3266 4785 3290 4837 ?

1812 4900 2046 4974 νΑιιιιιΕ
2088 4900 2503 4957 LECTIONES.

591 4986 686 5058 f'"
704 4985 1059 5058 concedenda
1098 5000 1187 5044 tua
1222 4990 1502 5045 conclusio
1538 5006 1666 5049 mas.
1699 4992 2089 5046 consideranda
2127 4991 2213 5045 illa
2259 4991 2536 5046 conclusio
2609 4988 2907 5043 ""Nullus
2954 4988 3120 5058 igitur
3166 4987 3378 5058 videtur
3408 5006 3420 5040 :
3454 4987 3647 5056 Itaque
3684 5008 3817 5045 nm.

518 5056 700 5131 nullus
726 5054 1169 5131 igitur._\’idetur
1201 5061 1384 5129 itaque
1414 5061 1539 5130 quia
1570 5077 1670 5116 ms.
1712 5060 1847 5115 Vict.
1884 5062 1952 5116 15
1984 5062 2165 5116 nullus
2196 5062 2361 5131 igitur
2387 5062 2603 5115 videtur
2637 5062 2763 5130 quia
2839 5054 3176 5129 “"If'robem
3206 5057 3411 5131 nullum
3442 5054 3822 5131 mssaprohes

517 5127 728 5208 nullum
756 5127 767 5128 ί
803 5128 1047 5208 ’θήξεεε
1095 5127 1323 5208 rationis
1369 5127 1492 5208 mas.
1524 5146 1646 5208 esse
1677 5131 1916 5187 hominis
1990 5132 2173 5208 {mlta
2219 5127 2502 5208 palpamus
2530 5127 2703 5208 quasi.
2719 5127 3171 5208 veritatemptu.
3204 5127 3281 5208 ita
3308 5127 3465 5196 quasi
3511 5128 3823 5208 palpamus

517 5198 811 5270 veritatem
886 5200 981 5231 ³⁸⁷⁸
1000 5200 1309 5270 Rationale,
1346 5201 1489 5270 quod
1520 5200 1713 5255 falsum
1753 5218 1878 5256 mss.
1912 5203 2180 5257 rationale
2210 5196 2472 5265 mortale,
2502 5196 2644 5270 quod
2679 5200 2873 5255 falsum
2952 5196 3283 5252 ""Animal
3307 5213 3426 5251 cum
3448 5196 3645 5251 eadem
3681 5216 3817 5255 mss.

520 5267 729 5343 animal
754 5270 1057 5343 estgeadem
1110 5267 1383 5343 _"?7Quié
1407 5271 1524 5326 haec
1557 5280 1643 5325 tua
1674 5288 1800 5343 nisa.
1825 5273 1970 5343 quod
1998 5274 2119 5343 lucc
2140 5283 2237 5343 tua
2312 5267 2633 5343 ""Ceriam
2660 5272 2945 5343 veritatem
2976 5275 3336 5343 msstcertam
3364 5282 3484 5321 esse
3507 5271 3820 5343 veritatem

518 5337 615 5371 ³⁸⁷⁸
661 5337 813 5411 Quod
849 5341 923 5395 ibi
968 5340 1243 5397 concludit
1271 5357 1397 5395 mss.
1430 5344 1572 5411 quod
1600 5342 1669 5396 ibi
1700 5337 1859 5398 ludit'
1941 5341 2446 5398 ""Deﬁinitionem
2474 5342 2709 5396 hominis
2740 5357 2844 5396 non
2877 5355 2997 5395 esse
3027 5338 3413 5411 deﬁiuitioncm
3451 5341 3817 5408 grammatici

518 5409 948 5482 mss.__d_eﬁnitio
1008 5411 1350 5482 grammatici
1410 5409 1515 5471 non
1567 5422 1653 5468 est
1709 5413 1956 5469 deﬁnitio
2022 5413 2260 5469 hominis
2345 5412 2435 5445 ³⁹⁸¹
2489 5411 2821 5482 Simpliciter
2871 5409 3819 5482 ltomo,__quod“verumuestnnon

519 5476 884 5560 simpliciter“:
917 5475 1395 5560 sed"_lioino__t_alis
1424 5491 1517 5560 est
1558 5485 1966 5560 grammaticus.
2000 5484 2143 5539 Disc.
2172 5484 2304 5539 nihil
2331 5501 2455 5560 mss.
2496 5475 2814 5560 simpliciter
2846 5475 3204 5560 IlOll]0.nDi.§_(1.
3248 5478 3393 5560 nihil.
3435 5475 3552 5560 _"”
3573 5478 3820 5560 Ditﬁgit’e

519 5546 643 5629 ﬁeri
669 5564 795 5629 om.
819 5550 1003 5629 facile
1032 5548 1177 5629 fieri
1228 5546 1475 5618 m'Quid
1526 5546 1658 5629 ergo
1688 5553 2000 5629 laboramus
2018 5564 2223 5629 utrum
2250 5555 2421 5629 possit
2464 5546 2619 5609 esse?
2660 5555 2719 5629 si
2745 5554 2847 5607 hoc
2875 5550 3339 5629 mss._Quid“ergo
3374 5546 3741 5629 laboramus?
3770 5552 3816 5604 si

522 5617 632 5698 hoc
704 5617 802 5650 "“
819 5620 883 5675 Et
912 5621 1135 5698 ﬁniatur
1164 5623 1279 5698 hrec
1306 5617 1431 5698 mss.
1459 5632 1515 5677 et
1545 5617 1803 5698 ﬁrmatur
1825 5626 1940 5679 htec
2017 5617 2263 5691 m“Quia
2302 5624 2477 5698 nullus
2524 5641 2646 5677 mss.
2685 5621 3088 5698 Qtiare_nullus
3163 5618 3342 5698 ’“°Et
3373 5619 3612 5698 loqueris
3644 5620 3724 5675 de

519 5686 715 5761 loquor
740 5705 859 5770 mss.
892 5701 947 5745 et
976 5692 1202 5762 loquens
1233 5693 1381 5747 de
1415 5693 1602 5762 loquar
1680 5694 1974 5751 3"""Itanuc
2016 5686 2229 5767 oportet
2260 5712 2382 5749 mss.
2418 5696 2487 5747 ita
2534 5686 2745 5764 oportet
2835 5692 2928 5729 3““
2946 5694 3010 5746 lit
3054 5688 3408 5761 grammatica
3453 5696 3535 5743 est
3566 5705 3705 5743 mu.
3763 5705 3817 5746 et

522 5768 907 5828 grammaticus
950 5773 1032 5817 est
2592 5778 2595 5779 ⁷
