4076 6288
348 331 458 386 569

961 439 1191 498 CAPUT
1223 440 1289 495 Χ.

350 531 750 588 Grammaticus
775 549 844 586 an
881 533 949 587 sit
1003 533 1202 602 prima,
1226 549 1296 586 an
1346 530 1578 589 secunda
1623 529 1940 585 substantia.

424 623 572 678 Dtsc.
601 621 824 678 Dilliteri
848 637 954 676 non
984 637 1204 697 possum
1230 621 1358 686 ;sed
1376 636 1544 676 unum
1573 618 1942 676 adhucdicam

348 730 452 770 cur
485 713 581 761 ἠ’
631 712 1024 784 grammaticus
1071 728 1179 768 non
1210 712 1281 766 sit
1307 711 1650 777 substantia;
1676 711 1804 783 quia
1827 725 1944 767 om-

347 805 436 860 nis
459 804 771 868 substantia
801 811 885 859 est
908 803 1086 873 prima
1136 812 1232 857 aut
1253 802 1521 868 secunda;
1549 802 1943 874 grammaticus

345 906 536 963 autem
564 910 665 951 nec
692 895 890 965 prima,
942 909 1045 950 nec
1071 895 1333 950 secunda.
1375 892 1516 948 MAG.
1558 892 1828 948 Memento
1861 892 1942 947 di-

345 998 569 1046 ctorum
594 987 923 1052 Aristotelis,
949 1001 1071 1057 qua:
1090 985 1252 1058 paulo
1274 995 1400 1047 ante
1435 985 1566 1049 dixi,
1592 986 1790 1065 quibus
1811 984 1943 1041 dicit

343 1079 768 1148 grammaticum
801 1077 895 1110 '"°
924 1086 978 1132 et
1006 1078 1239 1148 primam
1269 1086 1325 1132 et
1353 1076 1648 1133 secundam
1681 1076 1940 1131 substan-

345 1170 524 1234 tiam;
558 1169 688 1240 quia
719 1178 776 1224 et
826 1169 1104 1224 hominem
1141 1169 1456 1240 quemdam,
1480 1177 1535 1224 et
1581 1168 1856 1222 hominem
1883 1177 1941 1223 et

340 1259 572 1325 animal,
597 1260 1012 1331 grammaticum
1030 1258 1134 1315 dici
1164 1268 1398 1316 testatur
1428 1275 1442 1313 :
1466 1257 1558 1314 sed
1589 1267 1770 1314 tamen
1795 1259 1939 1314 unde

343 1351 486 1422 prob
523 1365 555 1412 ε
581 1351 996 1423 grammaticum
1019 1366 1125 1406 non
1149 1365 1271 1407 csse
1299 1351 1554 1420 primam,
1600 1357 1694 1404 aut
1741 1363 1936 1405 secun-

340 1443 474 1512 dam
497 1443 863 1500 substantiam
887 1445 911 1497 ?
937 1445 1083 1499 DISC.
1113 1442 1250 1510 Quia
1276 1451 1362 1500 est
1401 1442 1454 1496 in
1477 1442 1752 1512 subjecto,
1789 1441 1936 1511 quod

341 1535 439 1569 ιη’
470 1535 621 1590 nulla
648 1535 954 1591 substantia
979 1544 1088 1600 est;
1106 1544 1162 1590 et
1191 1535 1392 1589 dicitur
1415 1534 1481 1589 de
1504 1533 1933 1603 pluribus,quod

340 1627 540 1694 prima:
561 1639 670 1680 non
695 1633 812 1688 est;
844 1639 945 1680 nec
965 1632 1051 1681 est
1079 1639 1269 1696 genus,
1296 1633 1390 1680 aut
1413 1623 1644 1694 species,
1674 1637 1776 1678 nec
1801 1624 1934 1679 dici-

340 1725 438 1771 trr
467 1716 520 1770 in
551 1731 618 1772 eo
647 1715 790 1786 quod
813 1716 941 1786 quid
971 1733 985 1769 :
1017 1717 1159 1786 quod
1185 1726 1268 1772 est
1295 1714 1566 1770 secundas.
1602 1715 1745 1769 ΜΑσ.
1789 1713 1930 1769 Nihil

1693 325 1778 380 us
1813 285 2270 380 annumnec

1971 441 2022 497 Α
2050 450 2168 488 men
2198 433 2562 504 grammatici,
2615 433 2829 504 ignorat
2876 433 3290 504 grammaticum
3318 431 3626 501 signiﬁcare
3658 489 3668 502 ί

3517 323 3625 377 570

2047 525 2322 583 hominem
2349 533 2404 580 et
2439 525 2854 596 grammaticam
2887 535 2982 580 :et
3019 533 3201 579 tamen
3223 523 3267 579 si
3295 523 3397 578 hac
3429 523 3624 576 ﬁducia

2048 619 2100 673 in
2135 617 2331 687 populo
2353 616 2578 688 loquens
2615 616 2793 672 dicam
2838 629 2852 670 :
2904 614 3060 670 Utilis
3083 614 3300 670 scientia
3329 623 3404 669 est
3444 614 3627 682 gram-

2045 707 2286 772 maticus,
2305 715 2419 771 aut,
2437 706 2666 761 benescit
2680 707 2938 766 Itomoiste
2961 704 3365 776 grammaticum
3388 705 3503 770 "9",
3521 721 3624 758 non

2051 803 2225 858 solum
2254 801 2738 862 stomachabuntur
2763 797 3128 869 grammatici,
3161 795 3256 852 sed
3284 805 3339 851 et
3371 797 3627 851 ridebunt

2045 897 2252 950 rustici.
2282 894 2600 951 Nullalenus
2651 896 2834 964 itaque
2875 893 3092 949 credam
3129 893 3246 948 sine
3288 891 3467 962 aliqua
3519 891 3624 946 alia

2045 990 2254 1044 ratione
2281 999 2604 1045 tractatores
2629 989 2926 1044 dialectica'
2958 997 3068 1042 tam
3110 1001 3256 1056 saepe
3289 996 3343 1040 et
3373 994 3482 1040 tam
3513 993 3628 1039 slu-

2042 1083 2195 1138 diose
2223 1083 2275 1137 in
2308 1081 2422 1137 suis
2451 1080 2608 1136 libris
2646 1080 2932 1150 scripsisse
2955 1079 3096 1149 quod
3127 1079 3267 1133 idem
3316 1078 3416 1147 ipsi
3456 1076 3628 1132 collo-

2041 1187 2268 1247 quentes
2310 1175 2496 1230 dicere
2541 1174 2936 1229 erubescerent
2991 1190 3004 1225 :
3051 1172 3350 1242 Strpissime
3392 1186 3627 1240 namque

2038 1284 2161 1324 cmn
2189 1267 2377 1323 volunt
2397 1267 2684 1321 ostendere
2709 1265 3025 1336 qualitatem
3056 1273 3149 1318 aut
3191 1263 3448 1317 accidens
3497 1263 3626 1317 sub-

2031 1359 2285 1432 juuguut,
2318 1369 2374 1412 ut
2407 1358 2819 1429 grammaticus,
2851 1368 2898 1412 et
2917 1356 3111 1410 similia
3150 1373 3167 1409 :
3196 1371 3321 1410 cum
3345 1371 3620 1425 gramma-

2041 1451 2205 1504 ticum
2231 1447 2405 1518 magis
2431 1461 2554 1503 esse
2589 1447 2969 1510 substantiam,
3000 1461 3162 1516 quam
3192 1444 3507 1515 qualitatem
3535 1456 3630 1500 aut

2039 1540 2312 1607 accidens,
2347 1555 2479 1595 usus
2522 1539 2762 1593 omnium
2791 1537 3129 1607 loquentium
3174 1543 3464 1591 attestetur
3485 1535 3578 1568 "’3
3609 1553 3624 1589 :

2036 1645 2230 1692 etcum
2257 1634 2443 1688 volunt
2471 1633 2673 1704 aliquid
2698 1633 2894 1688 docere
2917 1632 2982 1686 de
3012 1629 3106 1662 ³⁸³⁸
3139 1629 3466 1693 substantia,
3496 1643 3628 1683 nus-

2036 1745 2196 1798 quam
2224 1727 2536 1798 proferunt,
2593 1735 2673 1791 ut,
2710 1724 3086 1794 grammaticus
3109 1764 3124 1789 ,
3153 1733 3245 1776 aut
3301 1721 3502 1794 aliquid
3527 1723 3626 1776 Im-

341 1807 571 1872 l-orum,
605 1807 649 1862 si
685 1806 1146 1863 benemcministi
1175 1821 1294 1876 qua:
1317 1805 1430 1874 jam
1460 1804 1719 1872 diximus,
1757 1805 1928 1861 aufert

2030 1797 2266 1888 jusmodi
2293 1815 2410 1869 ‘°°°.
2438 1814 2552 1870 lluc
2576 1814 2784 1871 accedit
2811 1815 2935 1884 quia
2968 1813 3014 1868 si
3045 1813 3180 1869 ideo'
3207 1812 3620 1887 grammaticus,

339 1900 438 1931 ³⁸⁵⁸
467 1899 828 1970 grammatico
875 1899 1429 1966 substantiam;quia
1481 1899 1777 1953 secundum
1824 1897 1920 1952 ali-

336 1990 472 2060 quid
497 1989 887 2059 grammaticus
908 2005 1014 2045 non
1031 1999 1115 2045 est
1134 1990 1186 2044 in
1199 1987 1461 2057 subjecto,
1485 1999 1540 2044 et
1564 1998 1645 2044 est
1660 2005 1851 2059 genus,
1881 1998 1936 2045 et

337 2080 647 2151 species,ct
672 2079 872 2136 dicitur
894 2080 947 2135 in
967 2095 1033 2136 eo
1061 2080 1204 2149 quod
1228 2079 1400 2149 quid;
1420 2080 1546 2150 quia
1571 2088 1725 2134 estet
1748 2080 1928 2142 homo,

335 2175 430 2244 qui
457 2174 674 2244 species
693 2184 778 2229 est
804 2190 818 2238 ;
847 2182 902 2229 et
923 2174 1146 2240 animal,
1171 2174 1315 2244 quod
1337 2183 1424 2229 est
1471 2188 1679 2245 genus;
1722 2183 1778 2228 et
1813 2173 1931 2232 hate

336 2263 606 2318 dicuntur
634 2263 686 2319 in
717 2279 783 2319 eo
809 2264 951 2334 quod
987 2264 1138 2334 quid.
1174 2264 1242 2318 Et
1268 2265 1433 2320 etiam
1491 2264 1930 2330 individuus'm,

334 2353 484 2410 sicut
506 2353 673 2408 homo
698 2361 752 2408 et
774 2353 975 2408 animal
1000 2368 1015 2418 ;
1037 2353 1166 2424 quia
1195 2354 1652 2426 quemadmodum
1708 2354 1928 2426 quidam

333 2446 530 2510 homo,
563 2454 619 2500 et
643 2445 917 2516 quoddam
967 2445 1170 2500 animal
1198 2462 1215 2513 ;
1261 2445 1336 2502 ita
1358 2445 1580 2516 quidam
1603 2447 1927 2516 grammati-

329 2532 483 2591 ticus
504 2543 592 2589 est
612 2533 940 2590 individuus.
969 2533 1228 2591 Socrates
1256 2535 1404 2596 enim
1432 2544 1487 2590 et
1543 2535 1704 2590 homo
1731 2544 1787 2592 et
1807 2536 1930 2590 auio

330 2625 445 2678 mal
468 2632 576 2690 est,
604 2633 661 2680 et
698 2625 1108 2694 grammaticus.
1145 2627 1292 2681 Dtsc.
1317 2625 1433 2681 Non
1462 2640 1684 2695 possum
1727 2641 1930 2697 negare

330 2716 484 2788 quod
513 2717 700 2779 dicisa

361 2795 365 2803 ’
946 2809 1176 2872 CAPUT
1200 2809 1291 2871 XI.

626 2897 904 2953 Hominem
945 2916 1048 2953 non
1071 2917 1180 2955 esse
1213 2903 1633 2970 grammaticam.

406 2992 555 3047 MAG.
585 2991 641 3046 Si
668 2993 772 3045 alia
790 3007 898 3047 non
926 2991 1116 3056 habes,
1145 2992 1286 3046 unde
1307 2992 1728 3063 possisprobare
1753 3008 1926 3064 gram-

328 3083 602 3136 maticum
636 3097 741 3136 nou
788 3095 910 3136 esse
955 3081 1254 3146 hominem,
1281 3097 1423 3136 nunc
1445 3083 1614 3152 proba
1662 3099 1784 3138 eum
1817 3098 1923 3144 non

2038 1907 2165 1977 quia
2196 1905 2468 1977 signiﬁcat
2494 1905 2770 1959 hominem
2803 1914 2854 1958 et
2880 1904 3314 1974 grammaticam,
3365 1902 3624 1958 dicendus

2037 2007 2121 2054 est
2145 1997 2448 2054 substantia
2470 2005 2524 2050 et
2549 1995 2802 2066 qualitas,
2851 2009 2948 2050 cur
2987 1993 3149 2048 homo
3174 2007 3276 2049 non
3323 2001 3407 2049 est
3433 1992 3626 2048 simili-

2038 2099 2121 2152 ter
2139 2089 2379 2161 qualitas
2401 2087 2557 2144 “met
2581 2086 2920 2148 substantia?
2958 2083 3131 2140 l'lomo
3155 2099 3385 2154 namque
3420 2083 3628 2155 signiﬁ-
3656 2150 3658 2154 τ

2035 2188 2122 2236 cat
2143 2179 2527 2244 substantiam,
2554 2192 2678 2232 cum
2706 2176 2960 2232 onmibus
2983 2173 3090 2228 illis
3121 2172 3463 2240 differentiis,
3503 2189 3624 2243 qua:

2034 2277 2158 2326 sunt
2188 2269 2240 2322 in
2263 2268 2505 2332 homine,
2539 2276 2692 2337 utest
2713 2265 3049 2325 sensibilitas
3071 2274 3126 2321 et
3154 2265 3477 2320 mortalitas.
3516 2263 3623 2319 Sed

2035 2375 2323 2430 nusquam,
2355 2358 2447 2413 ubi
2477 2359 2550 2414 sit
2600 2358 2863 2428 scriptum
2894 2357 3097 2428 aliquid
3121 2359 3188 2413 de
3238 2358 3336 2390 ‘°°’
3361 2357 3623 2429 qualitate

2034 2451 2213 2522 aliqua
2250 2492 2266 2517 ,
2332 2450 2602 2520 prolatum
2660 2459 2745 2504 cst
2804 2450 2870 2504 ad
2920 2449 3016 2481 ⁸⁰⁰³
3069 2447 3374 2518 exemplum
3411 2491 3428 2515 ,
3484 2447 3620 2503 velut

2032 2545 2206 2600 homo.

2671 2631 2901 2688 CAPUT
2938 2631 3050 2686 XII.

2073 2725 2266 2791 Homo,
2300 2735 2348 2780 et
2376 2722 2952 2858 grammaticushquam
2977 2735 3118 2775 varie
3154 2719 3453 2789 significent
3478 2734 3576 2773 sua

2619 2809 2752 2858 signi
2799 2803 2940 2846 cata.

2619 2803 2940 2863 signiﬁcata.

2103 2909 2239 2965 Mtte.
2282 2907 2434 2976 Quod
2461 2907 2609 2962 illam
2639 2905 2905 2961 rationem
2930 2917 3092 2973 quam
3130 2899 3266 2966 dixi,
3316 2916 3414 2956 cur
3438 2915 3621 2970 gram-

2031 3001 2284 3066 maticus,
2315 3000 2521 3056 scilicet
2575 3000 2646 3052 sit
2676 2996 2980 3051 substantia
3029 3007 3084 3052 et
3117 2993 3368 3067 qualitas,
3413 2994 3620 3048 idcirco

2030 3093 2306 3164 repudies,
2335 3092 2463 3162 quia
2492 3105 2600 3146 non
2628 3089 2773 3144 valet
2793 3088 2846 3142 in
2873 3087 3095 3143 nomine
3119 3086 3377 3151 hominis,
3403 3085 3612 3139 idcirco

325 3187 455 3236 esse
477 3173 912 3243 grammaticam.
948 3173 1093 3227 Dtsc.
1117 3171 1354 3227 Facilius
1378 3173 1481 3228 hoc
1506 3190 1726 3244 possunt
1754 3175 1925 3246 digito

2031 3185 2185 3249 facis,
2218 3192 2276 3238 ut
2305 3190 2459 3254 puto,
2485 3181 2611 3250 quia
2658 3194 2762 3236 non
2801 3179 3117 3234 consideras
3138 3194 3298 3248 quam
3339 3174 3618 3230 dissimili-

324 3279 498 3332 quam
528 3271 870 3331 argumento.
922 3262 998 3318 lbi
1045 3279 1278 3335 namque
1323 3264 1534 3334 fregisti
1587 3266 1772 3320 omnia
1803 3283 1922 3323 mea

324 3362 680 3424 argumenta,
710 3353 802 3408 ubi
826 3354 1086 3422 aperuisti
1138 3370 1168 3407 a
1224 3355 1583 3425 grammatico
1623 3356 1920 3422 signiﬁcari

323 3445 575 3506 diversa,
604 3455 660 3497 et
688 3443 984 3500 secundum
1021 3460 1085 3506 ea
1129 3444 1460 3515 loquendum
1512 3454 1568 3500 et
1616 3445 1923 3519 intelligen-

321 3535 460 3588 dum
493 3533 563 3587 de
583 3533 944 3604 grammatico
997 3552 1009 3589 :
1062 3536 1204 3604 quod
1235 3536 1485 3605 quamvis
1525 3534 1763 3591 abnuere
1813 3555 1920 3594 non

318 3631 533 3704 possim
560 3630 653 3661 'm
686 3639 863 3686 tamen
894 3645 1000 3686 non
1037 3632 1118 3687 sic
1140 3631 1410 3686 satisfacit
1458 3633 1640 3687 animo
1682 3647 1828 3698 meo,
1863 3643 1920 3689 nt

315 3727 478 3786 velut
502 3725 646 3794 quod
669 3727 946 3795 quaerebat
973 3726 1214 3788 invento,
1239 3725 1486 3792 quiescat
1511 3742 1524 3787 ξ
1559 3725 1916 3782 viderisenim

316 3817 461 3874 mihi
496 3817 655 3886 quasi
687 3832 795 3872 non
823 3833 1015 3872 curare
1036 3828 1094 3872 ut
1123 3832 1211 3872 me
1239 3816 1333 3848 ³⁸⁸⁸
1351 3817 1572 3882 doceas,
1595 3819 1689 3874 sed
1706 3825 1917 3873 tantum

314 3917 378 3977 ut
417 3910 669 3965 rationes
705 3925 854 3965 meas
879 3912 1148 3966 obstruas.
1207 3909 1335 3975 Sed,
1391 3911 1534 3966 sicut
1582 3925 1760 3965 meum
1815 3910 1918 3966 fuit

312 4015 604 4072 exponere
634 4017 755 4072 qum
787 4016 874 4057 me
902 4017 967 4057 ex
989 4010 1217 4072 utraque
1239 4001 1464 4073 partein
1500 4001 1914 4073 ambiguitatem
1990 4068 1998 4074 _

311 4099 557 4163 cogunt,
594 4092 670 4147 ita
699 4101 848 4147 tuum
876 4102 995 4149 erat
1017 4101 1108 4148 aut
1133 4107 1297 4146 unam
1347 4099 1556 4161 partem
1608 4091 1913 4157 destruere,

309 4192 412 4238 aut
435 4183 728 4237 ostendere
750 4183 1020 4253 quomodo
1043 4182 1143 4237 sibi
1175 4183 1404 4238 invicem
1420 4200 1544 4250 ,non
1587 4192 1911 4252 repugnent.

309 4271 466 4328 MAG.
491 4270 604 4327 Cur
625 4274 879 4334 nonsatis
911 4275 1002 4329 tibi
1019 4275 1236 4329 videtur
1259 4283 1538 4331 ostensum
1567 4275 1710 4344 quod
1728 4290 1913 4344 gram-

309 4366 586 4418 maticum
629 4380 748 4420 esse
791 4366 1172 4431 substantiam,
1229 4375 1282 4422 et
1325 4367 1741 4438 grammaticum
1791 4381 1913 4421 esse

307 4452 414 4498 ⁸³⁸⁸
442 4453 794 4524 qualitatem,
816 4473 1156 4528 nequaquam
1181 4470 1483 4530 repugnent
1509 4458 1610 4514 sibi
1648 4458 1909 4524 invicem,

306 4550 362 4603 in
396 4565 474 4604 eo
501 4550 646 4618 quod
687 4550 755 4606 de
792 4554 1148 4626 grammatico
1195 4554 1356 4610 modo
1399 4554 1698 4610 secundum
1734 4553 1910 4608 homi-

305 4641 648 4704 neti),tnodo
676 4644 974 4701 secundum
1011 4645 1422 4714 grammaticam
1456 4643 1605 4713 loqui
1637 4650 1693 4696 et
1744 4642 1908 4696 intel-

2028 3287 2110 3337 ter
2138 3273 2726 3344 signiﬁcenttscilicet
2747 3286 2942 3326 nomen
2966 3271 3226 3335 hominis,
3272 3284 3334 3323 ea
3381 3285 3444 3322 ex
3488 3269 3607 3336 qui-

2023 3367 2126 3421 bus
2153 3372 2373 3421 constat
2419 3363 2610 3428 homo;
2663 3369 2715 3416 et
2757 3359 3165 3429 grammaticus,
3239 3357 3511 3412 hominem
3556 3363 3612 3409 et

2027 3454 2465 3526 grammaticam.
2498 3450 2700 3521 Nempe
2724 3464 2922 3504 nomen
2953 3447 3191 3502 hominis
3216 3460 3314 3517 per
3348 3461 3428 3510 se,
3461 3456 3516 3499 et
3549 3453 3610 3498 ut

2021 3525 2210 3616 unum,
2247 3545 2515 3616 signiﬁcat
2536 3561 2598 3600 ea
2619 3560 2683 3598 ex
2718 3542 2912 3614 quibus
2934 3547 3149 3596 constat
3176 3547 3318 3594 totus
3339 3540 3527 3601 homo;
3552 3525 3620 3590 in,

2020 3638 2215 3708 quibus
2237 3637 2538 3692 substantia
2562 3632 2919 3706 principalem
2943 3631 3123 3688 locum
3155 3630 3598 3698 tenet,quoniam

2020 3739 2106 3784 εει
2127 3742 2287 3781 causa
2317 3725 2638 3789 aliurum,et
2666 3723 2872 3778 habens
2896 3737 2958 3777 ea
2984 3737 3090 3776 non
3113 3730 3174 3774 ut
3201 3720 3445 3790 indigens
3473 3717 3601 3781 illis.
3650 3782 3652 3786 τ

2019 3817 2114 3871 sed
2138 3826 2195 3869 ut
2223 3832 2280 3871 se
2311 3815 2629 3886 indigentia.
2663 3814 2821 3869 Nulla
2848 3800 2994 3868 enim
3023 3822 3110 3868 est
3130 3811 3431 3867 dill'erentia
3475 3810 3607 3866 sub-

2018 3906 2254 3968 stantias.
2288 3906 2405 3960 sine
2439 3921 2543 3973 qua
2579 3905 2886 3960 substantia
2917 3902 3144 3957 inveniri
3175 3918 3279 3961 non
3312 3900 3517 3970 possit;
3545 3907 3602 3955 et

2018 3997 2164 4052 nulla
2192 3995 2624 4070 dilferentiartlm
2685 3995 2827 4064 ejus,
2873 3979 2994 4050 sine
3015 3993 3104 4048 illa
3141 4001 3319 4064 potest
3347 3991 3601 4046 existere.

2017 4088 2364 4158 Quapropter
2414 4086 2666 4156 quamvis
2713 4085 2894 4140 omnia
2920 4083 3101 4148 simul,
3151 4084 3294 4137 velut
3325 4097 3490 4136 unum
3524 4089 3605 4136 to~

2017 4190 2151 4245 tum,
2194 4181 2296 4237 sub
2325 4196 2428 4233 una
2453 4178 2851 4250 signiﬁcatione
2877 4191 2987 4231 uno
3012 4176 3232 4231 nomine
3259 4174 3604 4244 appellentur

2015 4274 2175 4328 homo
2196 4289 2217 4338 ;_
2238 4272 2318 4328 sic
2349 4279 2529 4326 tamen
2559 4269 2932 4340 principaliter
2957 4270 3058 4324 hoc
3086 4282 3282 4323 nomen
3306 4274 3390 4321 est
3431 4265 3601 4334 signi-

2017 4364 2289 4419 ﬁcativum
2311 4374 2366 4418 et
2395 4363 2777 4432 appellativum
2806 4360 3125 4416 substanth
3149 4377 3164 4425 ;
3197 4367 3257 4413 ιιι
3277 4375 3400 4417 cum
3452 4366 3605 4413 recte

2017 4459 2250 4525 dicatur,
2308 4455 2606 4510 substantia
2642 4466 2715 4507 est
2757 4455 2933 4516 homo,
2987 4463 3042 4509 et
3078 4455 3232 4508 homo
3280 4451 3601 4513 substantia,

2019 4550 2196 4605 nullus
2222 4559 2399 4604 tamen
2424 4549 2588 4612 dicat,
2620 4546 2954 4601 rationalitas
2989 4555 3065 4600 est
3091 4545 3266 4607 homo,
3300 4557 3415 4607 aut,
3437 4545 3604 4598 homo

2015 4642 2371 4706 rationalitas,
2398 4641 2491 4694 sed
2523 4639 2731 4693 habens
2768 4637 3216 4692 rationalitatem.
3257 4635 3595 4692 Grammati-

301 4746 447 4806 gere
469 4735 720 4802 oportet?
749 4736 896 4790 Dtsc.
921 4733 1188 4802 Quoniam
1220 4751 1381 4790 nemo
1397 4738 1486 4805 qui
1521 4736 1776 4807 intelligit
1807 4754 1905 4790 no-
1937 4757 1942 4763 ι
2015 4751 2109 4789 cus
2140 4749 2270 4789 vero
2295 4750 2403 4795 non
2436 4733 2708 4803 signiﬁcat
2735 4731 3032 4798 hominem,
3060 4739 3114 4786 et
3141 4727 3552 4802 grammaticam
3575 4765 3595 4792 ι

1612 4867 1848 4925 VARI/lii
1899 4864 2300 4924 LECTIONES.

405 5006 512 5040 ⁸⁸⁵⁸
551 5007 741 5062 Adhuc
780 5010 986 5071 dicam;
1044 5023 1166 5063 cum
1212 5025 1345 5072 mss.
1394 5008 1570 5062 adlmc
1616 5008 1822 5074 dicam,
1857 5021 1988 5062 cur-
2052 5004 2152 5036 ³³⁸⁸)
2185 5002 2390 5069 Quibus
2443 4999 3049 5074 dicit,'grammaticus“
3077 5014 3217 5074 nisa.
3269 4995 3468 5065 quibus
3512 4995 3592 5074 di~

297 5080 382 5136 cit
429 5081 855 5151 grammaticum
970 5065 1212 5151 5°?‘Quia
1265 5065 1350 5134 est
1392 5081 1445 5132 in
1481 5078 1754 5151 subjecto,
1797 5065 1922 5148 quia
1968 5075 2099 5151 mas.
2139 5065 2264 5144 quia
2310 5082 2393 5151 est.
2428 5065 2911 5151 Sllllj‘t?Cl'(?-||UOI-lnu
2953 5069 3051 5151 ξξθξ
3101 5067 3385 5151 Diximus,
3429 5065 3589 5151 aufe-

295 5135 599 5206 militum“.
631 5150 864 5208 diximus
889 5168 902 5204 :
927 5135 1126 5204 aul'rrt:
1168 5151 1300 5216 Quia
1329 5135 1623 5204 secundum
1669 5135 1829 5205 aliud.
1855 5164 1980 5200 mss.
2010 5147 2136 5215 quia
2159 5135 2474 5200 'semtndnm
2504 5135 2734 5210 aliqui‘l'
2761 5211 2772 5217 _
2817 5139 3251 5217 "9’_‘l_‘3_Sl-tll_llt‘,_ln
3276 5135 3595 5217 individuus

296 5238 442 5284 mu.
494 5227 581 5273 est
627 5220 788 5274 etiam
825 5221 1133 5275 individuus
1179 5208 1545 5275 ""Abuude
1592 5236 1698 5275 non
1744 5233 1962 5290 possum
2012 5208 2138 5270 at...
2185 5217 2425 5269 abnuere
2470 5208 2830 5290 ttqtrlpﬂssim
2909 5208 3237 5290 amVideris
3287 5208 3448 5275 quasi
3478 5221 3586 5290 non

295 5281 560 5347 tractare
607 5298 667 5344 ut
714 5306 802 5345 me
852 5307 979 5354 mss.
1025 5290 1227 5344 videris
1274 5291 1420 5344 enim
1471 5291 1602 5348 mihi
1650 5281 1802 5360 quasi
1857 5302 1965 5342 non
2013 5301 2206 5360 curare
2234 5294 2317 5360 _ut
2351 5299 2448 5360 _mc
2523 5282 2616 5360 {9"
2647 5281 2710 5334 Et
2757 5281 3168 5360 gramiivaticmtt
3202 5291 3325 5358 esse
3358 5291 3483 5360 anas.
3535 5284 3590 5360 et

293 5360 735 5433 grammaticum
764 5351 918 5433 esse,
973 5360 1076 5404 "’7.
1107 5360 1345 5433 scientia
1380 5369 1469 5433 est
1491 5351 1884 5433 grammatica,
1909 5351 2314 5433 aut'bencAsjc‘,
2350 5355 2512 5408 homo
2548 5351 2650 5406 iste
2685 5351 3053 5433 grammatica
3087 5366 3214 5403 mss.
3248 5351 3476 5433 scientia
3500 5355 3589 5433 _est

291 5420 734 5503 grammaticus;
783 5441 878 5486 aut
909 5432 1047 5486 bene
1089 5431 1196 5486 scit
1245 5432 1406 5503 homo
1457 5420 1560 5484 iste
1603 5431 2014 5503 grammaticum
2031 5467 2066 5503 ,Δ
2096 5497 2106 5503 _
2133 5425 2390 5503 ⁵ῗθίδεξίῖιιιιι
2432 5420 3034 5503 [ιι-ιιιιιιιιειιίειιξιιηιείε.
3061 5435 3265 5503 esse...
3295 5426 3588 5503 attestatur

291 5485 437 5563 313s.
494 5516 620 5556 cum
667 5485 1081 5571 grammaticum
1131 5485 1537 5570 magisesso...
1590 5485 1887 5571 attestctur
1974 5485 2240 5571 εξέθΑΙὶιιιι
2277 5485 2463 5571 dicere
2507 5493 2573 5546 de
2615 5507 2740 5571 mss.
2773 5485 2975 5571 aliquid
3003 5491 3202 5546 docere
3231 5489 3298 5571 de
3372 5485 3588 5541 δοοοΑιιι

295 5559 459 5627 aliud
495 5559 806 5640 huiusmodi
835 5589 962 5626 mss.
996 5581 1086 5627 aut
1119 5559 1322 5641 aliquid
1355 5571 1662 5641 huiusmodi
1741 5568 2154 5641 Mm‘Curhomo
2185 5565 2431 5641 superior
2462 5569 2693 5641 nequest
2721 5561 2956 5641 qualitas
2985 5577 3124 5641 mss._
3141 5576 3240 5615 cur
3267 5559 3430 5641 homo
3470 5573 3580 5641 non

291 5653 385 5697 est
421 5628 680 5720 similiter
701 5641 938 5720 qualitas
1041 5643 1132 5674 ¹⁶⁰⁰²
1151 5628 1442 5716 διὲιίριυιιί
1462 5639 1603 5703 aliud
1628 5642 1693 5700 de
1717 5657 1840 5698 mss.
1872 5640 2130 5710 scriptum
2163 5628 2362 5705 aliquid
2390 5635 2454 5687 de
2528 5628 3033 5687 “°°’Probatumest
3059 5632 3126 5687 ad
3157 5647 3282 5686 mss.
3311 5628 3582 5701 prolatum

290 5725 381 5783 est
416 5712 498 5777 ad,
