4076 6288
495 275 606 330 575

1033 276 1090 332 S.
1136 277 1438 334 ANSELIII
1477 276 1828 332 CANTl'AR.
1871 278 2067 331 ARCiii

2178 322 2186 328 .
2231 278 2380 331 UI’P.
2421 278 2601 331 PARS
2640 279 2674 333 Ι.
2717 311 2786 320 -
2824 280 3243 336 υοωιλτιω.

3643 283 3744 337 576

484 390 772 457 probatum
826 391 898 444 sit
941 391 1214 445 hominem
1245 390 1406 444 simul
1435 399 1490 444 et
1525 391 1933 458 grammaticam
1967 405 2074 441 lion
2106 392 2150 446 Α
2178 405 2336 444 voces
2376 390 2700 460 signiﬁcant,
2739 406 2964 446 necesse
2996 390 3094 442 fuit
3133 393 3313 444 dicere
3343 392 3474 460 quid
3513 393 3622 446 sint
3654 410 3757 449 res-

482 494 610 536 esse
633 478 731 512 ⁸⁸⁸³
754 481 1188 551 grammaticum.
1217 478 1369 536 Unde
1397 481 1747 548 consequitur
1775 481 1947 534 solum
1978 482 2074 535 ho-

481 572 684 627 minem
712 587 833 627 esse
853 571 1299 642 grammaticum;
1324 571 1580 641 quoniam
1609 587 1714 625 non
1745 581 1921 641 potest
1951 587 2075 626 esse

480 663 890 735 grammaticus,
935 662 1040 717 nisi
1066 671 1162 717 aut
1200 661 1349 717 solus
1377 661 1494 728 ⁸⁸⁸⁸,
1526 672 1619 716 aut
1657 678 1779 716 cum
1807 677 2074 732 gramma-

481 754 626 809 tica:
679 754 929 823 quamvis
955 767 1192 823 namque
1240 753 1335 785 “”
1372 754 1712 824 grammatici
1769 770 1962 809 nomen
1993 755 2072 809 si-

477 843 848 913 gniﬁcativum
879 844 951 899 sit
982 845 1077 876 “"
1102 847 1458 916 grammatica
1482 887 1495 911 ,
1519 861 1628 901 non
1666 855 1845 900 tamen
1872 861 2071 901 etnive-

478 937 691 992 nienter
738 938 1098 1007 re»pondetur
1121 938 1499 1008 interroganti,
1527 939 1654 1008 quid
1686 939 2073 1010 grammaticus

476 1030 579 1094 sit;
631 1030 1010 1100 gratantatica,
1063 1038 1177 1093 aut,
1217 1031 1456 1100 qualitas
1505 1049 1518 1084 :
1579 1039 1633 1085 et
1665 1032 1706 1085 si
1762 1030 1939 1084 nullus
1987 1039 2073 1085 est

475 1120 883 1190 grammaticus.
920 1122 1023 1176 nisi
1069 1122 1447 1192 participando
1474 1124 1915 1194 grammaticam;
1943 1137 2070 1177 con-

477 1210 722 1280 s.:qnitnr
754 1222 814 1267 ut
859 1212 1022 1269 homo
1075 1228 1181 1269 non
1231 1215 1305 1270 sit
1344 1216 1756 1286 grammaticus,
1812 1216 1913 1269 nisi
1945 1231 2068 1271 cum

477 1301 850 1370 grmnnatica.
878 1301 1018 1358 Msa.
1051 1302 1204 1370 Quod
1233 1305 1449 1375 quidem
1476 1305 1673 1360 dicitur
1699 1306 1843 1376 quod
1884 1306 2068 1369 homo,

477 1391 640 1458 solus,
698 1392 750 1447 id
807 1402 910 1458 est,
969 1395 1084 1450 sine
1129 1397 1479 1465 grammatica
1532 1406 1613 1451 est
1661 1399 2067 1466 grammaticus,

477 1493 734 1554 quantum
747 1485 814 1540 ad
834 1498 977 1541 tuam
1001 1489 1356 1557 qnwstiunem
1380 1489 1693 1544 solvendam
1725 1490 1928 1545 sufﬁcit
1949 1492 2066 1555 ⁸⁸⁸⁷,

477 1574 684 1630 duobus
735 1576 907 1632 modis
974 1577 1198 1649 intelligi
1254 1589 1459 1649 potest;
1521 1597 1629 1636 uno
1694 1597 1844 1646 vero,
1896 1584 2070 1638 altero

477 1663 612 1719 lalso
638 1665 736 1698 ⁸⁸⁵⁸
765 1685 777 1720 :
810 1668 971 1722 homo
999 1669 1196 1740 quippe
1235 1669 1404 1732 solus,
1446 1671 1496 1725 id
1526 1682 1626 1729 est.
1660 1672 1866 1742 absque
1890 1689 2069 1744 gram-

2178 483 2311 536 Natn
2359 485 2439 553 (ut
2489 485 2592 538 alia
2649 485 2878 549 taceant)
2934 482 3268 537 sumciettlcr
3299 485 3401 537 Itoc
3445 486 3586 553 quod
3619 486 3761 553 dit'o,

2177 575 2391 637 divisio.
2425 593 2587 645 quam
2617 575 2742 630 facit
2781 575 2834 628 in
2870 575 3133 643 principio
3162 583 3424 628 tractatus
3451 573 3765 644 Categoria-

2177 681 2296 718 rnm
2329 665 2441 729 δἐι,
2469 666 2741 730 ostendit;
2773 680 2880 718 non
2908 665 3054 719 enim
3085 664 3163 717 ait
3193 683 3206 717 :
3238 661 3438 717 Earum
3465 682 3582 734 qua:
3617 680 3762 735 sunt,

2175 756 2440 826 sagulum
2484 767 2557 810 est
2599 756 2694 788 “"
2721 755 3037 819 substantia,
3082 766 3172 807 aut
3202 757 3488 822 quantitas,
3517 766 3621 811 etc.
3655 756 3769 812 Nec

2176 848 2251 900 ait
2275 864 2288 900 :
2317 846 2514 900 Eontm
2539 862 2658 916 qua:
2678 846 2976 902 secundum
3004 844 3204 898 nullam
3228 845 3322 877 m‘
3336 847 3766 915 complexionem

2175 937 2452 1001 dicuntur,
2493 937 2705 1008 singulo
2732 946 2824 991 aut
2856 936 2953 968 ⁸⁸⁸⁷
2984 936 3291 993 substantia
3316 937 3640 1007 appellatur,
3673 949 3770 992 aut

2174 1029 2480 1096 quantitas;
2538 1029 2635 1084 sed
2669 1030 2785 1082 ait:
2821 1027 3046 1094 Eorum,
3072 1030 3211 1100 (qua:
3238 1032 3527 1085 secundum
3559 1032 3768 1086 nullam

2173 1121 2583 1188 complexionem
2635 1122 2904 1187 dicuntur,
2967 1121 3233 1192 singnlum
3279 1133 3370 1176 aut
3415 1123 3770 1178 snbstan:iant

2172 1214 2434 1282 signiﬁcat
2465 1223 2555 1268 aut
2589 1215 2937 1281 quantitatem
2967 1213 3084 1267 ⁸⁸⁸⁸.
3126 1215 3272 1268 Dtsc.
3308 1213 3598 1270 Persuadet
3627 1217 3771 1270 ratio

2173 1306 2318 1374 quod
2347 1305 2503 1359 dicis.
2558 1303 2701 1359 ΜΑο.
2731 1303 2865 1360 Cum
2913 1320 3045 1375 ergo
3092 1305 3412 1362 Aristoteles
3456 1307 3529 1362 ita
3569 1308 3766 1363 dicat:

2175 1391 2395 1458 Eorum,
2434 1409 2552 1461 quis
2576 1393 2864 1449 secundum
2896 1394 3097 1448 nulla'm
3122 1396 3533 1465 complexionem
3570 1397 3769 1450 dicun-

2173 1497 2276 1547 tur,
2308 1483 2573 1554 singultim
2603 1493 2692 1535 aut
2714 1485 3059 1538 substantiam
3077 1485 3358 1555 signiﬁcat,
3384 1499 3472 1539 aut
3495 1487 3772 1555 quantitav

2173 1585 2296 1640 teut,
2315 1584 2422 1628 etc.
2458 1575 2532 1628 De
2547 1589 2652 1643 qua
2673 1575 2770 1605 m’
2789 1575 3182 1645 signiﬁcatione
3205 1576 3416 1631 videtur
3431 1577 3524 1631 tibi
3551 1578 3768 1646 dicere;

2176 1667 2242 1720 de
2294 1667 2382 1721 illa
2435 1682 2539 1736 qua
2577 1667 2672 1698 ⁸⁸⁷⁸
2710 1682 2811 1737 per
2863 1681 2924 1721 se
2971 1667 3279 1736 signiﬁcant
3331 1667 3457 1737 ipsa:
3493 1683 3676 1736 voces,
3714 1679 3773 1725 et

478 1759 674 1813 matiea
702 1760 819 1827 ⁵⁸⁵⁵,
853 1771 935 1816 cst
967 1763 1391 1831 grammaticus;
1429 1765 1552 1833 quia
1582 1765 1727 1820 solus
1758 1777 1841 1820 est
1864 1767 2067 1822 habens

2173 1775 2293 1830 qua:
2348 1759 2454 1814 illis
2503 1769 2587 1814 est
2618 1757 3028 1814 substantialis:
3065 1776 3133 1813 an
3186 1760 3255 1814 de
3282 1757 3452 1814 altera
3496 1759 3592 1792 ⁸⁸⁷³
3642 1777 3773 1830 qum

476 1853 884 1922 grammaticam
921 1871 934 1908 :
969 1857 1320 1924 grammatica
1369 1872 1621 1927 namque,
1659 1873 1755 1913 nec
1793 1859 1928 1918 Sola.
1968 1876 2066 1916 nec

476 1957 594 1996 cum
637 1944 854 1999 homine
894 1945 1056 2000 habet
1081 1947 1492 2016 grammaticam
1528 1964 1542 2000 :
1577 1949 1670 2002 sed
1709 1947 1868 2003 homo
1897 1949 2065 2013 solus,

477 2034 528 2090 td
552 2043 655 2102 est,
701 2037 907 2106 absque
947 2039 1322 2107 grammatica,
1375 2049 1588 2094 nonest
1640 2041 2064 2110 grammaticus:

476 2127 602 2194 quia
634 2129 860 2183 absente
908 2131 1266 2200 grammatica
1318 2130 1500 2186 nullus
1528 2147 1648 2186 esse
1679 2134 2068 2203 grammaticus

477 2229 653 2291 potest
687 2220 822 2274 ‘°‘°:
856 2221 998 2276 sicut
1042 2222 1135 2292 qui
1187 2224 1542 2292 prtecedendo
1595 2223 1742 2279 ducit
1789 2225 1975 2291 alittm,
2015 2235 2070 2281 et

477 2310 624 2366 solus
644 2320 727 2365 est
757 2313 1020 2383 praevius;
1051 2315 1178 2384 quia
1203 2316 1292 2385 qui
1314 2317 1561 2385 sequitur
1582 2332 1687 2371 non
1710 2325 1791 2372 est
1812 2321 2064 2388 puerilis,

478 2419 575 2460 nec
614 2407 928 2474 separatim,
985 2423 1084 2462 nec
1110 2407 1252 2463 sicut
1287 2424 1351 2463 ex
1405 2409 1511 2468 illis
1547 2408 1757 2465 duobus
1806 2428 1944 2467 unus
1977 2413 2070 2468 ﬁat

475 2495 707 2559 praevius
755 2506 810 2550 et
853 2496 998 2552 solus
1029 2514 1132 2554 non
1163 2507 1246 2552 est
1275 2501 1524 2569 prmvius,
1578 2500 1701 2570 quia
1733 2502 1835 2557 nisi
1875 2503 1946 2557 sit
1976 2505 2065 2572 qui

475 2595 752 2653 sequatur,
808 2588 1036 2655 prmvius
1085 2588 1178 2619 ⁸⁰⁶¹
1225 2604 1343 2644 esse
1375 2605 1478 2643 non
1528 2600 1722 2661 potest.
1757 2591 1890 2647 Cum
1942 2609 2068 2647 vero

475 2673 676 2728 ὡμίλει·
717 2691 787 2745 qu
827 2676 862 2733 d
910 2678 1296 2748 grammaticus
1333 2688 1415 2734 est
1454 2680 1716 2751 qualitas;
1757 2697 1860 2736 nou
1897 2695 2066 2747 recte,

476 2765 573 2816 nisi
607 2768 904 2823 secundum
932 2777 1243 2836 ,tractatnm
1293 2770 1599 2828 Aristotelis
1632 2774 1706 2828 De
1758 2774 2065 2846 categoriis,

475 2852 541 2906 di.
561 2854 687 2910 itur.
1269 2865 1281 2875 '

1052 2951 1281 3009 CAPUT
1331 2953 1490 3011 XVII.

585 3035 658 3090 De
687 3037 980 3096 Aristotelis
1016 3058 1172 3097 sensu
1199 3045 1254 3100 in
1293 3055 1525 3099 tractatu
1554 3045 1630 3101 De
1659 3049 1955 3120 categoriis.

549 3125 693 3182 lltsc.
723 3131 806 3184 An
839 3130 984 3185 aliud
1034 3133 1196 3190 habet
1228 3135 1316 3190 ille
1364 3147 1646 3205 tractatus,
1697 3117 1859 3210 quam
1911 3159 2063 3197 omne
2094 3117 2138 3176 (ἶ

477 3217 726 3286 quodest,
765 3231 855 3275 aut
888 3233 962 3277 cst
993 3226 1308 3294 substantia,
1337 3238 1428 3283 aut
1454 3230 1703 3300 qualitas,
1734 3243 1824 3285 aut
1851 3235 2062 3303 quanti-

476 3320 576 3376 tus,
607 3321 710 3367 etc.
763 3311 818 3368 Si
842 3329 973 3385 ergo
1011 3317 1161 3376 solus
1199 3319 1360 3377 homo
1391 3332 1476 3376 est
1507 3323 1923 3393 grammaticus;
1948 3325 2060 3380 sola

475 3401 777 3461 substantia
824 3416 909 3462 est
935 3412 1343 3480 grammaticus,
1393 3413 1666 3483 quomodo
1693 3413 1786 3446 ⁸⁰⁶¹
1815 3429 1946 3487 ergo
1978 3431 2063 3471 se-

475 3492 709 3546 cundum
757 3493 904 3550 illum
954 3506 1266 3566 tractatum,
1315 3503 1705 3572 grammaticus
1755 3507 1928 3575 magis
1978 3515 2063 3561 est

476 3582 709 3650 qualitas
737 3602 900 3656 quant
929 3589 1274 3649 substantia?
1301 3592 1441 3650 MAG.
1487 3594 1598 3651 Etsi
1628 3596 1730 3651 hoc
1756 3577 1826 3651 ibi
1862 3598 2058 3653 intelli-

476 3682 636 3740 gatur
675 3676 816 3744 quod
853 3684 907 3732 tu
949 3679 1085 3736 dicis
1119 3699 1131 3736 :
1167 3687 1292 3752 quia
1335 3699 1498 3740 omne
1525 3687 1668 3756 quod
1705 3697 1806 3750 est,
1858 3687 2060 3758 aliquid

478 3764 671 3819 horum
702 3777 823 3823 est:
859 3785 963 3825 non
999 3781 1176 3827 tamen
1209 3772 1308 3829 fuit
1333 3776 1645 3845 principalis
1686 3778 1912 3833 intentio
1940 3780 2060 3833 Ari-

476 3858 686 3914 stott'lis
731 3861 835 3918 hoc
882 3862 934 3918 in
988 3862 1079 3918 illo
1125 3864 1266 3921 libro
1311 3868 1629 3935 ostendere;
1682 3870 1776 3924 sed
1806 3871 2058 3940 quoniam

475 3962 636 4003 oinne
659 3966 878 4020 nomen,
916 3953 998 4010 vel
1036 3956 1257 4011 verbum
1285 3956 1487 4028 aliquid
1516 3957 1706 4014 borum
1742 3960 2010 4031 significat
2044 3979 2055 4014 :

475 4056 585 4101 non
631 4044 774 4099 enim
819 4045 1130 4103 intendebat
1174 4049 1463 4106 ostendere
1507 4051 1634 4121 quid
1682 4051 1792 4106 sint
1837 4053 2062 4123 singula:

477 4149 585 4200 res.
619 4152 719 4194 nec
740 4136 836 4171 m’
860 4156 1090 4210 quarum
1123 4158 1307 4199 rerum
1338 4143 1446 4199 sint
1473 4145 1810 4214 appellativa:
1837 4145 2058 4214 singula:

475 4241 665 4293 voces;
715 4231 808 4286 sed
838 4247 1066 4302 quarum
1113 4233 1468 4303 signiﬁcativa
1498 4236 1624 4290 sint.
1667 4235 1774 4290 Sed
1806 4236 2057 4306 quoniam

2171 1865 2268 1920 per
2316 1849 2460 1903 aliud
2507 1859 2616 1914 est,
2663 1860 2719 1904 et
2772 1849 3166 1904 accidentalis?
3213 1850 3357 1905 Dtsc.
3390 1848 3507 1904 Non
3539 1851 3644 1905 nisi
3703 1852 3772 1905 de

2172 1945 2311 2014 ipsa,
2339 1960 2504 2016 quam
2552 1945 2692 1999 idem
2727 1945 2842 2013 ipse
2889 1943 3094 1998 eisdem
3128 1943 3354 1998 vocibus
3385 1943 3586 2007 inesse,
3619 1943 3773 1997 ditii-

2172 2036 2369 2090 uiendo
2392 2051 2588 2091 nomen
2611 2045 2669 2090 et
2691 2034 2938 2099 verbum,
2971 2034 3302 2104 assignavit;
3332 2049 3435 2104 qua
3472 2049 3568 2104 per
3596 2049 3656 2089 se
3689 2034 3771 2088 si-

2170 2126 2449 2198 gniﬁcant.
2481 2126 2620 2182 Msa.
2654 2127 2738 2183 Au
2766 2139 2929 2197 putas
2958 2127 3106 2180 illum
3137 2127 3297 2182 aliter
3327 2135 3678 2196 prosecutum
3715 2127 3768 2178 iu

2175 2231 2428 2290 tractatu,
2475 2238 2637 2294 quam
2682 2223 2963 2294 proposuit
2994 2223 3045 2275 in
3092 2221 3387 2285 divisione;
3422 2236 3489 2275 an
3523 2220 3769 2290 aliquem

2169 2330 2356 2368 eorum
2382 2315 2497 2379 “7',
2527 2314 2617 2384 qui
2645 2329 2767 2369 eum
2795 2323 3084 2382 sequentes
3110 2313 3178 2366 de
3206 2312 3500 2381 dialectica
3528 2312 3771 2382 scripse-

2172 2416 2325 2470 runt,
2372 2407 2529 2460 aliter
2563 2407 2764 2461 sentire
2793 2405 3026 2461 voluisse
3053 2407 3119 2461 de
3146 2405 3248 2461 hac
3293 2419 3372 2468 re,
3401 2419 3560 2475 quam
3593 2407 3770 2460 sentit

2170 2496 2324 2566 ipse?
2356 2497 2500 2552 Disc.
2546 2496 2701 2551 Nullo
2731 2497 2889 2552 modo
2921 2512 3111 2552 eorum
3145 2498 3347 2568 scripta
3377 2497 3479 2563 hoc
3521 2497 3768 2566 aliquem

2170 2587 2379 2656 Opinari
2428 2581 2752 2656 permittunt
2793 2586 2890 2618 ⁸⁰⁷³
2942 2605 2955 2640 :
3005 2588 3132 2657 quia
3185 2601 3452 2658 nusquam
3485 2585 3770 2640 invenitur

2171 2679 2367 2748 aliquis
2417 2693 2607 2734 eorum
2663 2678 2906 2748 posuisse
2936 2678 3170 2746 aliquam
3219 2692 3428 2743 vocem,
3461 2676 3528 2730 ad
3574 2687 3770 2729 osten-

2170 2772 2406 2828 dendum
2435 2771 2637 2840 aliquid
2686 2772 2831 2841 quod
2873 2769 2968 2803 “7‘
2998 2769 3266 2842 signiﬁcet
3293 2784 3389 2840 per
3438 2767 3614 2833 aliud;
3666 2767 3767 2822 sed

2173 2879 2388 2934 semper
2414 2863 2482 2919 ad
2521 2863 2644 2928 hoc,
2677 2863 2821 2933 quod
2853 2879 2948 2933 per
2982 2877 3040 2916 se
3077 2862 3369 2933 signiﬁcat.
3397 2858 3582 2913 Nullas
3610 2857 3765 2912 enim

2169 2956 2356 3011 volens
2401 2963 2731 3021 monstrare
2770 2953 3148 3018 substantiam,
3207 2949 3359 3021 ponit
3411 2949 3594 3005 album
3661 2956 3764 3002 aut

2172 3046 2585 3116 grammaticum
2610 3043 2706 3075 ⁸⁰⁷⁵
2733 3060 2749 3110 ;
2792 3051 2885 3099 sed
2929 3043 2994 3098 de
3023 3042 3285 3112 qualitate
3314 3044 3533 3106 docens,
3570 3040 3765 3096 album

2171 3149 2225 3193 et
2255 3139 2465 3209 nigrum
2490 3136 2716 3208 profert,
2745 3145 2801 3192 et
2825 3136 3024 3191 similia
3051 3135 3166 3190 “7‘.

2737 3249 2961 3306 CAPUT
3012 3249 3197 3305 XVIII.

2172 3345 2326 3413 Quod
2356 3343 2621 3399 dialectici
2648 3343 2904 3416 appellent
2932 3361 3078 3416 voces
3100 3343 3307 3416 nomine
3329 3356 3502 3398 rerum
3529 3355 3768 3409 quorum

2703 3424 2824 3469 sunt
2852 3414 3229 3484 signiﬁcativte.

2240 3507 2378 3565 MAG.
2414 3507 2472 3564 Si
2497 3522 2630 3580 ergo
2653 3507 2927 3578 proposita
2957 3505 3219 3561 divisione
3244 3502 3486 3574 praefata,
3510 3517 3704 3572 quer
3733 3517 3766 3556 a

2169 3606 2221 3653 te
2243 3599 2369 3668 quid
2395 3600 2466 3652 sit
2484 3596 2888 3669 grammaticus,
2913 3595 3210 3650 secundum
3235 3593 3372 3648 hanc
3401 3591 3759 3646 divisionem:

2168 3700 2222 3746 et
2252 3691 2548 3746 secundum
2595 3703 2712 3756 eos,
2742 3688 2832 3758 qui
2868 3687 3014 3742 illam
3044 3685 3332 3742 scribendo
3369 3684 3437 3739 de
3472 3682 3765 3738 dialectica

2168 3791 2492 3851 sequuntur,
2521 3781 2650 3852 quid
2676 3793 2860 3850 quaero
2891 3797 2902 3831 :
2929 3786 3023 3832 aut
3047 3777 3176 3848 quid
3204 3777 3333 3830 mihi
3363 3773 3766 3846 re=pondebis?

2172 3874 2314 3929 Dise.
2370 3873 2565 3929 Procul
2613 3873 2777 3928 dubio
2823 3887 2928 3928 non
2958 3871 3048 3926 hic
3096 3877 3270 3940 potest
3303 3867 3471 3938 qumri
3500 3867 3621 3933 “'7,
3655 3865 3766 3920 nisi

2169 3975 2261 4021 aut
2289 3967 2352 4020 de
2379 3981 2509 4020 voce
2535 3975 2630 4022 aut
2659 3965 2726 4021 de
2758 3979 2833 4028 re,
2862 3978 3024 4033 quam
3071 3960 3360 4031 signiﬁcat.
3393 3958 3595 4026 Quare,
3627 3957 3764 4027 quia

2167 4065 2382 4113 constat
2411 4056 2506 4088 δ⁰⁷⁸
2526 4053 2937 4127 grammaticum
2971 4068 3077 4107 non
3101 4050 3426 4122 signiﬁcare,
3453 4049 3768 4103 secundum

2168 4148 2309 4202 hanc
2350 4147 2691 4208 divisionem,
2723 4142 3019 4206 hominem,
3067 4141 3160 4196 sed
3188 4139 3642 4208 grammaticam:
3680 4138 3768 4193 in-

2168 4249 2489 4295 cunctanter
2518 4237 2870 4309 respondebo,
2907 4235 2952 4289 si
2980 4234 3178 4304 quaeris
3209 4234 3274 4288 de
3315 4247 3467 4295 voce,
3497 4231 3626 4302 quia
3679 4239 3768 4286 est

476 4334 640 4376 voces
664 4336 769 4378 non
797 4324 1101 4393 signiﬁcant
1133 4326 1234 4382 nisi
1260 4341 1375 4391 res;
1414 4326 1644 4382 dicendo
1668 4327 1796 4396 quid
1821 4329 1890 4382 sit
1915 4329 2056 4398 quod
2093 4317 2135 4372 ῐ)
2162 4348 2263 4386 vox
2311 4332 2624 4402 signiﬁcans
2672 4329 3020 4401 qualitatem;
3068 4327 3109 4381 si
3163 4341 3293 4380 vero
3339 4324 3539 4395 quaeris
3569 4323 3643 4378 de
3678 4339 3762 4388 re,

1780 4481 2012 4537 VARle
2046 4483 2447 4541 LECTIONES.

553 4587 651 4664 sos:
678 4589 1101 4664 grammaticam
1131 4609 1235 4647 non
1266 4609 1385 4649 esse
1415 4611 1512 4649 ms.
1555 4591 1687 4647 Vict.
1717 4593 1752 4647 '5
1783 4595 2189 4664 grammaticam
2216 4609 2337 4649 csse
2447 4594 2543 4626 ⁸⁰⁸⁵
2569 4593 2681 4648 Nisi
2719 4593 2865 4649 solus
2895 4604 2978 4649 cst
3020 4609 3145 4647 mss.
3193 4591 3296 4664 nisi
3341 4597 3436 4664 aut
3481 4587 3636 4664 solus
3667 4594 3766 4664 aut

475 4657 572 4699 W'
602 4661 859 4728 Quamvis
901 4678 1176 4733 nunquam
1207 4679 1330 4718 mss.
1361 4665 1609 4732 quamvis
1638 4657 1869 4733 namque
1977 4663 2072 4694 ⁸⁰⁸⁶
2106 4664 2310 4718 Nomen
2350 4665 2712 4766 signiﬁcatum
2762 4665 2834 4724 sit
2859 4682 2984 4718 mss.
3011 4679 3205 4718 nomen
3233 4659 3659 4732 signiﬁcativum
3692 4657 3770 4711 sit

478 4729 576 4766 tot?
605 4731 967 4766 Πηοιιαιειωηης
995 4733 1183 4766 υιιηῖιιῖι
1216 4751 1318 4766 ...η
1375 4735 1724 4766 "nummum...
1755 4732 2062 4766 nulllunl‘nsas
2093 4736 2284 4766 ο...ι;,.;ι
2425 4735 2496 4766 oss
2527 4736 2642 4766 nm.
2667 4736 2824 4766 ..-....t..
2854 4749 2980 4766 ινιινη
3029 4733 3196 4766 nlla-nn
3235 4729 3396 4766 mndn
3441 4728 3578 4766 t‘nicn
3627 4742 3740 4766 mn

478 4729 576 4769 “'7
605 4731 967 4805 Qntestiunem
995 4728 1190 4805 st'tllicit
1215 4751 1340 4788 mss.
1374 4728 1725 4805 quaestionem
1755 4728 2063 4789 solvendam
2093 4736 2291 4790 sutlicit
2401 4728 2496 4767 ῖ⁰⁸⁸
2527 4736 2642 4791 Uno
2667 4736 2824 4790 mmlu
2854 4749 3004 4800 vero,
3028 4733 3198 4805 altero
3235 4728 3415 4805 modo
3440 4728 3578 4805 [also
3627 4742 3762 4805 mss.

477 4817 585 4858 uno
617 4798 763 4876 rem,
799 4802 970 4876 altero
1000 4804 1136 4859 falso
1241 4805 1335 4841 ⁵⁸⁵⁸
1363 4798 1540 4868 Solus,
1562 4806 1624 4876 id
1650 4813 1754 4869 est,
1809 4805 2013 4872 absque
2039 4807 2390 4876 grammatica
2420 4821 2549 4876 mss.
2569 4806 2714 4860 solus
2736 4806 2853 4859 sine
2871 4798 3222 4876 grammatica
3323 4800 3417 4831 δοδο
3441 4798 3634 4876 Nullus
3675 4803 3767 4849 est

477 4874 850 4946 gratumatica,
871 4873 952 4929 vel
976 4883 1150 4945 potest
1173 4889 1292 4931 esse
1319 4893 1441 4931 mss.
1465 4875 1640 4930 nullus
1660 4891 1780 4931 esse
1801 4871 2187 4946 gratiiniatietts
2210 4886 2386 4946 petest
2487 4875 2580 4912 ⁸⁸⁸⁸
2611 4875 2770 4930 Solus
2789 4871 3117 4943 cst—primus.
3139 4912 3152 4926 .
3170 4915 3184 4927 .
3221 4885 3325 4946 non
3351 4880 3435 4924 est
3467 4871 3762 4946 primus...

482 4940 572 5017 llat
603 4943 877 5012 primus...
911 4940 1016 4999 non
1045 4955 1124 5001 est
1160 4947 1434 5016 primus...
1464 4940 1829 5017 consequatqu
1877 4947 2084 5017 primus
2112 4940 2234 5001 mss.
2287 4947 2434 5002 solus
2461 4956 2543 5002 est
2571 4945 2873 5017 praevius...
2895 4940 3006 4999 non
3035 4952 3119 4998 est
3148 4942 3444 5017 praevius...
3477 4940 3571 5017 ﬁat
3613 4952 3766 5017 pra:-

478 5009 664 5088 vins}.
713 5029 818 5068 non
856 5024 941 5070 est
981 5009 1276 5085 prmvius...
1324 5027 1586 5088 sequatur
1633 5009 1892 5088 przevius'
1971 5013 2066 5088 δέκ’
2096 5009 2812 5088 grammaticus,_qitomodo
2848 5032 2974 5088 mss.
3031 5009 3443 5088 grammaticus,
3466 5009 3580 5088 sola
3613 5009 3769 5088 sub-

478 5084 675 5156 stantia
717 5094 803 5156 est
843 5079 1248 5154 grammaticus.
1306 5079 1587 5154 Quomodo
1634 5079 1648 5088 ’
1689 5088 1786 5120 ⁴⁰⁸³
1819 5079 2134 5156 Siuguiares
2161 5129 2176 5145 .
2234 5103 2332 5142 nec
2375 5105 2473 5141 ms.
2503 5079 2651 5141 'l’ict.
2681 5086 2716 5139 5
2745 5085 2969 5155 singula-
3014 5079 3121 5156 res,
3155 5098 3254 5136 uec
3358 5079 3765 5156 ‘_°“_“‘I:t_'incipio

478 5149 889 5229 tlategoriartmi
919 5171 1045 5229 mss.
1069 5149 1349 5227 principio
1364 5167 1622 5213 tractatus
1647 5149 2057 5228 Categoriaium
2133 5158 2226 5190 δοθδ
2253 5156 2628 5229 Singularium
2653 5165 2737 5229 est
2750 5149 2891 5229 nis}.
2919 5155 3184 5229 sittgulum
3215 5160 3300 5208 est
3372 5151 3468 5229 ‘°_“
3496 5149 3609 5229 Nec
3636 5155 3722 5204 ait
3745 5171 3761 5206 ε

481 5220 945 5298 ῃῇιιιιξίδυουιιὼιιιι
977 5220 1140 5298 ullam
1189 5220 1442 5283 mss.~nce
1487 5230 1583 5293 ait,
1607 5220 1811 5283 citrum"
1827 5245 1948 5298 qua:
1987 5231 2281 5286 secundum
2317 5220 2518 5282 nullam
2601 5220 2710 5258 ἠδ’
2745 5220 3029 5294 Siugniuui
3085 5234 3177 5298 aut
3213 5239 3339 5277 mss.
3389 5221 3601 5298 singulo
3661 5233 3764 5298 aut

480 5290 575 5326 “‘"
599 5296 701 5347 Aut
731 5295 1080 5369 ﬁttalitatt‘tu.
1108 5297 1168 5369 1).
1197 5314 1322 5353 mss.
1355 5308 1447 5352 aut
1477 5290 1859 5368 (ιιιείιιιίιῖιίυιυί
1889 5303 1950 5355 1)·
2051 5300 2146 5330 im
2178 5301 2242 5353 ['3'-
2272 5309 2399 5354 ῑ¹¹¹¹υ
2425 5299 2492 5353 de
2519 5314 2624 5369 (11³³
2641 5313 2766 5369 ⁷⁷⁸³³τ
2785 5290 3106 5369 Eique!“
3133 5295 3204 5347 De
3233 5307 3337 5360 qua
3437 5291 3534 5322 mo
3556 5291 3634 5345 De
3664 5292 3760 5369 illa

480 5375 640 5433 quam
687 5363 783 5433 per
813 5382 936 5437 mss.
967 5368 1033 5422 de
1073 5368 1158 5422 illa
1197 5384 1301 5437 qua
1338 5385 1433 5436 per
1494 5363 1509 5368 ⁷
1533 5369 1626 5401 “'7‘
1663 5372 1767 5422 Aut
1806 5371 1872 5422 de
1905 5373 2074 5426 altera
2117 5387 2241 5423 mss.
2285 5387 2351 5423 an
2387 5373 2453 5426 de
2480 5363 2648 5424 aliera
2756 5366 2850 5398 “’7’
2877 5367 2959 5419 Au
2984 5366 3369 5437 aliurnheorttnt
3401 5379 3525 5437 mss.
3554 5378 3622 5437 an
3651 5363 3763 5414 ali-

479 5436 1018 5509 quemonrttmﬁdt.
1051 5437 1150 5499 col,
1177 5434 1243 5491 an
1276 5434 1417 5492 aliud
1461 5456 1648 5494 eorum
1765 5440 1858 5471 ⁶⁰⁷³
1883 5442 1994 5497 line
2025 5441 2167 5494 aliud
2219 5442 2428 5506 opinari
2481 5440 2800 5509 permittent
2842 5454 2966 5490 mss.
2998 5434 3344 5509 liocaliquem
3383 5435 3590 5501 npinari
3628 5449 3766 5509 per?

484 5501 705 5578 tttillttttl
769 5501 873 5578 _‘°“
896 5505 1092 5578 Eorum
1125 5509 1360 5578 aliquam
1391 5524 1572 5563 vovent
1607 5513 1672 5564 ad
1716 5513 2106 5566 ostendemlum
2139 5501 2281 5563 aliud
2319 5510 2462 5577 quod
2483 5501 2624 5564 'mss.
2676 5523 2867 5578 eorum
2916 5507 3160 5578 posuis~e
3194 5501 3428 5571 aliquam
3461 5519 3651 5578 vocem
3687 5505 3762 5554 ad

479 5572 874 5652 esttttttletulttnt
941 5577 1140 5647 aliquid
1207 5572 1352 5652 quod
1461 5579 1553 5610 κοτ’
1607 5581 1798 5635 Album
1867 5593 1957 5635 aut
2015 5572 2424 5652 grammaticam
2492 5597 2616 5652 ms.
2674 5572 3131 5652 l'icl_.”§:_ulbllllt
3188 5585 3279 5626 aut
3331 5573 3759 5652 gt'uttttttulicuttt

479 5641 576 5675 “"
605 5644 814 5723 nigrum
845 5641 1066 5715 pouttui,
1097 5661 1146 5704 et
1177 5641 1372 5723 similia
1404 5666 1527 5704 mss.
1580 5651 1757 5704 alitum
1789 5663 1839 5705 ιιι
1891 5641 2099 5720 nigrum
2143 5652 2367 5718 prol'ert,
2395 5661 2447 5703 et
2479 5651 2674 5706 similia
2783 5649 2872 5680 “’77
2912 5648 3020 5702 Iloe
3055 5664 3158 5700 non
3194 5655 3366 5716 potest
3403 5648 3566 5714 ειη-Π
3621 5661 3757 5698 ms...

486 5728 594 5770 ttott
623 5714 706 5768 hic
739 5714 912 5781 [tutost
951 5724 1118 5787 quaeri
1231 5720 1321 5751 ⁵⁰⁷¹¹
1352 5724 1488 5786 Quia
1527 5734 1731 5775 constat
1767 5740 1882 5776 mss.
1919 5714 2083 5792 quare
2129 5714 2253 5791 quia
2291 5732 2503 5776 constat
