4076 6288
292 392 395 449 577

1624 384 1707 441 DE
1747 382 1880 441 CIH
1896 386 1989 439 MM
2003 387 2222 442 ATICO.
3456 388 3487 442 5
3505 390 3569 443 ἷ8

294 511 417 579 quia
437 515 523 563 est
547 504 805 576 qualitas.
834 500 973 558 MAG.
999 500 1079 555 An
1115 500 1332 572 ignoras
1359 500 1483 571 quia
1515 499 1654 554 idem
1680 500 1886 553 Aristo-
1918 501 1960 555 Α
1990 500 2294 568 signiﬁcare
2335 499 2554 567 habere,
2578 502 2703 571 quia
2740 500 3010 572 signiﬁcat
3050 499 3338 556 habentem
3380 516 3478 555 arn
3502 517 3532 559 a
3555 547 3568 571 ,

294 601 426 657 teles
459 596 693 668 appellat
724 609 883 651 voces
927 594 1146 649 nomine
1178 607 1357 647 rerum
1388 606 1618 661 quarum
1655 602 1781 646 sunt
1811 590 1883 644 si-

290 690 638 763 gniﬁeativaa,
688 696 741 743 et
795 701 899 740 non
945 700 1173 755 quarum
1224 693 1429 737 tantum
1484 691 1607 737 sunt
1651 681 1887 752 appella-

293 786 428 838 tivm'
446 781 561 845 "m,
581 780 632 833 in
646 778 831 833 eodem
856 776 994 831 libro
1018 792 1032 840 ;
1065 785 1123 829 ut
1144 789 1267 829 cum
1294 774 1425 828 dicit
1454 773 1576 841 quia
1600 772 1775 827 omnis
1791 771 1883 802 ⁸⁰⁸⁰

290 873 595 930 substantia
642 871 856 924 videtur
907 866 1215 938 signiﬁcare
1273 867 1374 921 hoc
1408 864 1627 934 aliquid,
1678 863 1729 917 id
1779 871 1879 923 est.

291 963 468 1021 omnis
500 976 598 1013 vox
632 958 945 1029 signiﬁcans
975 954 1065 988 ⁸⁰⁸¹
1096 955 1486 1019 substantiam;
1544 955 1683 1007 sicut
1713 952 1886 1005 nomi-

300 1063 385 1109 rat
412 1052 498 1107 vel
531 1051 709 1123 potius
739 1048 977 1103 ostendit
1006 1062 1094 1101 res
1125 1046 1287 1116 (quod
1318 1055 1371 1099 tu
1419 1044 1579 1115 paulo
1622 1053 1744 1097 ante
1776 1058 1885 1097 me-

272 1141 506 1215 ,ministi
560 1140 655 1172 “3’
709 1138 837 1193 solis
884 1137 1109 1192 vocibus
1157 1150 1343 1189 earum
1397 1134 1787 1206 signiﬁcativis,
1832 1142 1886 1189 et

292 1249 435 1302 saepe
473 1246 578 1284 non
611 1227 971 1300 appellativis.
1024 1226 1169 1281 DISC.
1204 1225 1319 1281 Non
1353 1226 1455 1280 hoc
1487 1225 1736 1296 ignorare
1766 1239 1887 1292 pos-

290 1340 412 1380 sum
451 1342 463 1376 :
500 1322 659 1395 149
706 1334 874 1391 quare
923 1319 1039 1374 sive
1066 1326 1346 1388 quaeratur
1392 1316 1457 1371 de
1505 1330 1656 1379 voce,
1685 1315 1797 1368 sive
1820 1315 1887 1371 de

294 1431 371 1475 rc.
423 1429 547 1468 cum
577 1411 837 1481 quaeritur
867 1409 997 1480 quid
1047 1408 1118 1464 sit
1154 1407 1546 1479 grammaticus
1592 1407 1885 1460 secundum

288 1506 603 1563 Aristotelis
636 1512 949 1565 tractatum,
990 1509 1043 1557 et
1067 1501 1363 1558 secundum
1415 1514 1675 1569 sequaces
1719 1499 1881 1569 ejus:

291 1607 444 1653 recte
489 1595 864 1666 respondetur,
923 1591 1158 1662 qualitas
1195 1610 1207 1643 :
1261 1600 1318 1645 et
1361 1600 1540 1645 tamen
1590 1590 1887 1647 secundum

288 1689 709 1761 appellationem
739 1700 867 1742 vere
883 1696 966 1741 est
999 1683 1301 1740 substantia
1328 1682 1443 1736 ⁸⁸⁸³.
1482 1681 1622 1737 Msa.
1651 1682 1727 1737 ita
1759 1690 1840 1737 est
1870 1700 1882 1734 :

289 1799 401 1836 non
432 1781 577 1836 enim
616 1792 833 1845 litavere
883 1791 982 1832 nos
1022 1774 1203 1840 debet,
1247 1775 1388 1844 quod
1418 1773 1686 1828 dialectici
1726 1772 1886 1826 aliter

1986 590 2064 644 sic
2092 592 2479 660 grammaticus
2521 591 2789 663 signiﬁcat
2851 592 3073 655 habere,
3125 592 3249 661 quia
3301 591 3573 662 signiﬁcat

1986 680 2270 736 habentem
2296 682 2653 752 disciplinam.
2686 683 2823 738 Mac.
2864 682 3180 737 Nullatenus
3235 681 3328 715 W'
3357 683 3458 737 hac
3482 700 3574 737 ra-

1987 773 2130 827 tione
2159 774 2519 840 considerata,
2548 788 2746 845 negare
2772 788 2989 843 po=sum
3037 786 3129 830 aut
3155 783 3423 829 armatum
3456 792 3578 830 esse

1987 865 2339 919 substantiam
2369 872 2462 918 aut
2492 854 2902 943 grammaticum
2952 867 3171 920 habere.
3200 850 3344 922 Dise.
3376 866 3577 921 Vellem

1986 968 2116 1023 ergo
2142 968 2171 1007 a
2206 965 2257 1007 te
2279 955 2348 1008 do
2382 955 2460 1009 eti
2486 964 2665 1008 utrum
2694 971 2858 1011 unum
2914 957 3111 1025 aliqiil
3144 955 3239 989 ⁸³⁸³
3262 957 3431 1027 possit
3455 973 3577 1015 esse

1986 1045 2321 1101 diversorum
2368 1046 2930 1115 przelicmnentorum.
2972 1047 3111 1102 Msa.
3175 1048 3306 1103 Rem
3353 1050 3484 1119 quid
3524 1068 3575 1104 m

1985 1150 2148 1190 unam
2185 1144 2241 1191 et
2266 1138 2509 1193 eamdem
2539 1153 2640 1192 non
2664 1146 2794 1209 puto
2825 1140 2926 1194 sub
2956 1139 3185 1194 diversis
3222 1143 3394 1211 aptari
3420 1156 3579 1213 pose:

1986 1227 2081 1259 ⁸⁸⁸⁵
2102 1229 2538 1296 [medicamentis
2564 1229 2687 1285 licet
2719 1230 2772 1283 in
2812 1230 3133 1299 quibusdam
3185 1234 3419 1287 dubitari
3451 1250 3577 1304 pos-

1986 1317 2092 1384 sitj:
2138 1318 2280 1387 quod
2348 1318 2538 1387 majori
2589 1326 2645 1373 et
2702 1319 2879 1374 altinri
2928 1320 3046 1390 disp
3086 1322 3291 1377 tatione
3340 1324 3581 1394 imligere

1986 1406 2259 1469 existimo.
2325 1422 2488 1475 quam
2538 1409 2642 1462 hac
2702 1408 2849 1463 brevi
2891 1423 3079 1464 lt0s‘ll'.t
3125 1412 3579 1466 sermo.-inationc

1987 1497 2401 1565 assumpsimus.
2443 1496 2615 1553 Unam
2639 1504 2818 1551 autem
2859 1512 3045 1554 vorezn
3091 1499 3179 1568 plu
3214 1515 3241 1552 a
3268 1500 3583 1568 signiﬁcan-

1989 1596 2095 1640 tem
2130 1596 2318 1641 nonut
2347 1602 2536 1651 unum,
2576 1602 2681 1642 non
2738 1589 2893 1643 video
2917 1589 3045 1659 quid
3084 1590 3369 1659 prohibeat
3415 1591 3583 1661 pluri-

1988 1676 2088 1731 bus
2108 1676 2398 1745 aliquando
2453 1678 2679 1747 supponi
2735 1679 3171 1746 praadieamentis
3204 1695 3216 1730 :
3250 1689 3309 1731 ut
3350 1678 3394 1733 si
3427 1679 3583 1735 albus

1989 1771 2186 1826 dicitur
2205 1770 2301 1802 W"
2330 1770 2582 1840 qualitas,
2610 1779 2666 1825 et
2694 1770 2913 1825 habere.
2963 1770 3130 1824 A'hns
3156 1771 3300 1825 enim
3350 1786 3454 1827 l0ll
3506 1771 3580 1825 ita

288 1874 542 1928 scribunt
587 1871 651 1925 de
680 1870 925 1933 vocibus,
958 1866 1254 1923 secundum
1290 1868 1435 1936 quod
1454 1875 1584 1920 sunt
1617 1864 1888 1938 signiﬁc::-
1920 1854 1962 1912 Β
1990 1862 2259 1932 signiﬁcat
2293 1862 2628 1931 qualitatem,
2675 1871 2729 1916 ct
2759 1863 2977 1927 habere,
3007 1872 3066 1916 ut
3090 1879 3287 1929 unum;
3316 1865 3579 1934 quemad-

293 1963 452 2023 tivaa;
487 1960 645 2014 aliter
694 1960 773 2014 eis
812 1966 1039 2012 utuntur
1083 1956 1352 2026 loquendo
1400 1955 1696 2010 secundum
1742 1955 1885 2025 quod

289 2060 425 2106 sunt
449 2048 786 2120 appellativa:
816 2066 828 2102 :
859 2047 907 2101 si
950 2058 1006 2102 et
1030 2046 1125 2078 “’8‘
1151 2045 1494 2115 grammatici
1534 2044 1883 2100 aliuddicunt

289 2145 591 2201 secundum
617 2142 843 2197 formam
866 2155 1081 2205 vocum,
1110 2138 1255 2194 aliud
1274 2138 1370 2170 ⁸⁰⁸⁸
1388 2138 1684 2195 secundum
1704 2152 1883 2193 rerum

290 2247 570 2291 naturam.
600 2235 796 2291 Dicunt
833 2235 1033 2305 quippe
1054 2233 1151 2265 ⁸⁰⁸⁶
1186 2232 1419 2304 lapidem
1451 2247 1574 2289 esse
1603 2230 1886 2286 masculini

289 2328 533 2397 generis,
560 2336 769 2398 petram
802 2325 1069 2390 feminini,
1098 2323 1426 2394 mancipium
1459 2331 1638 2378 autem
1668 2322 1884 2388 neutri;

291 2419 490 2473 timere
538 2417 799 2482 activum,
848 2416 1024 2471 timeri
1079 2428 1211 2470 vero
1244 2414 1519 2484 passivum
1566 2412 1657 2445 ⁸⁰⁸⁷
1708 2431 1719 2467 :
1764 2428 1886 2468 cum

289 2520 455 2561 nemo
483 2505 631 2561 dicat
661 2504 890 2575 lapidem
935 2504 1029 2536 ⁸⁰⁸⁸
1057 2518 1179 2559 esse
1209 2503 1526 2568 maseulam,
1557 2512 1647 2557 aut
1679 2514 1887 2573 petram

290 2597 584 2664 feminam,
632 2616 701 2654 an
736 2600 1062 2669 mancipium
1109 2614 1209 2654 nec
1255 2598 1552 2667 masculam
1605 2616 1705 2655 nec
1737 2599 1890 2654 femi-

290 2707 457 2755 nam;
485 2700 579 2745 aut
603 2692 792 2746 timere
821 2692 914 2723 ""9
944 2690 1152 2757 facere;
1182 2692 1357 2745 timeri
1383 2701 1561 2745 autem
1601 2692 1731 2759 pati.

898 2783 1125 2841 CAPUT
1149 2783 1288 2839 XIX.

292 2894 488 2948 Utrum
517 2896 915 2965 grammaticus,
946 2913 1064 2967 cum
1100 2895 1329 2964 designet
1362 2896 1632 2951 habentem
1663 2898 1891 2967 qualita-

550 2975 649 3019 tem
674 3005 689 3029 ,
720 2975 910 3033 spectet
950 2966 1020 3019 ad
1065 2968 1402 3037 categoriam,
1432 2968 1642 3023 habere.

367 3057 519 3110 Disc.
552 3055 749 3124 Aperta
780 3056 917 3110 ratio
966 3056 1097 3112 nihil
1125 3071 1211 3112 me
1246 3057 1297 3112 in
1344 3057 1429 3114 his
1451 3074 1572 3129 quae
1590 3060 1771 3116 dixisti
1796 3060 1892 3116 du-

292 3147 472 3200 bitare
499 3146 762 3214 permittit
792 3145 886 3177 δοθο
918 3165 929 3200 :
958 3147 1049 3201 sed
1070 3147 1247 3203 adhuc
1266 3157 1349 3204 est
1371 3148 1435 3204 de
1470 3149 1573 3204 hac
1592 3151 1894 3219 quaestione

1990 1955 2206 2009 modum
2250 1955 2344 1987 ⁸⁰⁹⁶
2374 1955 2539 2009 homo
2586 1954 2861 2025 signiﬁcat
2883 1964 2944 2008 ut
3002 1971 3166 2009 unum
3222 1955 3580 2011 substantiam

1987 2056 2041 2100 et
2064 2044 2349 2116 qualitates
2372 2084 2387 2111 ,
2410 2046 2608 2114 quibus
2648 2055 2860 2102 constat
2910 2045 3101 2101 homo.
3137 2045 3243 2100 lies
3263 2048 3428 2111 enim,
3463 2062 3585 2115 qua:

1987 2136 2283 2206 appellatur
2307 2136 2469 2191 homo
2507 2136 2624 2201 ⁸⁰⁹⁷,
2658 2145 2743 2192 est
2788 2152 2954 2191 unum
3019 2137 3275 2206 quiddam
3326 2147 3586 2193 constans

1988 2243 2056 2282 ex
2087 2229 2171 2283 his
2192 2243 2313 2297 qua:
2340 2228 2485 2294 dixi;
2516 2242 2604 2284 res
2628 2243 2759 2285 vero
2782 2244 2903 2299 qua:
2930 2228 3248 2301 appellatur,
3275 2228 3447 2292 albus,
3476 2245 3582 2284 non

1988 2330 2071 2375 est
2104 2320 2201 2352 “9"
2254 2336 2420 2374 llllllm
2464 2320 2669 2391 aliquid
2720 2336 2789 2376 ex
2827 2321 3031 2376 habere
3073 2329 3127 2376 et
3147 2321 3409 2391 qualitate
3456 2336 3586 2376 con-

1988 2422 2179 2478 stans;
2211 2414 2336 2483 quia
2361 2413 2495 2468 nihil
2526 2413 2831 2484 appellatur
2853 2413 3028 2477 albus,
3083 2413 3187 2469 nisi
3227 2428 3315 2469 res
3342 2411 3437 2446 ⁸⁸⁹⁶
3463 2428 3583 2482 qua:

1988 2507 2153 2561 habet
2174 2506 2520 2561 albedinem:
2572 2520 2694 2575 quae
2745 2520 3082 2575 nequaquam
3115 2499 3331 2561 constat
3379 2519 3446 2559 ex
3487 2504 3583 2558 ha-

1990 2600 2118 2654 bere
2144 2608 2200 2653 et
2218 2598 2478 2667 qualitate
2497 2636 2510 2651 .
2535 2597 2715 2665 Quare
2732 2598 2775 2652 si
2804 2597 3001 2652 dicitur
3024 2596 3121 2630 ⁸¹⁰⁶
3155 2598 3318 2652 homo
3343 2605 3427 2651 est
3452 2598 3586 2651 δυ’»-

1992 2691 2211 2757 stantia,
2236 2699 2292 2744 ct
2310 2692 2471 2745 homo
2494 2698 2575 2744 est
2603 2688 2855 2758 qualitas,
2880 2704 2986 2742 una
3016 2697 3072 2743 et
3099 2688 3286 2743 eadem
3308 2702 3417 2748 res,
3456 2702 3581 2755 qua:

1992 2782 2328 2851 signiﬁcatur
2356 2790 2411 2835 et
2460 2780 2758 2850 appellatur
2808 2780 2911 2834 hoc
2972 2780 3210 2841 nomine,
3238 2778 3436 2833 dicitur
3455 2778 3586 2831 sub-

1993 2876 2189 2929 stantia
2218 2885 2271 2929 et
2298 2874 2532 2944 qualitas
2560 2888 2680 2929 esse
2714 2871 2891 2941 :qnod
2924 2872 3138 2926 videtur
3171 2870 3578 2926 inconven'ens.

1994 2969 2126 3023 Cum
2149 2979 2329 3023 autem
2388 2967 2619 3022 dicimus
2641 2966 2768 3035 quia
2798 2964 2953 3018 albus
2985 2973 3069 3018 est
3125 2962 3215 2997 ‘m
3263 2961 3495 3033 qualitas
3534 2969 3589 3014 ct

1996 3061 2194 3115 habere
2243 3075 2347 3116 non
2402 3058 2635 3113 dicimus
2692 3057 2815 3126 quia
2847 3056 2940 3088 ⁸¹⁰¹¹
2969 3055 3112 3125 quod
3160 3052 3590 3124 appellaturbo:

1995 3154 2232 3215 nomine,
2274 3152 2508 3223 qualitas
2537 3160 2624 3208 est
2664 3160 2719 3208 et
2769 3150 2987 3213 habere.
3038 3150 3135 3205 sed
3186 3149 3310 3220 quia
3349 3148 3465 3203 haec
3484 3146 3590 3201 duo

292 3235 442 3304 quod
472 3234 628 3289 velim
659 3236 870 3291 discere
931 3236 1044 3293 θυι.
1109 3236 1267 3299 Nam,
1301 3238 1343 3293 si
1398 3218 1787 3309 grammaticus
1810 3251 1894 3296 est
1920 3218 1965 3281 ο
1998 3218 2375 3315 signiﬁcantur
2412 3246 2515 3300 hoc
2545 3244 2807 3299 nomine:
2842 3251 2897 3297 et
2944 3241 3147 3296 nullum
3204 3218 3591 3296 inconveniens

291 3324 554 3394 qualitas,
590 3326 715 3395 quia
753 3327 1024 3397 signiﬁcat
1069 3328 1407 3397 qualitatem,
1442 3344 1548 3383 non
1602 3330 1761 3385 video
1796 3346 1892 3387 cur

292 3428 541 3473 armatus
563 3435 669 3474 non
700 3420 1113 3487 sitsubstantia,
1151 3436 1274 3475 cum
1321 3421 1589 3492 signiﬁcet
1645 3422 1894 3477 substan-

292 3504 431 3563 tiam
463 3528 475 3563 :
519 3520 575 3564 et
601 3512 680 3566 sic
706 3520 951 3567 armatus
996 3513 1118 3568 ideo
1163 3521 1248 3568 est
1276 3512 1498 3577 habere,
1537 3513 1661 3583 quia
1686 3513 1891 3584 signiﬁ-

291 3611 385 3656 cat
418 3602 643 3665 habere,
668 3602 856 3673 ignoro
887 3618 984 3658 cur
1013 3603 1398 3674 grammaticus
1424 3619 1528 3659 non
1569 3609 1640 3661 sit
1668 3604 1891 3669 habere,

291 3710 423 3751 cum
452 3693 719 3763 signiﬁcet
743 3694 963 3750 habere.
994 3693 1229 3750 Omnino
1257 3695 1401 3750 enim
1436 3697 1889 3766 quemadmodum

290 3785 690 3857 grammaticus
720 3787 986 3856 probatur
1012 3786 1324 3856 signiﬁcare
1378 3788 1726 3857 qualitatem,
1768 3789 1892 3857 quia

289 3876 578 3946 signiﬁcat
608 3876 898 3932 habentem
939 3877 1290 3948 qualitatem;
1344 3878 1416 3933 ita
1464 3888 1705 3934 armatus
1733 3879 1897 3950 s’gni-

291 3970 428 4022 ﬁrat
454 3969 839 4034 substantiam,
865 3970 989 4039 quia
1018 3969 1287 4037 signiﬁcat
1332 3969 1619 4025 habentem
1647 3970 1901 4024 substan-

291 4062 470 4123 tiam,
525 4060 575 4113 id
614 4070 696 4115 est
750 4077 900 4115 arma
930 4079 942 4114 :
972 4070 1027 4114 et
1081 4062 1221 4117 sicut
1266 4073 1509 4116 armatus
1561 4061 1899 4116 convincitur

1999 3336 2264 3405 sequitur.
2294 3335 2438 3391 Dtsc.
2468 3336 2579 3390 Cur
2603 3344 2785 3389 autem
2810 3348 2917 3388 non
2952 3341 3035 3388 est
3070 3334 3250 3396 homo,
3289 3331 3586 3386 secundum

1999 3429 2321 3485 divisionem
2350 3428 2674 3491 Aristmclis,
2712 3426 3012 3483 substantia
3064 3434 3118 3481 et
3156 3424 3413 3495 qualitas,
3462 3425 3590 3493 quia

1999 3526 2293 3588 utrumque
2314 3518 2620 3589 signiﬁcat:
2683 3517 3140 3588 quemadmodum
3184 3526 3270 3571 est
3290 3514 3591 3585 albusqua-

2001 3609 2124 3666 litas
2153 3609 2248 3641 ¹⁶¹⁰³
2277 3617 2332 3664 et
2362 3611 2592 3675 habere,
2637 3618 2859 3679 propter
2902 3610 3191 3677 utriusque
3238 3604 3592 3674 signiﬁcatio-

1999 3701 2161 3755 nem?
2193 3698 2333 3758 MAG.
2382 3700 2617 3757 IEstimo
2642 3702 2769 3757 huic
2820 3700 3233 3770 interrogationi
3263 3697 3390 3752 illud
3435 3708 3594 3765 posse

1998 3788 2245 3846 sulbcere
2266 3790 2361 3822 ⁸¹⁰δ
2386 3791 2529 3860 quod
2584 3805 2746 3860 supra
2795 3791 2930 3853 dixi,
2957 3789 3083 3859 quia
3114 3796 3197 3843 est
3222 3784 3595 3857 principaliter

1999 3882 2412 3951 signiﬁcativum
2443 3882 2537 3914 “°"
2570 3883 2909 3945 substantiae,
2966 3890 3021 3936 et
3068 3881 3192 3949 quia
3220 3878 3348 3932 illud
3396 3891 3586 3938 unum,

1999 3973 2144 4041 quod
2176 3972 2465 4043 signiﬁcat,
2490 3971 2790 4027 substantia
2822 3981 2937 4030 est:
2972 3981 3028 4025 ct
3070 3986 3174 4023 non
3208 3966 3464 4037 qualitas,
3496 3965 3591 4019 sed

2000 4061 2160 4131 quale
2187 4080 2198 4113 :
2224 4061 2381 4117 albus
2410 4076 2539 4116 vero
2561 4061 2691 4116 nihil
2737 4060 3112 4131 principalius,
3144 4059 3237 4114 sed
3269 4056 3476 4114 pariter
3517 4054 3593 4110 si-

1606 4211 1827 4265 VAlllin
1864 4210 2265 4268 LECTIONES.

366 4379 468 4451 κοτ’
502 4379 741 4445 Quarum
788 4395 947 4435 voces
1002 4390 1127 4435 sunt
1182 4379 1555 4451 signiﬁcativm
1588 4419 1602 4441 ,
1663 4386 1872 4451 ethnou
1930 4392 2159 4451 quarum
2190 4389 2339 4451 sunt
2397 4381 2732 4451 appellativa:
2772 4396 2897 4433 mss.
2945 4393 3177 4451 quarum
3237 4384 3363 4451 sunt
3397 4375 3587 4451 signi:

288 4449 570 4512 ﬁcativae,
614 4459 669 4503 et
719 4465 824 4504 non
872 4465 1099 4520 quarum
1154 4446 1359 4520 tantum
1417 4458 1542 4503 sunt
1591 4446 1928 4520 appellativa:
1981 4517 1990 4520 _
2048 4449 2143 4520 ‘°’f°
2186 4450 2353 4511 Dicit;
2397 4446 2574 4505 omnis
2620 4468 2745 4505 mss.
2775 4451 2926 4512 dicit,
2960 4446 3086 4520 quia
3115 4448 3294 4502 munis
3394 4446 3485 4478 ⁸⁰³¹
3536 4448 3593 4502 Id

285 4532 379 4577 est
414 4521 756 4591 omnisuvox
820 4517 1089 4591 signiﬁcat
1132 4537 1258 4574 mss.
1307 4519 1499 4585 idest,
1551 4517 1729 4573 omnis
1784 4533 1889 4591 vox_
1950 4517 2261 4588 signiﬁcans
2347 4521 2462 4591 7"“
2514 4522 2652 4575 Ante
2714 4517 2992 4591 invenisti
3030 4536 3155 4591 mss.
3216 4520 3591 4591 antemniemi-

286 4591 433 4647 nisti
548 4589 646 4621 ⁸⁰⁸³
684 4591 822 4645 Vera
874 4588 957 4644 cst
991 4590 1287 4645 substantia
1343 4606 1466 4644 mss.
1526 4603 1653 4643 vere
1682 4596 1765 4642 est
1808 4588 2113 4643 substantia
2220 4591 2315 4622 ⁸⁰⁸⁵
2337 4590 2447 4646 Sed
2491 4601 2546 4644 et
2600 4608 2701 4645 ms.
2756 4588 2890 4646 Vict.
2944 4590 3029 4645 1'5.
3070 4590 3113 4643 si
3154 4598 3209 4644 et
3314 4588 3409 4623 ⁸⁸³⁸⁸
3449 4588 3586 4642 For-

287 4677 450 4717 mam
477 4658 651 4732 aliud
702 4676 827 4714 mss.
880 4660 1133 4732 Formam
1174 4676 1400 4732 vocum,
1442 4660 1587 4732 aliud
1692 4657 1788 4732 ξ⁰⁸⁶
1819 4657 2019 4713 Dicunt
2066 4660 2281 4728 quidem
2325 4679 2449 4715 mss.
2492 4662 2678 4716 dicunt
2706 4662 2901 4732 quippe
3008 4660 3101 4693 ⁶⁰⁸⁷
3155 4660 3593 4732 Mancipiumqnc

286 4730 516 4793 neutri,
545 4730 735 4783 timere
763 4738 945 4801 autem
997 4730 1281 4801 activum,
1345 4730 1518 4801 timeri
1576 4728 1850 4801 passivum
1897 4744 2048 4801 mss,
2080 4731 2406 4801 mancipimn
2466 4742 2645 4786 autem
2702 4728 2924 4798 neutri,
2975 4740 3029 4785 et
3071 4732 3260 4785 timere
3305 4728 3585 4784 aetivum:

285 4801 503 4871 timeri
559 4814 690 4871 vero
754 4798 1026 4869 passivum
1161 4800 1256 4832 ⁸⁰⁸³
1304 4800 1457 4854 Dicat
1516 4800 1745 4871 lapidem
1806 4799 2146 4871 mss._dicat
2195 4798 2318 4856 esse
2380 4802 2609 4871 lapidem
2743 4802 2834 4835 ⁶⁰³⁹
2883 4802 3184 4857 Fremiuam
3245 4810 3339 4854 aut
3399 4801 3591 4871 timere

283 4891 428 4928 mss.
480 4867 783 4933 faeminam,
827 4879 920 4923 aut
955 4871 1299 4941 mancipium,
1325 4869 1781 4941 necimasculutu
1824 4883 1926 4922 nec
1953 4867 2254 4941 fieiiiinam,
2289 4881 2380 4925 aut
2407 4867 2597 4927 timere
2668 4872 2763 4905 ⁸⁰⁹⁰
2793 4872 2949 4926 Ratio
3003 4873 3056 4941 in
3087 4871 3170 4924 bis
3219 4884 3338 4941 qua:
3402 4868 3589 4941 ᾠκτειί

286 4943 564 5012 dubitare
590 4955 695 5012 non
719 4940 981 5010 permittit
1008 4938 1299 5012 mssfratio
1340 4940 1488 5012 nihil
1524 4938 1816 5012 incinliis
1841 4953 1960 5007 qu:c
1991 4940 2192 5012 dixisti
2219 4940 2468 4997 dubitare
2522 4944 2788 5012 permittit
2862 4942 2954 4975 ⁸⁰⁹¹
2987 4940 3138 5012 Quod
3189 4940 3347 4992 velim
3403 4939 3589 5012 dicere

282 5030 430 5066 mss.
466 5010 594 5063 Bec.
622 5007 767 5063 Gem.
804 5013 944 5079 quod
982 5012 1140 5065 velim
1170 5010 1379 5065 discere
1453 5010 1544 5043 “9’
1576 5008 1938 5079 Disciplinam.
1995 5009 2062 5062 Μ.
2097 5009 2410 5067 Nullatenas
2457 5007 2580 5067 mss.
2616 5012 2997 5077 substantiam,
3053 5010 3104 5063 id
3152 5018 3253 5070 est,
3289 5023 3487 5079 arma:
3518 5008 3583 5061 l‘lt

285 5084 450 5137 sicut
479 5088 724 5133 armatus
745 5076 1084 5135 convincitur
1112 5080 1419 5147 signiﬁcare
1444 5080 1666 5150 habere,
1699 5078 2124 5150 quia-signiﬁcat
2177 5082 2464 5136 bibentem
2516 5099 2667 5137 arma
2701 5101 2713 5136 :
2753 5082 2833 5137 sic
2887 5080 3278 5150 grammaticus
3317 5076 3588 5146 signiﬁcat

288 5153 513 5208 habere
542 5189 556 5211 ,
581 5151 705 5216 quia
733 5149 999 5218 signiﬁcat
1049 5146 1332 5205 habentem
1388 5149 1745 5218 disciplinam.
1800 5146 2231 5218 MLNullateuus
2306 5152 2399 5185 ⁸⁸³³
2433 5150 2624 5207 Utrum
2679 5168 2840 5205 unum
2867 5146 3011 5204 aliud
3044 5166 3167 5202 mss.
3195 5157 3378 5201 utrum
3412 5163 3577 5199 unum

287 5220 516 5288 aliquid
591 5220 685 5290 δοθξδ
714 5217 922 5274 Aretari
958 5235 1114 5289 posse
1148 5236 1270 5275 mss.
1297 5222 1469 5290 aptari
1503 5217 1657 5288 posse
1730 5217 1928 5290 “°”_Ut
1963 5221 2118 5275 albus
2142 5221 2339 5276 dicitur
2366 5240 2490 5276 mss.
2516 5231 2575 5276 ut
2608 5223 2650 5276 si
2682 5222 2834 5274 albus
2868 5222 3067 5275 dicitur
3142 5218 3233 5249 "9°
3272 5218 3333 5290 Et
3360 5218 3581 5290 habete.

286 5289 769 5363 quemadmodum
794 5306 919 5343 mss.
961 5298 1016 5343 et
1050 5290 1249 5363 habere
1304 5288 1359 5344 ut
1390 5306 1578 5353 nmnn,
1623 5288 2083 5363 quemadmodmn
2154 5291 2246 5323 "’97
2303 5291 2608 5363 Signiﬁcat
2634 5300 2713 5363 ut,
2743 5308 2930 5363 uninn,
2966 5290 3248 5363 signiﬁcat
3302 5288 3591 5363 habuitem

287 5358 692 5431 substantiam,
718 5359 769 5431 id
808 5367 890 5431 est
910 5375 1083 5423 arma,
1102 5360 1306 5414 ctsicut
1330 5370 1570 5415 armatus
1596 5358 1895 5415 convicitur
1918 5360 2223 5431 signiﬁcare
2252 5358 2453 5417 habere
2480 5402 2494 5426 ,
2525 5362 2648 5429 quia
2673 5360 2943 5431 signiﬁcat
2966 5360 3251 5414 habentem
3279 5372 3430 5414 arma
3465 5374 3476 5409 :
3515 5358 3586 5431 ita

287 5428 700 5502 grammaticus
720 5429 987 5502 signiﬁcat
1013 5431 1207 5485 habere
1222 5441 1476 5494 utunum,
1500 5431 1852 5485 substantiam
1867 5438 1919 5502 et
1936 5427 2225 5501 qualitates
2240 5433 2435 5501 quibus
2448 5427 2660 5502 constat
2679 5427 2858 5484 homo.
2876 5432 2993 5502 illes
3018 5430 3390 5502 quidem,qum
3406 5427 3584 5502 appel-

287 5498 628 5571 l'aturbomo
652 5516 770 5552 mss.
790 5499 1323 5571 signiﬁcatutumun,
1340 5498 2668 5571 substantiametqualiLatesquibusconstathomo
2687 5517 2774 5555 res
2801 5501 3073 5569 enimqure
3097 5498 3397 5570 appellatur
3425 5498 3589 5571 homo

286 5567 403 5609 δυ’-’³
428 5567 625 5638 Album
647 5584 749 5638 non
788 5567 869 5623 est
885 5586 1008 5624 mss.
1035 5569 1206 5635 albus,
1228 5587 1332 5625 non
1357 5581 1441 5627 est
1510 5570 1604 5603 ⁸⁰⁹⁹
1622 5567 1951 5634 Album,uisi
1974 5587 2060 5627 res
2084 5567 2397 5635 mss.albus,
2415 5571 2514 5626 nisi
2531 5587 2619 5628 res
2690 5571 2786 5604 ⁸¹⁰⁰
2817 5572 2955 5638 Quia
2969 5567 3317 5626 dicitu'r‘mss.
3346 5582 3514 5638 quare
3541 5568 3584 5619 si

287 5640 531 5713 dicitur_
594 5636 683 5667 “°‘
714 5637 846 5705 Quia
878 5640 1056 5713 album
1080 5648 1163 5694 est
1185 5658 1309 5713 mss.
1338 5644 1461 5713 quia
1492 5642 1646 5713 albus
1665 5649 1745 5695 est
1822 5637 1914 5713 ἦθ’
1949 5642 2063 5696 Νοη
2094 5644 2292 5708 omnis,
2318 5642 2442 5713 quia
2458 5656 2703 5713 mss.non
2735 5636 2961 5713 (licinius
2983 5641 3106 5711 quia
3179 5641 3276 5713 δήν
3297 5636 3388 5693 Est
3409 5637 3592 5713 allium

285 5719 353 5763 et
379 5707 621 5779 qualitas
642 5726 764 5761 nus.
796 5719 878 5763 est
906 5709 1059 5764 allms
1096 5712 1328 5778 qualitas
1356 5705 1503 5766 Edit.
1537 5712 1652 5765 Col.
1685 5717 1767 5763 est
1810 5708 1989 5764 album
2043 5722 2122 5766 cst
2153 5705 2383 5779 qualitas
2458 5712 2552 5743 ⁸¹⁰⁵
2583 5712 2914 5773 Satisfacere
2968 5705 3090 5767 mss.
3146 5711 3392 5766 sulliccrc
3441 5705 3588 5760 Edit.

288 5778 424 5833 (10!.
458 5777 635 5832 facere
709 5780 799 5809 “°"
833 5777 1204 5850 Primipaliter
1242 5782 1601 5852 signiﬁmtum
1636 5799 1755 5833 mss.
1810 5777 2181 5851 principaliter
2221 5783 2634 5853 siguillcativum
