4076 6288
526 352 641 411 579

520 469 1062 541 guiﬁratqnalitatem
1102 480 1157 525 et
1187 471 1423 532 habere;
1455 484 1557 524 nec
1584 468 1646 523 ﬁt
1679 484 1844 523 unum
1878 482 1944 524 ex
1995 467 2100 533 his,
2137 477 2181 531 Α

519 560 665 636 quod
691 558 866 630 magis
894 559 964 615 sit
992 561 1113 626 hoc,
1143 560 1228 614 vel
1258 559 1388 615 illud
1408 600 1424 625 ,
1471 558 1630 629 cujus
1651 560 1724 615 sit
1765 558 1918 614 albus
1943 559 2109 630 signi-

519 650 795 706 ﬁcalivnm
824 649 943 704 “".
1120 710 1123 715 η
1278 710 1281 713 _

1015 776 1019 781 η
1123 740 1349 799 CAPUT
1386 741 1505 796 XX.

516 850 788 918 Quomodo
828 866 894 906 ea:
926 851 1237 923 signiﬁcatis
1290 854 1458 917 vocis,
1494 851 1679 917 albus.
1729 868 1833 909 non
1862 860 2108 922 exsurgat

594 958 597 959 ν
866 941 870 945 “
1226 939 1411 978 unum.

588 1012 738 1066 lltsc.
767 1009 986 1067 Planius
1029 1010 1165 1066 mihi
1190 1011 1380 1067 vellem
1408 1011 1668 1083 explicari
1704 1011 1977 1083 quomodo
1998 1024 2106 1066 non

514 1100 608 1155 ﬁat
643 1115 807 1155 unum
841 1099 1045 1170 aliquid
1086 1099 1179 1132 ⁸¹⁰⁷
1224 1114 1292 1155 ex
1336 1100 1421 1157 his
1446 1115 1567 1172 quae
1609 1100 1881 1172 signillcat
1928 1098 2104 1154 albus.

511 1189 651 1247 Mss.
685 1189 742 1246 Si
770 1190 977 1260 aliquid
998 1190 1093 1225 “°°
1114 1200 1331 1248 constat
1350 1207 1416 1247 ex
1444 1193 1523 1247 eis
1556 1200 1650 1246 aut
1674 1200 1759 1247 cst
1780 1189 2104 1256 substantia,

510 1293 609 1339 aut
657 1283 861 1353 aliquid
924 1282 1154 1340 aliorum
1202 1283 1295 1315 “°’
1348 1284 1906 1353 medicamentorum.
1955 1282 2101 1340 DISC.

509 1373 668 1428 Aliud
691 1387 814 1430 esse
837 1389 943 1430 non
968 1382 1164 1445 potest.
1200 1374 1341 1431 Mao.
1373 1374 1479 1430 Sed
1511 1374 1647 1430 nihil
1698 1374 1893 1430 horum
1944 1374 2007 1430 ﬁt
2034 1391 2101 1431 ex

512 1468 714 1522 habere
739 1476 796 1521 et
815 1466 1083 1524 albedine.
1114 1466 1259 1523 Dtsc.
1302 1463 1419 1520 Non
1464 1479 1682 1534 possum
1706 1465 2099 1523 contradicere.

509 1556 809 1615 Msthem
837 1572 1002 1613 unum
1049 1571 1156 1613 non
1208 1555 1269 1611 lit
1297 1572 1366 1612 ex
1406 1555 1670 1627 pluribus,
1725 1556 1831 1612 nisi
1873 1565 1969 1613 aut
2006 1557 2099 1590 ““

508 1647 902 1719 compositione
955 1648 1216 1719 partium,
1264 1661 1385 1719 quae
1431 1644 1813 1715 suntejusdem
1841 1648 2103 1717 praedica-

507 1740 672 1794 tneuti
702 1747 763 1792 ut
783 1737 986 1793 animal
1026 1746 1239 1805 constat
1283 1751 1353 1793 ex
1401 1751 1631 1808 corpore
1668 1745 1724 1793 et
1770 1737 1978 1804 anima;
2008 1747 2103 1794 aut

1085 356 1143 412 S.
1184 354 1480 412 ANSEIMI
1519 353 1870 410 CANTUAR.
1909 355 2409 443 ARCHIEP.’OPP.
2451 358 2632 416 PARS
2670 360 2709 416 Ι.
2745 394 2816 404 -—
2843 362 3257 423 DOGMATICA.

3688 375 3786 434 380

2810 475 3036 535 CAPUT
3062 480 3203 536 XXI.

2214 580 2366 647 Quod
2391 584 2543 668 ullius
2570 603 2674 668 non
2703 587 2967 668 signiﬁcet
3005 589 3208 668 aliquid
3250 592 3795 668 habensolbsdinem;

2370 654 2476 733 sed
2506 654 2766 711 duntaxat
2791 654 3046 729 signiﬁcet
3077 654 3273 717 [iubens
3300 654 3617 721 albedinem.
3636 654 3654 729 γ,

2281 744 2422 800 Mss.
2481 746 2598 803 Non
2646 749 2827 819 agitur
2884 761 3065 808 utrum
3103 753 3304 820 omnis,
3354 756 3446 826 qui
3505 766 3591 814 est
3617 759 3794 824 albus,

2210 836 2283 890 sit
2309 835 2551 907 aliquid;
2591 849 2688 894 aut
2730 840 2822 908 sit,
2854 842 2947 912 qui
2975 843 3069 875 ⁸¹¹¹
3101 843 3267 899 habet
3298 862 3312 899 :
3342 845 3438 901 sed
3462 855 3647 902 utrum
3695 848 3796 908 hoc

2211 941 2407 982 nomen
2448 943 2546 982 sua
2595 930 2996 1001 signiﬁcatione
3033 934 3311 990 contineat
3338 936 3390 992 id
3414 939 3559 1007 quod
3594 940 3796 996 dicitur

2209 1017 2434 1089 aliquid,
2462 1029 2556 1074 aut
2581 1021 2673 1091 qui
2705 1022 2870 1078 habet
2908 1023 3050 1079 sicut
3077 1025 3241 1081 homo
3273 1027 3520 1084 continet
3545 1030 3747 1085 animal
3774 1047 3792 1089 :

2208 1118 2271 1165 ut
2292 1111 2563 1180 quomodo
2589 1113 2754 1169 homo
2781 1122 2866 1170 est
2891 1114 2986 1148 δυ’
3015 1116 3215 1173 animal
3244 1117 3510 1175 rationale
3530 1121 3791 1184 mortale:

2210 1204 2283 1257 ita
2306 1202 2460 1260 albus
2498 1205 2795 1277 sitaliquid
2841 1205 3049 1264 habens
3076 1207 3381 1266 albedinem
3413 1209 3512 1243 ωδ
3563 1222 3658 1268 aut
3700 1215 3795 1283 qui

2213 1296 2375 1351 habet
2398 1297 2703 1354 albedinetn
2730 1316 2744 1352 :
2774 1299 2941 1356 nntlta
2994 1317 3228 1374 namque
3289 1319 3513 1362 necesse
3540 1314 3627 1360 est
3677 1321 3794 1361 rem

2209 1388 2508 1459 quamlibet
2533 1405 2675 1454 esse,
2701 1405 2823 1461 ιιιιιι³
2848 1401 3027 1449 tamen
3062 1394 3142 1451 rei
3171 1394 3415 1466 ejusdem
3445 1397 3664 1453 nomine
3688 1413 3795 1454 non

2207 1481 2601 1552 signiﬁcantur.
2632 1482 2787 1551 Nam,
2840 1499 3003 1540 omne
3054 1486 3257 1541 animal
3282 1500 3507 1544 necesse
3526 1497 3611 1545 est
3647 1488 3798 1545 colos

2206 1580 2384 1626 ratum
2410 1585 2552 1635 esse,
2581 1580 2637 1627 et
2687 1571 2973 1640 rationale,
3031 1583 3127 1629 aut
3173 1576 3535 1644 irrationale;
3594 1593 3797 1636 nomen

2207 1671 2387 1717 tamen
2409 1661 2660 1719 animalis
2680 1663 2841 1719 nihil
2879 1664 3075 1721 horum
3123 1665 3400 1737 signiﬁcat
3429 1682 3641 1739 :quare
3668 1669 3800 1727 licet

2203 1751 2357 1807 albus
2386 1752 2481 1785 δι”
2505 1769 2612 1808 non
2660 1755 2732 1810 sit
2771 1755 2873 1831 nisi
2896 1756 3101 1828 aliquid
3128 1757 3361 1827 habens,
3380 1749 3484 1816 aut
3506 1760 3603 1830 qui
3627 1761 3798 1818 habet

505 1834 880 1892 convenientia
906 1834 1185 1906 generiset
1203 1831 1522 1889 diﬁ‘erentim
1552 1833 1728 1895 unius.
1758 1833 1843 1888 vel
1867 1833 2097 1905 plurium
2131 1826 2174 1887 Β
2200 1845 2536 1913 πεδαιίηοηιε
2562 1864 2667 1905 non
2694 1826 2871 1907 tamen
2897 1826 3124 1907 necesse
3143 1860 3229 1908 es,
3250 1859 3311 1907 ιη
3331 1850 3485 1908 “Ibus
3508 1826 3605 1885 t'm
3626 1855 3799 1924 νεώ,

505 1936 566 1982 ιιι
588 1942 784 1998 corpus
808 1935 864 1983 et
886 1925 1050 1982 homo
1077 1943 1093 1982 :
1123 1935 1219 1981 aut
1248 1925 1449 1996 specie,
1472 1934 1528 1981 et
1552 1926 1945 1997 praprietatnm
1987 1925 2100 1982 col-

504 2017 739 2074 lectione
762 2028 820 2073 ut
844 2017 999 2073 Plato
1027 2016 1144 2074 ω’.
1178 2018 1271 2073 Illa
1310 2033 1461 2082 vero,
1487 2033 1608 2089 qua:
1638 2018 1794 2074 albus
1809 2018 1905 2052 ““
1931 2018 2099 2092 signi-

506 2110 653 2174 ﬁcat,
673 2125 779 2165 non
816 2119 943 2165 sunt
978 2110 1136 2165 unius
1156 2110 1584 2181 praedicamcnti,
1637 2126 1738 2167 nec
1761 2121 1848 2168 est
1867 2109 2096 2167 alterum

506 2201 664 2257 alteri
701 2215 895 2273 genus,
921 2210 1015 2256 aut
1043 2199 1366 2275 differentia,
1422 2209 1516 2257 aut
1541 2202 1767 2272 species,
1821 2202 2105 2258 autcolle-_

504 2295 618 2349 ctio
647 2293 1070 2365 proprietatum;
1114 2310 1215 2349 nec
1259 2303 1384 2350 sum
1404 2293 1720 2351 dill‘ercntia:
1748 2295 1908 2351 unius
1930 2305 2096 2367 geneo

504 2386 600 2449 ris.
628 2387 723 2441 sed
767 2395 892 2441 sunt
918 2386 1219 2441 accidentia
1261 2386 1502 2456 ejusdem
1544 2387 1810 2458 subjecti:
1840 2386 1979 2457 quod
2016 2394 2099 2441 ta-

504 2492 628 2533 men
662 2477 992 2546 subjectum,
1032 2477 1188 2553 albus
1220 2494 1324 2534 non
1355 2479 1448 2512 *ιιι
1476 2478 1784 2552 signiﬁcat;
1818 2480 1946 2550 quia
1973 2495 2093 2535 om-

503 2568 633 2621 nino
662 2566 796 2622 nihil
821 2568 1090 2638 signiﬁcat
1136 2569 1280 2624 aliud
1312 2584 1475 2640 quam
1536 2571 1739 2626 habere
1765 2581 1820 2625 et
1861 2569 2094 2641 qualita-

504 2668 630 2713 tcm.
654 2657 834 2726 Quare
864 2675 971 2713 nutt
999 2658 1059 2714 ﬁt
1087 2659 1182 2691 δίη
1211 2676 1374 2715 unum
1406 2673 1472 2715 ex
1525 2661 1630 2725 his,
1667 2675 1789 2731 qum
1823 2660 1978 2715 albus
1997 2659 2092 2692 ⁶¹¹⁶

501 2748 794 2820 signiﬁcat.
831 2751 976 2806 Dtsc.
1007 2748 1326 2820 Quanquam
1360 2752 1500 2805 ratio
1528 2750 1659 2806 mihi
1713 2764 1959 2806 asserere
2008 2751 2093 2806 vi-

500 2839 692 2892 deatur
745 2851 868 2907 quae
913 2837 1054 2893 dicis
1110 2838 1202 2870 W"
1253 2837 1442 2894 vellem
1497 2848 1676 2894 tamen
1732 2840 1923 2895 audire
1962 2840 2093 2910 quid

499 2929 887 2998 responderes,
905 2929 948 2984 si
961 2928 1105 2998 quis,
1127 2928 1198 2983 ad
1216 2928 1311 2959 “‘3
1335 2929 1457 2996 hoc,
1487 2929 1627 3000 quod
1652 2929 1790 2985 dicis
1810 2931 1939 3000 quia
1959 2928 2091 2984 nihil

500 3025 725 3078 omnino
751 3024 908 3081 albus
955 3023 1226 3095 signiﬁcat
1269 3023 1364 3056 δ¹¹⁹
1405 3024 1551 3080 aliud
1587 3039 1750 3095 quam
1805 3025 2093 3082 habcre'et

499 3116 948 3185 qualitatem,sic
971 3102 1269 3186 obiiceret:
1300 3116 1491 3184 Albus,
1541 3132 1668 3173 cum
1700 3117 1790 3150 “'°
1823 3117 1897 3173 sit
1943 3117 2087 3174 idem

2205 1938 2329 1995 ﬁcet
2354 1940 2476 1996 hoc.
2507 1941 2783 1999 Ponamus
2818 1944 2963 2000 enim
3004 1946 3151 2016 quod
3198 1945 3403 2013 album,
3448 1947 3567 2003 sive
3616 1947 3797 2011 albus,

2200 2032 2468 2101 signiﬁcet
2518 2030 2726 2105 aliquid
2796 2035 3003 2092 habens
3053 2035 3400 2093 albedinein:
3440 2038 3535 2092 sed
3587 2038 3798 2109 aliquid

2198 2123 2405 2182 habens
2433 2127 2733 2183 albedinem
2760 2142 2865 2184 non
2925 2138 3011 2184 est
3059 2128 3228 2192 aliud.
3271 2144 3432 2200 quam
3479 2129 3688 2201 aliquid
3712 2129 3796 2185 al-

2199 2217 2349 2272 bum.
2376 2220 2519 2275 Dtsc.
2554 2219 2668 2276 Non
2691 2228 2871 2292 potest
2893 2221 3038 2277 aliud
3065 2236 3205 2279 esse.
3229 2220 3369 2278 llas.
3398 2221 3571 2280 Albus
3602 2223 3797 2295 igitur,

2198 2309 2315 2366 sive
2362 2310 2565 2377 album,
2617 2328 2834 2384 semper
2874 2313 3146 2386 signiﬁcat
3193 2314 3289 2347 “*7
3347 2314 3553 2386 aliquid
3579 2314 3793 2372 album.

2200 2405 2342 2460 Dtsc.
2373 2404 2449 2460 Ita
2475 2406 2564 2461 sit.
2598 2406 2738 2462 Illac.
2776 2406 2875 2464 Ubi
2934 2408 3099 2478 igitur
3140 2409 3360 2479 ponitur
3397 2406 3572 2471 albus,
3599 2407 3688 2465 vel
3714 2409 3796 2464 al-

2197 2495 2349 2562 bum,
2396 2505 2545 2552 recte
2570 2512 2787 2568 semper
2821 2499 3091 2569 accipitur
3136 2513 3238 2570 pro
3271 2498 3397 2556 albo
3431 2499 3530 2533 ““
3582 2498 3793 2571 aliquid

2197 2589 2400 2644 album.
2450 2589 2593 2646 Dtsc.
2624 2591 3007 2661 Consequitur.
3065 2591 3206 2648 Mss.
3260 2592 3405 2663 Ergo
3442 2592 3536 2648 ubi
3590 2591 3797 2647 dicitur

2198 2681 2399 2751 aliquid
2420 2681 2633 2747 album;
2675 2694 2821 2739 recte
2845 2699 3064 2755 quoque
3103 2684 3305 2740 dicitur
3335 2685 3440 2746 bis,
3466 2684 3673 2755 aliquid
3707 2684 3793 2739 ald

2197 2775 2323 2831 bum
2352 2793 2367 2829 :
2398 2782 2453 2828 et
2503 2774 2591 2829 ttbi
2653 2773 2769 2841 bis;
3006 2776 3076 2832 ibi
3101 2786 3156 2831 et
3188 2785 3270 2833 ter
3294 2777 3388 2811 ⁸¹²⁹
3416 2779 3632 2834 :ethoc
3675 2776 3796 2834 inﬁ-

2197 2869 2328 2924 nite.
2368 2867 2514 2923 Dtsc.
2545 2865 2898 2938 Consequens
2943 2878 2999 2924 et
3047 2868 3343 2927 absurdum
3373 2871 3605 2929 esthoc.
3642 2870 3790 2927 Iac.

2197 2957 2278 3013 Sit
2304 2974 2519 3029 quoque
2539 2958 2715 3025 albus,
2751 2959 2803 3013 id
2836 2958 3012 3028 ipsum
3034 2957 3131 2995 ⁸ί³⁹
3154 2961 3299 3031 quod
3335 2970 3418 3017 est
3441 2961 3534 3032 qtti
3579 2959 3793 3016 albedi—

2198 3066 2322 3106 nem
2349 3051 2552 3106 habet:
2584 3050 2678 3106 sed
2721 3049 2917 3118 habet,
2964 3065 3070 3106 non
3107 3060 3191 3109 est
3213 3051 3306 3085 ⁸¹³¹
3335 3052 3480 3107 aliud
3504 3066 3673 3122 quam
3694 3049 3793 3107 ha-

2193 3146 2332 3198 bens
2352 3150 2457 3199 est.
2473 3141 2632 3202 .Dtsc.
2663 3140 2772 3197 Nec
2788 3150 2967 3213 potest
2989 3156 3131 3199 esse.
3155 3143 3295 3199 Illac.
3322 3142 3493 3198 Albus
3519 3157 3654 3212 ergo
3680 3157 3791 3198 non

500 3207 644 3278 quod
669 3209 876 3264 habens
925 3208 1249 3275 albedinem.
1290 3224 1411 3265 non
1440 3209 2092 3282 signiﬁcatdeterminate

2199 3242 2273 3288 est
2301 3233 2444 3288 aliud
2466 3246 2627 3305 quam
2655 3229 2757 3304 qui
2788 3207 3101 3289 albedinent
3125 3233 3339 3306 habens
3359 3242 3462 3289 est.
3489 3207 3638 3287 Dtsc.
3666 3232 3786 3287 Non

509 3297 618 3354 hoc
646 3297 732 3354 vel
759 3297 888 3354 illud
913 3298 1140 3366 habens,
1175 3298 1324 3354 velut
1349 3313 1576 3369 corpus;
1623 3298 1717 3355 scd
1778 3297 2094 3355 indctertnin

501 3398 631 3445 nate
659 3389 861 3462 aliquid
890 3391 1095 3447 habens
1136 3390 1464 3448 albedinem.
1497 3390 1665 3448 Albus
1687 3391 1858 3458 enim,
1889 3400 1983 3447 aut
2007 3402 2092 3448 est

502 3483 594 3553 qui
627 3482 791 3538 habet
848 3482 1184 3549 albedinem,
1225 3493 1320 3538 attt
1369 3483 1461 3557 qui
1512 3499 1620 3539 non
1648 3484 1843 3549 habet;
1875 3484 1971 3540 sed
1995 3484 2087 3555 qui

501 3589 612 3628 non
670 3572 837 3629 habet
881 3574 1207 3639 albedinem.
1241 3589 1349 3630 non
1377 3584 1462 3630 est
1488 3575 1672 3641 albus;
1728 3566 1886 3631 albus
1928 3575 2089 3645 igitur

503 3670 614 3732 est,
644 3662 735 3732 qui
793 3663 958 3718 habet
1005 3663 1330 3723 albedinem.
1384 3664 1567 3732 Quare
1620 3664 2090 3737 quoniam-omnis

499 3754 592 3823 qni
628 3753 798 3810 habet
838 3752 1165 3819 albedinem.
1215 3753 1430 3810 nonnisi
1485 3753 1687 3825 aliquid
1712 3763 1825 3818 est,
1866 3770 2089 3813 necesse

499 3850 584 3899 cst
609 3852 670 3901 ut
732 3842 887 3899 albus
931 3845 1002 3900 sit
1026 3844 1231 3915 aliquid
1258 3846 1351 3877 “²¹
1380 3846 1522 3916 quod
1563 3844 1727 3902 habet
1759 3846 2084 3914 albedinem.

500 3944 595 3991 aut
620 3935 822 4007 aliquid
873 3936 1081 3993 habens
1132 3936 1456 3994 albedinem.
1516 3936 1759 4009 Denique
1806 3939 1961 3995 albus
1994 3949 2089 3996 aut

499 4029 772 4100 signiﬁcat
802 4029 1003 4100 aliquid
1034 4030 1240 4086 habens
1264 4029 1592 4095 albedinem.
1647 4039 1743 4086 aut
1789 4031 1923 4087 nihil
1948 4050 1961 4086 :
1991 4032 2086 4088 sed

500 4119 632 4175 nihil
666 4136 771 4177 non
798 4128 976 4192 potest
995 4120 1217 4191 intelligi
1259 4120 1465 4176 habens
1496 4119 1833 4187 albedinem;
1866 4134 2086 4177 necesse

499 4222 583 4268 est
614 4229 744 4285 ergo
770 4223 826 4269 ut
856 4212 1009 4269 albus
1033 4212 1302 4284 signiﬁcet
1358 4212 1561 4286 aliquid
1620 4212 1830 4269 habens
1883 4211 2084 4270 albedi-

460 4332 465 4337 '
500 4321 643 4361 nem.

2193 3322 2360 3378 aliud.
2405 3322 2545 3379 MAG.
2576 3322 2712 3378 Cum
2751 3332 2933 3378 autem
2986 3323 3187 3380 dicitur
3231 3322 3535 3378 albedinem
3574 3323 3792 3378 habens

2194 3431 2299 3471 non
2325 3416 2468 3470 aliud
2522 3414 2792 3486 signiﬁcat
2844 3416 2961 3472 hze'c
2984 3416 3169 3470 oratio
3194 3414 3357 3486 quam
3399 3415 3603 3470 album.
3634 3410 3786 3469 Dtsc’.

2189 3509 2267 3565 Ita
2301 3518 2403 3564 est.
2438 3504 2580 3565 MAG.
2617 3509 2762 3564 idem
2794 3517 2880 3564 est
2902 3509 3065 3580 igitur
3116 3508 3294 3574 albus,
3328 3506 3472 3578 quod
3512 3507 3606 3578 qui
3629 3505 3794 3560 albus

2187 3610 2290 3656 est.
2325 3596 2471 3656 Dtsc.
2492 3600 2586 3656 Sic
2614 3600 2879 3669 sequitur.
2930 3599 3070 3655 Man.
3104 3599 3425 3668 Ubicunque
3453 3600 3641 3666 itaque
3693 3614 3791 3668 pod

2195 3692 2341 3745 nitur
2365 3690 2541 3754 albus,
2579 3699 2726 3745 recte
2775 3704 2876 3760 pro
2925 3703 2997 3743 eo
3023 3689 3290 3759 accipitur
3333 3686 3426 3759 qui
3467 3685 3624 3742 albus
3678 3695 3790 3743 est.

2194 3784 2341 3840 Dtsc.
2372 3781 2488 3837 Non
2516 3795 2736 3850 possum
2770 3794 3014 3852 'negare.
3044 3778 3185 3834 MAG.
3239 3766 3305 3834 Si
3330 3792 3463 3848 ergo
3492 3776 3651 3831 albus
3682 3785 3790 3839 est.

2192 3869 2284 3944 qui
2313 3873 2469 3928 albus
2495 3881 2623 3938 est;
2644 3872 2913 3927 est'etiam
2957 3871 3049 3941 qui
3100 3869 3191 3940 qui
3219 3868 3375 3924 albus
3402 3873 3508 3933 est,
3562 3877 3652 3923 est
3688 3883 3704 3921 :
3735 3875 3790 3921 ct

2193 3966 2237 4020 si
2271 3967 2394 4031 hoc,
2424 3968 2529 4029 est,
2569 3974 2654 4020 est
2675 3964 2837 4019 etiam
2866 3962 3072 4034 quiqui
3109 3962 3201 4031 qui
3229 3959 3385 4016 albus
3411 3967 3644 4027 esl,~est.
3681 3968 3788 4023 est;

2192 4066 2248 4109 et
2271 4055 2351 4108 sic
2369 4056 2429 4107 in
2467 4051 2736 4107 inﬁnitum
2764 4052 2881 4105 W’.
2906 4050 3050 4106 Dtsc.
3077 4050 3193 4105 Non
3254 4051 3358 4105 hoc
3384 4049 3568 4104 minus
3588 4063 3791 4105 conse-

2191 4161 2364 4216 quens
2399 4145 2517 4211 ωδ,
2548 4159 2648 4200 nec
2676 4144 2858 4200 minus
2884 4144 3173 4199 absurdum
3216 4152 3301 4199 est
3351 4156 3515 4210 quam
3547 4151 3609 4195 ut
3635 4154 3790 4212 saepe

2192 4238 2265 4292 δτι
2295 4235 2497 4305 aliquid
2523 4234 2743 4305 aliquid.
2786 4234 2928 4290 Mtc.
2988 4234 3048 4290 Si
3082 4236 3205 4304 quis
3231 4243 3411 4291 autem
3472 4230 3607 4288 dicit
3652 4232 3785 4303 quia

2195 4326 2349 4380 allztts
2374 4335 2467 4381 aut
2494 4325 2766 4397 signiﬁcat
2808 4324 3011 4394 aliquid
3060 4324 3264 4381 habens
3316 4324 3649 4389 albedinem.
3690 4333 3791 4378 aut

2195 4420 2329 4475 nihil
2355 4439 2368 4474 :
2402 4420 2445 4475 si
2486 4419 2564 4474 sic
2593 4417 2936 4490 intelligitur,
2966 4433 3031 4472 ac
3054 4418 3100 4473 si
3134 4418 3408 4475 diceretur
3434 4436 3448 4473 :
3478 4418 3655 4473 Albus
3688 4425 3786 4470 aut

1818 4611 2047 4673 VARle
2083 4611 2487 4674 LEC'I‘IONES.

571 4789 681 4862 ⁸¹⁰⁸,
697 4786 806 4862 Si}-
836 4785 1015 4862 illm!"
1036 4761 1393 4862 είεπῑρειιιιιξιι
1415 4804 1539 4862 Ψε-
1554 4789 1628 4862 sit
1652 4787 2227 4862 albussiguiﬁmtivum
2304 4796 2394 4829 “'7
2409 4794 2584 4851 Unum
2608 4793 2752 4849 aliud
2775 4807 2843 4849 ex
2866 4805 2995 4849 mss.
3019 4807 3183 4847 unum
3208 4792 3487 4862 aliquide‘x
3568 4792 3671 4835 δι’·
3691 4795 3792 4849 Ala

499 4857 968 4932 hmn._.\l.Sial_iud
988 4854 1308 4932 nisslalbtts.
1336 4854 1485 4912 M.Si
1517 4858 1718 4929 aliqttid
1790 4854 2172 4925 Moi‘Atttaliud
2211 4866 2436 4921 aliorum
2465 4875 2697 4919 mss.aut
2718 4864 2918 4932 aliquid
2955 4863 3182 4918 aliorum
3255 4854 3349 4895 δίἰο
3367 4863 3429 4917 D.
3462 4864 3638 4919 Alier
3657 4882 3792 4921 esse

499 4946 624 5007 mss.
658 4927 1020 5007 D._:tlittt_lcsse
1119 4928 1211 4959 ““
1230 4926 1542 5007 llocestant
1573 4926 1697 4987 nisa.
1716 4932 1818 5007 nisi
1844 4943 1937 5007 aut
2030 4932 2123 4968 δίη
2140 4935 2200 4992 Ut
2225 4937 2523 5007 propositio
2546 4952 2670 4988 mss.
2702 4947 2757 5007 ut
2786 4926 2950 5007 Plato
2978 5005 3014 5007 _
3033 4934 3133 5007 "fit
3148 4933 3279 5001 Qua:
3299 4934 3479 5007 album
3502 4951 3631 4988 mss.
3658 4951 3789 5004 qua:

499 5002 655 5053 albus
725 4997 1472 5054 "mAlbumnonmsmalbus
1499 5013 1605 5054 non
1713 5001 1808 5035 ⁵⁸³⁸

499 5070 584 5124 his
604 5084 724 5137 qua:
749 5067 903 5122 albus
972 5069 1065 5101 δυ’

1837 5005 1972 5076 Quia
2001 5022 2106 5060 non
2136 5008 2193 5060 ﬁt
2219 5003 2343 5059 mss;
2383 5016 2551 5076 quare
2592 5014 2697 5076 n'on
2727 5006 2787 5059 lit
2858 5004 2954 5036 ⁸¹¹⁶
2976 5005 3052 5059 Ex
3084 5005 3169 5059 his
3187 5020 3305 5072 quat.
3330 5003 3523 5076 album
3548 5003 3689 5058 mss.
3714 5021 3786 5058 ες

1079 5069 1210 5136 Qua:
1231 5068 1475 5145 dicisnts.
1496 5067 1711 5145 Virt.l5_
1742 5067 2111 5145 qtttedisseris
2208 5077 2304 5110 ⁸¹¹⁸
2329 5067 2547 5145 δίἰιιιίιι
2577 5075 2644 5128 ad
2672 5091 2797 5128 om.
2829 5077 2874 5129 si
2929 5076 3051 5145 quis
3076 5076 3142 5128 ad
3173 5067 3271 5128 nis.
3311 5072 3585 5145 _l’ictorin.
3639 5077 3681 5131 5
3739 5077 3789 5129 si

499 5139 734 5223 quidatl
834 5138 928 5223 ‘_“’
975 5138 1169 5223 Album
1227 5137 1909 5223 Sigltill‘llas"allﬂllitilmfs.
1947 5145 2101 5223 albus
2130 5145 2410 5223 signiﬁcat
2439 5137 2581 5199 aliud
2633 5144 2773 5223 ..δυ’
2809 5137 3461 5223 Sictt'bjieeresuaa‘lbnm
3490 5159 3616 5223 cum
3646 5161 3789 5199 mss.

505 5225 585 5264 sic
608 5207 868 5290 ubjiceret
899 5223 914 5261 :
944 5209 1102 5290 albus
1131 5224 1254 5264 eum

499 5290 588 5332 τιιιι
617 5291 710 5342 Ill,

1349 5208 1443 5284 “'f
1482 5206 1547 5264 Ut
1585 5206 1788 5279 aliquid
1816 5214 1887 5268 sit
1918 5213 2097 5270 album
2122 5206 2477 5281 miimcsc‘ripm
2514 5225 2573 5269 ιιι
2600 5215 2754 5271 albus
2777 5217 2824 5270 si
2857 5206 3061 5281 aliquid
3162 5214 3257 5246 m’
3286 5212 3379 5284 An
3399 5213 3489 5273 sit.
3518 5214 3785 5284 quibus.

798 5278 850 5356 ui
943 5278 1037 5312 ““
1062 5279 1183 5356 _At_tt
1204 5277 1482 5356 quomon
1523 5290 1607 5335 est
1627 5277 1752 5335 mss.
1776 5294 1833 5336 ttt
1859 5286 2134 5356 quomodo
2166 5297 2244 5356 est
2283 5277 2427 5339 Edit.
2456 5285 2570 5339 Col.
2613 5277 3056 5356 atquommlo'est
3108 5284 3249 5356 fl“
3289 5283 3504 5356 [labens
3539 5277 3791 5356 'albedi-

500 5360 662 5422 nent;
693 5348 859 5422 multa
888 5363 1013 5403 mss.
1061 5349 1265 5422 habens
1309 5348 1633 5422 albedinem.
1681 5361 1776 5406 aut
1816 5348 1906 5422 qui
1941 5354 2102 5411 habet
2130 5355 2430 5412 albedinetn
2466 5373 2480 5409 :
2514 5356 2679 5410 multa
2703 5348 2718 5356 ’
2778 5357 2872 5391 ⁸¹¹⁵
2899 5354 3051 5411 Licet
3073 5354 3255 5409 album
3284 5370 3406 5407 mss.
3464 5354 3591 5409 licet
3618 5354 3790 5408 albus

499 5418 596 5450 ⁸⁸⁸³
624 5417 690 5472 Ut
728 5417 1068 5497 allttttn_tnss.
1112 5427 1173 5473 ut
1196 5418 1391 5497 albns__
1442 5418 1533 5450 “’7
1584 5420 1711 5478 Sive
1756 5417 1935 5478 allium
1966 5426 2236 5497 signiﬁcat
2260 5443 2381 5481 mss.
2416 5426 2530 5480 sive
2558 5426 2736 5480 albttm
2767 5441 2983 5495 semper
3004 5425 3257 5497 ﬁgniﬁcat
3348 5423 3443 5455 “"
3472 5423 3566 5497 γει
3590 5424 3785 5478 album

500 5502 715 5567 semper
758 5502 859 5567 pro
902 5487 992 5567 illo
1028 5488 1282 5567 mssa-vel
1326 5489 1505 5543 album
1544 5499 1691 5567 recte
1721 5487 2250 5567 sctnpcratmipitnr
2277 5512 2374 5567 pro
2404 5497 2526 5550 albo

2634 5497 2729 5531 ιη’
2758 5499 2831 5552 lbi
2859 5493 2960 5552 ter.
2987 5493 3092 5552 etc.
3120 5496 3184 5548 Et
3204 5496 3304 5549 hoc
3331 5506 3457 5547 Mss.
3478 5493 3560 5547 ibi
3589 5503 3648 5547 et
3672 5503 3785 5554 ter.

501 5569 557 5612 et
594 5559 696 5610 huc
766 5557 860 5634 “3f
894 5557 1085 5634 Album
1119 5557 1346 5627 idipsum
1375 5576 1500 5634 mss.
1534 5561 1689 5615 albus
1720 5557 1948 5634 idipsnm
1979 5564 2070 5596 ⁵¹⁸¹
2102 5557 2208 5621 Sed
2233 5557 2333 5621 hoc
2364 5583 2466 5621 non
2488 5576 2570 5621 est
2602 5584 2726 5631 mss,
2753 5569 2847 5623 sed
2881 5568 3064 5626 habet.
3091 5574 3310 5620 nonest
3345 5632 3353 5634 Α
3379 5564 3477 5596 ⁴¹³³
3500 5563 3564 5616 Ει
3592 5563 3641 5615 si
3676 5564 3787 5617 hoc

500 5637 583 5682 est
612 5646 628 5705 _:
658 5635 743 5705 est
768 5626 929 5680 etiam
983 5626 1288 5705 quicunque
1315 5630 1590 5705 qni_albus
1643 5643 1748 5705 est,
1779 5626 1883 5697 est,
1914 5644 2019 5698 est,
2065 5636 2143 5691 sic
2174 5638 2225 5690 in
2280 5637 2544 5690 inﬁnitum
2584 5626 2820 5691 mssacst
2843 5638 3005 5691 etiam
3035 5637 3149 5704 qui,
3194 5632 3463 5705 quiallms
3500 5643 3625 5705 est;
3658 5641 3785 5688 est:

500 5709 556 5752 et
582 5697 625 5750 si
658 5698 757 5752 huc
778 5705 878 5757 est,
908 5699 1171 5773 estetiatn
1199 5700 1313 5767 qui.
1336 5697 1458 5773 qui,
1487 5702 1577 5768 qui
1619 5702 1773 5756 albus
1819 5714 1920 5765 est,
1952 5717 2054 5767 est.
2087 5714 2198 5773 est;
2233 5717 2284 5761 et
2314 5707 2391 5763 sic
2419 5708 2468 5760 in
2517 5708 2782 5761 inlinitum
2885 5708 2977 5738 ⁵³³³
3032 5697 3146 5761 Non
3200 5697 3306 5760 l'toc'
3351 5705 3531 5761 minus
3578 5703 3785 5756 incana

501 5784 732 5837 sequens
783 5782 907 5820 mss.
959 5766 1087 5823 νισι,
1141 5768 1174 5821 5
1222 5766 1518 5825 ’nou’lmc‘
1546 5773 1725 5827 minus
1786 5789 2121 5845 consequens
