  <div class='ocr_page' id='page_1' title='image "/cluster/home/n/w/nwhite01/storage/ocr_20150623/158/hvd.32044024236689/332.png"; bbox 0 0 4076 6288; ppageno 0'>
   <div class='ocr_carea' id='block_1_1' title="bbox 276 358 374 414">
    <p class='ocr_par' dir='ltr' id='par_1_1' title="bbox 276 358 374 414">
     <span class='ocr_line' id='line_1_1' title="bbox 276 358 374 414; baseline 0 0"><span class='ocrx_word' id='word_1_1' title='bbox 276 358 374 414; x_wconf 79' lang='grc'><strong>581</strong></span> 
     </span>
    </p>
   </div>
   <div class='ocr_carea' id='block_1_2' title="bbox 1546 364 2267 429">
    <p class='ocr_par' dir='ltr' id='par_1_2' title="bbox 1546 364 2267 429">
     <span class='ocr_line' id='line_1_2' title="bbox 1546 364 2267 429; baseline 0.012 -10"><span class='ocrx_word' id='word_1_2' title='bbox 1546 364 1632 420; x_wconf 82' lang='lat' dir='ltr'><strong>DE</strong></span> <span class='ocrx_word' id='word_1_3' title='bbox 1686 365 2102 426; x_wconf 68' lang='lat' dir='ltr'><strong>VOLUN&#39;I’ATE</strong></span> <span class='ocrx_word' id='word_1_4' title='bbox 2140 374 2267 429; x_wconf 66' lang='lat' dir='ltr'><strong>lilii.</strong></span> 
     </span>
    </p>
   </div>
   <div class='ocr_carea' id='block_1_3' title="bbox 3454 371 3560 428">
    <p class='ocr_par' dir='ltr' id='par_1_3' title="bbox 3454 371 3560 428">
     <span class='ocr_line' id='line_1_3' title="bbox 3454 371 3560 428; baseline 0.009 -1"><span class='ocrx_word' id='word_1_5' title='bbox 3454 371 3560 428; x_wconf 70' lang='lat'><strong>582</strong></span> 
     </span>
    </p>
   </div>
   <div class='ocr_carea' id='block_1_4' title="bbox 279 474 3560 564">
    <p class='ocr_par' dir='ltr' id='par_1_4' title="bbox 279 474 3560 564">
     <span class='ocr_line' id='line_1_4' title="bbox 279 474 3560 564; baseline 0.004 -37"><span class='ocrx_word' id='word_1_6' title='bbox 279 475 549 545; x_wconf 54' lang='lat' dir='ltr'><strong>sigaiiit‘al</strong></span> <span class='ocrx_word' id='word_1_7' title='bbox 586 474 787 546; x_wconf 86' lang='lat' dir='ltr'><strong>aliquid</strong></span> <span class='ocrx_word' id='word_1_8' title='bbox 812 475 1034 545; x_wconf 80' lang='lat' dir='ltr'><strong>habens,</strong></span> <span class='ocrx_word' id='word_1_9' title='bbox 1076 485 1169 533; x_wconf 92' lang='lat' dir='ltr'><strong>aut</strong></span> <span class='ocrx_word' id='word_1_10' title='bbox 1200 478 1467 551; x_wconf 84' lang='lat' dir='ltr'><strong>signiﬁcat</strong></span> <span class='ocrx_word' id='word_1_11' title='bbox 1510 495 1616 535; x_wconf 88' lang='lat' dir='ltr'><strong>non</strong></span> <span class='ocrx_word' id='word_1_12' title='bbox 1661 482 1862 552; x_wconf 87' lang='lat' dir='ltr'><strong>aliquid</strong></span> <span class='ocrx_word' id='word_1_13' title='bbox 1893 487 1939 546; x_wconf 80' lang='grc' dir='ltr'><strong>Α</strong></span> <span class='ocrx_word' id='word_1_14' title='bbox 1969 489 2241 554; x_wconf 78' lang='lat' dir='ltr'><strong>otnuibus.</strong></span> <span class='ocrx_word' id='word_1_15' title='bbox 2274 506 2394 561; x_wconf 68' lang='lat' dir='ltr'><strong>quae</strong></span> <span class='ocrx_word' id='word_1_16' title='bbox 2432 492 2549 549; x_wconf 77' lang='lat' dir='ltr'><strong>sine</strong></span> <span class='ocrx_word' id='word_1_17' title='bbox 2575 493 2948 564; x_wconf 72' lang='lat' dir='ltr'><strong>complexione</strong></span> <span class='ocrx_word' id='word_1_18' title='bbox 2981 494 3258 561; x_wconf 90' lang='lat' dir='ltr'><strong>dicuntur,</strong></span> <span class='ocrx_word' id='word_1_19' title='bbox 3307 491 3370 550; x_wconf 82' lang='lat' dir='ltr'><strong>et</strong></span> <span class='ocrx_word' id='word_1_20' title='bbox 3405 493 3560 550; x_wconf 70' lang='lat' dir='ltr'><strong>sim“-</strong></span> 
     </span>
    </p>
   </div>
   <div class='ocr_carea' id='block_1_5' title="bbox 271 566 1871 638">
    <p class='ocr_par' dir='ltr' id='par_1_5' title="bbox 271 566 1871 638">
     <span class='ocr_line' id='line_1_5' title="bbox 271 566 1871 638; baseline 0.006 -19"><span class='ocrx_word' id='word_1_21' title='bbox 271 567 519 630; x_wconf 80' lang='lat' dir='ltr'><strong>habens;</strong></span> <span class='ocrx_word' id='word_1_22' title='bbox 559 576 748 629; x_wconf 86' lang='lat' dir='ltr'><strong>utnon</strong></span> <span class='ocrx_word' id='word_1_23' title='bbox 778 566 981 637; x_wconf 85' lang='lat' dir='ltr'><strong>aliquid</strong></span> <span class='ocrx_word' id='word_1_24' title='bbox 1044 568 1117 624; x_wconf 90' lang='lat' dir='ltr'><strong>sit</strong></span> <span class='ocrx_word' id='word_1_25' title='bbox 1177 568 1445 626; x_wconf 84' lang='lat' dir='ltr'><strong>inﬁnitum</strong></span> <span class='ocrx_word' id='word_1_26' title='bbox 1477 586 1713 638; x_wconf 86' lang='lat' dir='ltr'><strong>nomen;</strong></span> <span class='ocrx_word' id='word_1_27' title='bbox 1766 588 1871 629; x_wconf 89' lang='lat' dir='ltr'><strong>nou</strong></span> 
     </span>
    </p>
   </div>
   <div class='ocr_carea' id='block_1_6' title="bbox 276 658 1871 734">
    <p class='ocr_par' dir='ltr' id='par_1_6' title="bbox 276 658 1871 734">
     <span class='ocr_line' id='line_1_6' title="bbox 276 658 1871 734; baseline 0.005 -25"><span class='ocrx_word' id='word_1_28' title='bbox 276 666 362 711; x_wconf 87' lang='lat' dir='ltr'><strong>est</strong></span> <span class='ocrx_word' id='word_1_29' title='bbox 390 658 621 730; x_wconf 83' lang='lat' dir='ltr'><strong>integra,</strong></span> <span class='ocrx_word' id='word_1_30' title='bbox 651 674 751 713; x_wconf 85' lang='lat' dir='ltr'><strong>nec</strong></span> <span class='ocrx_word' id='word_1_31' title='bbox 778 674 904 714; x_wconf 88' lang='lat' dir='ltr'><strong>vera</strong></span> <span class='ocrx_word' id='word_1_32' title='bbox 944 658 1040 692; x_wconf 64' lang='grc'><strong>⁸⁸³⁸</strong></span> <span class='ocrx_word' id='word_1_33' title='bbox 1061 660 1294 727; x_wconf 81' lang='lat' dir='ltr'><strong>divisio;</strong></span> <span class='ocrx_word' id='word_1_34' title='bbox 1323 670 1383 717; x_wconf 89' lang='lat' dir='ltr'><strong>et</strong></span> <span class='ocrx_word' id='word_1_35' title='bbox 1424 662 1547 718; x_wconf 88' lang='lat' dir='ltr'><strong>ideo</strong></span> <span class='ocrx_word' id='word_1_36' title='bbox 1586 662 1717 718; x_wconf 86' lang='lat' dir='ltr'><strong>nihil</strong></span> <span class='ocrx_word' id='word_1_37' title='bbox 1746 678 1871 734; x_wconf 83' lang='lat' dir='ltr'><strong>pro-</strong></span> 
     </span>
    </p>
   </div>
   <div class='ocr_carea' id='block_1_7' title="bbox 275 746 1869 824">
    <p class='ocr_par' dir='ltr' id='par_1_7' title="bbox 275 746 1869 824">
     <span class='ocr_line' id='line_1_7' title="bbox 275 746 1869 824; baseline 0.001 -20"><span class='ocrx_word' id='word_1_38' title='bbox 275 749 412 804; x_wconf 84' lang='lat' dir='ltr'><strong>hat:</strong></span> <span class='ocrx_word' id='word_1_39' title='bbox 446 750 611 805; x_wconf 86' lang='lat' dir='ltr'><strong>veluti</strong></span> <span class='ocrx_word' id='word_1_40' title='bbox 635 750 679 804; x_wconf 90' lang='lat' dir='ltr'><strong>si</strong></span> <span class='ocrx_word' id='word_1_41' title='bbox 700 750 825 819; x_wconf 80' lang='lat' dir='ltr'><strong>q‘uis</strong></span> <span class='ocrx_word' id='word_1_42' title='bbox 868 746 1113 808; x_wconf 83' lang='lat' dir='ltr'><strong>diceret:</strong></span> <span class='ocrx_word' id='word_1_43' title='bbox 1145 751 1335 808; x_wconf 63' lang='lat' dir='ltr'><strong>Caecus</strong></span> <span class='ocrx_word' id='word_1_44' title='bbox 1357 762 1453 807; x_wconf 82' lang='lat' dir='ltr'><strong>aut</strong></span> <span class='ocrx_word' id='word_1_45' title='bbox 1476 754 1624 809; x_wconf 89' lang='lat' dir='ltr'><strong>videt</strong></span> <span class='ocrx_word' id='word_1_46' title='bbox 1646 753 1869 824; x_wconf 87' lang='lat' dir='ltr'><strong>aliquid,</strong></span> 
     </span>
    </p>
   </div>
   <div class='ocr_carea' id='block_1_8' title="bbox 274 840 1870 916">
    <p class='ocr_par' dir='ltr' id='par_1_8' title="bbox 274 840 1870 916">
     <span class='ocr_line' id='line_1_8' title="bbox 274 840 1870 916; baseline 0.006 -25"><span class='ocrx_word' id='word_1_47' title='bbox 274 847 370 893; x_wconf 86' lang='lat' dir='ltr'><strong>aut</strong></span> <span class='ocrx_word' id='word_1_48' title='bbox 395 840 540 895; x_wconf 87' lang='lat' dir='ltr'><strong>videt</strong></span> <span class='ocrx_word' id='word_1_49' title='bbox 566 856 673 896; x_wconf 93' lang='lat' dir='ltr'><strong>non</strong></span> <span class='ocrx_word' id='word_1_50' title='bbox 703 841 927 911; x_wconf 89' lang='lat' dir='ltr'><strong>aliquid.</strong></span> <span class='ocrx_word' id='word_1_51' title='bbox 985 843 1041 898; x_wconf 89' lang='lat' dir='ltr'><strong>Si</strong></span> <span class='ocrx_word' id='word_1_52' title='bbox 1070 855 1233 900; x_wconf 87' lang='lat' dir='ltr'><strong>&#39;vero</strong></span> <span class='ocrx_word' id='word_1_53' title='bbox 1259 844 1340 901; x_wconf 92' lang='lat' dir='ltr'><strong>sic</strong></span> <span class='ocrx_word' id='word_1_54' title='bbox 1384 844 1701 916; x_wconf 87' lang='lat' dir='ltr'><strong>intelligitur</strong></span> <span class='ocrx_word' id='word_1_55' title='bbox 1745 846 1870 916; x_wconf 91' lang='lat' dir='ltr'><strong>quia</strong></span> 
     </span>
    </p>
   </div>
   <div class='ocr_carea' id='block_1_9' title="bbox 273 928 1868 1007">
    <p class='ocr_par' dir='ltr' id='par_1_9' title="bbox 273 928 1868 1007">
     <span class='ocr_line' id='line_1_9' title="bbox 273 928 1868 1007; baseline 0.005 -26"><span class='ocrx_word' id='word_1_56' title='bbox 273 937 372 982; x_wconf 86' lang='lat' dir='ltr'><strong>aut</strong></span> <span class='ocrx_word' id='word_1_57' title='bbox 390 928 666 999; x_wconf 85' lang='lat' dir='ltr'><strong>signiﬁcat</strong></span> <span class='ocrx_word' id='word_1_58' title='bbox 691 929 893 1000; x_wconf 88' lang='lat' dir='ltr'><strong>aliquid</strong></span> <span class='ocrx_word' id='word_1_59' title='bbox 919 930 1144 999; x_wconf 82' lang='lat' dir='ltr'><strong>habens,</strong></span> <span class='ocrx_word' id='word_1_60' title='bbox 1188 941 1284 987; x_wconf 90' lang='lat' dir='ltr'><strong>aut</strong></span> <span class='ocrx_word' id='word_1_61' title='bbox 1309 948 1416 989; x_wconf 92' lang='lat' dir='ltr'><strong>non</strong></span> <span class='ocrx_word' id='word_1_62' title='bbox 1439 933 1535 966; x_wconf 70' lang='grc'><strong>⁵¹³⁸</strong></span> <span class='ocrx_word' id='word_1_63' title='bbox 1557 934 1825 1007; x_wconf 83' lang='lat' dir='ltr'><strong>signiﬁcat</strong></span> <span class='ocrx_word' id='word_1_64' title='bbox 1840 952 1868 989; x_wconf 80' lang='lat'><strong>.:</strong></span> 
     </span>
    </p>
   </div>
   <div class='ocr_carea' id='block_1_10' title="bbox 273 1021 1871 1099">
    <p class='ocr_par' dir='ltr' id='par_1_10' title="bbox 273 1021 1871 1099">
     <span class='ocr_line' id='line_1_10' title="bbox 273 1021 1871 1099; baseline 0.005 -24"><span class='ocrx_word' id='word_1_65' title='bbox 273 1021 491 1093; x_wconf 82' lang='lat' dir='ltr'><strong>integra</strong></span> <span class='ocrx_word' id='word_1_66' title='bbox 519 1031 609 1079; x_wconf 87' lang='lat' dir='ltr'><strong>est</strong></span> <span class='ocrx_word' id='word_1_67' title='bbox 647 1023 864 1087; x_wconf 83' lang='lat' dir='ltr'><strong>divisio,</strong></span> <span class='ocrx_word' id='word_1_68' title='bbox 893 1032 949 1079; x_wconf 89' lang='lat' dir='ltr'><strong>et</strong></span> <span class='ocrx_word' id='word_1_69' title='bbox 981 1038 1141 1090; x_wconf 87' lang='lat' dir='ltr'><strong>vera;</strong></span> <span class='ocrx_word' id='word_1_70' title='bbox 1204 1039 1306 1081; x_wconf 90' lang='lat' dir='ltr'><strong>nec</strong></span> <span class='ocrx_word' id='word_1_71' title='bbox 1334 1035 1600 1098; x_wconf 85' lang='lat' dir='ltr'><strong>repugnat</strong></span> <span class='ocrx_word' id='word_1_72' title='bbox 1635 1027 1703 1082; x_wconf 89' lang='lat' dir='ltr'><strong>iis</strong></span> <span class='ocrx_word' id='word_1_73' title='bbox 1749 1042 1871 1099; x_wconf 63' lang='lat' dir='ltr'><strong>quae</strong></span> 
     </span>
    </p>
   </div>
   <div class='ocr_carea' id='block_1_11' title="bbox 270 1112 1869 1196">
    <p class='ocr_par' dir='ltr' id='par_1_11' title="bbox 270 1112 1869 1196">
     <span class='ocr_line' id='line_1_11' title="bbox 270 1112 1869 1196; baseline 0.004 -30"><span class='ocrx_word' id='word_1_74' title='bbox 270 1112 421 1168; x_wconf 87' lang='lat' dir='ltr'><strong>dicta</strong></span> <span class='ocrx_word' id='word_1_75' title='bbox 445 1121 592 1170; x_wconf 88' lang='lat' dir='ltr'><strong>sttnt.</strong></span> <span class='ocrx_word' id='word_1_76' title='bbox 627 1113 772 1169; x_wconf 83' lang='lat' dir='ltr'><strong>Dtsc.</strong></span> <span class='ocrx_word' id='word_1_77' title='bbox 807 1113 957 1170; x_wconf 84' lang='lat' dir='ltr'><strong>Satis</strong></span> <span class='ocrx_word' id='word_1_78' title='bbox 981 1123 1209 1186; x_wconf 81' lang='lat' dir='ltr'><strong>apparet</strong></span> <span class='ocrx_word' id='word_1_79' title='bbox 1232 1115 1360 1196; x_wconf 82' lang='lat' dir='ltr'><strong>quia</strong></span> <span class='ocrx_word' id='word_1_80' title='bbox 1396 1131 1496 1187; x_wconf 89' lang='lat' dir='ltr'><strong>per</strong></span> <span class='ocrx_word' id='word_1_81' title='bbox 1532 1117 1715 1174; x_wconf 88' lang='lat' dir='ltr'><strong>album</strong></span> <span class='ocrx_word' id='word_1_82' title='bbox 1760 1132 1869 1173; x_wconf 90' lang='lat' dir='ltr'><strong>non</strong></span> 
     </span>
    </p>
   </div>
   <div class='ocr_carea' id='block_1_12' title="bbox 268 1205 1872 1280">
    <p class='ocr_par' dir='ltr' id='par_1_12' title="bbox 268 1205 1872 1280">
     <span class='ocr_line' id='line_1_12' title="bbox 268 1205 1872 1280; baseline 0.002 -21"><span class='ocrx_word' id='word_1_83' title='bbox 268 1205 616 1276; x_wconf 84' lang='lat' dir='ltr'><strong>signiﬁcatur</strong></span> <span class='ocrx_word' id='word_1_84' title='bbox 667 1206 869 1277; x_wconf 88' lang='lat' dir='ltr'><strong>aliquid</strong></span> <span class='ocrx_word' id='word_1_85' title='bbox 924 1207 1132 1262; x_wconf 79' lang='lat' dir='ltr'><strong>habens</strong></span> <span class='ocrx_word' id='word_1_86' title='bbox 1156 1205 1483 1273; x_wconf 87' lang='lat' dir='ltr'><strong>albedinem,</strong></span> <span class='ocrx_word' id='word_1_87' title='bbox 1531 1224 1630 1264; x_wconf 92' lang='lat' dir='ltr'><strong>nec</strong></span> <span class='ocrx_word' id='word_1_88' title='bbox 1655 1209 1746 1280; x_wconf 83' lang='lat' dir='ltr'><strong>qui</strong></span> <span class='ocrx_word' id='word_1_89' title='bbox 1778 1210 1872 1265; x_wconf 90' lang='lat' dir='ltr'><strong>ha-</strong></span> 
     </span>
    </p>
   </div>
   <div class='ocr_carea' id='block_1_13' title="bbox 267 1297 1870 1364">
    <p class='ocr_par' dir='ltr' id='par_1_13' title="bbox 267 1297 1870 1364">
     <span class='ocr_line' id='line_1_13' title="bbox 267 1297 1870 1364; baseline 0.004 -13"><span class='ocrx_word' id='word_1_90' title='bbox 267 1297 365 1352; x_wconf 85' lang='lat' dir='ltr'><strong>bet</strong></span> <span class='ocrx_word' id='word_1_91' title='bbox 387 1297 727 1364; x_wconf 82' lang='lat' dir='ltr'><strong>alitedinem;</strong></span> <span class='ocrx_word' id='word_1_92' title='bbox 789 1299 884 1354; x_wconf 90' lang='lat' dir='ltr'><strong>sed</strong></span> <span class='ocrx_word' id='word_1_93' title='bbox 908 1307 1117 1353; x_wconf 86' lang='lat' dir='ltr'><strong>tantum</strong></span> <span class='ocrx_word' id='word_1_94' title='bbox 1164 1299 1372 1354; x_wconf 77' lang='lat' dir='ltr'><strong>habens</strong></span> <span class='ocrx_word' id='word_1_95' title='bbox 1427 1298 1733 1356; x_wconf 88' lang='lat' dir='ltr'><strong>albedinem</strong></span> <span class='ocrx_word' id='word_1_96' title='bbox 1765 1320 1778 1355; x_wconf 89' lang='lat'><strong>:</strong></span> <span class='ocrx_word' id='word_1_97' title='bbox 1816 1302 1870 1357; x_wconf 90' lang='lat' dir='ltr'><strong>id</strong></span> 
     </span>
    </p>
   </div>
   <div class='ocr_carea' id='block_1_14' title="bbox 267 1386 1872 1457">
    <p class='ocr_par' dir='ltr' id='par_1_14' title="bbox 267 1386 1872 1457">
     <span class='ocr_line' id='line_1_14' title="bbox 267 1386 1872 1457; baseline 0.001 -15"><span class='ocrx_word' id='word_1_98' title='bbox 267 1396 356 1442; x_wconf 86' lang='lat' dir='ltr'><strong>est</strong></span> <span class='ocrx_word' id='word_1_99' title='bbox 379 1386 619 1456; x_wconf 81' lang='lat' dir='ltr'><strong>qualitas</strong></span> <span class='ocrx_word' id='word_1_100' title='bbox 650 1396 706 1443; x_wconf 84' lang='lat' dir='ltr'><strong>et</strong></span> <span class='ocrx_word' id='word_1_101' title='bbox 734 1387 963 1452; x_wconf 84' lang='lat' dir='ltr'><strong>habere;</strong></span> <span class='ocrx_word' id='word_1_102' title='bbox 997 1403 1064 1443; x_wconf 81' lang='lat' dir='ltr'><strong>ex</strong></span> <span class='ocrx_word' id='word_1_103' title='bbox 1090 1388 1292 1457; x_wconf 84' lang='lat' dir='ltr'><strong>quibus</strong></span> <span class='ocrx_word' id='word_1_104' title='bbox 1341 1388 1472 1443; x_wconf 88' lang='lat' dir='ltr'><strong>solis</strong></span> <span class='ocrx_word' id='word_1_105' title='bbox 1501 1404 1609 1443; x_wconf 87' lang='lat' dir='ltr'><strong>non</strong></span> <span class='ocrx_word' id='word_1_106' title='bbox 1649 1390 1872 1447; x_wconf 85' lang='lat' dir='ltr'><strong>conﬁci-</strong></span> 
     </span>
    </p>
   </div>
   <div class='ocr_carea' id='block_1_15' title="bbox 269 1479 1868 1552">
    <p class='ocr_par' dir='ltr' id='par_1_15' title="bbox 269 1479 1868 1552">
     <span class='ocr_line' id='line_1_15' title="bbox 269 1479 1868 1552; baseline 0.005 -22"><span class='ocrx_word' id='word_1_107' title='bbox 269 1487 364 1532; x_wconf 88' lang='lat' dir='ltr'><strong>tur</strong></span> <span class='ocrx_word' id='word_1_108' title='bbox 386 1494 557 1534; x_wconf 89' lang='lat' dir='ltr'><strong>unum</strong></span> <span class='ocrx_word' id='word_1_109' title='bbox 597 1480 834 1551; x_wconf 88' lang='lat' dir='ltr'><strong>aliquid:</strong></span> <span class='ocrx_word' id='word_1_110' title='bbox 860 1489 918 1534; x_wconf 91' lang='lat' dir='ltr'><strong>et</strong></span> <span class='ocrx_word' id='word_1_111' title='bbox 947 1479 1067 1536; x_wconf 87' lang='lat' dir='ltr'><strong>ideo</strong></span> <span class='ocrx_word' id='word_1_112' title='bbox 1100 1479 1260 1537; x_wconf 88' lang='lat' dir='ltr'><strong>albus</strong></span> <span class='ocrx_word' id='word_1_113' title='bbox 1284 1484 1371 1536; x_wconf 86' lang='lat' dir='ltr'><strong>est</strong></span> <span class='ocrx_word' id='word_1_114' title='bbox 1398 1486 1710 1552; x_wconf 87' lang='lat' dir='ltr'><strong>utrumque,</strong></span> <span class='ocrx_word' id='word_1_115' title='bbox 1743 1483 1868 1552; x_wconf 83' lang='lat' dir='ltr'><strong>quia</strong></span> 
     </span>
    </p>
   </div>
   <div class='ocr_carea' id='block_1_16' title="bbox 266 1570 1867 1644">
    <p class='ocr_par' dir='ltr' id='par_1_16' title="bbox 266 1570 1867 1644">
     <span class='ocr_line' id='line_1_16' title="bbox 266 1570 1867 1644; baseline 0.005 -20"><span class='ocrx_word' id='word_1_116' title='bbox 266 1570 486 1640; x_wconf 85' lang='lat' dir='ltr'><strong>pariter</strong></span> <span class='ocrx_word' id='word_1_117' title='bbox 507 1580 796 1643; x_wconf 89' lang='lat' dir='ltr'><strong>utrumque</strong></span> <span class='ocrx_word' id='word_1_118' title='bbox 838 1572 932 1611; x_wconf 68' lang='lat' dir='ltr'><strong>W&#39;</strong></span> <span class='ocrx_word' id='word_1_119' title='bbox 970 1572 1263 1644; x_wconf 75' lang='lat' dir='ltr'><strong>significat.</strong></span> <span class='ocrx_word' id='word_1_120' title='bbox 1319 1571 1492 1642; x_wconf 83' lang='lat' dir='ltr'><strong>Quam</strong></span> <span class='ocrx_word' id='word_1_121' title='bbox 1523 1575 1788 1631; x_wconf 85' lang='lat' dir='ltr'><strong>rationem</strong></span> <span class='ocrx_word' id='word_1_122' title='bbox 1812 1574 1867 1632; x_wconf 85' lang='lat' dir='ltr'><strong>in</strong></span> 
     </span>
    </p>
   </div>
   <div class='ocr_carea' id='block_1_17' title="bbox 279 1840 2954 1867">
    <p class='ocr_par' dir='ltr' id='par_1_17' title="bbox 279 1840 2954 1867">
     <span class='ocr_line' id='line_1_17' title="bbox 279 1840 2954 1867; baseline 0.001 -5"><span class='ocrx_word' id='word_1_123' title='bbox 279 1840 2954 1867; x_wconf 50' lang='lat' dir='ltr'><strong>mw</strong></span> 
     </span>
    </p>
   </div>
   <div class='ocr_carea' id='block_1_18' title="bbox 1979 582 3560 659">
    <p class='ocr_par' dir='ltr' id='par_1_18' title="bbox 1979 582 3560 659">
     <span class='ocr_line' id='line_1_18' title="bbox 1979 582 3560 659; baseline 0.006 -24"><span class='ocrx_word' id='word_1_124' title='bbox 1979 582 2103 637; x_wconf 89' lang='lat' dir='ltr'><strong>liter</strong></span> <span class='ocrx_word' id='word_1_125' title='bbox 2134 582 2445 654; x_wconf 74' lang='lat' dir='ltr'><strong>signiﬁcant</strong></span> <span class='ocrx_word' id='word_1_126' title='bbox 2494 586 2792 655; x_wconf 79' lang='lat' dir='ltr'><strong>quamlibet</strong></span> <span class='ocrx_word' id='word_1_127' title='bbox 2819 588 2975 659; x_wconf 91' lang='lat' dir='ltr'><strong>plura</strong></span> <span class='ocrx_word' id='word_1_128' title='bbox 3004 588 3099 621; x_wconf 73' lang='grc'><strong>’⁸⁸⁸⁷</strong></span> <span class='ocrx_word' id='word_1_129' title='bbox 3127 604 3192 644; x_wconf 80' lang='lat' dir='ltr'><strong>ex</strong></span> <span class='ocrx_word' id='word_1_130' title='bbox 3225 584 3424 659; x_wconf 73' lang='lat' dir='ltr'><strong>quibus</strong></span> <span class='ocrx_word' id='word_1_131' title='bbox 3453 602 3560 644; x_wconf 82' lang='lat' dir='ltr'><strong>non</strong></span> 
     </span>
    </p>
   </div>
   <div class='ocr_carea' id='block_1_19' title="bbox 1978 673 3562 750">
    <p class='ocr_par' dir='ltr' id='par_1_19' title="bbox 1978 673 3562 750">
     <span class='ocr_line' id='line_1_19' title="bbox 1978 673 3562 750; baseline 0.005 -24"><span class='ocrx_word' id='word_1_132' title='bbox 1978 673 2039 727; x_wconf 91' lang='lat' dir='ltr'><strong>ﬁt</strong></span> <span class='ocrx_word' id='word_1_133' title='bbox 2060 688 2250 740; x_wconf 87' lang='lat' dir='ltr'><strong>unum,</strong></span> <span class='ocrx_word' id='word_1_134' title='bbox 2283 674 2466 732; x_wconf 89' lang='lat' dir='ltr'><strong>valere</strong></span> <span class='ocrx_word' id='word_1_135' title='bbox 2489 676 2684 732; x_wconf 90' lang='lat' dir='ltr'><strong>video:</strong></span> <span class='ocrx_word' id='word_1_136' title='bbox 2729 693 2831 734; x_wconf 85' lang='lat' dir='ltr'><strong>nec</strong></span> <span class='ocrx_word' id='word_1_137' title='bbox 2859 679 3061 750; x_wconf 90' lang='lat' dir='ltr'><strong>aliquid</strong></span> <span class='ocrx_word' id='word_1_138' title='bbox 3087 678 3192 743; x_wconf 86' lang='lat' dir='ltr'><strong>his,</strong></span> <span class='ocrx_word' id='word_1_139' title='bbox 3222 694 3344 750; x_wconf 77' lang='lat' dir='ltr'><strong>qua:</strong></span> <span class='ocrx_word' id='word_1_140' title='bbox 3380 679 3432 733; x_wconf 91' lang='lat' dir='ltr'><strong>in</strong></span> <span class='ocrx_word' id='word_1_141' title='bbox 3457 680 3562 736; x_wconf 90' lang='lat' dir='ltr'><strong>hac</strong></span> 
     </span>
    </p>
   </div>
   <div class='ocr_carea' id='block_1_20' title="bbox 1974 765 3562 840">
    <p class='ocr_par' dir='ltr' id='par_1_20' title="bbox 1974 765 3562 840">
     <span class='ocr_line' id='line_1_20' title="bbox 1974 765 3562 840; baseline 0.004 -21"><span class='ocrx_word' id='word_1_142' title='bbox 1974 765 2341 836; x_wconf 78' lang='lat' dir='ltr'><strong>disputatione</strong></span> <span class='ocrx_word' id='word_1_143' title='bbox 2360 769 2662 835; x_wconf 70' lang='lat' dir='ltr'><strong>asseritis-ti,</strong></span> <span class='ocrx_word' id='word_1_144' title='bbox 2706 769 2867 840; x_wconf 70' lang='lat' dir='ltr'><strong>obiici</strong></span> <span class='ocrx_word' id='word_1_145' title='bbox 2928 780 3076 826; x_wconf 87' lang='lat' dir='ltr'><strong>rcc&#39;e</strong></span> <span class='ocrx_word' id='word_1_146' title='bbox 3101 783 3261 840; x_wconf 53' lang='lat' dir='ltr'><strong>posse</strong></span> <span class='ocrx_word' id='word_1_147' title='bbox 3307 771 3562 826; x_wconf 77' lang='lat' dir='ltr'><strong>existimo</strong></span> 
     </span>
    </p>
   </div>
   <div class='ocr_carea' id='block_1_21' title="bbox 1974 854 3559 929">
    <p class='ocr_par' dir='ltr' id='par_1_21' title="bbox 1974 854 3559 929">
     <span class='ocr_line' id='line_1_21' title="bbox 1974 854 3559 929; baseline 0.001 -18"><span class='ocrx_word' id='word_1_148' title='bbox 1974 856 2090 911; x_wconf 76' lang='grc'><strong>⁸⁸³⁸.</strong></span> <span class='ocrx_word' id='word_1_149' title='bbox 2118 854 2259 914; x_wconf 74' lang='lat' dir='ltr'><strong>MAG.</strong></span> <span class='ocrx_word' id='word_1_150' title='bbox 2283 856 2395 913; x_wconf 87' lang='lat' dir='ltr'><strong>Nec</strong></span> <span class='ocrx_word' id='word_1_151' title='bbox 2418 858 2549 913; x_wconf 91' lang='lat' dir='ltr'><strong>mihi</strong></span> <span class='ocrx_word' id='word_1_152' title='bbox 2612 874 2756 913; x_wconf 90' lang='lat' dir='ltr'><strong>nunc</strong></span> <span class='ocrx_word' id='word_1_153' title='bbox 2784 859 3035 914; x_wconf 87' lang='lat' dir='ltr'><strong>videtur:</strong></span> <span class='ocrx_word' id='word_1_154' title='bbox 3079 869 3258 914; x_wconf 89' lang='lat' dir='ltr'><strong>tamen</strong></span> <span class='ocrx_word' id='word_1_155' title='bbox 3302 859 3559 929; x_wconf 84' lang='lat' dir='ltr'><strong>quoniam</strong></span> 
     </span>
    </p>
   </div>
   <div class='ocr_carea' id='block_1_22' title="bbox 1973 946 3561 1018">
    <p class='ocr_par' dir='ltr' id='par_1_22' title="bbox 1973 946 3561 1018">
     <span class='ocr_line' id='line_1_22' title="bbox 1973 946 3561 1018; baseline 0.001 -18"><span class='ocrx_word' id='word_1_156' title='bbox 1973 946 2081 1002; x_wconf 84' lang='lat' dir='ltr'><strong>scis</strong></span> <span class='ocrx_word' id='word_1_157' title='bbox 2104 955 2365 1017; x_wconf 89' lang='lat' dir='ltr'><strong>quantum</strong></span> <span class='ocrx_word' id='word_1_158' title='bbox 2389 948 2589 1003; x_wconf 89' lang='lat' dir='ltr'><strong>nostris</strong></span> <span class='ocrx_word' id='word_1_159' title='bbox 2616 948 2712 981; x_wconf 66' lang='grc'><strong>⁸³⁸9</strong></span> <span class='ocrx_word' id='word_1_160' title='bbox 2752 950 3087 1018; x_wconf 86' lang='lat' dir='ltr'><strong>temporibus</strong></span> <span class='ocrx_word' id='word_1_161' title='bbox 3134 949 3405 1005; x_wconf 79' lang='lat' dir='ltr'><strong>dialectici</strong></span> <span class='ocrx_word' id='word_1_162' title='bbox 3436 964 3561 1003; x_wconf 87' lang='lat' dir='ltr'><strong>cer-</strong></span> 
     </span>
    </p>
   </div>
   <div class='ocr_carea' id='block_1_23' title="bbox 1975 1037 3557 1108">
    <p class='ocr_par' dir='ltr' id='par_1_23' title="bbox 1975 1037 3557 1108">
     <span class='ocr_line' id='line_1_23' title="bbox 1975 1037 3557 1108; baseline 0.001 -16"><span class='ocrx_word' id='word_1_163' title='bbox 1975 1045 2091 1092; x_wconf 89' lang='lat' dir='ltr'><strong>tent</strong></span> <span class='ocrx_word' id='word_1_164' title='bbox 2143 1037 2212 1091; x_wconf 86' lang='lat' dir='ltr'><strong>de</strong></span> <span class='ocrx_word' id='word_1_165' title='bbox 2252 1038 2553 1108; x_wconf 69' lang='lat' dir='ltr'><strong>qutestioue</strong></span> <span class='ocrx_word' id='word_1_166' title='bbox 2595 1053 2624 1092; x_wconf 90' lang='lat' dir='ltr'><strong>a</strong></span> <span class='ocrx_word' id='word_1_167' title='bbox 2659 1047 2712 1092; x_wconf 88' lang='lat' dir='ltr'><strong>te</strong></span> <span class='ocrx_word' id='word_1_168' title='bbox 2739 1039 3056 1108; x_wconf 67' lang='lat' dir='ltr'><strong>proposita;</strong></span> <span class='ocrx_word' id='word_1_169' title='bbox 3110 1038 3234 1106; x_wconf 83' lang='lat' dir='ltr'><strong>nolo</strong></span> <span class='ocrx_word' id='word_1_170' title='bbox 3282 1049 3335 1094; x_wconf 91' lang='lat' dir='ltr'><strong>te</strong></span> <span class='ocrx_word' id='word_1_171' title='bbox 3354 1039 3434 1094; x_wconf 90' lang='lat' dir='ltr'><strong>sic</strong></span> <span class='ocrx_word' id='word_1_172' title='bbox 3461 1037 3557 1070; x_wconf 67' lang='grc'><strong>⁸¹⁵⁰</strong></span> 
     </span>
    </p>
   </div>
   <div class='ocr_carea' id='block_1_24' title="bbox 1975 1114 3561 1199">
    <p class='ocr_par' dir='ltr' id='par_1_24' title="bbox 1975 1114 3561 1199">
     <span class='ocr_line' id='line_1_24' title="bbox 1975 1114 3561 1199; baseline 0.001 -17"><span class='ocrx_word' id='word_1_173' title='bbox 1975 1128 2083 1191; x_wconf 87' lang='lat' dir='ltr'><strong>his,</strong></span> <span class='ocrx_word' id='word_1_174' title='bbox 2117 1128 2520 1198; x_wconf 73' lang='lat' dir='ltr'><strong>qumdiximus,</strong></span> <span class='ocrx_word' id='word_1_175' title='bbox 2548 1126 2816 1183; x_wconf 82' lang='lat' dir='ltr'><strong>iulucrere</strong></span> <span class='ocrx_word' id='word_1_176' title='bbox 2878 1114 3036 1183; x_wconf 78' lang='lat' dir='ltr'><strong>utra</strong></span> <span class='ocrx_word' id='word_1_177' title='bbox 3083 1129 3433 1199; x_wconf 88' lang='lat' dir='ltr'><strong>pertinaciter</strong></span> <span class='ocrx_word' id='word_1_178' title='bbox 3478 1136 3561 1183; x_wconf 82' lang='lat' dir='ltr'><strong>te-</strong></span> 
     </span>
    </p>
   </div>
   <div class='ocr_carea' id='block_1_25' title="bbox 1976 1217 3560 1288">
    <p class='ocr_par' dir='ltr' id='par_1_25' title="bbox 1976 1217 3560 1288">
     <span class='ocr_line' id='line_1_25' title="bbox 1976 1217 3560 1288; baseline 0 -16"><span class='ocrx_word' id='word_1_179' title='bbox 1976 1235 2144 1282; x_wconf 79' lang='lat' dir='ltr'><strong>neas;</strong></span> <span class='ocrx_word' id='word_1_180' title='bbox 2176 1232 2223 1272; x_wconf 77' lang='lat' dir='ltr'><strong>SI</strong></span> <span class='ocrx_word' id='word_1_181' title='bbox 2251 1219 2374 1288; x_wconf 85' lang='lat' dir='ltr'><strong>quis</strong></span> <span class='ocrx_word' id='word_1_182' title='bbox 2397 1217 2750 1273; x_wconf 76' lang='lat' dir='ltr'><strong>validioribus</strong></span> <span class='ocrx_word' id='word_1_183' title='bbox 2772 1219 3109 1288; x_wconf 78' lang='lat' dir='ltr'><strong>argumentis</strong></span> <span class='ocrx_word' id='word_1_184' title='bbox 3134 1219 3251 1274; x_wconf 61' lang='lat' dir='ltr'><strong>haec</strong></span> <span class='ocrx_word' id='word_1_185' title='bbox 3275 1218 3560 1274; x_wconf 87' lang='lat' dir='ltr'><strong>destruere</strong></span> 
     </span>
    </p>
   </div>
   <div class='ocr_carea' id='block_1_26' title="bbox 1974 1306 3565 1380">
    <p class='ocr_par' dir='ltr' id='par_1_26' title="bbox 1974 1306 3565 1380">
     <span class='ocr_line' id='line_1_26' title="bbox 1974 1306 3565 1380; baseline 0 -18"><span class='ocrx_word' id='word_1_186' title='bbox 1974 1317 2029 1362; x_wconf 87' lang='lat' dir='ltr'><strong>et</strong></span> <span class='ocrx_word' id='word_1_187' title='bbox 2050 1308 2267 1362; x_wconf 85' lang='lat' dir='ltr'><strong>diversa</strong></span> <span class='ocrx_word' id='word_1_188' title='bbox 2291 1306 2521 1363; x_wconf 87' lang='lat' dir='ltr'><strong>valuerit</strong></span> <span class='ocrx_word' id='word_1_189' title='bbox 2548 1314 2795 1363; x_wconf 88' lang='lat' dir='ltr'><strong>astruere</strong></span> <span class='ocrx_word' id='word_1_190' title='bbox 2820 1306 2914 1340; x_wconf 67' lang='grc' dir='ltr'>δίδί</span> <span class='ocrx_word' id='word_1_191' title='bbox 2954 1325 2969 1361; x_wconf 90' lang='lat'><strong>:</strong></span> <span class='ocrx_word' id='word_1_192' title='bbox 3007 1308 3152 1380; x_wconf 87' lang='lat' dir='ltr'><strong>quod</strong></span> <span class='ocrx_word' id='word_1_193' title='bbox 3190 1309 3235 1363; x_wconf 91' lang='lat' dir='ltr'><strong>si</strong></span> <span class='ocrx_word' id='word_1_194' title='bbox 3274 1309 3565 1380; x_wconf 72' lang='lat' dir='ltr'><strong>contigerit</strong></span> 
     </span>
    </p>
   </div>
   <div class='ocr_carea' id='block_1_27' title="bbox 1974 1398 3565 1473">
    <p class='ocr_par' dir='ltr' id='par_1_27' title="bbox 1974 1398 3565 1473">
     <span class='ocr_line' id='line_1_27' title="bbox 1974 1398 3565 1473; baseline 0.003 -18"><span class='ocrx_word' id='word_1_195' title='bbox 1974 1398 2070 1444; x_wconf 58' lang='grc' dir='ltr'><strong>νη</strong></span> <span class='ocrx_word' id='word_1_196' title='bbox 2096 1399 2287 1456; x_wconf 81' lang='lat' dir='ltr'><strong>saltem</strong></span> <span class='ocrx_word' id='word_1_197' title='bbox 2318 1400 2386 1455; x_wconf 88' lang='lat' dir='ltr'><strong>ad</strong></span> <span class='ocrx_word' id='word_1_198' title='bbox 2409 1399 2862 1458; x_wconf 78' lang='lat' dir='ltr'><strong>exercitationem</strong></span> <span class='ocrx_word' id='word_1_199' title='bbox 2915 1400 3012 1434; x_wconf 68' lang='grc' dir='ltr'><strong>δ¹δ³</strong></span> <span class='ocrx_word' id='word_1_200' title='bbox 3041 1402 3371 1473; x_wconf 83' lang='lat' dir='ltr'><strong>disputandi</strong></span> <span class='ocrx_word' id='word_1_201' title='bbox 3406 1403 3565 1460; x_wconf 77' lang='lat' dir='ltr'><strong>nobis</strong></span> 
     </span>
    </p>
   </div>
   <div class='ocr_carea' id='block_1_28' title="bbox 1972 1478 2805 1565">
    <p class='ocr_par' dir='ltr' id='par_1_28' title="bbox 1972 1478 2805 1565">
     <span class='ocr_line' id='line_1_28' title="bbox 1972 1478 2805 1565; baseline -0.001 -17"><span class='ocrx_word' id='word_1_202' title='bbox 1972 1492 2086 1548; x_wconf 77' lang='lat' dir='ltr'><strong>inec</strong></span> <span class='ocrx_word' id='word_1_203' title='bbox 2116 1490 2409 1561; x_wconf 75' lang='lat' dir='ltr'><strong>profecisse</strong></span> <span class='ocrx_word' id='word_1_204' title='bbox 2435 1508 2539 1550; x_wconf 89' lang='lat' dir='ltr'><strong>non</strong></span> <span class='ocrx_word' id='word_1_205' title='bbox 2563 1478 2805 1565; x_wconf 78' lang='lat' dir='ltr'><strong>negabis.</strong></span> 
     </span>
    </p>
   </div>
   <div class='ocr_carea' id='block_1_29' title="bbox 1060 1983 2702 2185">
    <p class='ocr_par' dir='ltr' id='par_1_29' title="bbox 1060 1983 2702 2185">
     <span class='ocr_line' id='line_1_29' title="bbox 1060 1983 2702 2185; baseline -0.002 -42"><span class='ocrx_word' id='word_1_206' title='bbox 1060 2022 1785 2149; x_wconf 69' lang='lat' dir='ltr'><strong>&#39;SANGTI</strong></span> <span class='ocrx_word' id='word_1_207' title='bbox 1858 1983 2702 2185; x_wconf 62' lang='lat' dir='ltr'><strong>ausum</strong></span> 
     </span>
    </p>
   </div>
   <div class='ocr_carea' id='block_1_30' title="bbox 1749 2260 2106 2350">
    <p class='ocr_par' dir='ltr' id='par_1_30' title="bbox 1749 2260 2106 2350">
     <span class='ocr_line' id='line_1_30' title="bbox 1749 2260 2106 2350; baseline 0.011 -3"><span class='ocrx_word' id='word_1_208' title='bbox 1749 2260 2106 2350; x_wconf 82' lang='lat' dir='ltr'><strong>LIBER</strong></span> 
     </span>
    </p>
   </div>
   <div class='ocr_carea' id='block_1_31' title="bbox 882 2436 3153 2623">
    <p class='ocr_par' dir='ltr' id='par_1_31' title="bbox 882 2436 3153 2623">
     <span class='ocr_line' id='line_1_31' title="bbox 882 2436 3153 2623; baseline -0.002 -19"><span class='ocrx_word' id='word_1_209' title='bbox 882 2473 1106 2605; x_wconf 87' lang='lat' dir='ltr'><strong>DE</strong></span> <span class='ocrx_word' id='word_1_210' title='bbox 1248 2471 2442 2611; x_wconf 84' lang='lat' dir='ltr'><strong>VOLUNTATE</strong></span> <span class='ocrx_word' id='word_1_211' title='bbox 2561 2474 2927 2602; x_wconf 87' lang='lat' dir='ltr'><strong>DEI.</strong></span> <span class='ocrx_word' id='word_1_212' title='bbox 3046 2436 3153 2623; x_wconf 9' lang='grc' dir='ltr'><strong>ξ’</strong></span> 
     </span>
    </p>
   </div>
   <div class='ocr_carea' id='block_1_32' title="bbox 705 2867 1437 2943">
    <p class='ocr_par' dir='ltr' id='par_1_32' title="bbox 705 2867 1437 2943">
     <span class='ocr_line' id='line_1_32' title="bbox 705 2867 1437 2943; baseline -0.012 -11"><span class='ocrx_word' id='word_1_213' title='bbox 705 2870 857 2943; x_wconf 75' lang='grc'><strong>15],</strong></span> <span class='ocrx_word' id='word_1_214' title='bbox 878 2868 1107 2927; x_wconf 76' lang='lat' dir='ltr'><strong>CAPUT</strong></span> <span class='ocrx_word' id='word_1_215' title='bbox 1145 2867 1437 2925; x_wconf 76' lang='lat' dir='ltr'><strong>PRlMUM.</strong></span> 
     </span>
    </p>
   </div>
   <div class='ocr_carea' id='block_1_33' title="bbox 647 2960 1501 3032">
    <p class='ocr_par' dir='ltr' id='par_1_33' title="bbox 647 2960 1501 3032">
     <span class='ocr_line' id='line_1_33' title="bbox 647 2960 1501 3032; baseline -0.005 -16"><span class='ocrx_word' id='word_1_216' title='bbox 647 2960 899 3017; x_wconf 76' lang='lat' dir='ltr'><strong>Voluntas</strong></span> <span class='ocrx_word' id='word_1_217' title='bbox 940 2960 1038 3016; x_wconf 85' lang='lat' dir='ltr'><strong>Dei</strong></span> <span class='ocrx_word' id='word_1_218' title='bbox 1108 2975 1224 3032; x_wconf 78' lang='lat' dir='ltr'><strong>qua:</strong></span> <span class='ocrx_word' id='word_1_219' title='bbox 1273 2960 1501 3014; x_wconf 83' lang='lat' dir='ltr'><strong>dicatur.</strong></span> 
     </span>
    </p>
   </div>
   <div class='ocr_carea' id='block_1_34' title="bbox 335 3052 1865 3124">
    <p class='ocr_par' dir='ltr' id='par_1_34' title="bbox 335 3052 1865 3124">
     <span class='ocr_line' id='line_1_34' title="bbox 335 3052 1865 3124; baseline -0.005 -9"><span class='ocrx_word' id='word_1_220' title='bbox 335 3056 594 3116; x_wconf 83' lang='lat' dir='ltr'><strong>liumana</strong></span> <span class='ocrx_word' id='word_1_221' title='bbox 619 3053 757 3111; x_wconf 87' lang='lat' dir='ltr'><strong>ratio</strong></span> <span class='ocrx_word' id='word_1_222' title='bbox 776 3071 897 3110; x_wconf 90' lang='lat' dir='ltr'><strong>cum</strong></span> <span class='ocrx_word' id='word_1_223' title='bbox 925 3054 992 3110; x_wconf 90' lang='lat' dir='ltr'><strong>de</strong></span> <span class='ocrx_word' id='word_1_224' title='bbox 1011 3054 1123 3110; x_wconf 87' lang='lat' dir='ltr'><strong>Deo</strong></span> <span class='ocrx_word' id='word_1_225' title='bbox 1146 3068 1362 3124; x_wconf 89' lang='lat' dir='ltr'><strong>semper</strong></span> <span class='ocrx_word' id='word_1_226' title='bbox 1382 3052 1578 3108; x_wconf 87' lang='lat' dir='ltr'><strong>debeat</strong></span> <span class='ocrx_word' id='word_1_227' title='bbox 1608 3062 1865 3118; x_wconf 83' lang='lat' dir='ltr'><strong>tractare,</strong></span> 
     </span>
    </p>
   </div>
   <div class='ocr_carea' id='block_1_35' title="bbox 257 3140 1869 3216">
    <p class='ocr_par' dir='ltr' id='par_1_35' title="bbox 257 3140 1869 3216">
     <span class='ocr_line' id='line_1_35' title="bbox 257 3140 1869 3216; baseline -0.005 -10"><span class='ocrx_word' id='word_1_228' title='bbox 257 3162 317 3207; x_wconf 83' lang='lat' dir='ltr'><strong>et.</strong></span> <span class='ocrx_word' id='word_1_229' title='bbox 348 3153 423 3205; x_wconf 79' lang='lat' dir='ltr'><strong>ad</strong></span> <span class='ocrx_word' id='word_1_230' title='bbox 457 3147 672 3203; x_wconf 88' lang='lat' dir='ltr'><strong>laudem</strong></span> <span class='ocrx_word' id='word_1_231' title='bbox 698 3143 820 3214; x_wconf 83' lang='lat' dir='ltr'><strong>ejus</strong></span> <span class='ocrx_word' id='word_1_232' title='bbox 849 3144 1051 3216; x_wconf 88' lang='lat' dir='ltr'><strong>aliquid</strong></span> <span class='ocrx_word' id='word_1_233' title='bbox 1100 3144 1489 3201; x_wconf 82' lang='lat' dir='ltr'><strong>convenienter</strong></span> <span class='ocrx_word' id='word_1_234' title='bbox 1532 3143 1735 3209; x_wconf 88' lang='lat' dir='ltr'><strong>dicere,</strong></span> <span class='ocrx_word' id='word_1_235' title='bbox 1771 3140 1869 3199; x_wconf 65' lang='lat' dir='ltr'><strong>noo‘</strong></span> 
     </span>
    </p>
   </div>
   <div class='ocr_carea' id='block_1_36' title="bbox 259 3234 1870 3312">
    <p class='ocr_par' dir='ltr' id='par_1_36' title="bbox 259 3234 1870 3312">
     <span class='ocr_line' id='line_1_36' title="bbox 259 3234 1870 3312; baseline -0.005 -14"><span class='ocrx_word' id='word_1_236' title='bbox 259 3244 419 3298; x_wconf 87' lang='lat' dir='ltr'><strong>mina</strong></span> <span class='ocrx_word' id='word_1_237' title='bbox 452 3255 550 3312; x_wconf 87' lang='lat' dir='ltr'><strong>per</strong></span> <span class='ocrx_word' id='word_1_238' title='bbox 575 3253 696 3310; x_wconf 66' lang='lat' dir='ltr'><strong>qua:</strong></span> <span class='ocrx_word' id='word_1_239' title='bbox 724 3237 943 3307; x_wconf 86' lang='lat' dir='ltr'><strong>proprie</strong></span> <span class='ocrx_word' id='word_1_240' title='bbox 972 3237 1227 3307; x_wconf 87' lang='lat' dir='ltr'><strong>loquatur</strong></span> <span class='ocrx_word' id='word_1_241' title='bbox 1270 3249 1380 3291; x_wconf 91' lang='lat' dir='ltr'><strong>non</strong></span> <span class='ocrx_word' id='word_1_242' title='bbox 1409 3234 1593 3300; x_wconf 88' lang='lat' dir='ltr'><strong>habet,</strong></span> <span class='ocrx_word' id='word_1_243' title='bbox 1635 3236 1730 3291; x_wconf 88' lang='lat' dir='ltr'><strong>sed</strong></span> <span class='ocrx_word' id='word_1_244' title='bbox 1771 3251 1870 3291; x_wconf 85' lang='lat' dir='ltr'><strong>no-</strong></span> 
     </span>
    </p>
   </div>
   <div class='ocr_carea' id='block_1_37' title="bbox 256 3325 1869 3397">
    <p class='ocr_par' dir='ltr' id='par_1_37' title="bbox 256 3325 1869 3397">
     <span class='ocr_line' id='line_1_37' title="bbox 256 3325 1869 3397; baseline -0.005 -9"><span class='ocrx_word' id='word_1_245' title='bbox 256 3333 418 3388; x_wconf 86' lang='lat' dir='ltr'><strong>mina</strong></span> <span class='ocrx_word' id='word_1_246' title='bbox 472 3328 783 3386; x_wconf 88' lang='lat' dir='ltr'><strong>hominibus</strong></span> <span class='ocrx_word' id='word_1_247' title='bbox 830 3328 954 3382; x_wconf 90' lang='lat' dir='ltr'><strong>data</strong></span> <span class='ocrx_word' id='word_1_248' title='bbox 1004 3334 1059 3381; x_wconf 88' lang='lat' dir='ltr'><strong>et</strong></span> <span class='ocrx_word' id='word_1_249' title='bbox 1106 3326 1358 3397; x_wconf 89' lang='lat' dir='ltr'><strong>imposita</strong></span> <span class='ocrx_word' id='word_1_250' title='bbox 1404 3325 1620 3396; x_wconf 87' lang='lat' dir='ltr'><strong>accipit,</strong></span> <span class='ocrx_word' id='word_1_251' title='bbox 1669 3334 1725 3380; x_wconf 92' lang='lat' dir='ltr'><strong>et</strong></span> <span class='ocrx_word' id='word_1_252' title='bbox 1771 3339 1869 3396; x_wconf 91' lang='lat' dir='ltr'><strong>per</strong></span> 
     </span>
    </p>
   </div>
   <div class='ocr_carea' id='block_1_38' title="bbox 256 3415 1864 3494">
    <p class='ocr_par' dir='ltr' id='par_1_38' title="bbox 256 3415 1864 3494">
     <span class='ocr_line' id='line_1_38' title="bbox 256 3415 1864 3494; baseline -0.004 -16"><span class='ocrx_word' id='word_1_253' title='bbox 256 3423 453 3494; x_wconf 89' lang='lat' dir='ltr'><strong>ipsum</strong></span> <span class='ocrx_word' id='word_1_254' title='bbox 477 3420 730 3476; x_wconf 80' lang='lat' dir='ltr'><strong>eﬁ&#39;ectum</strong></span> <span class='ocrx_word' id='word_1_255' title='bbox 756 3417 1208 3488; x_wconf 86' lang='lat' dir='ltr'><strong>omnipotentiam</strong></span> <span class='ocrx_word' id='word_1_256' title='bbox 1235 3416 1353 3488; x_wconf 77' lang='lat' dir='ltr'><strong>ejus</strong></span> <span class='ocrx_word' id='word_1_257' title='bbox 1383 3415 1573 3471; x_wconf 85' lang='lat' dir='ltr'><strong>saltem</strong></span> <span class='ocrx_word' id='word_1_258' title='bbox 1606 3416 1688 3472; x_wconf 91' lang='lat' dir='ltr'><strong>vel</strong></span> <span class='ocrx_word' id='word_1_259' title='bbox 1718 3416 1864 3471; x_wconf 90' lang='lat' dir='ltr'><strong>tenui</strong></span> 
     </span>
    </p>
   </div>
   <div class='ocr_carea' id='block_1_39' title="bbox 254 3504 1868 3580">
    <p class='ocr_par' dir='ltr' id='par_1_39' title="bbox 254 3504 1868 3580">
     <span class='ocr_line' id='line_1_39' title="bbox 254 3504 1868 3580; baseline -0.002 -13"><span class='ocrx_word' id='word_1_260' title='bbox 254 3511 526 3567; x_wconf 87' lang='lat' dir='ltr'><strong>oratione</strong></span> <span class='ocrx_word' id='word_1_261' title='bbox 553 3509 764 3580; x_wconf 87' lang='lat' dir='ltr'><strong>aperire</strong></span> <span class='ocrx_word' id='word_1_262' title='bbox 796 3516 1064 3563; x_wconf 85' lang='lat' dir='ltr'><strong>conatur:</strong></span> <span class='ocrx_word' id='word_1_263' title='bbox 1093 3515 1148 3561; x_wconf 90' lang='lat' dir='ltr'><strong>et</strong></span> <span class='ocrx_word' id='word_1_264' title='bbox 1176 3506 1279 3561; x_wconf 92' lang='lat' dir='ltr'><strong>hoc</strong></span> <span class='ocrx_word' id='word_1_265' title='bbox 1305 3505 1434 3562; x_wconf 77' lang='lat' dir='ltr'><strong>facit</strong></span> <span class='ocrx_word' id='word_1_266' title='bbox 1461 3521 1527 3562; x_wconf 80' lang='lat' dir='ltr'><strong>ex</strong></span> <span class='ocrx_word' id='word_1_267' title='bbox 1561 3504 1680 3561; x_wconf 83' lang='lat' dir='ltr'><strong>istis</strong></span> <span class='ocrx_word' id='word_1_268' title='bbox 1705 3506 1868 3563; x_wconf 85' lang='lat' dir='ltr'><strong>rebus</strong></span> 
     </span>
    </p>
   </div>
   <div class='ocr_carea' id='block_1_40' title="bbox 254 3596 1866 3672">
    <p class='ocr_par' dir='ltr' id='par_1_40' title="bbox 254 3596 1866 3672">
     <span class='ocr_line' id='line_1_40' title="bbox 254 3596 1866 3672; baseline -0.005 -12"><span class='ocrx_word' id='word_1_269' title='bbox 254 3596 814 3672; x_wconf 79' lang='lat' dir='ltr'><strong>colligens-effectum</strong></span> <span class='ocrx_word' id='word_1_270' title='bbox 838 3598 1129 3655; x_wconf 83' lang='lat' dir='ltr'><strong>voluntatis</strong></span> <span class='ocrx_word' id='word_1_271' title='bbox 1151 3598 1242 3652; x_wconf 89' lang='lat' dir='ltr'><strong>Dei</strong></span> <span class='ocrx_word' id='word_1_272' title='bbox 1272 3597 1569 3655; x_wconf 82' lang='lat' dir='ltr'><strong>secundum</strong></span> <span class='ocrx_word' id='word_1_273' title='bbox 1597 3596 1866 3653; x_wconf 78' lang='lat' dir='ltr'><strong>occultam</strong></span> 
     </span>
    </p>
   </div>
   <div class='ocr_carea' id='block_1_41' title="bbox 250 3689 1869 3765">
    <p class='ocr_par' dir='ltr' id='par_1_41' title="bbox 250 3689 1869 3765">
     <span class='ocr_line' id='line_1_41' title="bbox 250 3689 1869 3765; baseline -0.003 -16"><span class='ocrx_word' id='word_1_274' title='bbox 250 3694 567 3765; x_wconf 83' lang='lat' dir='ltr'><strong>justitiam,</strong></span> <span class='ocrx_word' id='word_1_275' title='bbox 591 3692 678 3748; x_wconf 89' lang='lat' dir='ltr'><strong>vel</strong></span> <span class='ocrx_word' id='word_1_276' title='bbox 707 3690 1006 3762; x_wconf 84' lang='lat' dir='ltr'><strong>secundum</strong></span> <span class='ocrx_word' id='word_1_277' title='bbox 1049 3690 1504 3757; x_wconf 84' lang='lat' dir='ltr'><strong>misericordiam,</strong></span> <span class='ocrx_word' id='word_1_278' title='bbox 1551 3689 1633 3745; x_wconf 90' lang='lat' dir='ltr'><strong>vel</strong></span> <span class='ocrx_word' id='word_1_279' title='bbox 1675 3705 1869 3745; x_wconf 80' lang='lat' dir='ltr'><strong>secun-</strong></span> 
     </span>
    </p>
   </div>
   <div class='ocr_carea' id='block_1_42' title="bbox 254 3781 1865 3852">
    <p class='ocr_par' dir='ltr' id='par_1_42' title="bbox 254 3781 1865 3852">
     <span class='ocr_line' id='line_1_42' title="bbox 254 3781 1865 3852; baseline -0.002 -12"><span class='ocrx_word' id='word_1_280' title='bbox 254 3786 399 3840; x_wconf 87' lang='lat' dir='ltr'><strong>dum</strong></span> <span class='ocrx_word' id='word_1_281' title='bbox 444 3783 546 3839; x_wconf 75' lang='lat' dir='ltr'><strong>ira:</strong></span> <span class='ocrx_word' id='word_1_282' title='bbox 582 3782 752 3852; x_wconf 89' lang='lat' dir='ltr'><strong>ipsius</strong></span> <span class='ocrx_word' id='word_1_283' title='bbox 778 3782 1110 3838; x_wconf 82' lang='lat' dir='ltr'><strong>vindictam:</strong></span> <span class='ocrx_word' id='word_1_284' title='bbox 1144 3781 1212 3835; x_wconf 85' lang='lat' dir='ltr'><strong>ad</strong></span> <span class='ocrx_word' id='word_1_285' title='bbox 1263 3781 1865 3852; x_wconf 89' lang='lat' dir='ltr'><strong>iucomprehensibilem</strong></span> 
     </span>
    </p>
   </div>
   <div class='ocr_carea' id='block_1_43' title="bbox 254 3873 1864 3946">
    <p class='ocr_par' dir='ltr' id='par_1_43' title="bbox 254 3873 1864 3946">
     <span class='ocr_line' id='line_1_43' title="bbox 254 3873 1864 3946; baseline -0.002 -16"><span class='ocrx_word' id='word_1_286' title='bbox 254 3876 419 3932; x_wconf 84' lang='lat' dir='ltr'><strong>enim</strong></span> <span class='ocrx_word' id='word_1_287' title='bbox 473 3873 695 3929; x_wconf 78' lang='lat' dir='ltr'><strong>deitatis</strong></span> <span class='ocrx_word' id='word_1_288' title='bbox 742 3874 1129 3946; x_wconf 82' lang='lat' dir='ltr'><strong>proprietatem</strong></span> <span class='ocrx_word' id='word_1_289' title='bbox 1194 3873 1439 3944; x_wconf 80' lang='lat' dir='ltr'><strong>aspirare</strong></span> <span class='ocrx_word' id='word_1_290' title='bbox 1503 3890 1609 3929; x_wconf 89' lang='lat' dir='ltr'><strong>non</strong></span> <span class='ocrx_word' id='word_1_291' title='bbox 1662 3881 1864 3945; x_wconf 84' lang='lat' dir='ltr'><strong>potest.</strong></span> 
     </span>
    </p>
   </div>
   <div class='ocr_carea' id='block_1_44' title="bbox 254 3964 1867 4036">
    <p class='ocr_par' dir='ltr' id='par_1_44' title="bbox 254 3964 1867 4036">
     <span class='ocr_line' id='line_1_44' title="bbox 254 3964 1867 4036; baseline -0.003 -12"><span class='ocrx_word' id='word_1_292' title='bbox 254 3969 413 4025; x_wconf 86' lang='lat' dir='ltr'><strong>lliuc</strong></span> <span class='ocrx_word' id='word_1_293' title='bbox 454 3980 562 4021; x_wconf 90' lang='lat' dir='ltr'><strong>nos</strong></span> <span class='ocrx_word' id='word_1_294' title='bbox 603 3980 819 4036; x_wconf 87' lang='lat' dir='ltr'><strong>quoque</strong></span> <span class='ocrx_word' id='word_1_295' title='bbox 859 3964 926 4020; x_wconf 91' lang='lat' dir='ltr'><strong>de</strong></span> <span class='ocrx_word' id='word_1_296' title='bbox 965 3965 1246 4024; x_wconf 87' lang='lat' dir='ltr'><strong>voluntate</strong></span> <span class='ocrx_word' id='word_1_297' title='bbox 1286 3964 1382 4020; x_wconf 86' lang='lat' dir='ltr'><strong>Dei</strong></span> <span class='ocrx_word' id='word_1_298' title='bbox 1437 3964 1638 4034; x_wconf 86' lang='lat' dir='ltr'><strong>aliquid</strong></span> <span class='ocrx_word' id='word_1_299' title='bbox 1690 3965 1867 4020; x_wconf 88' lang='lat' dir='ltr'><strong>dicere</strong></span> 
     </span>
    </p>
   </div>
   <div class='ocr_carea' id='block_1_45' title="bbox 253 4054 1867 4132">
    <p class='ocr_par' dir='ltr' id='par_1_45' title="bbox 253 4054 1867 4132">
     <span class='ocr_line' id='line_1_45' title="bbox 253 4054 1867 4132; baseline -0.003 -15"><span class='ocrx_word' id='word_1_300' title='bbox 253 4054 583 4132; x_wconf 85' lang='lat' dir='ltr'><strong>cupientes,</strong></span> <span class='ocrx_word' id='word_1_301' title='bbox 644 4066 826 4112; x_wconf 88' lang='lat' dir='ltr'><strong>actum</strong></span> <span class='ocrx_word' id='word_1_302' title='bbox 867 4072 1046 4112; x_wconf 82' lang='lat' dir='ltr'><strong>rerum</strong></span> <span class='ocrx_word' id='word_1_303' title='bbox 1091 4056 1453 4121; x_wconf 80' lang='lat' dir='ltr'><strong>attendimus;</strong></span> <span class='ocrx_word' id='word_1_304' title='bbox 1507 4057 1762 4126; x_wconf 86' lang='lat' dir='ltr'><strong>quoniam</strong></span> <span class='ocrx_word' id='word_1_305' title='bbox 1798 4058 1867 4112; x_wconf 89' lang='lat' dir='ltr'><strong>al</strong></span> 
     </span>
    </p>
   </div>
   <div class='ocr_carea' id='block_1_46' title="bbox 2594 2864 2929 2923">
    <p class='ocr_par' dir='ltr' id='par_1_46' title="bbox 2594 2864 2929 2923">
     <span class='ocr_line' id='line_1_46' title="bbox 2594 2864 2929 2923; baseline 0 -2"><span class='ocrx_word' id='word_1_306' title='bbox 2594 2864 2822 2923; x_wconf 79' lang='lat' dir='ltr'><strong>CAPUT</strong></span> <span class='ocrx_word' id='word_1_307' title='bbox 2866 2865 2929 2922; x_wconf 86' lang='lat' dir='ltr'><strong>ll.</strong></span> 
     </span>
    </p>
   </div>
   <div class='ocr_carea' id='block_1_47' title="bbox 2171 2961 3268 3032">
    <p class='ocr_par' dir='ltr' id='par_1_47' title="bbox 2171 2961 3268 3032">
     <span class='ocr_line' id='line_1_47' title="bbox 2171 2961 3268 3032; baseline 0.003 -15"><span class='ocrx_word' id='word_1_308' title='bbox 2171 2963 2174 2966; x_wconf 74' lang='grc'><strong>’</strong></span> <span class='ocrx_word' id='word_1_309' title='bbox 2264 2962 2518 3019; x_wconf 61' lang='lat' dir='ltr'><strong>Voluntas</strong></span> <span class='ocrx_word' id='word_1_310' title='bbox 2546 2962 2643 3017; x_wconf 87' lang='lat' dir='ltr'><strong>Dei</strong></span> <span class='ocrx_word' id='word_1_311' title='bbox 2672 2962 3034 3032; x_wconf 79' lang='lat' dir='ltr'><strong>multipliciter</strong></span> <span class='ocrx_word' id='word_1_312' title='bbox 3053 2961 3268 3020; x_wconf 74' lang='lat' dir='ltr'><strong>dicitur.</strong></span> 
     </span>
    </p>
   </div>
   <div class='ocr_carea' id='block_1_48' title="bbox 2041 3053 3561 3127">
    <p class='ocr_par' dir='ltr' id='par_1_48' title="bbox 2041 3053 3561 3127">
     <span class='ocr_line' id='line_1_48' title="bbox 2041 3053 3561 3127; baseline 0.004 -18"><span class='ocrx_word' id='word_1_313' title='bbox 2041 3054 2335 3112; x_wconf 86' lang='lat' dir='ltr'><strong>Dicendqu</strong></span> <span class='ocrx_word' id='word_1_314' title='bbox 2362 3063 2445 3109; x_wconf 87' lang='lat' dir='ltr'><strong>est</strong></span> <span class='ocrx_word' id='word_1_315' title='bbox 2475 3054 2641 3125; x_wconf 90' lang='lat' dir='ltr'><strong>igitur</strong></span> <span class='ocrx_word' id='word_1_316' title='bbox 2672 3054 3012 3109; x_wconf 86' lang='lat' dir='ltr'><strong>voluntatem</strong></span> <span class='ocrx_word' id='word_1_317' title='bbox 3041 3053 3135 3108; x_wconf 87' lang='lat' dir='ltr'><strong>Dei</strong></span> <span class='ocrx_word' id='word_1_318' title='bbox 3183 3054 3561 3127; x_wconf 79' lang='lat' dir='ltr'><strong>multipliciter</strong></span> 
     </span>
    </p>
   </div>
   <div class='ocr_carea' id='block_1_49' title="bbox 1970 3146 3558 3218">
    <p class='ocr_par' dir='ltr' id='par_1_49' title="bbox 1970 3146 3558 3218">
     <span class='ocr_line' id='line_1_49' title="bbox 1970 3146 3558 3218; baseline 0.001 -15"><span class='ocrx_word' id='word_1_319' title='bbox 1970 3148 2138 3218; x_wconf 84' lang='lat' dir='ltr'><strong>accipi</strong></span> <span class='ocrx_word' id='word_1_320' title='bbox 2175 3157 2277 3202; x_wconf 90' lang='lat' dir='ltr'><strong>:ut</strong></span> <span class='ocrx_word' id='word_1_321' title='bbox 2320 3146 2581 3217; x_wconf 81' lang='lat' dir='ltr'><strong>quidquid</strong></span> <span class='ocrx_word' id='word_1_322' title='bbox 2629 3154 2814 3214; x_wconf 85' lang='lat' dir='ltr'><strong>postea</strong></span> <span class='ocrx_word' id='word_1_323' title='bbox 2870 3155 3196 3215; x_wconf 86' lang='lat' dir='ltr'><strong>opponatur,</strong></span> <span class='ocrx_word' id='word_1_324' title='bbox 3247 3149 3366 3202; x_wconf 86' lang='lat' dir='ltr'><strong>siue</strong></span> <span class='ocrx_word' id='word_1_325' title='bbox 3412 3150 3558 3205; x_wconf 71' lang='lat' dir='ltr'><strong>omni</strong></span> 
     </span>
    </p>
   </div>
   <div class='ocr_carea' id='block_1_50' title="bbox 1969 3236 3562 3312">
    <p class='ocr_par' dir='ltr' id='par_1_50' title="bbox 1969 3236 3562 3312">
     <span class='ocr_line' id='line_1_50' title="bbox 1969 3236 3562 3312; baseline 0.003 -19"><span class='ocrx_word' id='word_1_326' title='bbox 1969 3236 2284 3294; x_wconf 77' lang='lat' dir='ltr'><strong>difﬁcultate</strong></span> <span class='ocrx_word' id='word_1_327' title='bbox 2335 3238 2646 3309; x_wconf 87' lang='lat' dir='ltr'><strong>opulentius</strong></span> <span class='ocrx_word' id='word_1_328' title='bbox 2700 3237 2998 3307; x_wconf 87' lang='lat' dir='ltr'><strong>aperiatur.</strong></span> <span class='ocrx_word' id='word_1_329' title='bbox 3053 3236 3316 3294; x_wconf 84' lang='lat' dir='ltr'><strong>Voluntas</strong></span> <span class='ocrx_word' id='word_1_330' title='bbox 3377 3242 3562 3312; x_wconf 87' lang='lat' dir='ltr'><strong>itaque</strong></span> 
     </span>
    </p>
   </div>
   <div class='ocr_carea' id='block_1_51' title="bbox 1969 3324 3561 3400">
    <p class='ocr_par' dir='ltr' id='par_1_51' title="bbox 1969 3324 3561 3400">
     <span class='ocr_line' id='line_1_51' title="bbox 1969 3324 3561 3400; baseline 0.004 -20"><span class='ocrx_word' id='word_1_331' title='bbox 1969 3324 2063 3382; x_wconf 87' lang='lat' dir='ltr'><strong>Dei</strong></span> <span class='ocrx_word' id='word_1_332' title='bbox 2113 3327 2379 3398; x_wconf 88' lang='lat' dir='ltr'><strong>accipitur</strong></span> <span class='ocrx_word' id='word_1_333' title='bbox 2424 3327 2717 3397; x_wconf 87' lang='lat' dir='ltr'><strong>aliquando</strong></span> <span class='ocrx_word' id='word_1_334' title='bbox 2756 3327 2809 3381; x_wconf 88' lang='lat' dir='ltr'><strong>itt</strong></span> <span class='ocrx_word' id='word_1_335' title='bbox 2844 3326 3165 3399; x_wconf 84' lang='lat' dir='ltr'><strong>Scripturis,</strong></span> <span class='ocrx_word' id='word_1_336' title='bbox 3210 3330 3561 3400; x_wconf 79' lang='lat' dir='ltr'><strong>:equipollcns</strong></span> 
     </span>
    </p>
   </div>
   <div class='ocr_carea' id='block_1_52' title="bbox 1971 3417 3561 3492">
    <p class='ocr_par' dir='ltr' id='par_1_52' title="bbox 1971 3417 3561 3492">
     <span class='ocr_line' id='line_1_52' title="bbox 1971 3417 3561 3492; baseline 0.002 -19"><span class='ocrx_word' id='word_1_337' title='bbox 1971 3419 2329 3489; x_wconf 90' lang='lat' dir='ltr'><strong>omnipotenti</strong></span> <span class='ocrx_word' id='word_1_338' title='bbox 2366 3433 2480 3475; x_wconf 79' lang='lat' dir='ltr'><strong>sua:</strong></span> <span class='ocrx_word' id='word_1_339' title='bbox 2525 3417 2881 3488; x_wconf 65' lang='lat' dir='ltr'><strong>prmscientia:</strong></span> <span class='ocrx_word' id='word_1_340' title='bbox 2906 3427 2962 3474; x_wconf 88' lang='lat' dir='ltr'><strong>ct</strong></span> <span class='ocrx_word' id='word_1_341' title='bbox 2990 3419 3319 3475; x_wconf 85' lang='lat' dir='ltr'><strong>ordinationi</strong></span> <span class='ocrx_word' id='word_1_342' title='bbox 3350 3421 3561 3492; x_wconf 73' lang='lat' dir='ltr'><strong>sagaci.</strong></span> 
     </span>
    </p>
   </div>
   <div class='ocr_carea' id='block_1_53' title="bbox 1971 3507 3562 3585">
    <p class='ocr_par' dir='ltr' id='par_1_53' title="bbox 1971 3507 3562 3585">
     <span class='ocr_line' id='line_1_53' title="bbox 1971 3507 3562 3585; baseline 0.003 -20"><span class='ocrx_word' id='word_1_343' title='bbox 1971 3521 2055 3566; x_wconf 89' lang='lat' dir='ltr'><strong>ter</strong></span> <span class='ocrx_word' id='word_1_344' title='bbox 2090 3510 2274 3566; x_wconf 89' lang='lat' dir='ltr'><strong>omnia</strong></span> <span class='ocrx_word' id='word_1_345' title='bbox 2321 3510 2655 3581; x_wconf 88' lang='lat' dir='ltr'><strong>disponenti.</strong></span> <span class='ocrx_word' id='word_1_346' title='bbox 2698 3509 2852 3566; x_wconf 84' lang='lat' dir='ltr'><strong>Unde</strong></span> <span class='ocrx_word' id='word_1_347' title='bbox 2904 3507 3142 3569; x_wconf 84' lang='lat' dir='ltr'><strong>dicitur:</strong></span> <span class='ocrx_word' id='word_1_348' title='bbox 3183 3513 3375 3568; x_wconf 83' lang='lat' dir='ltr'><strong>Omnia</strong></span> <span class='ocrx_word' id='word_1_349' title='bbox 3412 3529 3562 3585; x_wconf 64' lang='lat' dir='ltr'><strong>quir-</strong></span> 
     </span>
    </p>
   </div>
   <div class='ocr_carea' id='block_1_54' title="bbox 1968 3601 3556 3675">
    <p class='ocr_par' dir='ltr' id='par_1_54' title="bbox 1968 3601 3556 3675">
     <span class='ocr_line' id='line_1_54' title="bbox 1968 3601 3556 3675; baseline 0.001 -17"><span class='ocrx_word' id='word_1_350' title='bbox 1968 3619 2170 3675; x_wconf 84' lang='lat' dir='ltr'><strong>cunque</strong></span> <span class='ocrx_word' id='word_1_351' title='bbox 2205 3603 2365 3657; x_wconf 78' lang='lat' dir='ltr'><strong>voluit</strong></span> <span class='ocrx_word' id='word_1_352' title='bbox 2390 3602 2648 3658; x_wconf 81' lang='lat' dir='ltr'><strong>Dominus</strong></span> <span class='ocrx_word' id='word_1_353' title='bbox 2664 3602 2786 3673; x_wconf 80' lang='lat' dir='ltr'><strong>fecit</strong></span> <span class='ocrx_word' id='word_1_354' title='bbox 2818 3601 2993 3674; x_wconf 71' lang='lat' dir='ltr'><strong>(Paul.</strong></span> <span class='ocrx_word' id='word_1_355' title='bbox 3018 3618 3173 3671; x_wconf 76' lang='lat' dir='ltr'><strong>cxttt,</strong></span> <span class='ocrx_word' id='word_1_356' title='bbox 3201 3604 3281 3671; x_wconf 77' lang='lat'><strong>3),</strong></span> <span class='ocrx_word' id='word_1_357' title='bbox 3312 3606 3416 3662; x_wconf 89' lang='lat' dir='ltr'><strong>hoc</strong></span> <span class='ocrx_word' id='word_1_358' title='bbox 3445 3615 3556 3672; x_wconf 82' lang='lat' dir='ltr'><strong>est,</strong></span> 
     </span>
    </p>
   </div>
   <div class='ocr_carea' id='block_1_55' title="bbox 1968 3695 3557 3768">
    <p class='ocr_par' dir='ltr' id='par_1_55' title="bbox 1968 3695 3557 3768">
     <span class='ocr_line' id='line_1_55' title="bbox 1968 3695 3557 3768; baseline 0.003 -18"><span class='ocrx_word' id='word_1_359' title='bbox 1968 3696 2227 3767; x_wconf 80' lang='lat' dir='ltr'><strong>quidquid</strong></span> <span class='ocrx_word' id='word_1_360' title='bbox 2272 3696 2415 3752; x_wconf 89' lang='lat' dir='ltr'><strong>Deus</strong></span> <span class='ocrx_word' id='word_1_361' title='bbox 2463 3696 2532 3750; x_wconf 87' lang='lat' dir='ltr'><strong>ab</strong></span> <span class='ocrx_word' id='word_1_362' title='bbox 2581 3706 2784 3751; x_wconf 61' lang='lat' dir='ltr'><strong>aeterno</strong></span> <span class='ocrx_word' id='word_1_363' title='bbox 2830 3695 3098 3751; x_wconf 80' lang='lat' dir='ltr'><strong>facturum</strong></span> <span class='ocrx_word' id='word_1_364' title='bbox 3147 3712 3205 3753; x_wconf 88' lang='lat' dir='ltr'><strong>se</strong></span> <span class='ocrx_word' id='word_1_365' title='bbox 3252 3696 3557 3768; x_wconf 55' lang='lat' dir='ltr'><strong>ordinavit.</strong></span> 
     </span>
    </p>
   </div>
   <div class='ocr_carea' id='block_1_56' title="bbox 1966 3787 3562 3859">
    <p class='ocr_par' dir='ltr' id='par_1_56' title="bbox 1966 3787 3562 3859">
     <span class='ocr_line' id='line_1_56' title="bbox 1966 3787 3562 3859; baseline 0.003 -16"><span class='ocrx_word' id='word_1_366' title='bbox 1966 3788 2102 3843; x_wconf 89' lang='lat' dir='ltr'><strong>nihil</strong></span> <span class='ocrx_word' id='word_1_367' title='bbox 2131 3787 2460 3858; x_wconf 80' lang='lat' dir='ltr'><strong>inexpletum</strong></span> <span class='ocrx_word' id='word_1_368' title='bbox 2491 3787 2732 3858; x_wconf 89' lang='lat' dir='ltr'><strong>reliquit.</strong></span> <span class='ocrx_word' id='word_1_369' title='bbox 2758 3788 3039 3859; x_wconf 85' lang='lat' dir='ltr'><strong>Accipitur</strong></span> <span class='ocrx_word' id='word_1_370' title='bbox 3064 3789 3231 3844; x_wconf 81' lang='lat' dir='ltr'><strong>etiam</strong></span> <span class='ocrx_word' id='word_1_371' title='bbox 3259 3790 3350 3847; x_wconf 86' lang='lat' dir='ltr'><strong>Dei</strong></span> <span class='ocrx_word' id='word_1_372' title='bbox 3380 3790 3562 3847; x_wconf 60' lang='lat' dir='ltr'><strong>volun:-</strong></span> 
     </span>
    </p>
   </div>
   <div class='ocr_carea' id='block_1_57' title="bbox 1969 3878 3559 3953">
    <p class='ocr_par' dir='ltr' id='par_1_57' title="bbox 1969 3878 3559 3953">
     <span class='ocr_line' id='line_1_57' title="bbox 1969 3878 3559 3953; baseline 0.001 -18"><span class='ocrx_word' id='word_1_373' title='bbox 1969 3889 2052 3935; x_wconf 89' lang='lat' dir='ltr'><strong>tas</strong></span> <span class='ocrx_word' id='word_1_374' title='bbox 2080 3878 2201 3953; x_wconf 84' lang='lat' dir='ltr'><strong>[al.,</strong></span> <span class='ocrx_word' id='word_1_375' title='bbox 2231 3893 2427 3934; x_wconf 88' lang='lat' dir='ltr'><strong>nomen</strong></span> <span class='ocrx_word' id='word_1_376' title='bbox 2460 3878 2692 3952; x_wconf 89' lang='lat' dir='ltr'><strong>rerum],</strong></span> <span class='ocrx_word' id='word_1_377' title='bbox 2742 3880 3039 3935; x_wconf 86' lang='lat' dir='ltr'><strong>secundum</strong></span> <span class='ocrx_word' id='word_1_378' title='bbox 3086 3882 3375 3950; x_wconf 85' lang='lat' dir='ltr'><strong>quemdam</strong></span> <span class='ocrx_word' id='word_1_379' title='bbox 3426 3881 3559 3938; x_wconf 79' lang='lat' dir='ltr'><strong>affe-</strong></span> 
     </span>
    </p>
   </div>
   <div class='ocr_carea' id='block_1_58' title="bbox 1951 3964 3558 4044">
    <p class='ocr_par' dir='ltr' id='par_1_58' title="bbox 1951 3964 3558 4044">
     <span class='ocr_line' id='line_1_58' title="bbox 1951 3964 3558 4044; baseline 0.002 -18"><span class='ocrx_word' id='word_1_380' title='bbox 1951 3980 2112 4044; x_wconf 80' lang='lat' dir='ltr'><strong>ctum</strong></span> <span class='ocrx_word' id='word_1_381' title='bbox 2164 3971 2553 4026; x_wconf 74' lang='lat' dir='ltr'><strong>misericordiae</strong></span> <span class='ocrx_word' id='word_1_382' title='bbox 2599 3971 2690 4027; x_wconf 92' lang='lat' dir='ltr'><strong>Dei</strong></span> <span class='ocrx_word' id='word_1_383' title='bbox 2731 3989 2745 4025; x_wconf 92' lang='lat'>:</span> <span class='ocrx_word' id='word_1_384' title='bbox 2789 3979 2849 4025; x_wconf 90' lang='lat' dir='ltr'><strong>ut</strong></span> <span class='ocrx_word' id='word_1_385' title='bbox 2887 3971 2998 4026; x_wconf 87' lang='lat' dir='ltr'><strong>ibi:</strong></span> <span class='ocrx_word' id='word_1_386' title='bbox 3049 3964 3175 4026; x_wconf 87' lang='lat' dir='ltr'><strong>Vult</strong></span> <span class='ocrx_word' id='word_1_387' title='bbox 3202 3972 3340 4027; x_wconf 80' lang='lat' dir='ltr'><strong>Deus</strong></span> <span class='ocrx_word' id='word_1_388' title='bbox 3382 3990 3558 4029; x_wconf 80' lang='lat' dir='ltr'><strong>omnes</strong></span> 
     </span>
    </p>
   </div>
   <div class='ocr_carea' id='block_1_59' title="bbox 1965 4060 3557 4133">
    <p class='ocr_par' dir='ltr' id='par_1_59' title="bbox 1965 4060 3557 4133">
     <span class='ocr_line' id='line_1_59' title="bbox 1965 4060 3557 4133; baseline 0 -17"><span class='ocrx_word' id='word_1_389' title='bbox 1965 4062 2138 4116; x_wconf 77' lang='lat' dir='ltr'><strong>salvos</strong></span> <span class='ocrx_word' id='word_1_390' title='bbox 2158 4061 2276 4131; x_wconf 80' lang='lat' dir='ltr'><strong>ﬁeri</strong></span> <span class='ocrx_word' id='word_1_391' title='bbox 2305 4060 2357 4133; x_wconf 86' lang='grc' dir='ltr'><strong>(Ι</strong></span> <span class='ocrx_word' id='word_1_392' title='bbox 2381 4061 2518 4115; x_wconf 86' lang='lat' dir='ltr'><strong>Tim.</strong></span> <span class='ocrx_word' id='word_1_393' title='bbox 2547 4076 2612 4126; x_wconf 84' lang='grc' dir='ltr'>ιι,</span> <span class='ocrx_word' id='word_1_394' title='bbox 2643 4060 2723 4131; x_wconf 70' lang='grc'><strong>4),</strong></span> <span class='ocrx_word' id='word_1_395' title='bbox 2755 4061 2896 4131; x_wconf 87' lang='lat' dir='ltr'><strong>quod</strong></span> <span class='ocrx_word' id='word_1_396' title='bbox 2922 4068 3009 4118; x_wconf 86' lang='lat' dir='ltr'><strong>est</strong></span> <span class='ocrx_word' id='word_1_397' title='bbox 3033 4061 3238 4125; x_wconf 82' lang='lat' dir='ltr'><strong>dicere,</strong></span> <span class='ocrx_word' id='word_1_398' title='bbox 3269 4060 3400 4117; x_wconf 80' lang='lat' dir='ltr'><strong>facit</strong></span> <span class='ocrx_word' id='word_1_399' title='bbox 3426 4076 3557 4116; x_wconf 78' lang='lat' dir='ltr'><strong>san-</strong></span> 
     </span>
    </p>
   </div>
   <div class='ocr_carea' id='block_1_60' title="bbox 250 4145 3556 4225">
    <p class='ocr_par' dir='ltr' id='par_1_60' title="bbox 250 4145 3556 4225">
     <span class='ocr_line' id='line_1_60' title="bbox 250 4145 3556 4225; baseline -0 -17"><span class='ocrx_word' id='word_1_400' title='bbox 250 4154 446 4225; x_wconf 89' lang='lat' dir='ltr'><strong>ipsius</strong></span> <span class='ocrx_word' id='word_1_401' title='bbox 508 4148 843 4205; x_wconf 87' lang='lat' dir='ltr'><strong>cclsitmlinis</strong></span> <span class='ocrx_word' id='word_1_402' title='bbox 887 4152 1101 4202; x_wconf 86' lang='lat' dir='ltr'><strong>culmen</strong></span> <span class='ocrx_word' id='word_1_403' title='bbox 1148 4145 1405 4200; x_wconf 87' lang='lat' dir='ltr'><strong>anhelare</strong></span> <span class='ocrx_word' id='word_1_404' title='bbox 1451 4160 1556 4201; x_wconf 92' lang='lat' dir='ltr'><strong>non</strong></span> <span class='ocrx_word' id='word_1_405' title='bbox 1602 4145 1864 4202; x_wconf 89' lang='lat' dir='ltr'><strong>valemus.</strong></span> <span class='ocrx_word' id='word_1_406' title='bbox 1905 4218 1937 4225; x_wconf 82' lang='lat'>_</span> <span class='ocrx_word' id='word_1_407' title='bbox 1968 4164 2084 4209; x_wconf 86' lang='lat' dir='ltr'><strong>ctos</strong></span> <span class='ocrx_word' id='word_1_408' title='bbox 2124 4152 2262 4208; x_wconf 89' lang='lat' dir='ltr'><strong>velle</strong></span> <span class='ocrx_word' id='word_1_409' title='bbox 2309 4161 2369 4208; x_wconf 88' lang='lat' dir='ltr'><strong>ttt</strong></span> <span class='ocrx_word' id='word_1_410' title='bbox 2407 4166 2596 4207; x_wconf 89' lang='lat' dir='ltr'><strong>omnes</strong></span> <span class='ocrx_word' id='word_1_411' title='bbox 2640 4151 2776 4207; x_wconf 89' lang='lat' dir='ltr'><strong>salvi</strong></span> <span class='ocrx_word' id='word_1_412' title='bbox 2832 4152 2984 4218; x_wconf 83' lang='lat' dir='ltr'><strong>ﬁant,</strong></span> <span class='ocrx_word' id='word_1_413' title='bbox 3007 4150 3150 4222; x_wconf 76' lang='lat' dir='ltr'><strong>quad</strong></span> <span class='ocrx_word' id='word_1_414' title='bbox 3216 4153 3331 4223; x_wconf 81' lang='lat' dir='ltr'><strong>ipse</strong></span> <span class='ocrx_word' id='word_1_415' title='bbox 3376 4162 3556 4208; x_wconf 88' lang='lat' dir='ltr'><strong>tamen</strong></span> 
     </span>
    </p>
   </div>
   <div class='ocr_carea' id='block_1_61' title="bbox 246 4218 3555 4315">
    <p class='ocr_par' dir='ltr' id='par_1_61' title="bbox 246 4218 3555 4315">
     <span class='ocr_line' id='line_1_61' title="bbox 246 4218 3555 4315; baseline -0.001 -14"><span class='ocrx_word' id='word_1_416' title='bbox 246 4218 625 4302; x_wconf 35' lang='lat' dir='ltr'><strong>VI&#39;oluntatcm</strong></span> <span class='ocrx_word' id='word_1_417' title='bbox 660 4240 822 4311; x_wconf 79' lang='lat' dir='ltr'><strong>igitur</strong></span> <span class='ocrx_word' id='word_1_418' title='bbox 845 4239 935 4294; x_wconf 86' lang='lat' dir='ltr'><strong>Dci</strong></span> <span class='ocrx_word' id='word_1_419' title='bbox 969 4238 1301 4311; x_wconf 75' lang='lat' dir='ltr'><strong>appellamus</strong></span> <span class='ocrx_word' id='word_1_420' title='bbox 1329 4237 1591 4308; x_wconf 85' lang='lat' dir='ltr'><strong>quidquid</strong></span> <span class='ocrx_word' id='word_1_421' title='bbox 1629 4240 1684 4293; x_wconf 90' lang='lat' dir='ltr'><strong>in</strong></span> <span class='ocrx_word' id='word_1_422' title='bbox 1710 4239 1865 4295; x_wconf 88' lang='lat' dir='ltr'><strong>nobis</strong></span> <span class='ocrx_word' id='word_1_423' title='bbox 1891 4218 1937 4283; x_wconf 69' lang='grc' dir='ltr'><strong>ο</strong></span> <span class='ocrx_word' id='word_1_424' title='bbox 1967 4243 2102 4309; x_wconf 84' lang='lat' dir='ltr'><strong>vult,</strong></span> <span class='ocrx_word' id='word_1_425' title='bbox 2138 4244 2242 4300; x_wconf 88' lang='lat' dir='ltr'><strong>huc</strong></span> <span class='ocrx_word' id='word_1_426' title='bbox 2272 4252 2356 4299; x_wconf 86' lang='lat' dir='ltr'><strong>est</strong></span> <span class='ocrx_word' id='word_1_427' title='bbox 2396 4244 2511 4315; x_wconf 84' lang='lat' dir='ltr'><strong>ipse</strong></span> <span class='ocrx_word' id='word_1_428' title='bbox 2547 4243 2844 4313; x_wconf 83' lang='lat' dir='ltr'><strong>disposuit;</strong></span> <span class='ocrx_word' id='word_1_429' title='bbox 2880 4244 2973 4298; x_wconf 90' lang='lat' dir='ltr'><strong>sed</strong></span> <span class='ocrx_word' id='word_1_430' title='bbox 3012 4218 3249 4300; x_wconf 73' lang='lat' dir='ltr'><strong>sanctos</strong></span> <span class='ocrx_word' id='word_1_431' title='bbox 3264 4242 3390 4299; x_wconf 78' lang='lat' dir='ltr'><strong>facit</strong></span> <span class='ocrx_word' id='word_1_432' title='bbox 3420 4244 3555 4299; x_wconf 79' lang='lat' dir='ltr'><strong>vrlle</strong></span> 
     </span>
    </p>
   </div>
   <div class='ocr_carea' id='block_1_62' title="bbox 248 4330 3561 4410">
    <p class='ocr_par' dir='ltr' id='par_1_62' title="bbox 248 4330 3561 4410">
     <span class='ocr_line' id='line_1_62' title="bbox 248 4330 3561 4410; baseline -0.002 -16"><span class='ocrx_word' id='word_1_433' title='bbox 248 4339 382 4410; x_wconf 89' lang='lat' dir='ltr'><strong>ipse</strong></span> <span class='ocrx_word' id='word_1_434' title='bbox 415 4335 852 4390; x_wconf 85' lang='lat' dir='ltr'><strong>misericorditer</strong></span> <span class='ocrx_word' id='word_1_435' title='bbox 879 4342 1158 4404; x_wconf 87' lang='lat' dir='ltr'><strong>operatur,</strong></span> <span class='ocrx_word' id='word_1_436' title='bbox 1204 4332 1507 4388; x_wconf 84' lang='lat' dir='ltr'><strong>revocando</strong></span> <span class='ocrx_word' id='word_1_437' title='bbox 1539 4348 1637 4389; x_wconf 88' lang='lat' dir='ltr'><strong>nos</strong></span> <span class='ocrx_word' id='word_1_438' title='bbox 1678 4333 1747 4388; x_wconf 89' lang='lat' dir='ltr'><strong>ab</strong></span> <span class='ocrx_word' id='word_1_439' title='bbox 1779 4330 1866 4388; x_wconf 86' lang='lat' dir='ltr'><strong>er-</strong></span> <span class='ocrx_word' id='word_1_440' title='bbox 1971 4333 2065 4387; x_wconf 81' lang='lat' dir='ltr'><strong>Dei</strong></span> <span class='ocrx_word' id='word_1_441' title='bbox 2114 4341 2168 4388; x_wconf 90' lang='lat' dir='ltr'><strong>et</strong></span> <span class='ocrx_word' id='word_1_442' title='bbox 2215 4333 2449 4404; x_wconf 77' lang='lat' dir='ltr'><strong>proximi</strong></span> <span class='ocrx_word' id='word_1_443' title='bbox 2505 4332 2823 4403; x_wconf 89' lang='lat' dir='ltr'><strong>inspirando</strong></span> <span class='ocrx_word' id='word_1_444' title='bbox 2865 4332 3244 4397; x_wconf 78' lang='lat' dir='ltr'><strong>dilectionem,</strong></span> <span class='ocrx_word' id='word_1_445' title='bbox 3281 4348 3389 4403; x_wconf 90' lang='lat' dir='ltr'><strong>qua</strong></span> <span class='ocrx_word' id='word_1_446' title='bbox 3426 4332 3561 4388; x_wconf 59' lang='lat' dir='ltr'><strong>dite.</strong></span> 
     </span>
    </p>
   </div>
   <div class='ocr_carea' id='block_1_63' title="bbox 247 4422 3561 4496">
    <p class='ocr_par' dir='ltr' id='par_1_63' title="bbox 247 4422 3561 4496">
     <span class='ocr_line' id='line_1_63' title="bbox 247 4422 3561 4496; baseline -0.001 -13"><span class='ocrx_word' id='word_1_447' title='bbox 247 4443 417 4493; x_wconf 89' lang='lat' dir='ltr'><strong>rore,</strong></span> <span class='ocrx_word' id='word_1_448' title='bbox 452 4424 541 4481; x_wconf 87' lang='lat' dir='ltr'><strong>vel</strong></span> <span class='ocrx_word' id='word_1_449' title='bbox 572 4426 656 4496; x_wconf 78' lang='lat' dir='ltr'><strong>pie</strong></span> <span class='ocrx_word' id='word_1_450' title='bbox 685 4424 1053 4480; x_wconf 73' lang='lat' dir='ltr'><strong>conﬁrmando</strong></span> <span class='ocrx_word' id='word_1_451' title='bbox 1076 4422 1323 4493; x_wconf 74' lang='lat' dir='ltr'><strong>justitize.</strong></span> <span class='ocrx_word' id='word_1_452' title='bbox 1363 4422 1623 4480; x_wconf 80' lang='lat' dir='ltr'><strong>Voluntas</strong></span> <span class='ocrx_word' id='word_1_453' title='bbox 1648 4438 1866 4495; x_wconf 90' lang='lat' dir='ltr'><strong>quoque</strong></span> <span class='ocrx_word' id='word_1_454' title='bbox 1966 4427 2147 4483; x_wconf 87' lang='lat' dir='ltr'><strong>ctione</strong></span> <span class='ocrx_word' id='word_1_455' title='bbox 2185 4441 2291 4480; x_wconf 90' lang='lat' dir='ltr'><strong>non</strong></span> <span class='ocrx_word' id='word_1_456' title='bbox 2334 4425 2778 4481; x_wconf 82' lang='lat' dir='ltr'><strong>iucouvenienter</strong></span> <span class='ocrx_word' id='word_1_457' title='bbox 2822 4422 2958 4479; x_wconf 84' lang='lat' dir='ltr'><strong>ﬁunt</strong></span> <span class='ocrx_word' id='word_1_458' title='bbox 2986 4423 3039 4478; x_wconf 88' lang='lat' dir='ltr'><strong>in</strong></span> <span class='ocrx_word' id='word_1_459' title='bbox 3067 4422 3307 4481; x_wconf 84' lang='lat' dir='ltr'><strong>Ecclesia</strong></span> <span class='ocrx_word' id='word_1_460' title='bbox 3352 4425 3561 4479; x_wconf 83' lang='lat' dir='ltr'><strong>oratio-</strong></span> 
     </span>
    </p>
   </div>
   <div class='ocr_carea' id='block_1_64' title="bbox 245 4511 3559 4586">
    <p class='ocr_par' dir='ltr' id='par_1_64' title="bbox 245 4511 3559 4586">
     <span class='ocr_line' id='line_1_64' title="bbox 245 4511 3559 4586; baseline -0.001 -11"><span class='ocrx_word' id='word_1_461' title='bbox 245 4520 479 4576; x_wconf 83' lang='lat' dir='ltr'><strong>tlicitur</strong></span> <span class='ocrx_word' id='word_1_462' title='bbox 518 4529 675 4586; x_wconf 78' lang='lat' dir='ltr'><strong>poma</strong></span> <span class='ocrx_word' id='word_1_463' title='bbox 707 4524 762 4570; x_wconf 89' lang='lat' dir='ltr'><strong>et</strong></span> <span class='ocrx_word' id='word_1_464' title='bbox 794 4515 1101 4586; x_wconf 87' lang='lat' dir='ltr'><strong>reprobalio</strong></span> <span class='ocrx_word' id='word_1_465' title='bbox 1129 4511 1486 4585; x_wconf 89' lang='lat' dir='ltr'><strong>quorumdam</strong></span> <span class='ocrx_word' id='word_1_466' title='bbox 1518 4515 1613 4570; x_wconf 90' lang='lat' dir='ltr'><strong>Dei</strong></span> <span class='ocrx_word' id='word_1_467' title='bbox 1652 4516 1864 4571; x_wconf 87' lang='lat' dir='ltr'><strong>occulta</strong></span> <span class='ocrx_word' id='word_1_468' title='bbox 1967 4532 2066 4573; x_wconf 88' lang='lat' dir='ltr'><strong>nes</strong></span> <span class='ocrx_word' id='word_1_469' title='bbox 2102 4532 2131 4571; x_wconf 90' lang='lat' dir='ltr'><strong>a</strong></span> <span class='ocrx_word' id='word_1_470' title='bbox 2160 4516 2364 4572; x_wconf 84' lang='lat' dir='ltr'><strong>sanctis</strong></span> <span class='ocrx_word' id='word_1_471' title='bbox 2391 4531 2489 4586; x_wconf 88' lang='lat' dir='ltr'><strong>pro</strong></span> <span class='ocrx_word' id='word_1_472' title='bbox 2529 4515 2897 4571; x_wconf 84' lang='lat' dir='ltr'><strong>scltismaticis</strong></span> <span class='ocrx_word' id='word_1_473' title='bbox 2944 4524 3001 4570; x_wconf 88' lang='lat' dir='ltr'><strong>et</strong></span> <span class='ocrx_word' id='word_1_474' title='bbox 3044 4515 3334 4582; x_wconf 75' lang='lat' dir='ltr'><strong>ltzcreticis,</strong></span> <span class='ocrx_word' id='word_1_475' title='bbox 3360 4514 3559 4572; x_wconf 72' lang='lat' dir='ltr'><strong>Judzeis</strong></span> 
     </span>
    </p>
   </div>
   <div class='ocr_carea' id='block_1_65' title="bbox 246 4606 3560 4680">
    <p class='ocr_par' dir='ltr' id='par_1_65' title="bbox 246 4606 3560 4680">
     <span class='ocr_line' id='line_1_65' title="bbox 246 4606 3560 4680; baseline -0.003 -9"><span class='ocrx_word' id='word_1_476' title='bbox 246 4610 624 4671; x_wconf 78' lang='lat' dir='ltr'><strong>districtione</strong></span> <span class='ocrx_word' id='word_1_477' title='bbox 650 4608 791 4664; x_wconf 80' lang='lat' dir='ltr'><strong>facta</strong></span> <span class='ocrx_word' id='word_1_478' title='bbox 815 4606 1057 4676; x_wconf 72' lang='lat' dir='ltr'><strong>iustitim.</strong></span> <span class='ocrx_word' id='word_1_479' title='bbox 1106 4606 1370 4663; x_wconf 81' lang='lat' dir='ltr'><strong>Voluntas</strong></span> <span class='ocrx_word' id='word_1_480' title='bbox 1401 4607 1491 4662; x_wconf 91' lang='lat' dir='ltr'><strong>Dei</strong></span> <span class='ocrx_word' id='word_1_481' title='bbox 1520 4614 1604 4663; x_wconf 88' lang='lat' dir='ltr'><strong>est</strong></span> <span class='ocrx_word' id='word_1_482' title='bbox 1634 4609 1716 4678; x_wconf 91' lang='lat' dir='ltr'><strong>(ut</strong></span> <span class='ocrx_word' id='word_1_483' title='bbox 1743 4608 1868 4665; x_wconf 78' lang='lat' dir='ltr'><strong>bre-</strong></span> <span class='ocrx_word' id='word_1_484' title='bbox 1967 4625 2184 4680; x_wconf 82' lang='lat' dir='ltr'><strong>quoque</strong></span> <span class='ocrx_word' id='word_1_485' title='bbox 2218 4616 2274 4662; x_wconf 89' lang='lat' dir='ltr'><strong>et</strong></span> <span class='ocrx_word' id='word_1_486' title='bbox 2295 4607 2606 4680; x_wconf 81' lang='lat' dir='ltr'><strong>gentilibus.</strong></span> <span class='ocrx_word' id='word_1_487' title='bbox 2645 4606 2920 4663; x_wconf 86' lang='lat' dir='ltr'><strong>Institutio</strong></span> <span class='ocrx_word' id='word_1_488' title='bbox 2949 4606 3151 4675; x_wconf 89' lang='lat' dir='ltr'><strong>divina,</strong></span> <span class='ocrx_word' id='word_1_489' title='bbox 3183 4606 3560 4665; x_wconf 25' lang='lat' dir='ltr'><strong>Dei‘voinula&#39;s</strong></span> 
     </span>
    </p>
   </div>
   <div class='ocr_carea' id='block_1_66' title="bbox 243 4694 3557 4770">
    <p class='ocr_par' dir='ltr' id='par_1_66' title="bbox 243 4694 3557 4770">
     <span class='ocr_line' id='line_1_66' title="bbox 243 4694 3557 4770; baseline 0 -15"><span class='ocrx_word' id='word_1_490' title='bbox 243 4704 411 4757; x_wconf 85' lang='lat' dir='ltr'><strong>viter</strong></span> <span class='ocrx_word' id='word_1_491' title='bbox 446 4699 651 4766; x_wconf 84' lang='lat' dir='ltr'><strong>dicam)</strong></span> <span class='ocrx_word' id='word_1_492' title='bbox 682 4695 940 4768; x_wconf 86' lang='lat' dir='ltr'><strong>quidquid</strong></span> <span class='ocrx_word' id='word_1_493' title='bbox 970 4696 1053 4763; x_wconf 85' lang='lat' dir='ltr'><strong>ﬁt,</strong></span> <span class='ocrx_word' id='word_1_494' title='bbox 1084 4705 1145 4752; x_wconf 92' lang='lat' dir='ltr'><strong>ut</strong></span> <span class='ocrx_word' id='word_1_495' title='bbox 1175 4694 1290 4751; x_wconf 82' lang='lat' dir='ltr'><strong>ﬁeri</strong></span> <span class='ocrx_word' id='word_1_496' title='bbox 1324 4696 1599 4751; x_wconf 89' lang='lat' dir='ltr'><strong>invenitur</strong></span> <span class='ocrx_word' id='word_1_497' title='bbox 1626 4696 1679 4751; x_wconf 87' lang='lat' dir='ltr'><strong>itt</strong></span> <span class='ocrx_word' id='word_1_498' title='bbox 1706 4710 1863 4751; x_wconf 90' lang='lat' dir='ltr'><strong>crea-</strong></span> <span class='ocrx_word' id='word_1_499' title='bbox 1974 4714 2078 4754; x_wconf 90' lang='lat' dir='ltr'><strong>non</strong></span> <span class='ocrx_word' id='word_1_500' title='bbox 2132 4698 2424 4770; x_wconf 89' lang='lat' dir='ltr'><strong>improprie</strong></span> <span class='ocrx_word' id='word_1_501' title='bbox 2468 4697 2790 4770; x_wconf 86' lang='lat' dir='ltr'><strong>appellatur.</strong></span> <span class='ocrx_word' id='word_1_502' title='bbox 2843 4698 2934 4754; x_wconf 89' lang='lat' dir='ltr'><strong>Dei</strong></span> <span class='ocrx_word' id='word_1_503' title='bbox 2974 4709 3154 4755; x_wconf 85' lang='lat' dir='ltr'><strong>autem</strong></span> <span class='ocrx_word' id='word_1_504' title='bbox 3198 4698 3466 4756; x_wconf 89' lang='lat' dir='ltr'><strong>institutio</strong></span> <span class='ocrx_word' id='word_1_505' title='bbox 3500 4699 3557 4755; x_wconf 85' lang='lat' dir='ltr'><strong>in</strong></span> 
     </span>
    </p>
   </div>
   <div class='ocr_carea' id='block_1_67' title="bbox 246 4787 3559 4865">
    <p class='ocr_par' dir='ltr' id='par_1_67' title="bbox 246 4787 3559 4865">
     <span class='ocr_line' id='line_1_67' title="bbox 246 4787 3559 4865; baseline -0.001 -14"><span class='ocrx_word' id='word_1_506' title='bbox 246 4795 433 4851; x_wconf 88' lang='lat' dir='ltr'><strong>turis.</strong></span> <span class='ocrx_word' id='word_1_507' title='bbox 479 4789 588 4846; x_wconf 85' lang='lat' dir='ltr'><strong>Sed</strong></span> <span class='ocrx_word' id='word_1_508' title='bbox 616 4788 815 4845; x_wconf 90' lang='lat' dir='ltr'><strong>dicitur</strong></span> <span class='ocrx_word' id='word_1_509' title='bbox 844 4806 858 4844; x_wconf 89' lang='lat'><strong>:</strong></span> <span class='ocrx_word' id='word_1_510' title='bbox 889 4787 946 4846; x_wconf 91' lang='lat' dir='ltr'><strong>Si</strong></span> <span class='ocrx_word' id='word_1_511' title='bbox 974 4789 1153 4845; x_wconf 91' lang='lat' dir='ltr'><strong>omnia</strong></span> <span class='ocrx_word' id='word_1_512' title='bbox 1185 4788 1479 4859; x_wconf 86' lang='lat' dir='ltr'><strong>procedunt</strong></span> <span class='ocrx_word' id='word_1_513' title='bbox 1504 4804 1569 4842; x_wconf 81' lang='lat' dir='ltr'><strong>ex</strong></span> <span class='ocrx_word' id='word_1_514' title='bbox 1592 4788 1868 4845; x_wconf 87' lang='lat' dir='ltr'><strong>voluntate</strong></span> <span class='ocrx_word' id='word_1_515' title='bbox 1974 4791 2080 4848; x_wconf 91' lang='lat' dir='ltr'><strong>duo</strong></span> <span class='ocrx_word' id='word_1_516' title='bbox 2109 4792 2273 4848; x_wconf 86' lang='lat' dir='ltr'><strong>dividi</strong></span> <span class='ocrx_word' id='word_1_517' title='bbox 2313 4801 2508 4865; x_wconf 86' lang='lat' dir='ltr'><strong>potest,</strong></span> <span class='ocrx_word' id='word_1_518' title='bbox 2558 4798 2610 4848; x_wconf 87' lang='lat' dir='ltr'><strong>in</strong></span> <span class='ocrx_word' id='word_1_519' title='bbox 2649 4801 2920 4864; x_wconf 75' lang='lat' dir='ltr'><strong>prmeepta</strong></span> <span class='ocrx_word' id='word_1_520' title='bbox 2968 4794 3273 4849; x_wconf 84' lang='lat' dir='ltr'><strong>divinarum</strong></span> <span class='ocrx_word' id='word_1_521' title='bbox 3311 4792 3559 4863; x_wconf 83' lang='lat' dir='ltr'><strong>Scriptu-</strong></span> 
     </span>
    </p>
   </div>
   <div class='ocr_carea' id='block_1_68' title="bbox 244 4884 3555 4956">
    <p class='ocr_par' dir='ltr' id='par_1_68' title="bbox 244 4884 3555 4956">
     <span class='ocr_line' id='line_1_68' title="bbox 244 4884 3555 4956; baseline -0.001 -15"><span class='ocrx_word' id='word_1_522' title='bbox 244 4889 381 4950; x_wconf 79' lang='lat' dir='ltr'><strong>Dei,</strong></span> <span class='ocrx_word' id='word_1_523' title='bbox 433 4898 605 4956; x_wconf 90' lang='lat' dir='ltr'><strong>quam</strong></span> <span class='ocrx_word' id='word_1_524' title='bbox 649 4892 859 4940; x_wconf 89' lang='lat' dir='ltr'><strong>constat</strong></span> <span class='ocrx_word' id='word_1_525' title='bbox 905 4895 1118 4953; x_wconf 85' lang='lat' dir='ltr'><strong>semper</strong></span> <span class='ocrx_word' id='word_1_526' title='bbox 1160 4885 1360 4938; x_wconf 89' lang='lat' dir='ltr'><strong>bonam</strong></span> <span class='ocrx_word' id='word_1_527' title='bbox 1397 4891 1451 4937; x_wconf 86' lang='lat' dir='ltr'><strong>et</strong></span> <span class='ocrx_word' id='word_1_528' title='bbox 1481 4890 1683 4937; x_wconf 88' lang='lat' dir='ltr'><strong>rectam</strong></span> <span class='ocrx_word' id='word_1_529' title='bbox 1723 4897 1865 4948; x_wconf 86' lang='lat' dir='ltr'><strong>esse,</strong></span> <span class='ocrx_word' id='word_1_530' title='bbox 1974 4900 2180 4950; x_wconf 89' lang='lat' dir='ltr'><strong>rarum,</strong></span> <span class='ocrx_word' id='word_1_531' title='bbox 2211 4894 2266 4941; x_wconf 91' lang='lat' dir='ltr'><strong>et</strong></span> <span class='ocrx_word' id='word_1_532' title='bbox 2297 4885 2351 4940; x_wconf 91' lang='lat' dir='ltr'><strong>in</strong></span> <span class='ocrx_word' id='word_1_533' title='bbox 2382 4885 2554 4955; x_wconf 86' lang='lat' dir='ltr'><strong>legem</strong></span> <span class='ocrx_word' id='word_1_534' title='bbox 2602 4885 2945 4941; x_wconf 85' lang='lat' dir='ltr'><strong>naturalem:</strong></span> <span class='ocrx_word' id='word_1_535' title='bbox 2991 4898 3325 4955; x_wconf 63' lang='lat' dir='ltr'><strong>quaecunque</strong></span> <span class='ocrx_word' id='word_1_536' title='bbox 3350 4884 3555 4939; x_wconf 82' lang='lat' dir='ltr'><strong>homini</strong></span> 
     </span>
    </p>
   </div>
   <div class='ocr_carea' id='block_1_69' title="bbox 245 4973 3554 5047">
    <p class='ocr_par' dir='ltr' id='par_1_69' title="bbox 245 4973 3554 5047">
     <span class='ocr_line' id='line_1_69' title="bbox 245 4973 3554 5047; baseline -0.002 -13"><span class='ocrx_word' id='word_1_537' title='bbox 245 4992 398 5035; x_wconf 86' lang='lat' dir='ltr'><strong>tunc</strong></span> <span class='ocrx_word' id='word_1_538' title='bbox 430 4974 623 5034; x_wconf 88' lang='lat' dir='ltr'><strong>omnia</strong></span> <span class='ocrx_word' id='word_1_539' title='bbox 654 4974 794 5030; x_wconf 88' lang='lat' dir='ltr'><strong>bona</strong></span> <span class='ocrx_word' id='word_1_540' title='bbox 827 4983 883 5029; x_wconf 88' lang='lat' dir='ltr'><strong>et</strong></span> <span class='ocrx_word' id='word_1_541' title='bbox 913 4983 1062 5030; x_wconf 90' lang='lat' dir='ltr'><strong>recta</strong></span> <span class='ocrx_word' id='word_1_542' title='bbox 1099 4982 1222 5030; x_wconf 82' lang='lat' dir='ltr'><strong>sunt</strong></span> <span class='ocrx_word' id='word_1_543' title='bbox 1253 4992 1265 5027; x_wconf 91' lang='lat'>:</span> <span class='ocrx_word' id='word_1_544' title='bbox 1296 4983 1349 5030; x_wconf 89' lang='lat' dir='ltr'><strong>et</strong></span> <span class='ocrx_word' id='word_1_545' title='bbox 1385 4973 1431 5030; x_wconf 92' lang='lat' dir='ltr'><strong>si</strong></span> <span class='ocrx_word' id='word_1_546' title='bbox 1471 4973 1574 5030; x_wconf 93' lang='lat' dir='ltr'><strong>hoc</strong></span> <span class='ocrx_word' id='word_1_547' title='bbox 1607 4983 1714 5038; x_wconf 86' lang='lat' dir='ltr'><strong>est,</strong></span> <span class='ocrx_word' id='word_1_548' title='bbox 1743 4982 1869 5030; x_wconf 87' lang='lat' dir='ltr'><strong>tunc</strong></span> <span class='ocrx_word' id='word_1_549' title='bbox 1975 4977 2133 5034; x_wconf 87' lang='lat' dir='ltr'><strong>insita</strong></span> <span class='ocrx_word' id='word_1_550' title='bbox 2161 4984 2245 5032; x_wconf 90' lang='lat' dir='ltr'><strong>est</strong></span> <span class='ocrx_word' id='word_1_551' title='bbox 2268 4976 2548 5044; x_wconf 85' lang='lat' dir='ltr'><strong>naturalis,</strong></span> <span class='ocrx_word' id='word_1_552' title='bbox 2574 4991 2694 5047; x_wconf 71' lang='lat' dir='ltr'><strong>qua:</strong></span> <span class='ocrx_word' id='word_1_553' title='bbox 2723 4985 2805 5032; x_wconf 89' lang='lat' dir='ltr'><strong>est</strong></span> <span class='ocrx_word' id='word_1_554' title='bbox 2827 4995 2844 5032; x_wconf 87' lang='lat'><strong>:</strong></span> <span class='ocrx_word' id='word_1_555' title='bbox 2869 4975 3024 5041; x_wconf 79' lang='lat' dir='ltr'><strong>Quod</strong></span> <span class='ocrx_word' id='word_1_556' title='bbox 3046 4976 3140 5031; x_wconf 79' lang='lat' dir='ltr'><strong>tibi</strong></span> <span class='ocrx_word' id='word_1_557' title='bbox 3163 4976 3280 5045; x_wconf 79' lang='lat' dir='ltr'><strong>ﬁeri</strong></span> <span class='ocrx_word' id='word_1_558' title='bbox 3305 4975 3554 5039; x_wconf 74' lang='lat' dir='ltr'><strong>nolueris,</strong></span> 
     </span>
    </p>
   </div>
   <div class='ocr_carea' id='block_1_70' title="bbox 243 5066 3558 5145">
    <p class='ocr_par' dir='ltr' id='par_1_70' title="bbox 243 5066 3558 5145">
     <span class='ocr_line' id='line_1_70' title="bbox 243 5066 3558 5145; baseline -0.005 -7"><span class='ocrx_word' id='word_1_559' title='bbox 243 5081 478 5137; x_wconf 75' lang='lat' dir='ltr'><strong>frustra</strong></span> <span class='ocrx_word' id='word_1_560' title='bbox 508 5070 789 5145; x_wconf 74' lang='lat' dir='ltr'><strong>iudicatur</strong></span> <span class='ocrx_word' id='word_1_561' title='bbox 830 5071 1025 5144; x_wconf 88' lang='lat' dir='ltr'><strong>aliquis</strong></span> <span class='ocrx_word' id='word_1_562' title='bbox 1056 5071 1296 5143; x_wconf 86' lang='lat' dir='ltr'><strong>iniquus,</strong></span> <span class='ocrx_word' id='word_1_563' title='bbox 1320 5072 1406 5127; x_wconf 91' lang='lat' dir='ltr'><strong>vel</strong></span> <span class='ocrx_word' id='word_1_564' title='bbox 1431 5072 1720 5127; x_wconf 86' lang='lat' dir='ltr'><strong>damnatur</strong></span> <span class='ocrx_word' id='word_1_565' title='bbox 1760 5072 1863 5126; x_wconf 91' lang='lat' dir='ltr'><strong>im-</strong></span> <span class='ocrx_word' id='word_1_566' title='bbox 1974 5067 2130 5123; x_wconf 82' lang='lat' dir='ltr'><strong>alteri</strong></span> <span class='ocrx_word' id='word_1_567' title='bbox 2169 5084 2232 5122; x_wconf 86' lang='lat' dir='ltr'><strong>ne</strong></span> <span class='ocrx_word' id='word_1_568' title='bbox 2268 5067 2454 5137; x_wconf 77' lang='lat' dir='ltr'><strong>feceris</strong></span> <span class='ocrx_word' id='word_1_569' title='bbox 2502 5067 2655 5140; x_wconf 84' lang='lat' dir='ltr'><strong>(Tob.</strong></span> <span class='ocrx_word' id='word_1_570' title='bbox 2686 5084 2763 5133; x_wconf 86' lang='lat' dir='ltr'><strong>tv,</strong></span> <span class='ocrx_word' id='word_1_571' title='bbox 2789 5066 2903 5137; x_wconf 74' lang='lat'><strong>16).</strong></span> <span class='ocrx_word' id='word_1_572' title='bbox 2934 5078 3041 5122; x_wconf 90' lang='lat' dir='ltr'><strong>etc.</strong></span> <span class='ocrx_word' id='word_1_573' title='bbox 3096 5067 3195 5122; x_wconf 86' lang='lat' dir='ltr'><strong>Cui</strong></span> <span class='ocrx_word' id='word_1_574' title='bbox 3250 5069 3558 5136; x_wconf 77' lang='lat' dir='ltr'><strong>quicunque</strong></span> 
     </span>
    </p>
   </div>
   <div class='ocr_carea' id='block_1_71' title="bbox 242 5157 3553 5245">
    <p class='ocr_par' dir='ltr' id='par_1_71' title="bbox 242 5157 3553 5245">
     <span class='ocr_line' id='line_1_71' title="bbox 242 5157 3553 5245; baseline -0.004 -19"><span class='ocrx_word' id='word_1_575' title='bbox 242 5176 384 5245; x_wconf 86' lang='lat' dir='ltr'><strong>pius</strong></span> <span class='ocrx_word' id='word_1_576' title='bbox 425 5186 439 5222; x_wconf 89' lang='lat'><strong>:</strong></span> <span class='ocrx_word' id='word_1_577' title='bbox 478 5165 628 5236; x_wconf 88' lang='lat' dir='ltr'><strong>quod</strong></span> <span class='ocrx_word' id='word_1_578' title='bbox 681 5163 834 5219; x_wconf 78' lang='lat' dir='ltr'><strong>lateri</strong></span> <span class='ocrx_word' id='word_1_579' title='bbox 888 5163 1221 5220; x_wconf 86' lang='lat' dir='ltr'><strong>contrarium</strong></span> <span class='ocrx_word' id='word_1_580' title='bbox 1271 5163 1545 5218; x_wconf 87' lang='lat' dir='ltr'><strong>invenitur</strong></span> <span class='ocrx_word' id='word_1_581' title='bbox 1589 5162 1867 5217; x_wconf 77' lang='lat' dir='ltr'><strong>catholicm</strong></span> <span class='ocrx_word' id='word_1_582' title='bbox 1967 5160 2171 5221; x_wconf 76' lang='lat' dir='ltr'><strong>obviat,</strong></span> <span class='ocrx_word' id='word_1_583' title='bbox 2214 5160 2309 5214; x_wconf 90' lang='lat' dir='ltr'><strong>Dei</strong></span> <span class='ocrx_word' id='word_1_584' title='bbox 2340 5160 2672 5216; x_wconf 86' lang='lat' dir='ltr'><strong>voluntatem</strong></span> <span class='ocrx_word' id='word_1_585' title='bbox 2721 5175 2825 5212; x_wconf 88' lang='lat' dir='ltr'><strong>non</strong></span> <span class='ocrx_word' id='word_1_586' title='bbox 2857 5166 3060 5213; x_wconf 85' lang='lat' dir='ltr'><strong>scrva‘.</strong></span> <span class='ocrx_word' id='word_1_587' title='bbox 3087 5157 3363 5227; x_wconf 58' lang='lat' dir='ltr'><strong>Praecepta</strong></span> <span class='ocrx_word' id='word_1_588' title='bbox 3389 5159 3553 5212; x_wconf 84' lang='lat' dir='ltr'><strong>etiam</strong></span> 
     </span>
    </p>
   </div>
   <div class='ocr_carea' id='block_1_72' title="bbox 241 5250 3551 5324">
    <p class='ocr_par' dir='ltr' id='par_1_72' title="bbox 241 5250 3551 5324">
     <span class='ocr_line' id='line_1_72' title="bbox 241 5250 3551 5324; baseline -0.003 -8"><span class='ocrx_word' id='word_1_589' title='bbox 241 5261 416 5317; x_wconf 81' lang='lat' dir='ltr'><strong>ﬁdei.</strong></span> <span class='ocrx_word' id='word_1_590' title='bbox 468 5314 475 5320; x_wconf 71' lang='grc'><em>,</em></span> <span class='ocrx_word' id='word_1_591' title='bbox 1972 5251 2275 5307; x_wconf 81' lang='lat' dir='ltr'><strong>divinarum</strong></span> <span class='ocrx_word' id='word_1_592' title='bbox 2327 5252 2773 5324; x_wconf 86' lang='lat' dir='ltr'><strong>Scripturarum,</strong></span> <span class='ocrx_word' id='word_1_593' title='bbox 2825 5264 2879 5306; x_wconf 88' lang='lat' dir='ltr'><strong>et</strong></span> <span class='ocrx_word' id='word_1_594' title='bbox 2935 5260 3096 5307; x_wconf 73' lang='lat' dir='ltr'><strong>rectae</strong></span> <span class='ocrx_word' id='word_1_595' title='bbox 3143 5250 3551 5306; x_wconf 83' lang='lat' dir='ltr'><strong>observationes</strong></span> 
     </span>
    </p>
   </div>
   <div class='ocr_carea' id='block_1_73' title="bbox 1580 5406 2257 5464">
    <p class='ocr_par' dir='ltr' id='par_1_73' title="bbox 1580 5406 2257 5464">
     <span class='ocr_line' id='line_1_73' title="bbox 1580 5406 2257 5464; baseline 0.006 -4"><span class='ocrx_word' id='word_1_596' title='bbox 1580 5406 1815 5462; x_wconf 44' lang='lat' dir='ltr'><strong>\‘ARII‘E</strong></span> <span class='ocrx_word' id='word_1_597' title='bbox 1855 5407 2257 5464; x_wconf 69' lang='lat' dir='ltr'><strong>LECTiONES.</strong></span> 
     </span>
    </p>
   </div>
   <div class='ocr_carea' id='block_1_74' title="bbox 323 5533 3557 5621">
    <p class='ocr_par' dir='ltr' id='par_1_74' title="bbox 323 5533 3557 5621">
     <span class='ocr_line' id='line_1_74' title="bbox 323 5533 3557 5621; baseline -0.005 -15"><span class='ocrx_word' id='word_1_598' title='bbox 323 5553 441 5588; x_wconf 66' lang='lat'><strong>“3&quot;</strong></span> <span class='ocrx_word' id='word_1_599' title='bbox 476 5550 692 5621; x_wconf 84' lang='lat' dir='ltr'><strong>integra</strong></span> <span class='ocrx_word' id='word_1_600' title='bbox 718 5565 780 5605; x_wconf 87' lang='lat' dir='ltr'><strong>ac</strong></span> <span class='ocrx_word' id='word_1_601' title='bbox 810 5563 937 5604; x_wconf 86' lang='lat' dir='ltr'><strong>vera</strong></span> <span class='ocrx_word' id='word_1_602' title='bbox 961 5565 1086 5603; x_wconf 79' lang='lat' dir='ltr'><strong>nm.</strong></span> <span class='ocrx_word' id='word_1_603' title='bbox 1119 5546 1325 5615; x_wconf 83' lang='lat' dir='ltr'><strong>integra</strong></span> <span class='ocrx_word' id='word_1_604' title='bbox 1368 5557 1632 5621; x_wconf 42' lang='grc' dir='ltr'><strong>ηερ-δἐι*ηῇ</strong></span> <span class='ocrx_word' id='word_1_605' title='bbox 1681 5540 1779 5621; x_wconf 57' lang='grc' dir='ltr'><strong>ξίθυ</strong></span> <span class='ocrx_word' id='word_1_606' title='bbox 1809 5539 1945 5607; x_wconf 85' lang='lat' dir='ltr'><strong>Quia</strong></span> <span class='ocrx_word' id='word_1_607' title='bbox 1977 5538 2246 5610; x_wconf 79' lang='lat' dir='ltr'><strong>signiﬁcat</strong></span> <span class='ocrx_word' id='word_1_608' title='bbox 2292 5538 2499 5594; x_wconf 86' lang='lat' dir='ltr'><strong>habens</strong></span> <span class='ocrx_word' id='word_1_609' title='bbox 2534 5536 2860 5621; x_wconf 74' lang='lat' dir='ltr'><strong>alltcdi&#39;nem,</strong></span> <span class='ocrx_word' id='word_1_610' title='bbox 2889 5544 2993 5621; x_wconf 65' lang='lat' dir='ltr'><strong>aut</strong></span> <span class='ocrx_word' id='word_1_611' title='bbox 3014 5552 3275 5621; x_wconf 64' lang='lat' dir='ltr'><strong>nontnss.</strong></span> <span class='ocrx_word' id='word_1_612' title='bbox 3307 5533 3432 5606; x_wconf 90' lang='lat' dir='ltr'><strong>quia</strong></span> 
     </span>
    </p>
   </div>
   <div class='ocr_carea' id='block_1_75' title="bbox 235 5606 3549 5698">
    <p class='ocr_par' dir='ltr' id='par_1_75' title="bbox 235 5606 3549 5698">
     <span class='ocr_line' id='line_1_75' title="bbox 235 5606 3549 5698; baseline -0.007 -14"><span class='ocrx_word' id='word_1_613' title='bbox 235 5624 555 5698; x_wconf 80' lang='lat' dir='ltr'><strong>signiﬁcat</strong></span> <span class='ocrx_word' id='word_1_614' title='bbox 600 5606 803 5691; x_wconf 63' lang='lat' dir='ltr'><strong>aliquid</strong></span> <span class='ocrx_word' id='word_1_615' title='bbox 866 5606 1391 5698; x_wconf 43' lang='lat' dir='ltr'><strong>ltabens,._aut7‘non</strong></span> <span class='ocrx_word' id='word_1_616' title='bbox 1581 5611 1730 5698; x_wconf 59' lang='lat' dir='ltr'><strong>Quia</strong></span> <span class='ocrx_word' id='word_1_617' title='bbox 1780 5606 2224 5698; x_wconf 45' lang='lat' dir='ltr'><strong>pcr‘tttrt&#39;unque.</strong></span> <span class='ocrx_word' id='word_1_618' title='bbox 2263 5608 2817 5698; x_wconf 47' lang='lat' dir='ltr'><strong>Inmittscripllfuqli&#39;m</strong></span> <span class='ocrx_word' id='word_1_619' title='bbox 2857 5608 3407 5698; x_wconf 30' lang='lat' dir='ltr'><strong>pariterAuAtrutnqu‘e</strong></span> 
     </span>
    </p>
   </div>
   <div class='ocr_carea' id='block_1_76' title="bbox 235 5673 3560 5767">
    <p class='ocr_par' dir='ltr' id='par_1_76' title="bbox 235 5673 3560 5767">
     <span class='ocr_line' id='line_1_76' title="bbox 235 5673 3560 5767; baseline -0.005 -16"><span class='ocrx_word' id='word_1_620' title='bbox 235 5673 553 5767; x_wconf 48' lang='lat' dir='ltr'><strong>ignarae.</strong></span> <span class='ocrx_word' id='word_1_621' title='bbox 571 5673 724 5761; x_wconf 72' lang='lat' dir='ltr'><strong>plura</strong></span> <span class='ocrx_word' id='word_1_622' title='bbox 758 5673 886 5745; x_wconf 66' lang='lat' dir='ltr'><strong>tit”.</strong></span> <span class='ocrx_word' id='word_1_623' title='bbox 918 5673 1214 5759; x_wconf 81' lang='lat' dir='ltr'><strong>quamlibet</strong></span> <span class='ocrx_word' id='word_1_624' title='bbox 1231 5685 1381 5767; x_wconf 74' lang='lat' dir='ltr'><strong>plura</strong></span> <span class='ocrx_word' id='word_1_625' title='bbox 1457 5683 1558 5767; x_wconf 52' lang='grc' dir='ltr'><strong>τεχτ</strong></span> <span class='ocrx_word' id='word_1_626' title='bbox 1581 5673 1655 5767; x_wconf 59' lang='lat'><strong>13:</strong></span> <span class='ocrx_word' id='word_1_627' title='bbox 1683 5673 1843 5767; x_wconf 78' lang='lat' dir='ltr'><strong>posse</strong></span> <span class='ocrx_word' id='word_1_628' title='bbox 1861 5679 2099 5764; x_wconf 65' lang='lat' dir='ltr'><strong>obiicere</strong></span> <span class='ocrx_word' id='word_1_629' title='bbox 2138 5673 2394 5767; x_wconf 55' lang='lat' dir='ltr'><strong>exeuntia</strong></span> <span class='ocrx_word' id='word_1_630' title='bbox 2419 5673 2565 5767; x_wconf 51' lang='lat' dir='ltr'><strong>nm.&quot;</strong></span> <span class='ocrx_word' id='word_1_631' title='bbox 2577 5673 2746 5767; x_wconf 57' lang='grc' dir='ltr'><strong>ριν]ῑὲ</strong></span> <span class='ocrx_word' id='word_1_632' title='bbox 2772 5673 2927 5767; x_wconf 44' lang='lat' dir='ltr'><strong>rem</strong></span> <span class='ocrx_word' id='word_1_633' title='bbox 2945 5692 3108 5767; x_wconf 81' lang='lat' dir='ltr'><strong>posse</strong></span> <span class='ocrx_word' id='word_1_634' title='bbox 3137 5673 3414 5767; x_wconf 46' lang='lat' dir='ltr'><strong>existimo.</strong></span> <span class='ocrx_word' id='word_1_635' title='bbox 3461 5678 3560 5767; x_wconf 58' lang='lat' dir='ltr'><strong>“ff</strong></span> 
     </span>
    </p>
   </div>
   <div class='ocr_carea' id='block_1_77' title="bbox 236 5748 3561 5837">
    <p class='ocr_par' dir='ltr' id='par_1_77' title="bbox 236 5748 3561 5837">
     <span class='ocr_line' id='line_1_77' title="bbox 236 5748 3561 5837; baseline -0.005 -15"><span class='ocrx_word' id='word_1_636' title='bbox 236 5748 463 5837; x_wconf 54' lang='lat' dir='ltr'><strong>Etiam</strong></span> <span class='ocrx_word' id='word_1_637' title='bbox 489 5748 693 5818; x_wconf 71' lang='lat' dir='ltr'><strong>nostris</strong></span> <span class='ocrx_word' id='word_1_638' title='bbox 716 5777 838 5837; x_wconf 48' lang='lat' dir='ltr'><strong>nisa.</strong></span> <span class='ocrx_word' id='word_1_639' title='bbox 882 5748 1142 5837; x_wconf 75' lang='lat' dir='ltr'><strong>quantum</strong></span> <span class='ocrx_word' id='word_1_640' title='bbox 1192 5748 1394 5837; x_wconf 63' lang='lat' dir='ltr'><strong>nostris</strong></span> <span class='ocrx_word' id='word_1_641' title='bbox 1466 5755 1561 5837; x_wconf 49' lang='lat' dir='ltr'><strong>“if</strong></span> <span class='ocrx_word' id='word_1_642' title='bbox 1603 5748 1732 5835; x_wconf 63' lang='lat' dir='ltr'><strong>Volo</strong></span> <span class='ocrx_word' id='word_1_643' title='bbox 1777 5748 2276 5837; x_wconf 39' lang='lat' dir='ltr'><strong>te‘sie‘tnss..nolo</strong></span> <span class='ocrx_word' id='word_1_644' title='bbox 2304 5757 2355 5805; x_wconf 88' lang='lat' dir='ltr'><strong>te</strong></span> <span class='ocrx_word' id='word_1_645' title='bbox 2399 5752 2476 5805; x_wconf 81' lang='lat' dir='ltr'><strong>sic</strong></span> <span class='ocrx_word' id='word_1_646' title='bbox 2549 5748 2663 5837; x_wconf 49' lang='grc' dir='ltr'><strong>ω’.</strong></span> <span class='ocrx_word' id='word_1_647' title='bbox 2696 5749 2831 5805; x_wconf 81' lang='lat' dir='ltr'><strong>Velit</strong></span> <span class='ocrx_word' id='word_1_648' title='bbox 2857 5748 3124 5837; x_wconf 54' lang='lat' dir='ltr'><strong>astruere</strong></span> <span class='ocrx_word' id='word_1_649' title='bbox 3168 5765 3291 5804; x_wconf 81' lang='lat' dir='ltr'><strong>om.</strong></span> <span class='ocrx_word' id='word_1_650' title='bbox 3329 5750 3561 5809; x_wconf 76' lang='lat' dir='ltr'><strong>Vaiucrit</strong></span> 
     </span>
    </p>
   </div>
   <div class='ocr_carea' id='block_1_78' title="bbox 238 5820 3141 5898">
    <p class='ocr_par' dir='ltr' id='par_1_78' title="bbox 238 5820 3141 5898">
     <span class='ocr_line' id='line_1_78' title="bbox 238 5820 3141 5898; baseline -0.008 -1"><span class='ocrx_word' id='word_1_651' title='bbox 238 5820 539 5898; x_wconf 41' lang='lat' dir='ltr'><strong>ﬂii-Item</strong></span> <span class='ocrx_word' id='word_1_652' title='bbox 610 5832 704 5862; x_wconf 64' lang='grc' dir='ltr'><strong>ἠ’</strong></span> <span class='ocrx_word' id='word_1_653' title='bbox 736 5828 794 5885; x_wconf 85' lang='lat' dir='ltr'><strong>Si</strong></span> <span class='ocrx_word' id='word_1_654' title='bbox 814 5820 1150 5898; x_wconf 77' lang='lat' dir='ltr'><strong>contingeret</strong></span> <span class='ocrx_word' id='word_1_655' title='bbox 1177 5843 1299 5881; x_wconf 79' lang='lat' dir='ltr'><strong>mss.</strong></span> <span class='ocrx_word' id='word_1_656' title='bbox 1334 5827 1379 5883; x_wconf 88' lang='lat' dir='ltr'><strong>si</strong></span> <span class='ocrx_word' id='word_1_657' title='bbox 1417 5823 1706 5895; x_wconf 78' lang='lat' dir='ltr'><strong>contigerit</strong></span> <span class='ocrx_word' id='word_1_658' title='bbox 1779 5822 1871 5855; x_wconf 64' lang='grc'>³¹⁵³</span> <span class='ocrx_word' id='word_1_659' title='bbox 1897 5821 1976 5877; x_wconf 76' lang='lat' dir='ltr'><strong>Ad</strong></span> <span class='ocrx_word' id='word_1_660' title='bbox 2026 5820 2406 5876; x_wconf 73' lang='lat' dir='ltr'><strong>excitationem</strong></span> <span class='ocrx_word' id='word_1_661' title='bbox 2446 5838 2570 5876; x_wconf 78' lang='lat' dir='ltr'><strong>utss.</strong></span> <span class='ocrx_word' id='word_1_662' title='bbox 2599 5821 2664 5876; x_wconf 91' lang='lat' dir='ltr'><strong>ad</strong></span> <span class='ocrx_word' id='word_1_663' title='bbox 2692 5820 3141 5877; x_wconf 76' lang='lat' dir='ltr'><strong>exercitationem</strong></span> 
     </span>
    </p>
   </div>
  </div>
