4076 6288
572 349 677 401 π

586 572 659 606 ur
720 556 917 619 tum
954 558 1257 623 [primoque
1293 556 1647 608 observanter
1680 569 1789 607 non
1827 554 2145 622 acquiescit,

574 666 595 697 :
628 648 717 699 Μ
760 652 1027 699 rivulum
1050 648 1271 700 deviare
1308 649 1525 715 penitus
1552 648 1781 711 dicitur;
1815 663 1937 701 cum
1968 657 2149 701 tamen

578 754 631 788 ιυ
654 741 845 791 omine
876 742 1229 807 prmi-entia
1260 740 1379 807 ejus
1418 741 1727 796 nullatenus
1766 742 1941 794 valeat
1992 758 2151 796 exor-

572 844 757 879 ﬁt“.

1172 938 1404 993 CAPCT
1444 939 1531 991 ll].

636 1070 1003 1133 diuinum
1046 1074 1443 1140 ubignitmun
1487 1074 1767 1125 ducidatio
1804 1090 1869 1125 ex
1902 1076 2075 1126 dictis.

634 1207 771 1260 Ecce
802 1210 1053 1261 minutas
1082 1208 1173 1261 Dei
1215 1218 1447 1274 quatuor
1486 1210 1659 1261 modis
1700 1208 1961 1276 accipitur
1990 1222 2021 1259 a
2054 1209 2149 1259 do-

562 1302 805 1353 ctoribus
858 1304 1171 1367 magistris.
1220 1304 1425 1355 scilicet
1480 1317 1577 1369 pro
1623 1302 1847 1355 scientia
1884 1301 2010 1363 Dei;
2051 1317 2148 1367 pro

568 1404 843 1445 voluntate
888 1406 1225 1449 uacuum.
1263 1396 1353 1461 qui
1394 1394 1578 1446 volqu
1606 1404 1661 1448 et
1697 1393 1924 1460 iniustos
1963 1393 2147 1447 chari-

586 1496 731 1533 .;uve
782 1486 1019 1535 salvari:
1084 1499 1179 1551 pro
1228 1484 1437 1535 ratiooe
1488 1482 1762 1545 humana;
1809 1493 2007 1551 quarto
2048 1497 2148 1549 pro

580 1586 843 1635 ιηιρυιςιιλει
892 1574 1109 1624 ιιὶνιηὰε,
1156 1572 1213 1624 Si
1264 1572 1387 1639 quis
1437 1585 1567 1624 vero
1611 1570 1769 1625 oculo
1822 1571 2019 1624 mentis
2048 1572 2145 1624 bos

578 1668 751 1716 “tutos
796 1666 1125 1727 considerat,
1178 1679 1285 1717 non
1334 1663 1565 1717 ulterius
1618 1663 1674 1717 in
1719 1663 1813 1717 Dei
1866 1664 2146 1718 voluntate

562 1756 971 1806 κτειυιττιιίιιιηιιςι
1010 1756 1301 1824 impeditus
1334 1755 1641 1809 laborabit:
1682 1757 1777 1810 sed
1809 1757 1955 1809 vocis
1984 1772 2139 1809 acce-

1072 346 1127 400 S.
1164 347 1465 402 ANSELMI
1503 348 1847 403 (ᾺΝΠᾹΗ.
1890 348 2141 401 ARClllE

2246 348 2395 403 0P9.
2438 349 2613 405 PARS
2652 352 2687 404 l.
2722 384 2789 390 —
2828 352 3248 408 DOGMATICA.

568 464 949 525 incusatum,
982 464 1229 515 voluntas
1284 462 1375 515 Dei
1410 479 1517 515 una
1566 462 1839 515 immerito
1876 461 2152 529 appellau-
2185 468 2229 523 Α

3745 348 3849 416 581

2893 464 3121 519 CAPUT
3166 467 3225 519 ιτ.

2255 573 2330 626 De
2353 577 2525 627 dicitur
2554 576 2834 637 voluntte,
2858 578 3121 658 eﬁirien‘e,
3150 581 3485 646 approbante,
3512 585 3845 647 conrtdcnte,

2869 657 3216 713 permittente.

2326 732 2515 801 Magna
2554 734 2771 801 quidem
2811 736 3063 790 voluntas
3114 736 3210 790 Dei
3271 736 3845 809 incomprehensibilis

2253 836 2355 879 est.
2398 827 2538 879 sicut
2576 826 2688 894 ipse
2724 827 2885 889 Deus,
2916 836 3109 881 contra
3142 843 3305 899 quam
3342 829 3457 885 vult
3499 832 3688 896 homo,
3718 838 3842 905 qu'a

2254 930 2361 967 non
2407 915 2567 981 plene
2601 930 2723 969 eam
2754 918 3036 984 cognoscit
3068 935 3081 969 :
3113 918 3252 985 quod
3302 918 3355 972 in
3389 920 3737 981 futuro.erit.
3786 926 3841 980 In

2252 1004 2505 1071 preseuti
2552 1020 2681 1058 vero
2724 1006 2988 1073 quosdam
3027 1005 3249 1061 aﬂectus
3315 1008 3434 1078 ejus
3476 1013 3713 1082 percith
3758 1026 3844 1070 se-

2251 1098 2486 1150 cundum
2545 1098 2950 1167 perceptionem
3001 1101 3086 1153 vel
3149 1101 3591 1169 prohibitionem,
3642 1116 3699 1161 et
3758 1107 3845 1162 ille

2250 1192 2449 1245 οὸαίίι.
2496 1190 2553 1244 In
2601 1191 2687 1244 his
2731 1202 2909 1246 autem
2956 1192 3284 1261 supradictis
3328 1209 3436 1248 non
3484 1205 3571 1251 est
3614 1212 3831 1266 :equum

2251 1288 2549 1358 intelligere
2591 1288 2826 1357 aliquem
2882 1287 3099 1357 aliquod
3146 1287 3341 1343 falsum
3392 1289 3477 1344 vel
3508 1293 3843 1360 superﬂuum

2251 1379 2453 1432 dictum
2501 1377 2689 1441 fuisse,
2723 1378 2804 1431 vel
2842 1389 3031 1433 contra
3078 1389 3393 1434 sanctorum
3431 1381 3837 1437 aucturita:em.
3872 1420 3875 1427 -

2252 1471 2391 1525 Dicit
2414 1473 2557 1524 enim
2585 1471 2989 1541 Augustinusﬁn
3018 1472 3353 1537 Enchiridio,
3381 1488 3502 1543 cap.
3537 1474 3641 1529 100
3665 1494 3679 1527 :
3708 1473 3844 1530 Pro-

2248 1573 2424 1630 pterea
2462 1577 2655 1630 usuqu
2698 1560 2938 1614 uoluntas
2969 1560 3201 1628 ejusdem
3233 1559 3448 1615 Domini
3483 1563 3745 1631 exquisita
3785 1567 3840 1618 iu

2250 1668 2429 1704 omnes
2453 1651 2741 1704 roluututes
2761 1651 2915 1719 fejus,
2945 1660 3000 1703 ut
3024 1650 3156 1703 miro
3186 1661 3233 1703 et
3268 1650 3525 1718 ineﬂ’abili
3550 1652 3707 1706 modo
3735 1666 3839 1707 non

2249 1745 2343 1810 ﬁat
2379 1755 2569 1813 preter
2604 1744 2920 1797 voluntatem
2959 1742 3094 1812 ejus,
3126 1744 3265 1811 quod
3302 1745 3457 1796 etiam
3494 1754 3680 1797 contra
3719 1746 3834 1813 ejus

558 1850 747 1909 minue
790 1848 929 1899 ﬁdeli
994 1848 1283 1900 intendens
1343 1848 1583 1915 ingenio,
1634 1847 1705 1902 de
1752 1849 1933 1902 verbis
1986 1846 2141 1900 facile

2248 1837 2564 1889 roluutatetu
2579 1835 2659 1901 ﬁt,
2681 1836 2818 1903 quod
2832 1851 2936 1888 non
2954 1835 3099 1903 ﬁeret
3120 1835 3168 1887 si
3191 1851 3293 1887 non
3316 1836 3531 1901 sineret,
3546 1852 3639 1889 nec
3662 1838 3838 1908 utique

558 1936 895 2000 diiudicabit.
948 1936 1131 2005 Itaque
1162 1954 1283 1991 cum
1315 1937 1536 2003 dicitur,
1568 1938 1895 1993 adulterium
1932 1939 2017 1991 vel
2047 1940 2145 1992 ho-

558 2032 837 2083 micidium
878 2032 1013 2093 vult,
1058 2030 1141 2083 vel
1182 2047 1285 2083 non
1330 2034 1445 2083 vult
1480 2030 1621 2085 Deos
1661 2031 1779 2086 ﬁeri
1826 2049 1841 2085 :
1894 2032 1976 2085 ha-
2015 2048 2141 2100 pro-

558 2124 851 2185 positiones
903 2136 1009 2174 nou
1056 2131 1359 2191 repugnant
1414 2121 1539 2184 sibi,
1587 2136 1685 2175 nec
1730 2122 2141 2175 coaitradicuut:

558 2214 731 2263 amba
756 2211 903 2264 enim
931 2226 1077 2265 verte
1106 2220 1235 2264 sunt
1262 2220 1317 2263 ct
1353 2210 1760 2273 indubitabiles,
1793 2211 1837 2263 si
1870 2210 1992 2279 quis
2026 2209 2146 2278 ejus

556 2306 707 2357 vocis
753 2304 1239 2373 quivocatiouem
1297 2304 1678 2373 multiplicem,
1724 2320 1845 2374 qua:
1879 2315 1982 2365 est,
2016 2308 2141 2367 rult,

556 2394 791 2446 ﬁdeliter
827 2396 1091 2448 attendat.
1148 2392 1301 2455 Nam,
1340 2393 1479 2448 Deus
1511 2393 1627 2448 vult
1660 2395 2007 2459 adulterium,
2040 2396 2143 2449 hoc

556 2498 641 2537 est.
680 2488 913 2554 przeseit,
962 2486 1241 2555 pavida.
1312 2485 1465 2540 [ode
1503 2486 1685 2540 nullus
1736 2488 1969 2553 dubitat,
2016 2489 2142 2557 quia

554 2580 737 2630 omnia
766 2580 911 2630 videt
946 2587 1001 2630 et
1042 2578 1222 2631 omnia
1255 2579 1487 2645 pntscit.
1536 2578 1692 2643 Item,
1731 2595 1838 2632 non
1870 2580 2005 2644 vult,
2040 2580 2143 2634 hoc

554 2678 639 2721 cst.
677 2684 779 2721 non
818 2670 1081 2737 pmipit,
1123 2668 1206 2721 vel
1238 2672 1512 2724 mentibus
1554 2669 1791 2724 ﬁdelium
1829 2671 2142 2741 inspirando

556 2779 659 2813 non
694 2761 819 2813 facit
846 2764 999 2813 velle.
1038 2761 1129 2814 Vel
1160 2777 1265 2814 non
1295 2763 1407 2813 vult
1438 2761 1577 2816 Deus
1609 2763 1953 2824 adulterium,
1979 2764 2031 2817 id
2058 2773 2143 2817 est

552 2869 615 2905 ex
646 2855 693 2904 vi
726 2854 951 2905 rationis
978 2853 1193 2915 anim,
1225 2866 1293 2904 ex
1326 2853 1559 2905 naturali
1604 2853 1837 2917 scilicet,
1876 2852 1993 2922 lege
2014 2853 2139 2905 data

554 2964 583 2999 a
618 2948 747 3005 Deo.
780 2962 885 2999 non
917 2947 1179 2999 habemus
1203 2947 1347 3014 quod
1372 2948 1495 3013 quis
1532 2946 1587 2998 in
1616 2946 1717 2999 hoc
1744 2960 1843 2999 nec
1874 2946 2039 2999 etiam
2085 2944 2139 2997 in

553 3039 661 3088 alio
694 3038 887 3089 debeat
924 3035 1197 3088 od'mdere
1239 3037 1569 3103 proximum.
1610 3034 1778 3088 Juxta
1821 3036 1920 3089 has
1958 3045 2136 3088 autem

555 3127 1059 3187 determinatioues,
1089 3136 1269 3195 potest
1305 3125 1535 3195 quilibet
1571 3126 1671 3179 has
1698 3124 1789 3179 Dei
1829 3126 2137 3179 voluntates

552 3222 919 3275 determinare
946 3230 1154 3289 aperte.

1157 3348 1386 3401 CAPUT
1440 3348 1507 3401 IV

928 3466 1059 3516 Alite
1089 3464 1437 3514 dubitationes
1463 3462 1739 3514 tolluntur.

626 3577 733 3630 Sed
762 3576 1051 3628 videndum
1083 3586 1167 3628 est
1195 3575 1465 3641 quoddam
1506 3574 1642 3627 satis
1673 3572 1954 3633 subtilius,
1994 3573 2138 3640 quod

553 3666 792 3721 occurrit
819 3665 945 3717 huic
977 3664 1043 3717 de
1068 3663 1338 3717 voluntate
1372 3663 1745 3731 disputationi.
1795 3662 1927 3716 Nam
1954 3664 2140 3716 volun-

553 3760 649 3811 tati
692 3757 785 3810 Dei
820 3756 1065 3808 voluntas
1114 3755 1347 3809 hominis
1400 3756 1639 3808 adhaeret
1674 3754 2007 3822 plerumque,
2046 3755 2139 3809 sed

554 3848 679 3901 inde
699 3848 988 3899 damnatur
1012 3846 1173 3898 homo
1204 3862 1219 3897 :
1247 3844 1506 3897 voluntati
1542 3844 1634 3899 Dei
1663 3861 1877 3914 quoque
1913 3861 2018 3900 non
2045 3847 2140 3899 ad—

550 3940 715 3993 haeret
750 3938 983 3991 hominis
1009 3936 1278 4001 voluntas,
1316 3945 1369 3991 et
1397 3937 1520 3991 inde
1551 3947 1927 3993 remuneratur
1960 3939 2139 3993 homo.

547 4027 701 4091 Item,
730 4028 846 4081 vult
873 4029 1037 4081 homo
1062 4028 1205 4097 quod
1235 4043 1340 4081 non
1367 4027 1479 4080 vult
1509 4028 1677 4090 Deus,
1718 4040 1773 4083 et
1816 4029 1977 4082 habet
2014 4029 2138 4083 inde

550 4124 830 4189 premium
871 4137 900 4173 a
932 4120 1083 4174 Deo:
1127 4136 1232 4173 non
1272 4120 1387 4174 vult
1431 4122 1591 4173 homo
1634 4120 1935 4188 quml,vnlt
1969 4120 2137 4182 Deus;

551 4225 605 4266 et
643 4216 766 4268 inde
805 4214 1162 4282 consequitur
1209 4214 1417 4267 laudem
1455 4231 1468 4265 :
1512 4223 1568 4267 et
1611 4213 1796 4267 multis
1832 4216 1953 4267 aliis
2002 4215 2139 4268 hanc

556 4302 715 4371 152
745 4304 1075 4358 voluntatem
1114 4304 1314 4357 variari
1362 4304 1537 4357 utodis
1568 4306 1841 4373 sagaciutn
1872 4305 2137 4359 industria

552 4410 646 4463 per
672 4409 731 4448 se
759 4396 956 4463 poterit
994 4394 1270 4465 indagare.
1322 4394 1429 4449 Sed
1462 4410 1605 4451 nunc
1638 4397 1706 4449 ad
1744 4398 2139 4466 expositionem

551 4488 986 4555 mapradictorum
1052 4489 1341 4543 redeamus
1393 4501 1410 4540 :
1461 4487 1574 4541 vult
1630 4488 1771 4542 Dens
1836 4491 1979 4557 quod
2028 4490 2139 4543 vult

553 4578 745 4640 homo;
777 4580 821 4630 si
849 4578 1130 4642 damnose,
1159 4590 1215 4633 ut
1248 4579 1624 4642 homicidium,
1660 4580 1741 4633 vel
1786 4580 2134 4641 adulterium,

551 4666 696 4734 quod
726 4668 837 4718 vult
870 4666 1031 4731 Deus,
1058 4670 1159 4723 hoc
1181 4679 1264 4724 est
1297 4668 1567 4737 pra-scivit
1595 4682 1610 4720 :
1635 4669 1728 4723 sed
1769 4670 1930 4723 homo
1967 4669 2131 4723 etiam

553 4760 657 4813 hac
698 4757 973 4814 voluntate
1016 4760 1327 4823 damnatur,
1370 4761 1706 4829 prohibitum
1749 4770 1833 4815 est
1879 4762 2023 4815 enim
2060 4762 2134 4815 ei.

552 4852 679 4905 V'nlt
701 4849 843 4905 Deus
881 4862 937 4904 ut
974 4863 1128 4922 pater
1166 4851 1398 4919 alicujus
1438 4852 1723 4917 moriatur,
1762 4852 1844 4907 vel
1882 4852 1998 4905 vult
2036 4852 2137 4905 ali-

549 4942 706 5011 cujus
734 4940 967 4994 hominis
1006 4952 1254 5001 mortem,
1288 4942 1431 5009 quod
1463 4941 1623 4994 homo
1662 4956 1769 4995 non
1798 4940 1912 4993 vult
1940 4939 2132 4996 allecto

553 5032 785 5088 naturali
826 5033 908 5086 vel
942 5035 1318 5101 compassione
1356 5033 1612 5101 proximi,
1658 5044 1713 5087 et
1756 5042 2132 5088 remuneratur

549 5141 615 5180 cx
658 5127 757 5181 hoc
796 5125 887 5180 tali
929 5125 1144 5190 aﬂectu,
1182 5126 1227 5179 si
1269 5126 1322 5178 in
1350 5126 1562 5180 cmteris
1595 5126 1834 5195 regulam
1875 5135 2022 5180 recte
2050 5126 2130 5179 vi-

554 5218 709 5271 κρηάὶ
759 5236 863 5271 non
892 5220 1191 5272 excesserit
1224 5234 1236 5268 :
1280 5219 1332 5271 iu
1366 5218 1618 5272 omnibus
1668 5228 1845 5272 tamen
1872 5235 1991 5287 qua:
2017 5219 2131 5273 vult

554 5316 609 5357 et
638 5322 757 5373 quae
787 5307 937 5373 facit,
971 5307 1166 5360 divina:
1196 5307 1453 5360 voluntati
1502 5310 1832 5362 concordare
1880 5309 2130 5373 intendit,

554 5406 608 5443 et
642 5397 773 5447 nihil
809 5407 996 5449 contra
1028 5412 1152 5449 eum
1190 5396 1368 5451 facere
1389 5397 1660 5466 disponit;
1707 5400 1831 5467 quia
1860 5409 1986 5452 tunc
2018 5409 2137 5453 tan-

558 5494 668 5535 tum
704 5495 787 5537 est
824 5485 960 5538 bona
1002 5487 1249 5540 voluntas
1295 5489 1548 5551 humana,
1586 5492 1803 5559 quando
1845 5490 1955 5543 vult
2007 5491 2131 5544 illud

555 5576 697 5642 quod
729 5577 865 5629 Deus
893 5580 1004 5631 vult
1032 5581 1176 5632 illam
1204 5579 1336 5633 velle
1369 5599 1382 5631 :
1412 5592 1465 5636 ct
1492 5583 1570 5637 sic
1600 5585 1889 5638 Concortlat
1918 5585 2131 5643 iliviml‘,

556 5684 677 5733 qua:
713 5669 964 5736 magistra
993 5684 1073 5723 est
1100 5672 1366 5724 humanae.

2163 3174 2211 3235 C

2249 1931 2427 1981 uo'eus
2448 1930 2595 1991 siuit,
2624 1930 2713 1981 sed
2742 1927 2913 1981 uolens
2940 1942 2959 1978 :
2987 1945 3078 1980 nec
3104 1927 3293 1980 sineret
3315 1929 3505 1980 bonum
3528 1929 3644 1996 fieri
3673 1930 3831 1991 ma’e,

2248 2021 2349 2073 uisi
2382 2021 2706 2088 oruuipoteus
2735 2030 2783 2072 et
2811 2020 2876 2072 de
2910 2019 3049 2071 mulo
3082 2029 3249 2086 posset
3282 2019 3457 2087 facere
3486 2020 3631 2073 bene.
3664 2020 3757 2073 Est
3784 2026 3838 2074 rt

2248 2114 2347 2166 alia
2380 2114 2540 2182 hujus
2568 2113 2862 2167 voluntatis
2892 2111 3110 2165 divisio.
3163 2112 3281 2164 Alia
3328 2112 3475 2165 enim
3512 2120 3692 2180 potest
3718 2113 3821 2167 dici

2245 2202 2502 2269 eﬂiciens,
2545 2204 2648 2255 alia
2685 2204 3020 2272 approbans.
3062 2201 3167 2255 alia
3205 2204 3531 2268 concedens,
3574 2203 3677 2257 alia
3714 2220 3837 2269 pera

2247 2295 2485 2349 mittens.
2541 2293 2792 2348 Elﬁcicns
2836 2293 3084 2347 voluntas
3134 2294 3187 2347 in
3240 2294 3350 2348 Deo
3398 2293 3526 2347 fatit
3573 2296 3737 2364 quidq
3781 2297 3833 2350 il

2244 2386 2383 2449 vult.
2417 2386 2659 2440 eﬁciws
2694 2386 2747 2439 in
2785 2385 3005 2438 homine
3043 2384 3186 2453 quod
3223 2393 3400 2453 potest
3440 2385 3602 2438 homo
3636 2394 3693 2438 et
3720 2385 3833 2439 vult

2246 2480 2367 2548 ipso
2394 2490 2539 2533 actu.
2584 2476 2907 2547 Approbans
2931 2484 3038 2541 est,
3065 2490 3186 2545 qua:
3230 2476 3492 2545 approbat
3527 2475 3748 2547 al’quid,
3779 2488 3835 2531 et

2247 2573 2363 2626 hac
2390 2572 2456 2624 ad
2489 2570 2763 2624 hominem
2803 2571 3040 2637 pertinet
3074 2578 3130 2622 et
3162 2569 3230 2621 ad
3270 2568 3459 2622 Deum.
3508 2570 3831 2637 Approbans

2244 2662 2298 2715 iu
2335 2660 2445 2715 Deo
2481 2668 2587 2719 est,
2626 2674 2748 2728 qua:
2782 2658 2896 2713 vult
2934 2672 3128 2713 omnes
3165 2657 3344 2713 salvos
3387 2658 3533 2723 ﬁeri;
3575 2660 3831 2729 quoniam

2244 2756 2449 2811 nullum
2490 2756 2763 2825 prohibet,
2805 2763 3068 2824 quantum
3094 2755 3161 2808 ad
3191 2768 3251 2809 se
3281 2754 3490 2808 salvum
3528 2755 3641 2809 ﬁeri
3675 2772 3692 2811 :
3724 2754 3832 2810 i'o

2244 2850 2287 2903 si
2319 2850 2443 2919 quis
2468 2848 2536 2901 ad
2566 2847 2670 2901 hoc
2703 2846 2933 2909 laborat,
2962 2848 3248 2916 approbat.
3280 2844 3481 2903 Palens
3507 2855 3589 2901 est
3614 2846 3831 2913 quidem

2243 2956 2364 3011 quae
2392 2940 2463 2995 sit
2496 2939 2806 3008 approbans
2845 2937 2899 2991 in
2946 2938 3187 2993 homine.
3234 2937 3549 2993 Concedeus
3580 2946 3685 2999 est,
3715 2951 3751 3008 q
3789 2953 3834 2990 te

2244 3032 2489 3087 concedit
2523 3040 2580 3083 ut
2603 3029 2695 3082 ﬁat
2721 3029 2945 3097 aliquid.
2972 3028 3312 3082 Concedente
3342 3036 3524 3081 autem
3551 3027 3771 3082 volunta
3798 3040 3830 3080 e

2241 3124 2355 3178 vult
2388 3125 2553 3187 Deus,
2586 3133 2645 3177 ut
2675 3124 2836 3177 homo
2862 3123 2952 3191 qui
2985 3122 3178 3177 melius
3218 3137 3326 3177 non
3359 3121 3663 3191 proposuit.
3693 3135 3783 3173 nx:
3803 3145 3830 3161 ο

2249 3235 2363 3275 rem
2391 3221 2573 3272 ducat.
2619 3216 2951 3271 Permittens
2995 3214 3243 3269 voluntas
3275 3224 3379 3275 est,
3409 3228 3530 3283 qua:
3569 3228 3719 3283 perun
3746 3218 3767 3264 t
3798 3215 3834 3261 λι

2244 3313 2443 3381 aliquid
2477 3300 2614 3371 lieni,
2638 3309 2739 3363 etsi
2769 3308 3049 3376 displiceat
3075 3308 3420 3376 quandoque.
3450 3305 3519 3360 Et
3546 3306 3649 3359 hor.
3676 3320 3764 3359 mo
3798 3320 3829 3353 ο

2244 3401 2441 3454 dicitur
2468 3399 2609 3452 Deus
2638 3396 2774 3451 velle
2819 3396 2983 3457 mala,
3012 3410 3133 3464 qua:
3179 3394 3445 3465 permittit
3494 3392 3633 3449 ﬁeri.
3684 3394 3831 3449 Unde

2243 3491 2488 3545 dicitur:
2524 3488 2689 3552 Quem
2740 3488 2849 3540 rult
2903 3489 3161 3551 indurat,
3191 3497 3239 3539 et
3280 3488 3363 3539 cui
3412 3486 3516 3539 vult
3558 3486 3831 3539 miseretur

2243 3580 2423 3645 (Itoni.
2455 3592 2530 3638 II,
2558 3577 2666 3645 l8).
2703 3576 3041 3645 Augustinus
3068 3576 3135 3629 de
3165 3577 3388 3631 civitate
3424 3575 3516 3629 Dei
3542 3588 3558 3628 :
3583 3573 3716 3629 Cum
3747 3576 3828 3627 di-

2242 3672 2381 3723 citur
2414 3668 2551 3720 Deus
2592 3677 2793 3719 mutare
2826 3668 3172 3731 voluntatem,
3227 3676 3281 3718 ut
3314 3667 3503 3735 quibus
3532 3666 3667 3721 lenis
3696 3678 3828 3730 erat,

2242 3760 2379 3812 rerbi
2437 3757 2607 3825 grati,
2660 3757 2915 3808 reddatur
2960 3772 3143 3824 asper;
3184 3755 3263 3807 illi
3314 3757 3485 3823 potius
3523 3772 3682 3823 quam
3727 3758 3831 3821 ipse

2242 3860 2535 3909 tuutantur,
2568 3849 2705 3901 sicut
2738 3858 2973 3900 mutatur
2998 3848 3079 3899 sol
3107 3847 3273 3899 oculis
3306 3848 3581 3913 saueiutis,
3600 3857 3649 3899 et
3682 3861 3830 3910 asper

2239 3942 2626 4012 quodammodo
2650 3956 2714 3994 ea:
2736 3940 2869 4001 uniti,
2898 3950 2946 3993 et
2977 3956 3043 3993 ea:
3069 3940 3363 3993 delectabili
3400 3940 3649 3993 molestus
3672 3941 3825 4009 elici-

2242 4044 2350 4091 tur,
2384 4047 2502 4082 runt
2544 4030 2654 4097 ipse
2686 4029 2828 4095 apud
2859 4045 2914 4081 se
2949 4039 3156 4082 maneat
3193 4030 3327 4081 idem
3350 4030 3439 4099 qui
3470 4030 3593 4098 fuit.
3624 4029 3763 4084 Dic't
3788 4044 3831 4080 :r

2240 4123 2403 4176 etiam
2434 4119 2684 4172 voluntas
2711 4118 2825 4182 Dei,
2853 4135 3017 4187 quam
3049 4119 3178 4173 facit
3209 4119 3262 4173 in
3292 4120 3545 4173 cordibus
3576 4120 3830 4173 obedien-

2242 4218 2375 4269 tium
2409 4212 2680 4267 mandatis
2705 4210 2845 4279 ejus,
2890 4214 2958 4265 de
2997 4227 3102 4281 qua
3153 4211 3287 4265 dicit
3322 4211 3611 4281 Apostolus
3644 4229 3660 4265 :
3693 4211 3829 4265 Deus

2240 4307 2328 4375 qui
2357 4315 2605 4371 operatur
2638 4304 2690 4355 iu
2718 4303 2861 4356 vobis
2888 4314 2935 4355 et
2968 4303 3093 4356 relle
3120 4301 3347 4372 (Philip.
3375 4318 3433 4365 tt,
3460 4303 3572 4371 15).
3623 4301 3763 4356 Scin
3800 4328 3831 4342 ο

2242 4397 2368 4449 dum
2399 4398 2538 4449 hanc
2565 4394 2724 4447 volun
2754 4402 2896 4447 atem
2923 4393 3088 4447 etiam
3112 4392 3255 4447 velle
3285 4393 3509 4455 dicitur,
3542 4393 3689 4462 quod
3719 4394 3768 4463 ip
3796 4407 3831 4445 e

2242 4504 2349 4542 non
2384 4488 2519 4551 vult,
2549 4488 2645 4542 sed
2680 4490 2796 4558 ipse
2824 4500 2953 4540 suos
2984 4485 3035 4538 id
3066 4485 3307 4539 volentes
3336 4484 3467 4538 facit
3503 4500 3518 4536 :
3560 4484 3642 4539 sic
3668 4499 3831 4539 orans

2174 4588 2214 4641 ι)
2240 4593 2339 4647 pio
2365 4579 2688 4648 quibusdam
2715 4579 2802 4648 pie
2834 4586 3133 4646 sancteque
3161 4576 3409 4646 inspirati
3445 4574 3515 4629 ab
3541 4590 3609 4631 eo
3640 4584 3826 4631 saneta

2240 4671 2543 4737 voluntate,
2568 4682 2623 4725 et
2653 4671 2799 4740 quod
2833 4678 2994 4725 orant
3027 4683 3135 4723 non
3168 4668 3318 4723 facit.
3360 4668 3674 4723 Secundum
3703 4680 3831 4722 vero

2237 4761 2570 4816 voluntatem
2602 4776 2779 4825 suam,
2808 4775 2929 4830 quae
2961 4758 3081 4828 ejus
3109 4760 3463 4830 prtescientia:
3498 4760 3833 4829 sempiterna

2236 4864 2340 4918 est,
2367 4854 2543 4907 omnia
2593 4869 2913 4923 quamcunque
2955 4851 3115 4906 roluit
3146 4852 3289 4920 fecit,
3341 4868 3447 4906 non
3476 4851 3656 4907 solum
3694 4865 3832 4921 pra:-

2238 4946 2417 5007 tcrita,
2465 4943 2547 4997 vel
2576 4944 2887 5014 pnesentia,
2929 4943 3022 4997 sed
3047 4944 3211 4997 etiam
3252 4942 3455 4997 futura.
3504 4942 3830 5013 Gregorius:

2241 5036 2383 5090 Deus
2404 5036 2511 5088 rult
2549 5052 2724 5087 omnes
2758 5035 2992 5088 homines
3028 5034 3199 5088 salvos
3223 5035 3359 5102 ﬁeri,
3385 5035 3440 5086 id
3460 5046 3538 5087 est
3566 5034 3701 5086 nulli
3725 5032 3831 5085 ωισ

2242 5138 2454 5189 rantur,
2492 5128 2592 5179 nisi
2635 5143 2765 5195 quos
2813 5126 2919 5179 vult
2969 5126 3187 5189 salvari,
3230 5126 3308 5179 rel
3356 5127 3419 5178 de
3459 5128 3605 5178 omni
3650 5140 3839 5194 genere

2239 5218 2505 5270 hominum
2529 5217 2695 5285 aliqui
2714 5217 3004 5270 salt-untur.
3037 5216 3131 5270 Vel
3165 5218 3269 5269 rult
3296 5234 3475 5270 omnes
3496 5218 3674 5270 salvos
3692 5215 3835 5283 ﬁeri,

2239 5310 2293 5362 id
2315 5320 2389 5362 est
2432 5326 2534 5362 non
2573 5311 2704 5379 cogit
2742 5310 2967 5379 aliquem
2996 5310 3261 5362 damnari.
3306 5309 3457 5367 Item.
3493 5309 3562 5362 de
3606 5308 3841 5377 conjuge

2242 5400 2443 5453 iutideli
2474 5399 2795 5453 dimittenda
2848 5400 2953 5454 dici
2979 5410 3214 5469 oportet,
3277 5414 3383 5453 non
3412 5399 3671 5462 dimittat,
3701 5399 3838 5466 quia

2239 5493 2339 5545 etsi
2371 5492 2519 5554 licet,
2550 5508 2655 5545 non
2684 5492 2921 5562 expedit.
2964 5492 3094 5546 Item
3127 5494 3179 5545 in
3208 5492 3344 5546 libro
3378 5492 3454 5547 De
3481 5492 3839 5561 parvulorum

2242 5583 2553 5653 baptismo:
2592 5584 2737 5639 Sicut
2771 5586 2905 5637 bono
2941 5586 3076 5638 nialc
3115 5586 3190 5637 uti
3232 5584 3427 5637 malunt
3468 5595 3561 5645 est,
3594 5585 3667 5635 sic
3686 5584 3841 5635 malo

2244 5680 2367 5728 bene
2398 5678 2471 5727 uti
2508 5678 2695 5727 bonum
2726 5689 2818 5729 est.
