4076 6288
283 278 389 377 sss
1365 315 1665 371 summa
1719 312 1803 367 er
1839 312 2439 370 exuoarntoxes.
3026 290 3031 293 ’
3110 344 3114 349 -
3428 311 3538 368 ass

724 594 1689 808 SANCTI
1939 444 3126 807 ΑΝξῖἷῇἦ

1398 940 1908 998 ANTUARIENSIS
1942 938 2457 999 ARCIIIEPISCOPI

2364 442 3409 469 Μ

296 443 2347 472 mm

543 1157 1466 1300 OPERUM
1608 1156 2182 1295 PARS
2303 1154 3270 1300 SECUNDA

602 1476 604 1479 ’
802 1494 1576 1624 ASCETICA
1694 1499 1901 1623 ET
2002 1496 3053 1624 PAR/ENETICA

427 1888 1289 2047 HOMILI/E
1400 1893 1647 2041 ET
1788 1788 3420 2123 E’XHORTATIONES

608 2263 957 2334 153-155
988 2262 1266 2319 HOMI‘LIA
1296 2262 1529 2321 PRIMA.
1900 2267 1945 2325 Δ
1972 2263 2162 2334 possit.
2197 2262 2367 2335 Negat
2404 2273 2582 2320 autem
2634 2267 2705 2320 illi
2767 2267 2818 2322 in
2879 2282 2937 2324 se
2992 2271 3257 2342 requiem,
3326 2274 3415 2344 qui
3455 2289 3556 2335 nos

266 2354 329 2414 is
373 2371 533 2410 tuon
559 2354 961 2409 Ecccesusrncn
993 2372 1007 2408 :
1047 2353 1109 2407 In
1156 2356 1397 2409 omnibus
1441 2356 1665 2426 requiem
1728 2371 1873 2425 qure-
1973 2353 2087 2407 vult
2113 2369 2141 2407 a
2172 2354 2328 2409 malis
2358 2355 2615 2425 operibus
2652 2365 2707 2411 et
2736 2358 3023 2416 desideriis
3066 2377 3306 2431 cessare,
3338 2374 3395 2420 ut
3422 2366 3474 2421 in
3501 2382 3557 2422 se

342 2448 473 2508 sivi,
495 2457 540 2499 et
573 2447 626 2499 in
656 2446 962 2498 Ittrreditate
1006 2445 1117 2515 ejus
1142 2447 1407 2502 morabor.
1437 2445 1580 2499 Tunc
1604 2446 1868 2515 pra'cepit,
1973 2441 2150 2499 locum
2174 2443 2371 2514 quietis
2399 2445 2507 2499 Deo
2528 2455 2688 2515 queat
2709 2447 2973 2516 praebere.

340 2548 399 2593 ct
440 2538 574 2591 dixit
608 2536 734 2590 mihi
776 2534 995 2590 Creator
1031 2536 1296 2602 omnium;
1323 2546 1367 2591 et
1406 2536 1495 2607 qui
1544 2538 1735 2590 creavit
1767 2552 1870 2603 me,
2044 2532 2115 2586 Et
2167 2535 2221 2589 in
2272 2533 2610 2601 haereditate,
2687 2536 2889 2606 inquit,
2944 2541 3065 2609 ejus
3112 2543 3377 2598 morabor.
3429 2543 3556 2617 Ejus

345 2627 601 2696 requievit
632 2627 684 2679 in
710 2626 1049 2681 tabernaequ
1075 2644 1185 2681 meo
1212 2626 1405 2697 (Eccli.
1441 2643 1591 2688 xxnv,
1622 2627 1731 2697 Il).
1974 2624 2200 2695 respicit
2240 2636 2295 2679 et
2317 2625 2382 2679 ad
2408 2626 2670 2695 requiem.
2698 2638 2753 2682 ct
2776 2629 2842 2682 ad
2884 2632 3007 2695 hoc,
3036 2635 3178 2702 quod
3225 2651 3387 2705 supra
3408 2638 3555 2694 dixe-

346 2717 628 2787 Sapientia
655 2732 759 2771 non
788 2716 1043 2786 loquitur,
1073 2732 1235 2787 quam
1277 2716 1565 2788 Apostolus
1595 2716 1869 2772 Christum
1974 2725 2104 2771 rat:
2147 2717 2259 2788 Ego
2309 2735 2374 2772 ea:
2424 2735 2513 2773 ore
2564 2717 2824 2774 Altissimi
2862 2724 3056 2791 prodii,
3118 2736 3178 2779 ut
3226 2727 3557 2799 intelligatur

262 2823 401 2864 use
442 2816 692 2872 testatur,
721 2806 946 2861 dicens;
984 2806 1247 2859 Utristum
1303 2806 1399 2859 Dei
1428 2806 1664 2861 virtutem
1701 2817 1748 2859 et
1775 2804 1873 2859 Dei
1975 2808 2092 2863 lucc
2140 2809 2428 2863 baereditas
2474 2818 2528 2863 ct
2585 2810 2787 2880 requiei
2838 2820 2891 2867 et
2956 2814 3244 2882 Altissimi,
3310 2818 3557 2876 vidJicet

266 2900 593 2970 sapientiam
660 2898 729 2968 (1
764 2896 886 2951 Car.
941 2914 980 2964 ι,
1013 2897 1147 2969 24),
1208 2897 1484 2967 Sapientia
1540 2913 1689 2969 ergo,
1749 2912 1872 2969 quas
1973 2899 2273 2955 electorum
2322 2900 2629 2966 multitudo,
2687 2917 2823 2971 quos
2866 2902 2981 2974 ipse
3012 2908 3328 2963 Altissimus
3372 2911 3439 2964 ad
3484 2910 3560 2965 vi-

267 2989 535 3043 Cltristus
570 2998 671 3053 est,
698 2991 747 3044 id
792 3001 877 3043 est
915 2990 1192 3042 incaruata
1240 2989 1328 3043 Dei
1369 2989 1657 3060 sapientia,
1686 2990 1819 3045 dicit
1850 3008 1866 3047 :
1976 2989 2208 3045 dendam
2241 3006 2350 3045 suae
2375 2990 2713 3045 celsitudinis
2742 2993 2965 3063 gloriam
2986 2997 3297 3054 elevatosin
3327 3016 3563 3070 superno

268 3079 611 3135 Inomuibus
634 3081 862 3151 requiem
889 3081 1123 3151 qua-sivi.
1160 3080 1284 3135 I‘ost
1340 3081 1579 3135 laborem
1611 3097 1741 3136 vero
1790 3098 1872 3138 rc-
1975 3098 2141 3153 regno
2187 3082 2504 3151 possidebit,
2560 3084 2744 3152 sicque
2778 3088 3167 3154 pcrpetualiter
3222 3091 3564 3160 requiescere

264 3173 437 3243 quies
464 3172 603 3226 solet
640 3174 831 3241 qumri.
891 3173 1151 3227 Dominus
1204 3185 1384 3228 autem
1438 3176 1490 3229 in
1542 3190 1600 3229 se
1650 3176 1868 3245 quidem
1973 3170 2154 3226 faciet.
2183 3173 2271 3225 Ait
2304 3174 2485 3242 itaque
2517 3191 2529 3227 :
2567 3172 2632 3226 In
2657 3176 2965 3230 lttcreditate
3012 3179 3129 3247 ejus
3186 3184 3452 3234 morabor.
3485 3184 3562 3236 Ae

263 3263 499 3330 quietus
534 3270 591 3317 et
626 3262 1084 3317 incommutabilis
1109 3273 1191 3317 est
1224 3280 1237 3330 ;
1280 3265 1374 3319 sed
1408 3274 1586 3319 tatnen
1616 3264 1871 3321 laborare
1972 3262 2015 3316 si
2040 3261 2184 3315 dicat
2218 3279 2231 3315 :
2268 3261 2323 3315 In
2362 3263 2613 3316 omnibus
2662 3263 2877 3331 quidem
2922 3269 3139 3334 qua-sivi
3196 3271 3459 3337 requiem,
3497 3271 3562 3323 li-

268 3364 537 3418 testatur,
601 3369 723 3408 cum
768 3355 933 3410 duras
977 3356 1254 3409 hominum
1306 3360 1605 3426 pravitates
1654 3356 1868 3421 tolerat,
1972 3361 2058 3407 cet
2090 3353 2279 3406 non'in
2307 3354 2560 3407 omnibus
2590 3366 3028 3422 perseverantem
3056 3371 3176 3409 eam
3216 3358 3555 3423 invenerim;

264 3449 471 3503 dicens
505 3449 727 3503 cuilibet
783 3449 1009 3503 talium:
1055 3448 1338 3504 Prtebuisti
1388 3450 1517 3503 uti/ti
1552 3450 1783 3504 laborem
1815 3451 1870 3504 in
1972 3445 2065 3498 sed
2092 3444 2145 3497 in
2174 3445 2284 3511 bis,
2328 3445 2420 3514 qui
2465 3445 2697 3515 ιιι-ωδςίίί
2758 3455 2884 3500 sunt
2947 3446 3236 3503 baereditas
3292 3449 3406 3512 Dei,
3448 3466 3559 3504 mo-

259 3539 651 3610 iniquitatibus
700 3540 804 3593 tuis
835 3539 973 3609 (Isa.
1005 3556 1156 3604 mn,
1185 3541 1298 3610 24).
1329 3540 1435 3595 Sed
1462 3550 1517 3596 et
1548 3541 1674 3595 dtuu
1705 3557 1870 3611 appa-
1975 3536 2150 3596 rabor,
2179 3536 2228 3589 id
2256 3546 2336 3590 est
2357 3546 2770 3606 perseveranter
2792 3547 2841 3591 et
2867 3553 2972 3592 non
2997 3539 3062 3593 ad
3087 3539 3273 3593 horam
3305 3544 3555 3598 manebo.

265 3630 387 3684 ruit
419 3629 477 3683 in
517 3629 731 3685 mortali
768 3646 955 3696 carne,
1001 3629 1266 3684 laboravit
1304 3646 1370 3684 ex
1400 3638 1584 3685 nostra
1640 3631 1871 3685 intirmi-
1905 3622 1947 3677 Β
1972 3626 2029 3683 In
2057 3629 2160 3682 illis
2190 3628 2333 3681 enim
2366 3644 2470 3682 non
2508 3637 2752 3682 moratur
2784 3628 2876 3683 Dei
2903 3631 3192 3701 sapientia,
3223 3632 3313 3703 qui
3339 3635 3405 3687 ad
3433 3645 3565 3690 tem-

265 3730 408 3775 tate.
461 3720 589 3775 Ideo
646 3730 767 3785 post
802 3722 1256 3776 resurrectionem
1310 3738 1464 3777 suam
1516 3723 1568 3775 in
1618 3723 1869 3776 omnibus
1970 3734 2074 3789 pus
2122 3720 2370 3784 credunt,
2411 3721 2559 3776 etin
2613 3732 2854 3790 tempore
2912 3724 3224 3779 tentationis
3258 3726 3559 3781 recedunt:

260 3810 818 3880 quaesivitrequiem,
846 3820 904 3863 ut
937 3811 988 3864 in
1014 3812 1253 3864 omnium
1283 3812 1385 3865 Iide
1418 3819 1471 3864 et
1496 3810 1633 3864 bona
1655 3812 1869 3865 actione
1973 3811 2065 3866 sed
2105 3812 2156 3865 in
2201 3812 2281 3867 eis
2324 3822 2583 3879 moratur,
2644 3830 2779 3883 quos
2821 3816 2874 3868 in
2922 3816 3162 3870 bonitate
3214 3817 3343 3872 facit
3392 3835 3565 3888 usque

263 3902 674 3972 requiesceret.
707 3901 841 3956 Nam
870 3903 921 3957 in
954 3903 1151 3972 quibus
1176 3903 1427 3958 omnibus
1458 3904 1699 3972 requiem
1725 3920 1870 3974 quze-
1974 3903 2025 3956 in
2065 3903 2225 3956 ﬁnem
2269 3918 2644 3973 perseverare.
2712 3905 2849 3958 llinc
2897 3916 2980 3959 est
3030 3907 3174 3973 quod
3213 3906 3279 3960 de
3316 3907 3564 3976 quolibet

259 3994 493 4058 siverit,
562 3994 720 4047 docet
767 3993 1180 4063 pmmiuendo:
1222 3991 1290 4046 In
1343 3993 1486 4046 omni
1534 4004 1673 4045 terra
1728 3994 1867 4056 steti,
1974 3993 2158 4047 talium
2199 3994 2364 4048 dicit:
2419 3992 2718 4058 Venientus,
2784 4005 2832 4047 et
2881 3996 3201 4049 mansionem
3259 3997 3399 4066 apud
3443 4014 3562 4051 cum

260 4097 313 4140 et
341 4086 404 4139 in
436 4083 581 4137 omni
602 4088 816 4154 populo,
849 4095 895 4137 et
922 4084 974 4137 in
1002 4084 1144 4137 omni
1191 4091 1340 4151 gente
1364 4084 1648 4151 primatum
1684 4082 1864 4147 habui,
1971 4081 2225 4152 faciemus
2259 4081 2442 4152 (Joan.
2481 4096 2591 4148 XIV,
2622 4080 2739 4151 25).

258 4190 313 4231 et
346 4176 599 4231 omnium
642 4174 1005 4229 excellentium
1043 4185 1090 4229 et
1128 4174 1429 4228 sub.'imium
1474 4175 1635 4229 corda
1684 4176 1868 4229 virtute
2044 4174 2299 4244 Sequitur
2325 4192 2337 4226 :
2366 4173 2509 4227 Tunc
2537 4173 2801 4244 prtecepil,
2831 4183 2877 4228 et
2902 4173 3034 4228 dixit
3065 4175 3190 4229 nti/ti
3214 4173 3433 4230 Crantor
3451 4192 3563 4232 om-

259 4267 483 4324 calcavi
542 4266 733 4337 (Ereti.
775 4282 923 4333 xxiv,
958 4267 1033 4338 9).
1088 4266 1319 4335 Moxque
1376 4265 1688 4336 subjungit:
1725 4265 1791 4319 Et
1810 4266 1868 4319 in
1972 4274 2149 4332 nium;
2179 4278 2225 4321 et
2248 4268 2337 4338 qui
2365 4268 2555 4320 creavit
2592 4283 2690 4333 nte,
2722 4267 2961 4336 requievit
2992 4268 3042 4321 in
3067 4269 3403 4324 tabernacu'o
3426 4287 3560 4337 meo,

257 4358 528 4412 nauibus
554 4358 777 4427 requiem
800 4357 1032 4428 qua'st'ri.
1057 4356 1115 4412 In
1142 4358 1394 4412 omnibus
1420 4373 1549 4427 ergo
1579 4357 1788 4428 populis
1816 4366 1870 4411 et
1971 4370 2019 4416 et
2044 4360 2180 4413 dixit
2208 4360 2334 4412 mihi
2358 4374 2379 4412 :
2408 4357 2475 4411 In
2499 4357 2661 4411 Jacob
2699 4357 2961 4421 ittltabt'ta,
2990 4368 3037 4412 et
3060 4361 3112 4412 in
3136 4358 3307 4413 Israel
3340 4361 3564 4415 Incredi-

255 4450 541 4522 geutibus
571 4450 736 4504 totius
757 4451 929 4514 orbis,
956 4459 1010 4504 et
1042 4451 1092 4504 in
1118 4451 1331 4505 cunctis
1363 4452 1588 4526 regibus,
1622 4466 1686 4505 ac
1719 4450 1866 4516 prin-
1972 4459 2103 4513 tare,
2126 4460 2171 4503 et
2203 4451 2255 4503 iu
2282 4448 2455 4502 electis
2480 4448 2606 4501 meis
2660 4448 2807 4501 mitte
2864 4449 3088 4502 radices.
3145 4449 3309 4515 Tunc,
3366 4451 3560 4521 inquit,

259 4544 517 4615 cipibus,
548 4558 774 4612 quorum
800 4543 902 4597 sibi
928 4542 1088 4597 corda
1120 4544 1333 4597 tandem
1362 4542 1594 4613 subegit,
1628 4543 1866 4613 requiem
1972 4555 2094 4596 cmn
2139 4555 2237 4610 ego
2270 4539 2510 4608 requiem
2555 4538 2606 4591 in
2639 4539 2892 4593 omnibus
2945 4555 3267 4609 quaererem,
3331 4541 3439 4608 ille,
3471 4544 3564 4613 qui

257 4631 556 4705 quzesivit.
584 4631 989 4687 Invenitautem
1024 4633 1078 4687 iu
1108 4634 1192 4687 bis
1214 4634 1476 4702 requiem,
1520 4636 1609 4704 qui
1643 4649 1870 4704 peccare
1970 4631 2178 4688 ereavit
2232 4646 2440 4694 omnes,
2471 4639 2526 4683 et
2548 4630 2637 4699 jus
2678 4630 2840 4685 habet
2894 4630 2947 4684 in
2977 4632 3247 4697 omnibus,
3290 4635 3559 4689 neminem

256 4724 596 4789 desierunt,
638 4732 695 4778 et
742 4734 932 4778 sancte
970 4739 1033 4777 ac
1078 4723 1224 4792 juste
1266 4725 1471 4779 vivunt.
1516 4725 1615 4792 Qui
1674 4727 1728 4780 in
1769 4741 1867 4792 eo,
1972 4724 2085 4777 vult
2109 4723 2309 4793 perire,
2332 4722 2575 4790 prmeepit
2631 4722 2761 4774 mihi
2804 4722 2933 4791 quid
2986 4722 3038 4777 in
3094 4724 3179 4778 bis
3216 4738 3472 4793 agerem:
3505 4734 3563 4779 et

253 4812 419 4883 quod
456 4813 514 4866 in
548 4811 799 4866 omnibus
827 4812 1040 4882 p0pulis
1067 4822 1122 4867 et
1142 4813 1454 4868 nationibus
1508 4822 1673 4884 atque
1701 4814 1869 4868 suldi-
1970 4815 2060 4885 qui
2086 4830 2166 4867 me
2205 4828 2418 4882 quoque
2449 4828 2546 4881 pro
2579 4828 2766 4868 eorum
2805 4814 2979 4868 salute
3029 4817 3220 4868 creavit
3264 4814 3559 4868 secundum

254 4906 480 4966 mibns,
552 4902 604 4956 id
650 4914 737 4957 est
788 4904 841 4957 in
887 4902 1221 4959 sublimitate
1282 4904 1601 4974 dignitatum
1656 4904 1864 4973 positis,
1919 4976 1927 4978 Α
1978 4897 2393 4970 humanitatem,
2468 4906 2582 4978 ipse
2634 4906 2878 4977 requievit
2942 4908 2997 4960 in
3032 4907 3372 4961 tabernacqu
3424 4923 3557 4961 meo.

254 4996 531 5067 requiem
562 5009 621 5050 se
650 4995 780 5050 dicit
821 4995 1102 5064 qutesisse,
1159 4997 1429 5067 signiﬁcat
1458 4996 1511 5051 in
1543 5012 1865 5067 unaquaque
1898 4976 1940 5033 δ
1976 4998 2226 5053 Creatum
2264 5013 2323 5051 sc
2358 4976 2509 5061 dicit,
2550 4998 2676 5067 quia
2704 4976 2870 5052 boato
2924 4996 3098 5053 factus
3124 5008 3227 5060 est.
3260 4998 3351 5067 qui
3393 5012 3553 5068 supe-

252 5091 366 5144 sub
398 5085 556 5142 caelo
576 5096 737 5156 gente
795 5087 991 5142 multos
1045 5088 1222 5157 palam
1271 5089 1441 5152 cerni,
1480 5088 1571 5159 qui
1615 5104 1868 5157 perverse
1972 5091 2086 5145 rius
2140 5098 2451 5145 asseruerat
2473 5104 2531 5144 se
2559 5096 2685 5143 ante
2718 5090 2910 5145 saecula
2944 5091 3183 5159 genitum
3210 5105 3241 5143 a
3271 5089 3451 5153 Patre,
3473 5090 3557 5143 di-

250 5180 509 5244 vivant;
538 5187 819 5247 etpaucos
852 5179 1001 5233 velut
1059 5194 1227 5249 grana
1268 5180 1368 5235 sub
1412 5180 1586 5251 paleis
1611 5180 1864 5245 inveniri,
1970 5197 2139 5237 cens:
2166 5180 2277 5253 Ego
2321 5181 2577 5251 sapientia
2610 5166 2678 5234 ea:
2716 5196 2805 5233 ore
2834 5180 3089 5233 Altissimi
3134 5180 3327 5247 prodii,
3358 5180 3558 5250 primo-

246 5271 352 5342 qui
384 5270 544 5324 bene
571 5277 755 5338 agant.
786 5269 899 5324 lloc
927 5270 1071 5325 enim
1122 5271 1405 5341 quaeritur,
1436 5272 1581 5342 quod
1611 5271 1741 5326 latet
1767 5287 1868 5327 nec
1970 5278 2143 5349 genita
2172 5288 2346 5331 autem
2382 5286 2502 5330 ante
2528 5290 2732 5328 omnem
2754 5285 3048 5328 creaturam
3076 5273 3267 5345 (Eccli.
3299 5289 3450 5338 XXIV,
3475 5273 3555 5344 5).

246 5362 533 5419 habetur.
595 5362 703 5416 Sed
729 5369 785 5415 et
810 5363 862 5415 iu
889 5363 1131 5432 quolibet
1170 5364 1237 5419 ad
1268 5365 1428 5418 vitam
1487 5365 1867 5436 prmdestiuato
1973 5365 2403 5422 Tabernacnlum
2428 5378 2556 5419 vero
2578 5362 3555 5434 hujnssapientiaeestcorpusassum-

244 5453 476 5526 qumrit
500 5451 755 5508 Christus
776 5455 876 5509 sibi
910 5457 1176 5525 requiem,
1196 5457 1322 5511 dum
1352 5456 1531 5513 adhuc
1549 5468 1863 5528 peccantem
1976 5468 2150 5529 ptum,
2178 5456 2245 5512 de
2273 5472 2380 5527 quo
2406 5454 2540 5509 alias
2573 5454 2774 5510 dicitur
2802 5474 2818 5508 :
2850 5454 2917 5509 In
2938 5453 3047 5508 sole
3093 5457 3267 5524 posuit
3307 5456 3555 5512 taberna—

243 5563 393 5605 eum
465 5554 772 5615 exspectat,
816 5554 873 5599 et
919 5546 1001 5601 vel
1054 5549 1338 5616 praaceptis
1387 5562 1479 5603 seu
1539 5548 1779 5610 monitis,
1812 5556 1868 5602 et
1974 5550 2153 5604 culum
2180 5564 2335 5603 suum
2377 5545 2552 5618 (Psal.
2606 5561 2762 5611 xvnt,
2813 5546 2892 5614 6),
2930 5544 2980 5600 id
3008 5557 3087 5602 est
3135 5549 3191 5603 in
3226 5546 3555 5603 manifestis-

244 5635 587 5699 mtraculis,
612 5647 666 5690 et
695 5639 990 5707 prcsperis,
1042 5649 1099 5694 et
1122 5641 1367 5695 adversis
1411 5642 1585 5711 ipsum
1638 5653 1866 5696 converv
1978 5642 2114 5697 sima
2144 5640 2371 5703 visione,
2416 5653 2611 5710 corpus
2658 5653 2834 5692 suum.
2869 5638 2924 5695 In
2960 5638 3062 5694 ltoc
3095 5637 3444 5695 tabernacqu
3472 5650 3559 5691 re-

245 5740 384 5790 tere
411 5741 474 5787 et
507 5728 669 5784 talem
711 5730 890 5785 facere
938 5733 1137 5795 stutlet,
1188 5740 1245 5787 ut
1304 5733 1355 5788 in
1411 5745 1475 5788 eo
1521 5730 1863 5802 requiescere
1972 5730 2176 5803 quievit
2226 5727 2422 5788 Pater,
2454 5729 2579 5799 quia
2612 5729 2815 5787 nullum
2856 5730 2908 5787 in
2935 5744 3001 5786 eo
3023 5740 3304 5799 peccatum
3330 5727 3557 5792 invenit,

536 5824 811 5886 Ρηιιοι.
839 5822 1115 5886 CLVIII.

3010 5822 3084 5882 19

1708 2158 2007 2171 mc—
