4076 6288
542 368 648 424 567

626 476 633 485 Ὗ
774 488 780 497 ’
1117 482 1347 539 CAPUT
1386 482 1519 549 VIII.

783 568 1024 626 Examen
1077 576 1373 644 argumenti
1406 593 1521 644 cap.
1555 576 1587 630 5
1613 579 1890 647 μνοροιὶιὶ.

614 660 758 717 Dtsc.
800 662 915 718 Non
958 663 1130 727 habeo
1167 665 1296 734 quid
1345 675 1538 721 contra
1589 667 1728 722 hanc
1797 671 2121 724 sententiam

541 764 686 808 tuam
712 753 906 807 dicam.
940 752 1326 824 Sedquouiam
1380 755 1611 811 latenter
1646 758 1902 813 monuisti
1946 775 2037 815 me
2063 769 2124 813 ut

528 834 643 899 non
676 845 1088 899 simcontentus
1154 843 1450 916 intelligere
1498 847 1623 916 quid
1676 848 1858 905 dicas:
1909 850 2003 904 sed
2048 850 2127 903 id-

547 936 725 1002 ipsum
756 936 898 1003 quod
928 936 1081 999 dicis,
1114 936 1453 997 considerem
1480 957 1493 992 :
1525 939 1739 995 videtur
1790 940 1919 995 mihi
1950 942 2127 995 consi-

538 1026 774 1080 deranda
808 1034 896 1079 tua
930 1027 1206 1082 conclusio
1237 1027 1352 1093 "7°,
1382 1044 1544 1099 quam
1562 1046 1628 1085 cx
1656 1046 1776 1085 meo
1805 1031 2120 1102 syllogismo

537 1115 733 1170 conﬁci
770 1117 1052 1172 ostendisti
1075 1134 1088 1179 ;
1109 1118 1235 1187 quia
1262 1134 1383 1174 esse
1407 1122 1743 1190 grammatici
1771 1138 1874 1176 non
1894 1132 1979 1177 est
1999 1139 2122 1178 esse

537 1209 788 1263 hominis.
806 1206 863 1263 Si
887 1209 1031 1264 enim
1056 1209 1159 1265 hoc
1185 1219 1297 1275 est,
1322 1210 1412 1280 qui
1439 1212 1602 1267 habet
1629 1214 1921 1268 essentiam
1938 1229 2121 1284 gram-

538 1298 747 1363 matici,
784 1313 887 1352 non
912 1300 1369 1356 'idcouecessario
1405 1301 1569 1356 habet
1598 1303 1889 1357 essentiam
1941 1305 2120 1359 homi-

537 1390 654 1455 nis;
693 1390 788 1444 sed
813 1389 859 1445 si
893 1390 1056 1445 homo
1081 1402 1340 1462 sequatur
1396 1394 1836 1469 grammaticum,
1886 1397 2120 1459 essentia

540 1479 778 1534 hominis
820 1481 1069 1550 sequitur
1117 1483 1408 1537 essentiam
1442 1485 1784 1553 grammatici
1822 1504 1833 1539 :
1870 1488 1962 1542 sed
2006 1490 2121 1543 hare

540 1587 645 1625 non
689 1571 936 1641 sequitur
996 1574 1166 1635 hanc,
1222 1589 1390 1642 quare
1435 1590 1535 1630 nec
1569 1575 1848 1631 illeillum.
1894 1577 2009 1633 Non
2038 1590 2123 1635 est

540 1665 703 1736 igitur
727 1665 905 1721 oumis
935 1666 1323 1737 grammaticus
1354 1668 1516 1722 homo
1549 1686 1560 1721 :
1602 1677 1679 1731 at,
1711 1686 1833 1723 cum
1865 1671 2120 1727 omnibus

536 1758 906 1829 grammaticis
944 1775 1047 1813 una
1077 1759 1145 1815 sit
1167 1760 1324 1820 ratio.
1358 1776 1456 1814 cur
1481 1760 1591 1815 sint
1620 1762 1865 1818 homines
1889 1806 1903 1829 ,
1940 1764 2119 1833 prole-

536 1860 624 1906 cto
662 1859 755 1904 aut
781 1852 957 1907 oinnis
1003 1854 1393 1923 grammaticus
1450 1864 1535 1909 est
1570 1856 1751 1917 homo,
1792 1866 1884 1909 aut
1923 1857 2117 1913 nullus.
2157 1845 2199 1903 Β

537 1940 645 1995 Sed
672 1953 885 1997 constat
914 1944 1041 2015 quia
1068 1960 1173 1999 non
1204 1945 1414 2010 omnis;
1446 1944 1625 2000 nullus
1662 1946 1847 2016 igitur.
1894 1945 2122 2001 Videtur

537 2034 721 2101 itaque
752 2033 842 2065 3’“
880 2035 1005 2102 quia
1034 2033 1345 2104 syllogismo
1376 2051 1493 2090 meo
1508 2036 1936 2101 conclusionem,
1959 2053 2120 2106 quam

538 2136 696 2181 acute
725 2125 1018 2190 abstulisti,
1046 2127 1343 2191 auferendo
1368 2128 1582 2182 acutius
1625 2129 1842 2182 dedisti.
1889 2129 2026 2182 Man.
2056 2128 2123 2184 Et

539 2219 585 2273 si
618 2218 851 2273 latenter
886 2230 937 2275 te
962 2221 1143 2274 monui
1203 2221 1553 2276 considerare
1601 2222 1744 2291 quod
1783 2221 1974 2285 audis,
2016 2238 2119 2275 non

539 2320 747 2376 tamen,
783 2320 842 2373 ut
871 2322 1118 2381 apparet,
1152 2311 1416 2365 inutiliter
1463 2326 1477 2363 :
1518 2328 1641 2365 nam
1689 2313 1790 2366 etsi
1832 2312 2123 2383 sopbistice

538 2401 738 2469 probes
774 2402 977 2455 nullum
1011 2402 1104 2434 “7’
1130 2402 1541 2472 grammaticum
1574 2403 1866 2464 hominem,
1888 2418 1984 2473 per
2013 2403 2114 2457 hoc

537 2495 685 2563 quod
738 2510 859 2549 esse
894 2495 1238 2565 grammatici
1298 2510 1401 2548 non
1433 2504 1517 2550 est
1545 2510 1665 2549 esse
1712 2495 1951 2550 hominis
1990 2494 2118 2559 "7';

534 2582 666 2659 utile
697 2593 874 2649 tamen
917 2583 1010 2638 tibi
1056 2584 1182 2647 erit,
1212 2599 1332 2638 cum
1359 2584 1533 2653 ipsum
1576 2584 1852 2653 sophisma
1898 2587 2040 2654 quod
2072 2594 2121 2640 te

535 2676 638 2730 sub
653 2675 813 2745 pallio
829 2691 965 2732 vera:
996 2678 1221 2731 rationis
1248 2677 1382 2730 lallit
1400 2677 1452 2730 iu
1466 2692 1559 2731 sua
1576 2677 1806 2741 fallacia,
1826 2677 1897 2730 ita
1919 2678 2120 2731 nudum

536 2769 861 2839 conspicies.
895 2770 1037 2824 Dtsc.
1064 2768 1300 2824 Ostende
1355 2785 1484 2839 ergo
1528 2769 1670 2838 quod
1709 2785 1795 2824 me
1828 2770 2015 2835 fallat;
2068 2779 2122 2823 et

536 2857 624 2911 ubi
655 2875 738 2912 me
770 2858 918 2912 l‘allat
942 2860 1078 2929 hate,
1119 2875 1284 2929 quam
1314 2861 1471 2914 modo
1494 2860 1595 2915 feci
1634 2861 1701 2915 de
1742 2863 2119 2931 grammatico,

532 2950 801 3018 probatio.
834 2950 973 3006 MAG.
1024 2950 1331 3006 Redeamus
1363 2951 1557 3005 iterum
1588 2953 1655 3006 ad
1716 2952 1915 3005 animal
1946 2964 1996 3007 et
2026 2955 2124 3007 ho-

536 3041 766 3106 minem,
796 3042 850 3097 in
882 3043 1082 3115 quibus
1114 3043 1185 3097 ita
1210 3042 1363 3113 quasi
1386 3042 1669 3113 palpamus
1694 3043 1975 3098 veritatem
2002 3044 2119 3110 '9“,

1080 370 1135 425 S.
1176 369 1472 425 ANSELMI
1516 370 1866 427 CANTUAR.
1902 371 2121 441 AllClIll

2273 373 2425 429 ΟΡΡ.
2471 375 2651 430 PARS
2683 376 2723 429 I.
2756 402 2826 415 -—-
2860 373 3282 431 DOGMATICA.‘

3706 377 3813 434 5(38

2154 492 2203 548 Α
2232 489 2625 558 grammaticus
2645 489 2868 544 omnino
2898 499 2951 545 et
2977 488 3159 544 homo.
3177 488 3332 544 Sicut
3358 490 3505 545 enim
3522 493 3688 547 homo
3705 508 3813 547 non

2231 579 2393 635 debet
2416 579 2627 635 deﬁniri
2653 596 2773 635 cum
2803 581 3181 651 grammatica,
3206 580 3277 634 ita
3303 581 3690 650 grammaticus
3708 596 3814 636 non

2228 670 2371 724 valet
2401 671 2521 731 sine
2546 671 2922 754 grammatica.
2962 670 3142 737 Quare
3164 669 3321 725 debet
3352 670 3576 740 intelligi
3607 671 3694 724 illa
3723 682 3813 726 tua

2228 764 2626 835 argumentatio
2641 763 2745 818 hoc
2772 763 2933 819 modo
2962 780 2975 817 :
3010 763 3066 817 Si
3093 776 3214 818 esse
3237 762 3579 831 grammatici
3602 768 3820 817 non'est

2230 856 2548 933 simpliciter
2576 871 2698 911 esse
2714 855 2955 911 hominis
2979 871 2992 920 ;
3018 855 3108 925 qui
3134 854 3297 908 habet
3320 853 3611 908 essentiam
3637 869 3816 923 gram-

2228 949 2437 1014 matici,
2471 964 2580 1003 non
2607 948 2728 1003 ideo
2772 947 3023 1018 sequitur
3045 957 3103 1001 ut
3131 945 3327 1000 habeat
3367 944 3689 1014 simpliciter
3726 960 3819 999 es-

2227 1037 2458 1092 sentiam
2498 1037 2764 1094 hominis.
2816 1035 3082 1105 Similiter
3128 1035 3537 1106 intelligendum
3577 1044 3658 1089 est
3686 1035 3816 1104 quia

2227 1127 2544 1196 simpliciter
2566 1127 2729 1181 homo
2766 1142 2873 1182 non
2901 1126 3151 1196 sequitur
3181 1125 3621 1195 grammaticum,
3646 1124 3698 1178 id
3727 1132 3812 1177 est

2226 1218 2268 1270 si
2293 1217 2677 1286 grammaticus
2709 1225 2813 1281 est,
2843 1233 2947 1271 non
2986 1216 3235 1286 sequitur
3274 1226 3335 1270 ut
3367 1216 3439 1271 sit
3488 1215 3819 1287 simpliciter

2224 1310 2415 1375 homo;
2464 1310 2535 1364 ita
2586 1324 2716 1363 vero
2761 1309 2892 1363 nihil
2948 1308 3093 1363 aliud
3150 1311 3419 1377 sequitur,
3479 1307 3584 1362 nisi
3636 1305 3817 1359 nulla:

2223 1403 2596 1468 grammaticus
2649 1410 2724 1454 est
2770 1398 3075 1469 simpliciter
3123 1401 3298 1453 homo.
3348 1399 3496 1455 Dtsc.
3522 1397 3664 1453 Nihil
3718 1395 3818 1430 ⁸⁸⁸⁸

2223 1488 2441 1542 clarius.

2824 1579 3052 1636 CAPUT
3092 1579 3181 1634 IX.

2432 1721 2508 1765 An
2530 1714 2595 1766 sit
2621 1714 2812 1781 aliquis
2864 1714 3239 1782 grammaticus
3274 1729 3383 1775 non
3418 1714 3593 1767 homo.

2300 1848 2438 1901 MAG.
2479 1848 2673 1901 \‘ernm
2707 1848 2750 1903 si
2788 1847 3133 1916 probaretur,
3161 1848 3305 1917 quod
3334 1847 3416 1917 (nt
3449 1846 3602 1917 puto)
3655 1845 3824 1903 facile

2225 1937 2339 1992 ﬁeri
2368 1939 2461 1973 “8'
2506 1949 2709 2007 potest,
2742 1940 2868 2009 quia
2928 1955 3047 1994 esse
3078 1941 3416 2009 grammatici
3448 1940 3521 1994 ita
3575 1955 3681 1994 non
3731 1951 3820 1994 est

2223 2047 2345 2089 esse
2372 2033 2626 2097 hontinis,
2665 2034 2806 2087 sicut
2830 2048 2951 2089 esse
2974 2034 3080 2087 albi
3127 2049 3233 2087 non
3279 2042 3363 2089 est
3409 2048 3530 2089 esse
3568 2034 3816 2088 hominis

2225 2126 2423 2194 (potest
2452 2126 2596 2180 enim
2629 2126 2789 2189 homo
2813 2142 2931 2182 esse
2956 2126 3073 2181 sine
3104 2112 3248 2191 albo,
3282 2136 3338 2181 et
3368 2126 3549 2181 album
3567 2126 3684 2181 sine
3706 2126 3812 2181 ho-

2225 2218 2389 2286 mine)
2419 2234 2433 2271 :
2464 2227 2592 2272 tunc
2613 2232 2739 2272 vere
2760 2226 3081 2287 sequeretur
3110 2218 3344 2286 aliquem
3389 2218 3821 2287 grammaticum

2223 2325 2381 2379 posse
2403 2324 2522 2365 esse
2544 2325 2648 2365 non
2668 2310 2962 2365 hominem.
2998 2310 3141 2365 Dtsc.
3167 2309 3303 2376 Quid
3320 2326 3447 2380 ergo
3467 2310 3780 2365 laboramus
3794 2311 3819 2363 ?

2224 2401 2281 2455 Si
2313 2402 2414 2457 hoc
2437 2401 2531 2435 ⁸⁹⁸³
2590 2402 2809 2472 probari
2842 2411 3041 2471 potest,
3095 2402 3262 2471 proba
3293 2418 3307 2457 :
3343 2412 3399 2455 et
3443 2401 3665 2455 ﬁniatur
3691 2402 3812 2456 hac

2225 2494 2320 2527 ³⁸⁸⁸
2354 2493 2603 2564 quaestio.
2631 2494 2766 2550 MAG.
2800 2493 2917 2549 Non
2948 2495 3050 2549 hoc
3078 2510 3107 2548 a
3140 2510 3226 2548 me
3246 2493 3412 2549 debes
3446 2494 3535 2548 hic
3554 2494 3810 2565 exigere;
3854 2546 3859 2549 .

2225 2601 2328 2640 non
2357 2588 2501 2640 enim
2533 2587 2586 2641 in
2615 2585 2719 2640 hac
2738 2587 3035 2656 quaestione
3066 2586 3393 2641 ventilamus
3414 2594 3593 2639 utrum
3634 2586 3813 2656 possit

2224 2692 2366 2741 esse,
2394 2678 2489 2731 sed
2512 2686 2691 2731 utrum
2732 2678 2804 2732 sit
2829 2677 3027 2746 aliquis
3070 2678 3460 2749 grammaticus
3496 2693 3603 2732 non
3628 2680 3815 2744 homo,

2224 2769 2366 2839 quod
2420 2768 2575 2825 vides
2623 2770 2913 2825 monstrari
2969 2785 3074 2823 non
3142 2784 3322 2841 posse.
3356 2772 3499 2824 Dtsc.
3558 2769 3814 2824 Nondum

2224 2862 2402 2929 video,
2448 2863 2574 2931 quia
2606 2862 2784 2917 adhuc
2827 2862 3001 2917 habeo
3032 2862 3214 2917 dicere
3258 2872 3469 2916 contra.
3503 2860 3641 2917 Mm.
3691 2860 3814 2917 Dic.

2224 2953 2727 3024 Dtsc.,Aristoteles
2748 2954 3417 3023 ostenditgrammaticum
3461 2968 3649 3009 eorum
3693 2969 3819 3009 esse

2225 3060 2344 3114 qua:
2369 3054 2494 3099 sunt
2523 3043 2875 3111 insubjeeto:
2921 3042 3085 3114 146
3113 3053 3166 3096 ει
3208 3042 3383 3097 nullus
3426 3044 3589 3097 homo
3631 3052 3712 3097 est
3753 3043 3816 3097 in

538 3144 595 3188 ut
626 3134 832 3189 nullum
885 3136 1163 3207 sophisma
1190 3137 1347 3199 nobis
1392 3136 1739 3205 persuadeat,
1786 3136 1910 3190 licet
1941 3146 2118 3206 cogat,
2151 3195 2191 3213 η
2227 3136 2472 3206 subjecto
2500 3154 2511 3189 :
2545 3151 2713 3205 quare
2738 3134 2915 3189 nullus
2937 3134 3030 3166 “'3‘
3054 3134 3445 3205 grammaticus
3470 3133 3815 3188 homo.Mac.

534 3229 759 3295 credere
789 3229 1099 3295 falsitatem.
1133 3231 1227 3288 Dic
1256 3246 1387 3302 ergo
1422 3240 1599 3285 utrum
1625 3245 1747 3286 esse
1777 3232 2121 3298 uniuscujus-
2149 3198 2192 3254 (Ξ
2226 3223 3818 3295 NoluitAristotcleshocconsequiexsuisdictismamidem

533 3319 733 3387 querei
757 3319 809 3373 in
841 3319 1160 3376 diﬁinitione
1208 3322 1494 3377 consistat.
1561 3319 1705 3376 Dtsc.
1742 3322 1815 3375 Ita
1844 3331 1944 3375 est.
1978 3320 2118 3383 MAG.

533 3408 1391 3481 Dittinitiohominisestdiﬁinitio
1405 3410 1689 3466 animalis?
1708 3410 2081 3468 Dtsc.Minime
2103 3431 2117 3468 :

534 3502 580 3557 si
605 3503 749 3557 enim
782 3503 983 3557 animal
1023 3504 1281 3558 rationale
1328 3504 1551 3571 mortale
1594 3506 1739 3573 (quae
1766 3512 1850 3559 est
1875 3504 2120 3559 diﬂinitio

535 3590 1214 3665 hominislessetdiﬁinitio
1247 3594 1837 3662 animalis,cuicunquc
1866 3596 2120 3648 conveni-

535 3694 619 3739 ret
648 3684 868 3750 animal,
899 3686 1214 3739 conveniret
1236 3684 1511 3740 rationale
1544 3685 1813 3749 mortale;
1848 3687 1990 3755 quod
2020 3685 2118 3739 l'al-

534 3793 656 3830 sum
686 3777 784 3813 "7‘
808 3786 910 3832 est.
943 3777 1083 3849 MAG,
1113 3778 1230 3833 Non
1260 3787 1344 3837 est
1375 3778 1539 3849 igitur
1566 3794 1689 3834 esse
1738 3778 1972 3833 hominis
2000 3795 2120 3834 esse

533 3868 806 3939 animalis.
838 3869 983 3937 Dtsc.
1010 3868 1087 3925 Ita
1110 3871 1481 3940 consequitur.
1502 3869 1638 3935 Mss.
1666 3870 1829 3927 Potes
1862 3872 2029 3943 igitur
2051 3888 2117 3931 ex

532 3962 638 4016 hoc
668 3963 897 4031 probare
925 3964 1048 4034 quia
1085 3963 1260 4017 nulla:
1285 3965 1441 4031 homo
1464 3964 1669 4019 animal
1699 3979 1796 4027 est,
1820 3966 2007 4021 eadem
2026 3967 2118 3997 "7°

532 4052 763 4121 ratione,
798 4070 904 4125 qua
963 4056 1207 4125 probasti
1260 4056 1421 4111 modo
1452 4056 1653 4110 nullum
1703 4059 2115 4126 granimaticum

530 4158 655 4199 esse
685 4144 982 4201 hominem.
1043 4146 1386 4218 Quapropter
1413 4147 1458 4203 si
1509 4148 1663 4203 vides
1718 4161 1962 4219 apertam
1997 4166 2119 4212 esse

531 4235 829 4292 falsitatem
857 4238 1003 4296 quod
1028 4238 1144 4293 haec
1174 4238 1373 4294 tua‘m-
1404 4238 1747 4294 ratiocinatio
1786 4239 1872 4295 hic
1899 4240 2117 4296 conclu-

530 4325 629 4389 dit,
673 4342 741 4381 ne
778 4325 973 4383 credas
1016 4339 1221 4385 certam
1267 4344 1389 4385 esse
1413 4331 1697 4385 veritatem
1716 4330 1832 4396 ⁸³⁷⁸,
1854 4332 1997 4401 quod
2044 4332 2113 4386 ibi

529 4417 670 4471 ludit
700 4418 813 4491 ³⁸τῇ
843 4420 989 4475 Dtsc.
1006 4420 1123 4475 .lam
1143 4421 1430 4476 ostendisti
1453 4422 1581 4491 quia
1604 4438 1689 4477 me
1712 4423 1869 4488 fallit,
1892 4426 2116 4480 ostende

528 4507 699 4562 etiam
723 4509 834 4585 ubi.
860 4509 1002 4587 Mss.
1029 4509 1146 4585 Non
1185 4518 1338 4581 tenes
1380 4513 1523 4581 quod
1549 4512 1707 4582 paulo
1750 4523 1875 4569 ante
1897 4515 2030 4582 dixi,
2062 4525 2115 4570 te

529 4601 883 4671 concedente,
914 4603 1039 4673 quia
1063 4619 1184 4659 esse
1204 4604 1542 4674 grammatici
1582 4621 1688 4659 non
1732 4615 1814 4661 est
1860 4622 1981 4663 esse
2022 4609 2117 4663 ho-

534 4693 721 4761 minis,
754 4695 895 4749 idem
924 4703 1008 4750 est
1032 4712 1095 4750 ac
1126 4696 1169 4751 si
1201 4697 1478 4751 diceretur
1507 4714 1519 4751 :
1563 4697 1818 4763 Dilliuitio
1848 4716 2115 4770 grannna-

532 4783 624 4843 tici
650 4798 756 4839 non
779 4793 863 4841 est
886 4783 1133 4857 dillinitio
1153 4784 1391 4843 hominis
1408 4786 1524 4854 “‘9,
1551 4787 1601 4841 id
1625 4798 1723 4855 est,
1746 4804 1855 4845 non
1877 4791 2113 4848 estidem

2148 4560 2197 4618 D

2223 3322 2543 3377 Aristoteles
2564 3320 2694 3375 dicit
2727 3318 3017 3389 quemdam
3049 3318 3344 3379 hominem,
3366 3325 3423 3370 et
3455 3317 3732 3371 hominem
3756 3324 3817 3370 et

2223 3412 2421 3468 animal
2443 3402 2877 3483 grammaticum.
2914 3411 3058 3464 DISC.
3098 3407 3380 3475 Quomodo
3400 3423 3531 3478 ergo
3556 3406 3814 3462 dissolvi-

2225 3514 2312 3559 tur
2342 3504 2445 3558 iste
2474 3500 2854 3573 syllogismus?
2883 3498 3025 3555 MAG.
3051 3498 3342 3568 Responde
3372 3498 3503 3552 mihi
3536 3514 3548 3550 :
3574 3512 3700 3551 cum
3721 3496 3807 3550 Io-

2221 3597 2406 3668 queris
2431 3597 2563 3651 mihi
2593 3597 2658 3650 de
2683 3593 3068 3666 grammatico,
3101 3590 3242 3646 unde
3267 3590 3561 3662 intelligam
3596 3589 3817 3659 tcloqui

2222 3691 2288 3744 de
2318 3689 2420 3743 hoc
2456 3686 2699 3752 nomine,
2731 3702 2799 3742 an
2825 3685 2892 3739 dc
2923 3685 3085 3739 rebus
3110 3698 3247 3754 quas
3297 3680 3604 3753 signiﬁcat?
3658 3680 3807 3736 Dtsc.

2221 3779 2296 3834 De
2320 3779 2499 3833 rebus.
2532 3777 2675 3832 MAG.
2709 3775 2855 3844 Quas
2883 3791 3016 3848 ergo
3041 3790 3129 3830 res
3162 3773 3475 3845 signiﬁcat?
3508 3774 3657 3828 Dtsc.
3704 3770 3815 3827 Bo-

2223 3871 2444 3931 minem,
2472 3878 2527 3923 et
2564 3868 3001 3939 grammaticam.
3032 3866 3173 3921 Illac.
3198 3866 3403 3920 Audito
3429 3879 3561 3935 ergo
3587 3864 3693 3918 hoc
3714 3878 3812 3916 no-

2220 3963 2386 4026 mine,
2440 3960 2739 4031 intelligam
2782 3960 3059 4014 hominem
3111 3966 3203 4011 aut
3250 3956 3709 4027 grammaticam;
3759 3964 3815 4007 et

2221 4056 2450 4126 loquens
2473 4054 2538 4108 de
2562 4053 2922 4123 grammatico
2948 4050 3141 4120 loquar
3172 4049 3267 4081 ³⁸⁸⁸
3305 4050 3373 4104 de
3424 4050 3673 4111 homine,
3718 4057 3815 4101 aut

2220 4148 2284 4202 de
2306 4146 2680 4218 grammatica.
2700 4145 2843 4217 Dtsc.
2874 4144 2949 4217 Ita
2973 4152 3187 4213 oportet
3207 4142 3323 4197 "'7.
3343 4141 3482 4203 ΜΛα.
3512 4142 3611 4196 Dic
3639 4156 3774 4213 ergo
3794 4155 3823 4213 εἱ

2221 4238 2394 4294 Homo
2418 4246 2502 4293 est
2527 4237 2854 4301 substantia,
2890 4253 2957 4291 an
2983 4237 3035 4291 iu
3066 4235 3350 4305 subjecto?
3397 4234 3544 4289 Dtsc.
3574 4232 3694 4289 Non
3726 4243 3813 4290 est

2218 4331 2274 4387 in
2303 4330 2563 4399 subjecto,
2620 4330 2713 4386 sed
2757 4337 2841 4385 est
2891 4329 3210 4385 substantia.
3263 4328 3401 4384 MAG.
3438 4328 3812 4384 Grammatica

2217 4436 2300 4481 est
2332 4424 2586 4494 qualitas,
2631 4431 2687 4478 et
2739 4422 2792 4476 in
2842 4421 3102 4492 subjecto.
3148 4420 3294 4475 Dtsc.
3354 4417 3660 4487 Utrumque
3704 4430 3809 4472 εει.

2221 4514 2360 4570 MAG.
2395 4513 2533 4582 Quid
2554 4528 2684 4583 ergo
2707 4511 2923 4574 mirum,
2951 4511 2995 4566 si
3022 4509 3145 4580 quis
3178 4509 3308 4563 dicit
3336 4509 3461 4578 quia
3485 4506 3812 4579 grammati-

2220 4621 2318 4664 cus
2342 4615 2425 4661 est
2452 4604 2774 4671 substantia,
2799 4612 2852 4657 et
2878 4618 2982 4656 non
3013 4611 3095 4656 est
3125 4601 3178 4655 in
3210 4597 3475 4668 subjecto,
3506 4603 3810 4653 secundum

2224 4700 2527 4765 hominem;
2578 4706 2632 4751 et
2687 4694 3072 4766 grammaticus
3117 4702 3200 4746 est
3244 4690 3338 4723 ³³⁸⁸
3362 4689 3622 4760 qualitas.
3669 4697 3722 4742 et
3752 4686 3825 4759 in.

2218 4789 2485 4859 subjecto,
2513 4789 2807 4845 secundum
2836 4786 3246 4856 grammaticam
3272 4784 3295 4837 ?

1818 4902 2052 4958 VARUE
2095 4901 2509 4958 LECTIONES.

598 4990 693 5022 ³⁸⁷⁸
710 4989 1066 5047 Concedenda
1105 5001 1194 5046 tua
1230 4991 1508 5047 conclusio
1544 5008 1673 5050 mss.
1705 4994 2095 5048 consideranda
2134 4992 2219 5045 illa
2265 4992 2543 5047 conclusio
2615 4989 2913 5044 ""Nullus
2960 4988 3126 5058 igitur
3172 4987 3427 5058 videtur:
3462 4986 3652 5055 Itaque
3682 5004 3808 5040 mu.

525 5059 707 5132 nullus
732 5059 918 5131 igitur.
950 5060 1176 5116 Videtur
1208 5062 1391 5131 itaque
1420 5063 1547 5132 quia
1575 5080 1676 5118 ms.
1718 5062 1853 5117 Vict.
1890 5064 1959 5117 15
1990 5063 2171 5117 nullus
2202 5062 2367 5131 igitur
2393 5063 2610 5116 videtur
2643 5063 2769 5130 quia
2845 5056 3182 5129 ""Frobem
3212 5056 3417 5132 nullum
3448 5059 3813 5132 mss._probes

523 5130 734 5202 nullum
757 5126 779 5131 ⁷
809 5132 1053 5188 ""Esse
1101 5126 1330 5187 rationis
1375 5126 1499 5187 mss.
1531 5148 1652 5188 esse
1683 5134 1922 5189 hominis
1997 5133 2179 5187 "'"Ita
2223 5126 2508 5201 palpamus
2536 5126 2706 5202 quasi
2726 5126 3177 5202 veritatemmur
3210 5127 3287 5202 ita_
3314 5126 3473 5195 quasi
3521 5128 3813 5202 palpamns

523 5201 817 5273 veritatem
891 5202 987 5234 ⁸³⁷⁵
1006 5203 1316 5273 Rationale,
1353 5204 1495 5273 quod
1527 5203 1719 5257 falsum
1758 5220 1884 5258 mss.
1918 5203 2187 5258 rationale
2216 5195 2478 5265 mortale,
2508 5195 2651 5272 quod
2686 5200 2879 5255 falsum
2959 5195 3289 5251 ""Animal
3314 5212 3433 5250 cum
3455 5195 3648 5273 eadem
3678 5213 3806 5249 nm.

526 5270 736 5344 animal
761 5273 1064 5344 esteadem
1119 5269 1390 5344 7""Quia
1415 5274 1530 5328 haec
1563 5282 1650 5327 tua
1680 5290 1806 5344 nisa.
1832 5274 1976 5344 quod
2005 5275 2126 5344 Ith
2144 5284 2243 5344 tua
2318 5274 2411 5311 "7°
2423 5269 2640 5327 Certam
2668 5273 2951 5344 veritatem
2982 5275 3343 5344 niss.‘_ce_rt_am
3371 5281 3492 5321 esse
3516 5269 3810 5344 veritatem

525 5339 622 5373 ’νη
667 5339 819 5412 Quod
856 5343 930 5397 ibi
974 5343 1250 5398 concludit
1276 5336 1404 5396 mss.
1437 5346 1579 5412 quod
1606 5344 1676 5397 ibi
1707 5336 1866 5399 ludit'
1948 5342 2043 5376 ³⁹⁸⁰
2058 5342 2453 5399 Dellinitionem
2481 5343 2716 5397 hominis
2747 5357 2851 5396 non
2883 5354 3003 5412 esse
3033 5338 3420 5412 deliinitioncm
3458 5336 3808 5407 grammatici

525 5411 955 5484 mathdeﬁnitio
1007 5413 1364 5484 grammatici
1416 5408 1522 5471 non
1574 5423 1659 5468 est
1716 5414 1963 5469 deﬁnitio
2029 5414 2267 5469 hominis
2352 5413 2443 5445 ³⁹⁸¹
2497 5408 3809 5484 Simpliciterrhomo,ﬁ_quod“sermones.an

526 5478 891 5561 simpliciter}
924 5474 1402 5561 sedvﬂhomontalis
1431 5492 1524 5561 _e_st
1565 5485 1973 5561 grammaticus.
2007 5484 2150 5539 Disc.
2179 5484 2311 5538 nihil
2338 5501 2462 5561 mss.
2503 5474 2821 5561 simpliciter
2852 5474 3211 5561 homo.nl)isp.
3256 5476 3401 5561 nihil.
3441 5474 3560 5561 1””
3581 5475 3810 5561 Diﬁicil'e

526 5544 651 5627 ﬁeri
676 5566 801 5627 mag.
827 5551 1011 5627 facile
1040 5552 1181 5627 ﬁeri~
1234 5546 1483 5619 maQuid
1533 5544 1665 5627 ergo
1694 5553 2007 5627 laboramus
2028 5563 2230 5627 utrum
2258 5544 2429 5627 possit
2471 5544 2626 5608 esse?
2667 5555 2724 5627 si
2753 5554 2853 5606 hoc
2882 5549 3346 5627 ntss._Quid__ergo
3381 5544 3731 5627 laboramus?
3762 5548 3807 5598 si

530 5620 638 5690 hoc
711 5619 809 5652 ³⁸⁸⁵
827 5621 891 5675 Et
919 5622 1142 5678 ﬁniatur
1171 5625 1286 5678 bare
1312 5615 1438 5677 nisa.
1467 5631 1522 5677 et
1552 5615 1803 5678 ﬁrmatur
1832 5626 1948 5679 haec
2024 5615 2271 5690 m‘Quia'
2309 5624 2485 5677 nullus
2530 5641 2654 5677 mss.
2692 5624 2874 5690 Quare
2917 5620 3094 5674 nullus
3169 5617 3264 5649 ³9⁸³
3283 5617 3349 5690 Et
3380 5617 3619 5684 loqueris
3646 5615 3715 5668 de

526 5689 722 5763 loquor
746 5706 867 5771 mss.
900 5702 955 5746 et
984 5692 1209 5764 loquens
1239 5695 1388 5748 de
1422 5693 1610 5763 loquar
1688 5695 1982 5751 3""ltanue
2023 5687 2236 5767 oportet
2267 5712 2390 5749 mss.
2426 5696 2494 5747 ita
2542 5687 2753 5763 oportet
2843 5691 2935 5731 ³⁸³⁸⁸
2952 5693 3017 5745 lit
3060 5687 3415 5760 grannnatica
3460 5694 3542 5741 est
3573 5702 3695 5740 mu.
3754 5697 3807 5740 ct

528 5770 915 5832 grammaticus
959 5774 1040 5818 est
