4076 6288
346 278 449 333 569

950 387 1180 446 CAPUT
1213 389 1278 444 Χ.

346 478 737 535 Grammaticus
764 497 833 534 an
870 482 938 535 sit
992 482 1285 551 prima,an
1335 480 1568 536 secunda
1612 480 1928 535 substantia.

413 570 560 625 Dtsc.
590 569 812 626 Dilliteri
836 585 943 625 non
973 585 1192 642 possum
1220 570 1347 635 ;sed
1365 586 1532 627 unum
1561 569 1929 626 adhuodicam

343 676 439 716 cur
474 660 570 695 ³⁹³⁹
619 660 1013 731 grammaticus
1059 677 1167 716 non
1199 661 1269 715 sit
1296 661 1639 727 substantia;
1664 661 1792 733 quia
1816 677 1932 717 om-

340 752 423 807 nis
446 751 759 814 substantia
788 760 873 807 est
897 752 1074 821 prima
1124 761 1220 807 aut
1241 752 1509 818 secunda;
1536 754 1931 823 grammaticus

339 853 523 909 autem
551 858 651 898 nec
680 842 877 913 prima,
930 858 1033 898 nec
1059 845 1321 899 secunda.
1362 843 1503 898 MAG.
1546 843 1815 899 Memento
1848 844 1928 898 di-

337 945 556 992 ctorum
581 934 911 1000 Aristotelis,
936 950 1058 1006 qua:
1078 935 1239 1006 paulo
1261 945 1387 995 ante
1422 936 1552 1000 dixi,
1579 937 1776 1015 quibus
1798 936 1929 992 dicit

336 1026 755 1094 grammaticum
787 1026 882 1058 'm
911 1035 964 1081 et
993 1027 1226 1097 primam
1256 1036 1312 1081 et
1340 1026 1634 1083 secundam
1668 1027 1927 1082 substan-

336 1116 511 1180 tiam;
546 1116 675 1187 quia
705 1126 761 1171 et
812 1118 1089 1172 hominem
1128 1119 1443 1188 quemdam,
1466 1127 1521 1174 et
1567 1119 1843 1173 hominem
1870 1128 1926 1174 et

332 1206 558 1273 animal,
583 1208 999 1279 grammaticum
1016 1207 1120 1263 diri
1150 1217 1384 1266 testatur
1414 1208 1544 1264 :sed
1575 1218 1756 1264 tamen
1780 1211 1924 1265 unde

334 1298 488 1368 prob,
511 1312 541 1359 ε
567 1300 982 1370 grammaticum
1007 1315 1111 1355 non
1135 1315 1257 1355 esse
1286 1300 1540 1370 primam,
1586 1309 1680 1355 aut
1727 1315 1921 1355 secun-

331 1389 460 1457 dam
485 1392 848 1447 substantiam
873 1393 897 1445 ?
924 1394 1068 1447 Dtsc.
1099 1391 1236 1459 Quia
1262 1400 1347 1449 est
1388 1392 1440 1445 in
1462 1392 1737 1461 subjecto,
1775 1394 1921 1462 quod

332 1482 426 1515 ³⁹⁹¹
457 1482 605 1537 nulla
633 1483 939 1538 substantia
964 1493 1073 1549 est;
1091 1493 1147 1538 et
1177 1483 1377 1538 dicitur
1400 1484 1466 1538 de
1489 1483 1918 1553 pluribus,quod

332 1573 525 1641 prima:
547 1586 655 1626 non
680 1582 797 1635 est;
829 1588 930 1628 nec
950 1580 1036 1629 est
1064 1588 1253 1644 genus,
1281 1582 1375 1629 aut
1398 1573 1629 1643 species.
1659 1588 1760 1629 nec
1786 1575 1919 1630 dici-

332 1672 424 1717 ιι-ι·
454 1663 505 1717 in
537 1678 602 1719 eo
632 1663 774 1733 quod
798 1664 924 1734 quid
955 1681 969 1718 :
1001 1665 1143 1735 quod
1169 1675 1252 1720 est
1280 1664 1550 1719 secundae.
1586 1665 1729 1720 ΜΑο.
1773 1664 1914 1720 Nihil

1683 276 1767 331 DE
1803 271 2259 331 GRAMMATICO

1960 393 2010 448 Α
2040 402 2157 439 men
2187 386 2551 456 grammatici,
2604 386 2817 457 ignorat
2866 388 3279 458 grammaticum
3308 388 3615 457 signiﬁcare
3647 447 3656 459 ν,

3507 280 3614 334 570

2036 477 2310 534 hominem
2337 487 2393 533 et
2427 478 2842 550 grammaticam
2876 490 2971 534 :et
3008 488 3190 534 tamen
3212 478 3255 535 si
3284 479 3386 534 hae
3418 479 3613 533 ﬁducia

2037 572 2088 625 in
2124 570 2319 639 populo
2341 569 2567 640 loquens
2604 570 2781 626 dicam
2826 584 2840 624 :
2893 569 3049 625 Utilis
3072 570 3289 625 scientia
3318 580 3393 625 est
3432 572 3615 638 aram-

2034 659 2274 724 matirus,
2293 668 2406 723 aut,
2425 660 2654 714 benescit
2668 661 2926 715 ltomoiste
2949 662 3353 731 grammaticum
3376 661 3491 727 "9",
3509 678 3612 715 non

2039 755 2212 809 solum
2242 754 2726 813 stomachabuntur
2750 754 3116 823 grammatici,
3149 751 3244 807 sed
3271 761 3327 807 et
3360 753 3614 808 ridebunt

2033 849 2238 902 rustici.
2269 848 2587 904 Nullatenus
2638 850 2821 918 itaque
2862 849 3080 903 credam
3117 849 3233 903 sine
3275 848 3455 918 aliqua
3507 848 3611 902 alia

2033 943 2241 997 ratione
2268 952 2591 998 tractatores
2617 942 2913 997 dialectica'
2946 952 3055 996 tam
3097 957 3242 1011 strpe
3276 952 3330 997 et
3360 950 3468 996 tam
3500 951 3615 996 stu-

2029 1036 2181 1090 diose
2210 1036 2261 1089 in
2294 1034 2408 1090 suis
2438 1034 2594 1089 libris
2633 1034 2919 1105 scripsisse
2942 1034 3082 1104 quod
3114 1034 3253 1089 idem
3302 1034 3403 1103 ipsi
3443 1033 3614 1089 collo-

2027 1139 2255 1199 quentes
2297 1128 2482 1183 dicere
2528 1128 2922 1183 erubescerent
2978 1146 2989 1181 :
3038 1128 3336 1197 sepissime
3379 1142 3612 1196 namque

2024 1236 2146 1276 cum
2176 1221 2362 1275 volunt
2383 1221 2669 1275 ostendere
2695 1220 3011 1290 qualitatem
3042 1228 3135 1273 aut
3178 1219 3433 1273 accidens
3484 1220 3611 1273 snh-

2016 1311 2271 1383 jungunt,
2305 1323 2359 1365 ut
2392 1312 2804 1382 grammaticus,
2837 1312 3097 1367 etsimiliu
3136 1329 3152 1365 :
3182 1327 3307 1366 cum
3332 1328 3604 1381 gramma-

2026 1403 2190 1456 ticum
2217 1401 2390 1470 magis
2417 1414 2539 1456 esse
2574 1402 2954 1465 substantiam,
2985 1417 3147 1471 quam
3177 1400 3493 1470 qualitatem
3520 1413 3615 1457 aut

2023 1493 2296 1559 accidens,
2332 1508 2464 1548 usus
2507 1493 2746 1547 omnium
2777 1492 3113 1562 loquentium
3159 1501 3449 1546 attestetur
3471 1492 3564 1524 ³⁸³⁸
3595 1511 3609 1545 :

2021 1598 2214 1644 etcum
2242 1587 2427 1641 volunt
2456 1588 2658 1657 aliquid
2683 1588 2879 1643 docere
2901 1588 2966 1641 de
2997 1586 3091 1618 ’9"
3123 1586 3451 1650 substantia,
3481 1602 3613 1640 nus-

2020 1696 2180 1749 quam
2210 1680 2521 1749 prolerunt,
2578 1690 2658 1744 ut,
2696 1680 3070 1749 grammaticus
3093 1720 3108 1745 ,
3138 1690 3229 1733 aut
3286 1678 3486 1750 aliquid
3512 1680 3610 1733 Itu-

332 1753 555 1818 l‘orum,
589 1754 634 1809 si
668 1754 805 1810 bene
830 1756 1130 1811 meministi
1159 1771 1278 1825 qua:
1301 1754 1414 1823 jam
1445 1754 1704 1821 diximus,
1740 1756 1907 1811 aufert

2014 1770 2250 1839 Jusmodi
2277 1768 2394 1822 ⁸⁰⁰⁰.
2423 1768 2537 1823 lluc
2560 1769 2767 1825 accedit
2795 1770 2919 1838 quia
2952 1769 2997 1823 si
3028 1769 3163 1824 ideo'
3191 1749 3603 1840 grammaticus,

329 1846 425 1877 "5’
454 1847 811 1915 grammatico
859 1847 1412 1916 substantiam;quia
1465 1850 1761 1903 secundum
1808 1848 1903 1903 ali-

326 1937 457 2006 qua!
483 1936 870 2005 grammaticus
891 1952 997 1993 non
1014 1948 1099 1993 est
1118 1939 1169 1992 in
1183 1937 1445 2006 subjecto,
1469 1950 1523 1993 et
1548 1948 1629 1994 est
1644 1955 1835 2009 genus,
1865 1949 1919 1996 et

325 2026 629 2097 :pecies,ct
655 2026 856 2082 dicitur
878 2028 930 2083 in
950 2043 1016 2084 eo
1046 2029 1187 2098 quod
1212 2028 1341 2098 quid
1367 2030 1529 2099 ;quia
1555 2039 1708 2084 estet
1732 2031 1911 2093 homo,

324 2121 417 2189 qui
444 2121 656 2190 species
676 2132 761 2176 est
788 2138 801 2186 ;
831 2130 885 2176 et
906 2122 1129 2188 animal,
1153 2123 1297 2193 quod
1321 2133 1406 2177 est
1453 2139 1661 2194 genus;
1705 2134 1760 2179 et
1797 2125 1914 2183 hac

324 2209 589 2264 dicuntur
617 2210 668 2265 in
701 2227 766 2266 eo
793 2212 933 2281 quod
970 2212 1121 2281 quid.
1156 2213 1224 2267 Et
1250 2214 1415 2269 etiam
1474 2215 1912 2281 individuus'm,

322 2299 467 2355 sicut
490 2300 655 2354 homo
681 2309 735 2355 et
757 2301 957 2355 animal
983 2317 997 2366 ;
1021 2301 1148 2372 quia
1178 2304 1634 2374 quemadmodum
1690 2305 1910 2376 quidam

322 2392 513 2457 homo,
545 2400 601 2446 et
626 2392 899 2463 quoddam
950 2393 1152 2447 animal
1180 2410 1196 2460 ;
1244 2395 1318 2450 ita
1340 2395 1562 2466 quidam
1586 2398 1908 2467 grammati-

319 2479 466 2537 ticus
488 2490 575 2535 est
595 2480 921 2537 individuus.
951 2481 1209 2540 Socrates
1237 2484 1385 2543 enim
1414 2494 1469 2540 et
1525 2486 1686 2540 homo
1712 2494 1768 2541 et
1789 2487 1912 2541 ani~

319 2572 557 2635 malest,
586 2580 641 2626 et
680 2573 1089 2642 grammaticus.
1126 2575 1273 2630 Dtsc.
1298 2574 1414 2630 Non
1444 2590 1665 2645 possunt
1709 2591 1911 2647 negare

320 2663 466 2733 quod
496 2665 680 2726 dicisa

352 2744 355 2747 ⁷
926 2757 1157 2821 CAPUT
1182 2759 1272 2820 ΧΙ.

607 2844 654 2897 11
663 2847 885 2900 eminent
926 2864 1028 2901 non
1052 2866 1161 2903 esse
1194 2852 1614 2919 grammaticam.

394 2938 535 2994 MAG.
566 2938 621 2993 Si
648 2940 752 2991 alia
772 2955 878 2994 non
906 2940 1096 3004 habes,
1125 2941 1266 2994 unde
1286 2942 1464 3010 possis
1479 2944 1708 3012 probare
1732 2958 1905 3014 gram-

320 3030 580 3083 maticum
616 3045 721 3083 non
769 3043 890 3084 esse
935 3030 1233 3095 hominem,
1260 3047 1403 3085 nunc
1425 3032 1593 3102 proba
1641 3050 1764 3089 eum
1797 3049 1902 3090 non

2021 1859 2147 1928 quia
2180 1858 2452 1929 signiﬁcat
2478 1859 2754 1913 hominem
2787 1868 2838 1913 et
2864 1860 3298 1929 grammaticam,
3349 1859 3608 1915 dicendus

2020 1960 2104 2005 est
2129 1950 2430 2006 substantia
2454 1959 2508 2003 ct
2533 1949 2786 2019 qualitas,
2834 1965 2931 2003 cur
2971 1948 3133 2003 homo
3157 1964 3259 2004 non
3306 1958 3390 2005 est
3416 1949 3609 2005 simili-

2021 2051 2104 2103 ter
2122 2042 2362 2112 qualitas
2385 2041 2540 2097 “’“et
2565 2041 2903 2103 substantia?
2942 2038 3114 2095 liomo
3137 2056 3367 2110 namque
3404 2041 3610 2111 signiﬁ-

2018 2140 2104 2187 cat
2126 2132 2509 2196 substantiam,
2537 2146 2660 2186 cum
2689 2130 2942 2186 omnibus
2967 2128 3073 2184 illis
3104 2128 3445 2196 dill‘erentiis,
3486 2146 3607 2199 qua:

2016 2229 2141 2277 sunt
2171 2221 2222 2275 in
2246 2221 2487 2285 homine,
2522 2230 2675 2275 utest
2697 2219 3031 2277 sensibilitas
3053 2230 3108 2275 et
3137 2221 3459 2276 mortalitas.
3499 2220 3605 2276 Sed

2018 2328 2305 2382 nusquam,
2338 2312 2429 2366 ubi
2460 2312 2533 2367 sit
2583 2312 2845 2382 scriptum
2876 2312 3080 2382 aliquid
3104 2314 3169 2368 de
3221 2314 3318 2346 δοοο
3343 2314 3605 2385 qualitate

2016 2402 2195 2473 aliqua
2233 2444 2249 2468 ,
2315 2403 2584 2473 prolatum
2642 2413 2726 2458 est
2786 2404 2852 2459 ad
2902 2404 2997 2435 “m
3051 2403 3355 2474 exemplum
3394 2448 3409 2471 ,
3466 2405 3602 2459 velut

2014 2497 2188 2551 homo.

2652 2586 2882 2642 CAPUT
2920 2586 3031 2641 ΧΙΙ.

2054 2677 2247 2743 Homo,
2282 2687 2329 2732 et
2358 2676 2933 2812 grammaticuskquam
2958 2690 3099 2729 varte
3136 2675 3433 2745 signiﬁcent
3459 2691 3556 2730 sua

2600 2763 2733 2812 stgm
2780 2757 2921 2800 cata.

2600 2757 2921 2816 stgnt/tcuta.

2084 2860 2219 2916 Μιθ.
2263 2859 2415 2928 Quod
2442 2860 2589 2914 illam
2620 2859 2885 2913 rationem
2910 2872 3072 2927 quam
3110 2854 3245 2921 dixi,
3297 2872 3394 2911 cur
3419 2872 3600 2926 gram-

2011 2953 2264 3017 maticus,
2295 2953 2501 3007 scilicet
2556 2953 2625 3005 sit
2656 2950 2959 3005 substantia
3009 2961 3064 3006 et
3097 2949 3347 3022 qualitas,
3394 2950 3600 3003 idcirco

2010 3045 2286 3116 repudias,
2315 3044 2442 3114 quia
2473 3060 2579 3099 non
2608 3042 2751 3096 valet
2772 3042 2825 3096 in
2853 3041 3075 3097 nomine
3098 3041 3357 3107 hominis,
3382 3041 3591 3094 idcirco

316 3132 436 3180 ess
458 3120 890 3188 ετίὶηιιηηῖῖοίηη·
928 3120 1072 3175 018οο
1097 3120 1334 3176 Facilius
1358 3123 1460 3178 hoc
1486 3140 1704 3194 P085"!!!
1734 3126 1904 3197 digito
1932 3110 1973 3167 (δ
2010 3110 2164 3201 facis,
2198 3110 2439 3206 utputo,
2464 3134 2590 3203 quia
2637 3148 2741 3188 non
2780 3133 3096 3188 consideras
3117 3149 3276 3202 quam
3319 3130 3596 3185 dissimili-

316 3224 478 3277 qnam
508 3218 848 3277 argumento.
902 3210 976 3265 lbi
1024 3227 1256 3283 namque
1302 3214 1511 3283 fregisti
1566 3216 1750 3269 omnia
1782 3234 1901 3273 mea

315 3309 658 3370 argumenta,
690 3300 780 3354 ubi
805 3302 1064 3369 aperuisti
1118 3318 1147 3355 a
1203 3304 1561 3373 grammatico
1602 3306 1899 3372 signiﬁcari

314 3391 551 3453 diversa,
582 3401 637 3443 et
666 3391 962 3446 secundum
1000 3408 1063 3448 ea
1108 3392 1438 3463 loquendum
1490 3403 1547 3449 et
1596 3395 1901 3469 intelligen-

312 3480 439 3533 dum
473 3480 538 3533 de
561 3480 922 3550 grammatico
975 3500 987 3536 :
1040 3485 1182 3553 quod
1214 3485 1462 3554 quamvis
1503 3484 1741 3541 abnuere
1791 3505 1898 3544 non

310 3577 510 3648 possim
536 3577 629 3607 ³⁸⁸⁵
664 3586 841 3633 tamen
872 3593 978 3633 non
1014 3580 1095 3634 sic
1118 3579 1387 3635 satisfacit
1435 3582 1618 3636 animo
1659 3598 1805 3649 meo,
1840 3594 1898 3639 nt

309 3672 457 3729 velut
480 3672 624 3740 quod
645 3674 924 3741 quaerebat
950 3674 1192 3737 invento,
1217 3674 1463 3740 quiescat
1487 3692 1499 3727 :
1536 3676 1893 3732 viderisenim

310 3762 439 3817 mihi
475 3764 631 3831 quasi
665 3779 772 3818 non
801 3781 992 3819 curare
1015 3776 1072 3819 ut
1101 3780 1188 3820 me
1217 3765 1310 3797 ""
1327 3767 1549 3833 doceas,
1572 3769 1666 3824 sed
1683 3777 1893 3823 tantum

308 3862 365 3918 ut
401 3856 645 3911 rationes
682 3872 831 3911 meas
856 3858 1124 3913 obstruas.
1185 3858 1311 3923 Sed,
1368 3861 1510 3915 sicut
1559 3874 1738 3915 meum
1792 3861 1895 3917 luit

306 3958 580 4015 exponere
611 3964 732 4018 qua:
764 3963 851 4003 me
879 3963 944 4003 ex
966 3958 1194 4020 utraque
1216 3951 1440 4020 partein
1477 3951 1890 4023 ambiguitatem

305 4045 532 4106 cogunt,
571 4038 645 4092 ita
676 4047 825 4093 tuum
852 4050 971 4095 erat
994 4048 1085 4094 ant
1110 4056 1273 4094 unam
1324 4048 1532 4110 partem
1585 4041 1889 4108 destruere,

304 4137 395 4181 aut
416 4130 704 4183 ostendere
726 4129 997 4199 quomodo
1020 4130 1120 4184 sibi
1152 4131 1521 4199 invicemqnon
1564 4143 1887 4202 repugnent.

302 4214 443 4271 MAG.
469 4216 580 4272 Cur
600 4222 855 4277 nonsatis
887 4222 977 4275 tibi
996 4222 1212 4275 videtur
1235 4232 1514 4278 ostensum
1543 4225 1685 4294 quod
1704 4241 1888 4293 gram-

303 4311 561 4363 maticum
604 4326 723 4366 esse
766 4312 1148 4377 substantiam,
1204 4322 1258 4369 et
1301 4316 1716 4385 grammaticum
1767 4332 1888 4371 esse

299 4395 396 4429 ’π’
422 4399 768 4469 qualitatem,
791 4419 1131 4475 nequaquam
1158 4418 1459 4478 repugnent
1485 4408 1585 4462 sibi
1624 4408 1883 4474 invicem,

299 4494 350 4547 in
382 4510 449 4549 eo
478 4497 619 4564 quod
661 4496 729 4552 de
767 4501 1122 4571 grammatico
1170 4502 1331 4557 modo
1374 4503 1672 4558 secundum
1709 4503 1884 4557 homi-

297 4587 621 4651 nem,modo
649 4591 949 4645 secundum
986 4593 1396 4659 grammaticam
1432 4592 1580 4662 loqui
1611 4601 1667 4646 et
1718 4592 1882 4646 intel-

291 4692 424 4748 gere
445 4682 693 4748 Oportet?
723 4683 869 4737 Dtsc.
894 4680 1163 4749 Quoniam
1195 4699 1355 4738 nemo
1371 4687 1460 4753 qui
1497 4686 1750 4756 intelligit
1781 4704 1878 4741 no-
1912 4710 1915 4713 ·

1922 4457 1964 4511 D

2007 3238 2089 3289 ter
2118 3226 2423 3295 signiﬁcent
2450 3226 2921 3281 :scilicetuomen
2946 3226 3205 3290 hominis,
3251 3240 3312 3278 ea
3360 3240 3423 3277 ex
3467 3226 3585 3292 qui-

2003 3320 2105 3373 bus
2132 3324 2352 3372 constat
2398 3316 2589 3380 homo;
2642 3323 2694 3369 et
2736 3314 3144 3383 grammaticus,
3218 3314 3489 3367 hominem
3535 3321 3591 3365 et

2005 3407 2443 3478 grammaticam.
2476 3404 2678 3474 Nempe
2704 3418 2899 3457 nomen
2932 3402 3169 3457 hominis
3195 3416 3291 3471 per
3327 3416 3407 3466 se,
3440 3413 3494 3455 et
3527 3410 3588 3454 ut

2000 3516 2187 3566 unttm,
2225 3498 2493 3568 signiﬁcat
2514 3513 2576 3552 ea
2597 3513 2661 3552 ex
2696 3496 2890 3568 quibus
2913 3502 3127 3550 constat
3155 3503 3295 3549 totus
3319 3496 3505 3557 homo;
3530 3493 3585 3547 in

1998 3589 2192 3660 quibus
2215 3590 2515 3644 substantia
2540 3587 2897 3659 principalem
2921 3586 3100 3641 locum
3132 3586 3576 3654 teuet,quoniam

1997 3691 2264 3735 estcausa
2294 3678 2615 3741 aliorum,et
2644 3678 2849 3732 habens
2873 3692 2934 3731 ea
2961 3690 3067 3730 non
3091 3685 3151 3729 ut
3179 3675 3422 3745 indigens
3450 3674 3577 3736 illis,

1996 3769 2091 3823 sed
2116 3778 2172 3821 ut
2200 3784 2257 3822 se
2288 3768 2605 3838 indigentia.
2640 3768 2797 3822 Nulla
2825 3768 2970 3822 enim
3001 3776 3086 3822 est
3107 3766 3408 3822 dill‘erentia
3453 3766 3584 3821 sub-

1995 3859 2231 3920 stantiaa,
2264 3858 2382 3912 sine
2415 3873 2520 3925 qua
2556 3858 2863 3913 substantia
2893 3856 3120 3911 inveniri
3152 3873 3256 3915 non
3289 3856 3493 3925 possit;
3521 3863 3579 3911 et

1966 3949 2141 4025 .nnlla
2169 3948 2601 4003 dill'erentiardm
2662 3949 2803 4017 ejus,
2850 3949 2970 4003 sine
2992 3948 3081 4002 illa
3118 3956 3295 4017 potest
3325 3947 3578 4002 existere.

1994 4040 2339 4110 Quapropter
2390 4040 2643 4108 quamvis
2690 4039 2870 4093 omnia
2897 4038 3077 4103 simul,
3127 4038 3271 4091 velut
3302 4053 3467 4090 unum
3501 4045 3582 4092 to-

1994 4142 2126 4196 tum,
2170 4133 2271 4188 sub
2301 4148 2404 4185 una
2428 4132 2827 4202 signiﬁcatione
2854 4146 2963 4184 uno
2989 4131 3209 4185 nomine
3236 4129 3581 4199 appellentur

1992 4225 2191 4289 homo;
2214 4224 2291 4279 sic
2324 4232 2505 4278 tamen
2534 4223 2908 4293 principaliter
2932 4224 3034 4278 hoc
3062 4237 3257 4276 nomen
3282 4230 3365 4276 est
3407 4221 3577 4289 signi-

1992 4315 2264 4370 ﬁcativum
2286 4326 2340 4370 et
2370 4315 2753 4385 appellativum
2782 4315 3138 4379 substantize;
3173 4322 3232 4368 ut
3253 4330 3376 4372 cum
3428 4323 3581 4369 recte

1992 4410 2224 4475 dicatur,
2282 4409 2579 4463 substantia
2617 4419 2689 4460 est
2733 4409 2908 4470 Immo,
2961 4417 3017 4464 et
3053 4409 3207 4461 homo
3255 4406 3573 4469 substantia,

1994 4501 2170 4556 nullus
2197 4510 2373 4555 tamen
2398 4502 2562 4565 dicat,
2594 4500 2929 4553 rationalitas
2963 4509 3039 4554 est
3066 4500 3239 4561 homo,
3274 4512 3389 4563 aut,
3416 4502 3578 4555 homo

1990 4594 2345 4657 rationalitas,
2372 4595 2464 4647 sed
2497 4593 2704 4647 habens
2742 4592 3190 4647 rationalitatem.
3230 4592 3569 4647 Grammati-

1988 4701 2083 4739 eus
2114 4701 2244 4739 vero
2270 4702 2377 4746 non
2410 4686 2682 4755 signiﬁcat
2708 4685 3004 4753 hominem,
3034 4693 3088 4740 et
3115 4684 3525 4756 grammaticam
3549 4722 3569 4748 ι

1588 4818 1821 4874 γΑιιιΑῖ
1873 4816 2274 4874 LECTIONES.

389 4951 484 4986 ηδ’
522 4954 713 5008 Adhuc
752 4957 958 5017 dicam;
1017 4970 1138 5009 cum
1186 4972 1317 5018 mss.
1367 4956 1543 5010 adhuc
1589 4956 1795 5023 dicam,
1829 4972 1961 5011 cur
2025 4955 2125 4987 "9“
2158 4954 2363 5021 Quibus
2415 4953 2986 5024 dicitv'grammaticns
3050 4969 3188 5024 mss.
3243 4950 3440 5019 quibus
3485 4950 3565 5024 di-

287 5023 368 5081 cit
408 5027 826 5096 grammaticum

942 5026 1185 5097 “79‘Quia
1239 5039 1322 5080 est
1366 5029 1417 5079 itt
1454 5026 1727 5096 subjecto.
1770 5028 1895 5097 quia
1941 5027 2065 5080 mss.
2112 5028 2236 5096 quia
2282 5035 2365 5079 est
2400 5023 2643 5097 subjecto
2668 5028 2817 5097 quod

284 5104 414 5149 runt
446 5110 570 5150 mss.
602 5096 835 5154 diximus
861 5115 873 5149 :
898 5096 1004 5150 aut}
1027 5109 1096 5152 rt.
1140 5097 1273 5163 Quia
1302 5098 1595 5152 secundum
1643 5096 1796 5154 aliuzl
1828 5115 1952 5151 mss.
1983 5098 2109 5166 quia
2154 5097 2445 5151 secundum
2476 5096 2638 5163 aliqui
2665 5096 2677 5146 Ι

2932 5024 3024 5056 ³⁹⁵²
3075 5022 3348 5086 Diximus,
3413 5021 3562 5073 aule-

2790 5093 2885 5124 "i"
2925 5094 3020 5146 Est
3044 5104 3223 5146 autem
3248 5091 3567 5144 individuus

284 5182 417 5227 mss.
466 5173 552 5218 est
597 5166 759 5220 etiam
796 5167 1105 5221 indhiduus
1166 5162 1517 5221 “"Abunde
1565 5185 1671 5223 non
1717 5184 1935 5238 possunt
1984 5162 2111 5220 mss.
2157 5168 2397 5220 abnuere
2443 5162 2803 5238 notr’possitn
2883 5162 3209 5238 ""Yideris
3259 5162 3419 5229 quasi
3451 5178 3559 5214 non

284 5243 529 5291 tractare
569 5244 637 5308 rut
685 5252 773 5291 me
822 5254 951 5300 mss.
998 5238 1198 5292 videris
1246 5238 1392 5291 enim
1444 5239 1573 5295 mihi
1622 5234 1775 5308 quasi
1830 5253 1937 5292 non
1986 5252 2178 5303 curare
2229 5246 2288 5290 ιιι
2326 5251 2419 5308 me
2494 5234 2587 5308 ’3’“
2619 5234 2681 5287 Et
2730 5235 3140 5308 grammaticam
3174 5247 3297 5308 esse
3330 5246 3455 5308 mss.
3508 5241 3562 5286 et

283 5307 706 5384 grammaticum
735 5322 890 5384 csse_
945 5308 1045 5349 ""7
1078 5308 1315 5384 scientia
1351 5317 1440 5384 est
1463 5302 1857 5384 gratnmatica,
1881 5302 2285 5384 antbenesie,
2322 5307 2484 5359 homo
2520 5304 2621 5358 iste
2668 5302 3025 5384 grammatica
3059 5320 3185 5357 mss.
3220 5302 3447 5384 scientia
3476 5312 3561 5384 est

281 5377 705 5444 grammaticus;
753 5387 847 5432 aut
879 5379 1017 5433 bene
1058 5379 1166 5432 scit
1216 5380 1376 5434 homo
1429 5378 1530 5433 iste
1575 5380 2016 5449 grammaticum,

1946 5448 2211 5501 £999Aliud
2249 5441 2429 5498 dicere
2478 5445 2544 5497 de
2586 5460 2711 5498 mss.
2745 5441 2946 5508 aliquid
2975 5444 3173 5499 ducere
3202 5444 3269 5497 de
3343 5441 3559 5497 ‘°°°Aut

281 5458 412 5517 mss.
466 5462 591 5517 eum
639 5449 1052 5517 grammaticum
1102 5449 1274 5516 magis
1306 5464 1507 5503 esse...
1561 5459 1856 5503 attestatur

2117 5377 2214 5409 ³³⁸³
2228 5376 2362 5430 Cum
2404 5374 2792 5443 grammaticus
2821 5374 2995 5443 magis
3032 5389 3154 5428 esse
3267 5382 3560 5443 attestatur

283 5514 440 5587 aliud
468 5514 775 5587 hujusmodi
805 5536 931 5571 mss.
966 5528 1056 5573 aut
1089 5514 1294 5587 aliquid
1326 5519 1634 5587 hujnsntodi
1713 5519 1803 5551 ⁸⁰⁰¹
1824 5519 1931 5572 Cur
1963 5519 2125 5571 homo
2156 5516 2402 5587 superior
2434 5522 2663 5587 nonest
2692 5514 2927 5587 qualitas
2956 5531 3092 5587 mss.
3112 5531 3211 5569 cur
3239 5514 3400 5587 homo
3445 5530 3550 5569 non

279 5594 367 5637 est
398 5586 650 5658 similiter
672 5588 907 5658 qualitas

278 5666 362 5711 est
394 5656 462 5711 ad
690 5656 709 5665 ἦ

1011 5589 1103 5620 ⁵⁰⁹²
1122 5582 1411 5661 scriptum
1432 5588 1574 5649 aliud
1599 5591 1664 5649 de
1688 5607 1811 5646 mss.
1844 5590 2101 5660 scriptum
2134 5582 2333 5654 aliquid
2361 5586 2425 5637 de
2501 5582 2901 5640 ‘°°’I’r0batunt
2922 5594 3004 5640 cst
3030 5586 3097 5640 ad
3128 5602 3253 5641 mss.
3282 5585 3552 5656 prolatum
