4076 6288
398 305 496 361 571

868 268 871 271 ’
932 300 988 355 ε.
1028 299 1333 358 ANSELMI
1365 294 1717 354 GANTUAa.
1750 291 1981 348 Ancnu

2105 289 2255 347 ΟΡ-Ρ.
2300 290 2477 344 PARS
2509 289 2550 343 Ι.
2582 319 2652 328 -
2691 287 3121 344 DOGMATICA.‘

3543 289 3646 343 57:!

390 428 448 471 ut
471 432 667 479 unum;
700 415 793 469 sed
817 414 1227 485 grammaticam
1264 427 1362 483 per
1385 425 1467 477 se,
1501 418 1555 465 et
1583 406 1856 462 hominem
1878 419 1974 475 per

2084 412 2170 458 est
2212 404 2393 469 homo,
2419 401 2561 471 quod
2594 400 2788 455 falsum
2816 412 2916 456 εει.
2957 400 3102 455 υιεε.
3136 399 3217 455 Ad
3257 399 3357 454 hoc
3398 401 3537 455 ratio
3573 408 3665 457 de—

395 510 542 564 aEiud
565 507 833 577 signiﬁcat
864 524 876 559 :
902 515 958 560 et
979 506 1084 560 hoc
1103 520 1300 561 nomen
1322 502 1571 574 quamvis
1593 502 1665 554 sit
1686 496 1975 569 appellati-

392 617 520 657 vum
548 598 803 665 hominis,
855 606 1165 651 nontamen
1198 595 1418 665 proprie
1496 592 1693 647 dicitur
1741 587 1855 656 ejus
1900 587 1975 641 si-

390 688 761 755 gniﬁeativum
793 695 885 740 :et
909 685 1041 742 licet
1094 686 1168 742 sit
1206 683 1626 756 signiﬁcativum
1664 680 1758 713 ‘°°“
1796 694 1980 750 gram-

392 781 626 844 maticae,
676 794 778 835 non
834 792 1018 835 tamen
1048 779 1265 850 proprie
1296 778 1392 812 ⁸⁰⁰⁸
1418 788 1503 833 εει
1530 776 1648 846 eius
1689 772 1977 844 appellati-

395 885 540 923 vum.
583 868 983 939 Appellativum
1032 878 1215 925 autem
1295 884 1489 924 nomen
1546 865 1835 936 cujuslibet
1897 861 1972 916 rei

394 975 536 1013 nunc
568 959 711 1026 dico,
737 974 845 1030 quo
869 976 956 1016 res
984 960 1097 1030 ipsa
1152 976 1251 1015 usu
1306 959 1559 1029 loquendi
1624 958 1925 1029 appellatur
1957 974 1971 1009 :

390 1047 540 1103 nullo
568 1050 714 1106 enim
741 1066 839 1106 usu
872 1050 1121 1121 loquendi
1186 1051 1384 1106 dicitur
1438 1067 1452 1105 :
1494 1051 1840 1122 grammatica
1901 1058 1974 1102 est

389 1140 801 1205 grammaticus,
860 1149 982 1207 aut,
1033 1142 1407 1211 grammaticus
1460 1151 1533 1195 est
1594 1140 1977 1209 grammatica;

391 1225 488 1282 Sed
507 1266 521 1293 ,
543 1229 715 1285 homo.
734 1240 806 1284 est
846 1232 1240 1301 grammaticus,
1264 1238 1317 1285 et
1338 1273 1352 1296 ,
1393 1231 1765 1300 grammaticus
1802 1232 1976 1283 homo.

892 1321 1048 1394 m7
1086 1321 1312 1378 CAPUT
1344 1321 1475 1376 xm.

521 1410 597 1465 De
617 1411 830 1480 formali
850 1414 1229 1482 signiﬁcatione
1254 1416 1416 1477 vocis,
1451 1414 1861 1482 grammaticus.

470 1499 612 1555 DISC.
646 1500 763 1555 Non
817 1502 967 1557 video
1012 1502 1140 1571 quid
1194 1502 1365 1567 dicas,
1409 1504 1551 1573 quod
1598 1503 1982 1571 grammaticus

396 1591 664 1661 signiﬁcat
709 1595 1115 1665 grannnaticam
1167 1610 1263 1665 per
1307 1610 1405 1659 se,
1458 1602 1514 1649 et
1566 1595 1837 1649 hominem
1887 1609 1983 1663 per

399 1682 577 1749 aliud;
607 1692 790 1753 etquo
814 1685 971 1739 modo
1014 1686 1381 1755 grammatica:
1414 1684 1508 1717 ⁶⁰⁰⁶
1542 1693 1745 1738 tantum
1777 1686 1981 1755 s’gniﬁ-

396 1771 631 1826 cativum
664 1772 737 1827 sit
779 1772 894 1831 δοοτ.
947 1772 1099 1829 Sicut
1146 1774 1289 1829 enim
1322 1775 1481 1829 homo
1510 1784 1723 1829 constat
1751 1791 1814 1828 ex
1863 1776 1982 1830 aui-
2012 1752 2055 1805 Β

396 1861 565 1927 ntali,
618 1872 673 1919 et
725 1863 1110 1929 rationalitate,
1171 1873 1224 1919 et
1272 1864 1635 1929 mortalitate,
1691 1874 1745 1919 et
1785 1864 1984 1918 idcirco

396 1955 560 2011 homo
608 1957 876 2027 signiﬁcat
906 1958 1020 2013 haec
1056 1959 1177 2023 tria,
1247 1959 1316 2013 ita
1350 1959 1735 2030 grammaticus
1773 1968 1986 2014 constat

395 2062 465 2102 ex
492 2048 730 2113 homine,
783 2059 839 2103 et
867 2051 1251 2120 grammatica;
1290 2061 1341 2105 et
1387 2051 1507 2104 ideo
1538 2067 1729 2105 nomen
1776 2052 1877 2105 hoc
1911 2051 1984 2105 si-

400 2140 624 2208 gniﬁcat
651 2152 959 2211 utrumque.
1000 2142 1285 2212 Nunquam
1317 2144 1459 2197 enim
1491 2144 1687 2198 dicitur
1716 2144 1986 2214 gramma-

397 2231 536 2286 ticus
579 2241 673 2286 aut
719 2233 879 2288 homo
907 2234 1024 2289 sine
1072 2235 1454 2304 grammatica,
1512 2245 1602 2288 aut
1632 2234 1984 2303 grammatica

397 2321 516 2376 sine
543 2322 777 2377 homine.
809 2322 946 2381 MAG.
990 2326 1047 2379 Si
1080 2341 1209 2395 ergo
1233 2327 1304 2379 ita
1332 2334 1434 2392 est,
1467 2336 1518 2378 ut
1554 2337 1607 2379 tu
1648 2326 1814 2391 dicis,
1845 2325 1986 2380 difﬁ-

398 2412 536 2467 nitio
559 2422 757 2470 etesse
782 2404 1142 2486 grammatici,
1174 2426 1255 2472 est
1285 2417 1444 2471 Ιιοιιιο
1470 2416 1647 2471 sciens
1669 2418 1983 2487 grammati-

396 2521 539 2561 cam.
583 2508 725 2563 Dtsc.
775 2509 890 2564 Non
922 2519 1099 2580 potest
1125 2511 1267 2565 aliud
1312 2527 1452 2566 esse.
1503 2511 1640 2566 MAG.
1693 2514 1830 2583 Ergo
1861 2529 1982 2567 eum

396 2598 755 2665 grammatica
802 2599 992 2654 dividit
1026 2599 1296 2654 hominem
1348 2603 1760 2670 grammaticum
1797 2618 1825 2655 a
1876 2619 1982 2655 non

396 2688 781 2755 grammatizro,
828 2690 1086 2745 conduxit
1113 2691 1524 2761 grammaticum
1554 2693 1619 2745 ad
1651 2708 1791 2757 esse,
1823 2701 1984 2747 etest

398 2790 526 2845 pars
557 2774 672 2843 ejus
699 2780 841 2848 quod
893 2791 975 2834 est
1022 2796 1142 2835 esse
1173 2782 1285 2845 rei;
1323 2798 1423 2836 nec
1473 2792 1651 2853 potest
1700 2784 1889 2837 adesse
1932 2794 1985 2837 ιι

402 2864 591 2919 abesse
620 2884 649 2919 a
675 2871 1053 2937 grammatico,
1085 2883 1281 2941 praeter
1302 2871 1529 2941 subjecti
1560 2875 1980 2944 corruptionem.

401 2956 546 3012 Disc.
591 2950 729 3024 Quid
776 2960 941 3015 inde?
970 2961 1109 3015 MAG.
1158 2960 1273 3019 Non
1319 2972 1401 3017 est
1431 2965 1593 3034 igitur
1634 2968 1983 3036 grammatica

397 3045 667 3113 accidens,
699 3050 794 3103 sed
836 3052 1202 3107 substantialis
1230 3052 1567 3117 diﬁ‘ereutia;
1613 3067 1667 3109 et
1698 3056 1859 3110 homo
1900 3066 1982 3112 est

399 3151 655 3209 genus,et
670 3145 1055 3213 grammaticus
1077 3147 1312 3216 species:
1340 3164 1437 3203 uec
1459 3149 1732 3204 dissimilis
1744 3161 1827 3204 est
1844 3163 1980 3204 ratio

397 3232 466 3288 tle
488 3232 753 3301 albedine,
784 3244 837 3289 et
874 3237 1137 3294 similibus
1167 3240 1537 3295 accidentibus
1571 3259 1583 3293 :
1612 3241 1753 3310 quod
1787 3241 1978 3296 falsum

396 3339 517 3380 esse
546 3326 709 3382 totius
736 3329 869 3384 artis
900 3339 1168 3387 tractatus
1196 3334 1453 3388 ostendit.
1484 3334 1631 3389 Dlsc.
1658 3336 1976 3404 Quanquam

395 3429 502 3468 non
531 3430 748 3485 possum
773 3433 969 3490 negaro
996 3422 1139 3490 quod
1170 3422 1336 3493 dicisf,
1365 3423 1597 3478 nondum
1637 3433 1814 3477 tamen
1849 3423 1980 3478 mihi

394 3520 709 3574 persuasum
737 3519 820 3563 est
849 3511 992 3578 quod
1022 3515 1406 3583 grammaticus
1454 3530 1557 3569 non
1589 3513 1856 3585 signiﬁcet
1886 3514 1981 3546 ³⁰⁰⁸

395 3595 691 3649 hominem.
742 3597 883 3653 MAG.
934 3604 1206 3658 Ponamus
1233 3607 1375 3673 quod
1424 3604 1491 3659 sit
1521 3604 1721 3658 animal
1761 3604 1977 3674 aliquod

394 3684 678 3752 rationale,
709 3703 812 3741 non
860 3700 1035 3745 tamen
1069 3693 1230 3746 homo
1254 3694 1397 3763 quod
1433 3695 1503 3748 ita
1532 3696 1667 3749 sciat
1703 3712 1976 3766 gramma-

397 3773 559 3829 ticam
588 3778 729 3831 sicnt
759 3779 937 3835 homo.
971 3783 1112 3837 Dtsc.
1145 3782 1319 3837 Facile
1339 3793 1423 3838 est
1450 3786 1551 3840 hoc
1583 3784 1801 3855 ﬁngere.
1836 3785 1974 3840 MAG.

397 3864 493 3925 Est
532 3867 694 3936 igitur
738 3870 934 3939 aliquis
974 3888 1078 3927 non
1122 3874 1281 3929 homo
1322 3876 1498 3930 sciens
1542 3878 1973 3946 grammaticam.

394 3954 542 4014 Dtsc.
581 3960 655 4013 Ita
681 3963 1045 4032 consequimr.
1069 3964 1206 4021 MAG.
1241 3966 1309 4020 At
1332 3982 1491 4021 omne
1516 3967 1693 4023 sciens
1706 3985 1976 4038 gramma-

393 4048 582 4114 ticam,
612 4062 691 4105 est
721 4057 1153 4131 grammaticum.
1203 4058 1347 4112 Dtsc.
1393 4060 1661 4114 Concedo.
1699 4059 1839 4114 MAG.
1880 4061 1978 4115 Est

393 4137 561 4206 igitur
587 4141 805 4209 quidam
839 4161 942 4198 non
979 4144 1140 4201 homo
1162 4150 1568 4218 grammaticus.
1603 4150 1744 4205 Dtsc.
1773 4151 1976 4205 Conse-

394 4231 599 4296 quitur.
647 4233 786 4289 MAG.
836 4236 941 4291 Sed
975 4247 1028 4292 tu
1070 4240 1206 4294 dicis
1254 4240 1307 4294 in
1337 4244 1692 4311 grammatico
1748 4243 1971 4313 intelligi

2080 496 2315 551 ducitur.
2358 496 2497 555 MAG.
2540 495 2727 550 Nonne
2770 509 2900 566 ergo
2929 494 3082 547 vides
3122 495 3246 563 quia
3278 493 3667 566 grammaticus

2081 606 2186 643 non
2231 590 2301 644 ob
2347 589 2491 643 aliud
2539 589 2713 657 magis
2746 588 2958 642 videtur
3006 586 3318 657 signiﬁcare
3367 584 3665 647 hominem,

2079 696 2240 750 quam
2272 680 2424 735 albus
2452 681 2547 713 *σου
2568 722 2583 747 ,
2618 680 2722 735 nisi
2771 678 2897 749 quia
2929 677 3287 750 grannnatica
3322 676 3422 732 soli
3462 674 3667 731 homini

2080 772 2276 827 accidit
2316 771 2431 838 ‘°'°,
2464 771 2656 827 albedo
2692 787 2819 827 vero
2851 786 2955 825 non
2996 769 3094 826 soli
3124 768 3374 823 homini?
3401 767 3545 822 DISC.
3578 764 3673 822 Sic

2079 866 2322 933 sequitur
2344 880 2409 920 ex
2430 880 2496 920 eo
2520 864 2660 934 quod
2690 864 2946 917 ﬁnximus
2972 862 3065 894 ¹⁵⁰¹¹
3097 881 3109 915 :
3142 861 3235 916 sed
3260 861 3379 916 sine
3409 859 3674 930 ﬁgmento

2079 960 2200 1015 volo
2228 970 2286 1015 ut
2329 960 2430 1016 hoc
2451 959 2679 1015 efﬁcias.
2720 958 2862 1013 MAG.
2905 957 2962 1013 Si
3004 957 3168 1012 homo
3195 962 3282 1011 est
3319 955 3370 1009 in
3398 968 3674 1025 gramma-

2082 1054 2210 1118 tico,
2244 1069 2347 1107 non
2384 1052 2707 1123 prmdicatur
2734 1066 2857 1106 cum
2899 1064 2966 1105 eo
3007 1049 3165 1103 simul
3191 1048 3257 1102 de
3284 1045 3498 1114 aliquo;
3532 1044 3676 1099 sicut

2082 1143 2283 1198 animal
2316 1158 2422 1197 non
2473 1142 2801 1213 [medicatur
2828 1156 2951 1196 cum
2999 1139 3238 1202 homine,
3270 1139 3394 1206 quia
3429 1137 3565 1193 inest
3617 1136 3675 1191 in

2085 1234 2301 1289 homine
2332 1250 2344 1285 :
2394 1250 2499 1287 non
2531 1232 2675 1287 enim
2724 1240 2848 1301 apte
2893 1231 3088 1284 dicitur
3119 1228 3261 1298 quod
3311 1228 3562 1285 Socrates
3591 1236 3678 1279 est

2084 1325 2244 1379 homo
2268 1324 2487 1378 animal.
2516 1325 2660 1378 DISC.
2694 1321 2807 1377 Non
2837 1330 3015 1391 potest
3045 1319 3364 1376 contradici.
3395 1317 3536 1372 MAG.
3563 1317 3677 1376 Sed

2084 1414 2470 1469 convenienter
2496 1413 2691 1468 dicitur
2720 1413 2862 1482 quod
2911 1412 3165 1466 Socrates
3189 1419 3273 1464 est
3305 1410 3466 1463 homo
3496 1424 3677 1478 gram-

2086 1508 2337 1562 maticus.
2370 1508 2515 1561 DISC.
2565 1506 2983 1561 Convenienter.
3036 1503 3176 1557 MAG.
3212 1501 3327 1557 Non
3377 1511 3461 1556 est
3510 1500 3681 1571 igitur

2085 1597 2247 1651 homo
2299 1597 2352 1649 in
2406 1596 2778 1666 grammatico.
2833 1596 2978 1649 ῡιεε.
3038 1593 3129 1649 Sic
3187 1594 3445 1664 consequi
3491 1592 3675 1645 video.

2087 1686 2224 1741 MAG.
2256 1688 2424 1741 Item:
2459 1688 2503 1741 si
2535 1686 2920 1757 grammaticus
2952 1695 3034 1741 est
3082 1686 3246 1741 homo
3279 1685 3457 1740 sciens
3492 1699 3679 1753 gram-

2086 1779 2337 1832 maticam
2365 1818 2379 1840 ,
2410 1778 2717 1847 ubicunque
2748 1777 2969 1845 ponitur
2990 1775 3399 1847 grammaticus,
3429 1783 3550 1844 apte
3578 1790 3680 1843 po-

2087 1868 2231 1919 nilur
2256 1868 2415 1920 homo
2448 1867 2625 1922 sciens
2650 1868 3082 1937 grammaticam.
3118 1868 3261 1920 Dtsc.
3296 1865 3371 1918 Ita
3395 1875 3495 1920 εει.
3530 1864 3676 1924 MAG.

2086 1958 2141 2011 Si
2180 1958 2342 2028 igitur
2368 1966 2492 2027 apte
2522 1958 2739 2023 dicitur,
2772 1958 3030 2012 Socrates
3056 1968 3140 2012 est
3164 1957 3327 2011 homo
3356 1956 3678 2026 grammati—

2085 2067 2201 2116 cus,
2256 2060 2382 2121 apte
2410 2066 2623 2120 quoque
2646 2051 2863 2115 dicitur,
2906 2050 3163 2105 Socrates
3190 2059 3273 2104 est
3318 2050 3485 2104 homo
3514 2050 3679 2103 homo

2084 2142 2264 2198 sciens
2289 2139 2723 2210 grammaticam.
2770 2139 2916 2195 Disc.
2948 2138 3331 2208 Consequitur.
3376 2137 3518 2192 MAG.
3548 2137 3680 2193 Om-

2086 2234 2170 2288 nis
2192 2242 2371 2288 autem
2392 2232 2555 2287 homo
2584 2230 2761 2286 sciens
2784 2231 3192 2301 grammaticam
3216 2238 3299 2283 est
3316 2228 3475 2283 homo
3495 2243 3678 2298 gram-

2086 2323 2339 2377 maticus.
2394 2322 2541 2377 Dtsc.
2584 2321 2672 2399 Ita
2720 2330 2822 2375 est.
2875 2319 3018 2375 MAG.
3066 2318 3319 2375 Socrates
3349 2318 3533 2389 igitur,
3579 2319 3675 2386 qui

2086 2423 2166 2471 est
2196 2416 2359 2469 homo
2385 2414 2548 2469 homo
2593 2413 2773 2468 sciens
2799 2411 3213 2481 grammaticam
3236 2411 3350 2475 ⁸ου,
3383 2418 3467 2465 εει
3514 2410 3681 2466 homo

2087 2508 2249 2562 homo
2269 2504 2662 2575 grammaticus
2686 2522 2699 2558 :
2732 2513 2785 2558 et
2808 2504 3066 2573 quoniam
3096 2502 3258 2557 homo
3284 2502 3689 2574 grammaticus.

2085 2607 2170 2653 est
2205 2598 2369 2652 homo
2396 2595 2571 2649 sciens
2598 2595 3032 2667 grammaticam,
3085 2593 3435 2663 consequitur
3477 2602 3539 2647 ut
3570 2591 3677 2648 So-

2086 2698 2265 2743 crates
2296 2687 2365 2741 sit
2415 2691 2573 2749 homo
2602 2686 2762 2739 homo
2791 2684 2968 2739 sciens
3012 2682 3424 2754 grannnaticam
3458 2699 3472 2734 :
3507 2690 3561 2735 et
3592 2681 3679 2736 sic

2089 2782 2142 2834 in
2173 2780 2442 2834 inﬁnitmn
2472 2778 2587 2831 “"3.
2625 2778 2773 2832 Dtsc.
2804 2776 2920 2831 Non
2945 2791 3162 2847 possum
3188 2784 3387 2845 apertae
3421 2773 3517 2804 ‘°“
3546 2789 3681 2828 eon-

2088 2870 2382 2940 sequentite
2431 2869 2704 2924 resistere.
2738 2867 2877 2921 MAG.
2910 2866 3039 2921 Item
3070 2885 3081 2919 :
3114 2867 3157 2921 si
3202 2866 3255 2919 in
3283 2865 3377 2896 W'
3405 2878 3681 2935 gramma-

2090 2961 2194 3015 tico
2224 2962 2384 3013 homo
2412 2958 2785 3027 intelligendus
2830 2966 2913 3012 est
2945 2972 3064 3010 cum
3095 2955 3447 3026 grammatica
3473 2995 3488 3019 ,
3524 2955 3681 3009 simi-

2088 3051 2210 3106 liter
2250 3050 2301 3101 in
2345 3049 2597 3102 omnibus
2647 3048 2913 3103 similibus
2963 3046 3398 3110 denominativis,
3438 3045 3489 3100 id
3529 3045 3679 3114 quod

2083 3140 2460 3195 denominatur
2481 3138 2576 3170 ⁶⁰¹⁸
2610 3154 2732 3192 ειιιιι
2772 3153 2837 3193 eo
2882 3154 2910 3192 a
2941 3154 3046 3209 quo
3074 3136 3471 3192 denominatur.
3523 3134 3674 3189 Dtsc.

2086 3231 2199 3286 lloc
2225 3232 2527 3286 sentiebam
2560 3230 2675 3283 ⁵ου.
2708 3227 2844 3283 MAG.
2888 3229 3029 3298 Ergo
3055 3228 3374 3284 hodiernum
3402 3226 3682 3297 signiﬁcat

2085 3323 2139 3378 id
2189 3325 2333 3392 quod
2381 3329 2606 3375 vocatur
2652 3321 2974 3378 hodiernum
3007 3330 3063 3375 et
3105 3319 3287 3375 hodie.
3342 3318 3486 3373 Dtsc.
3532 3317 3679 3383 Quid

2083 3412 2307 3483 postea?
2359 3410 2498 3466 MAG.
2548 3411 2879 3466 Ilodiernum
2926 3409 3090 3482 igitur
3152 3408 3424 3480 signiﬁcat
3465 3407 3677 3477 aliquid

2083 3521 2204 3560 cum
2257 3514 2499 3574 tempore
2525 3503 2639 3557 ³⁸⁸³.
2688 3504 2833 3559 Dtsc.
2874 3503 2949 3559 Ita
2983 3517 3106 3558 esse
3143 3517 3363 3557 necesse
3388 3510 3491 3556 est.
3527 3499 3671 3554 MAG.

2083 3597 2245 3665 Ergo,
2295 3595 2616 3651 hodiernum
2660 3612 2763 3651 non
2796 3604 2879 3650 est
2908 3611 3104 3654 nomen
3148 3594 3495 3667 sedverbum
3528 3591 3669 3657 “";

2081 3698 2205 3761 quia
2238 3698 2322 3743 est
2352 3704 2455 3743 vox
2486 3689 2798 3756 signiﬁcans
2825 3696 3066 3757 tempus,
3092 3702 3193 3743 nec
3216 3696 3298 3741 cst
3325 3684 3522 3742 oratio.

2674 3799 2901 3855 CAPUT
2933 3799 3072 3855 XIV.

2081 3893 2495 3949 Crammaticum
2543 3909 2652 3946 esse
2688 3893 3092 3961 signiﬁcalivum
3129 3891 3517 3962 grammatice,
3558 3890 3674 3947 sive

2365 3963 2660 4034 signiﬁcare
2690 3966 2933 4017 scientem
2961 3962 3380 4032 grammaticam.

2154 4056 2295 4114 DISC.
2348 4056 2492 4111 Satis
2525 4056 2652 4111 inilti
2691 4056 2930 4125 probasti
2981 4056 3395 4126 grammaticum
3447 4070 3551 4111 non
3602 4054 3674 4108 si-

2082 4148 2340 4218 gniﬁcare
2389 4148 2682 4201 hominem.
2736 4145 2874 4199 MAG.
2911 4144 3075 4201 Vides
3106 4145 3268 4215 igitur
3312 4146 3401 4215 qui
3434 4144 3670 4199 dixerim

2082 4239 2205 4307 quia
2240 4238 2622 4307 graunnatiws
2675 4247 2893 4291 nonest
2945 4237 3177 4291 liotninis
3221 4236 3668 4308 signiﬁcativum.

396 4318 689 4378 hominem.
725 4324 872 4380 ῡιεε.
914 4328 1058 4384 Dico.
1095 4329 1230 4386 MAG.
1260 4332 1485 4398 Quidam
1518 4350 1646 4402 erg»
1680 4351 1784 4387 non
1813 4335 1974 4389 homo
2083 4331 2224 4387 Dtsc.
2286 4333 2379 4362 *°'°
2432 4331 2599 4386 Video
2661 4350 2673 4385 :
2727 4340 2781 4386 et
2829 4337 3084 4401 exspecto
3134 4340 3191 4386 ut
3246 4327 3669 4401 grannnatieum

1711 4463 1941 4519 VARle
1980 4464 2381 4522 LECTIONES.

474 4567 573 4652 ‘f‘f‘
604 4567 958 4652 Dicittlnncius
992 4573 1354 4643 signiﬁcatum
1383 4586 1471 4652 :_et
1503 4576 1627 4630 licet
1652 4577 1716 4631 sit
1735 4578 2097 4652 signiligatum
2132 4596 2256 4633 utss.
2285 4580 2485 4652 dicitur
2513 4579 2628 4652 ejus
2671 4579 3137 4652 signiﬁcativumi:
3166 4588 3222 4634 et
3245 4580 3370 4635 licet
3398 4582 3469 4634 sit
3491 4582 3663 4652 signi-

401 4637 680 4719 ﬁcativuur
747 4637 1212 4719 ‘°°‘.1_V_on_t'amen
1247 4647 1459 4719 proprie
1481 4658 1563 4700 est
1613 4665 1710 4701 ms.
1756 4637 1950 4719 Vicl._5
1990 4666 2097 4702 non
2135 4661 2217 4703 est
2327 4650 2422 4679 “0"
2450 4637 2601 4714 Quod
2640 4637 2799 4704 movdo
2822 4651 3201 4719 grammatiete
3238 4666 3364 4704 mss.
3388 4637 3666 4719 quonme

847 4711 941 4743 ¹⁵⁰⁰⁷
976 4711 1204 4797 Tantum
1242 4711 1827 4797 sigtiilicatunrsit-ms.
1871 4717 2429 4797 Victi-3'5.Atautnnrsit
2462 4711 2878 4797 siguilicativum
2979 4719 3077 4797 θοιξίῗ
3097 4720 3250 4787 Quod
3274 4711 3673 4797 grammaticus

408 4777 675 4864 signiﬁcet
703 4784 1003 4864 mss._quod
1027 4777 1416 4864 grammaticus
1447 4803 1551 4864 non
1575 4788 1892 4864 _sign_ill_c_et__
1949 4788 2045 4820 ⁴⁰⁰⁵⁴
2078 4789 2248 4864 Quam
2281 4792 2487 4855 album,
2513 4777 2620 4864 ῖιὶεἰ
2642 4806 2767 4862 mss.
2805 4806 2966 4859 quam
3009 4777 3162 4845 albus
3190 4831 3205 4855 ,
3255 4777 3356 4845 nisi
3430 4791 3523 4822 ⁸⁰¹⁰
3548 4793 3665 4846 Soli

400 4846 607 4931 homini
637 4846 892 4931 coartauit
919 4846 1057 4931 mss:
1075 4855 1173 4909 soli
1200 4857 1401 4931 homini
1435 4846 1664 4931 accidit?
1707 4858 1798 4891 ⁴⁰¹¹
1839 4859 1990 4913 Sicut
2014 4846 2277 4931 sequitur,
2311 4876 2378 4914 ex
2406 4846 2486 4914 eo,
2507 4853 2758 4913 linximus
2787 4846 2909 4914 ni...
2937 4861 3017 4915 sic
3043 4846 3291 4930 sequitur
3320 4879 3381 4915 ex
3413 4878 3477 4915 eo
3518 4867 3669 4931 quod

397 4919 653 5002 Iin_ximu_s
725 4919 820 4952 ⁸⁰¹²
846 4923 942 5002 Est
973 4924 1133 4979 homo
1163 4927 1342 5002 sciens
1365 4929 1775 5002 grannmtticam
1804 4946 1928 4983 mss.
1959 4940 2042 4983 est
2079 4919 2274 4992 homo,
2325 4932 2483 4984 homo
2507 4932 2683 5002 sciens
2726 4919 3136 4999 grammaticam
3244 4932 3341 4963 ’⁸³³
3372 4932 3442 4985 M.
3474 4919 3669 4988 υιίιιιίε

401 4997 581 5073 autem
613 4991 775 5073 homo
813 4994 991 5049 sciens
1020 4991 1423 5073 grammatica-lin
1454 5007 1537 5051 est
1562 5000 2174 5073 Itomogranimatieus,
2204 4991 2259 5053 et
2288 5002 2541 5073 quoniam
2585 4991 2755 5056 homo
2770 5003 3158 5073 grammaticus
3188 5016 3273 5057 εει
3298 5003 3459 5057 Ιιυιιιο
3483 5004 3666 5057 sciens

400 5067 813 5142 graLutrtaticatn
842 5082 854 5117 ;
882 5067 1232 5142 consequitur
1255 5076 1315 5122 ut
1358 5067 1611 5124 Socrates
1629 5072 1707 5142 psit
1737 5070 1919 5142 homo»
1946 5071 2124 5123 sciens
2149 5067 2561 5142 granuuatieam
2581 5111 2595 5134 ,
2633 5081 2697 5142 et
2746 5067 2824 5126 sic
2875 5072 2935 5142 in
2980 5072 3245 5124 inlinitum
3302 5074 3672 5141 manuscripta

408 5128 479 5212 Ill.
506 5127 698 5212 Olunis
727 5143 911 5212 autem
942 5127 1102 5190 homo
1131 5138 1309 5212 sciens
1354 5140 1763 5212 grammaticam
1794 5149 1879 5193 est
1910 5140 2070 5193 homo
2100 5127 2595 5212 gtrammaticuslb.
2627 5141 2701 5195 lta
2742 5153 2842 5197 est.
2873 5140 2942 5194 M.
2976 5142 3231 5196 Socrates
3253 5142 3432 5212 igitur.
3462 5127 3674 5212 qni'est

404 5197 753 5281 homohomo
782 5205 958 5281 sciens
1009 5197 1436 5281 grammaticam,
1477 5218 1559 5263 est
1586 5211 1761 5281 homo
1809 5197 2423 5281 homogrannnaticus.
2483 5210 2547 5264 Et
2597 5213 2850 5280 quoniam
2902 5197 3301 5280 grammaticus
3356 5197 3440 5266 est
3480 5197 3669 5269 Ibomo

410 5277 589 5350 sciens
626 5277 1059 5342 grammaticam,
1094 5278 1444 5345 consequitur
1480 5288 1536 5331 ut
1569 5280 1823 5333 Socrates
1872 5280 1941 5333 sit
1976 5279 2136 5333 humo
2164 5282 2324 5333 homo
2353 5280 2533 5335 sciens
2587 5277 2996 5350 g'rannnaticam
3030 5300 3041 5332 :
3088 5294 3143 5335 et
3180 5283 3259 5337 sic
3303 5282 3354 5336 in
3386 5283 3665 5340 inﬁnitum

405 5338 501 5423 ‘9.“
524 5338 653 5423 ttion—
682 5358 899 5423 possum
917 5356 1054 5423 apte
1080 5338 1345 5423 mutuli)"
1375 5364 1589 5423 possunt
1620 5360 1832 5423 apertzc‘
1860 5419 1870 5423 Δ
1928 5350 2021 5380 ³⁰¹⁵
2048 5350 2215 5423 Igitur
2245 5351 2313 5403 sit
2347 5352 2397 5423 in
2445 5368 2565 5404 mss.
2587 5338 2727 5405 item
2765 5353 2809 5406 si
2860 5353 2910 5405 in
3024 5352 3115 5381 ⁸⁰¹⁶
3143 5338 3525 5422 Intelligendus
3552 5338 3665 5419 est,

414 5409 665 5494 similiter
683 5409 750 5466 Vin
782 5409 1035 5494 omrnbus
1064 5416 1333 5494 similibus
1359 5409 1871 5494 decenniumti_vis,_id
1900 5429 1983 5494 est
2011 5409 2558 5494 quodtlenoutinatur
2578 5439 2698 5475 mss.
2732 5436 2777 5475 et
2835 5439 2959 5476 mss.
3002 5421 3135 5475 I'icl.
3177 5424 3236 5475 l5
3277 5409 3663 5494 intelligendus

410 5490 495 5565 est
523 5486 1059 5565 curagranuuatica,‘
1096 5486 1496 5565 intelligendum
1530 5498 1609 5565 est
1659 5490 1908 5565 similiter
1931 5492 1981 5542 in
2011 5486 2564 5565 cluiuiliussimilibus
2605 5493 3038 5552 tlcnomiuativis.
3070 5493 3120 5545 id
3152 5497 3295 5561 quod
3338 5486 3666 5547 denomina-

408 5556 503 5635 tua;
556 5549 699 5635 “5°”
734 5555 843 5635 lloc
872 5555 1170 5635 sentiebam
1212 5549 1309 5635 ms.
1353 5557 1483 5610 Vict.
1530 5558 1563 5611 5
1589 5564 1689 5635 hoc
1736 5562 1969 5635 sciebam
1995 5630 2048 5635 Δ*
2076 5560 2169 5591 ³⁰¹⁸
2198 5562 2354 5613 Aliud
2382 5579 2503 5614 eum
2558 5572 2795 5631 tempore
2846 5579 2971 5617 mss.
3003 5549 3203 5626 aliquiit
3261 5581 3381 5615 eum
3418 5574 3671 5630 letttpm'c

409 5619 503 5650 ⁸⁸³⁸³
551 5619 888 5703 Νειιεειιιιὶεἱ
917 5625 1370 5703 scilicetvt-rlntm
1422 5645 1543 5703 mss.
1606 5631 1757 5682 cium
1805 5630 1929 5683 l‘irt.
1992 5630 2052 5696 13
2087 5646 2189 5685 non
2225 5642 2304 5686 est
2350 5648 2543 5687 nomen
2584 5619 2920 5689 sedverbum
3034 5619 3127 5667 ¹⁵⁰ί³
3162 5619 3559 5703 Signiliratatn'.
3600 5636 3665 5691 ll.

402 5704 524 5744 mas.
560 5693 710 5746 etiam
751 5693 859 5747 l'it't
921 5694 981 5747 I5
1009 5697 1383 5762 signiliea‘uzn.
1422 5699 1477 5749 υ.
2007 5692 2011 5696 ”
3224 5692 3249 5703 υ
3668 5692 3687 5697 5
