4076 6288
502 276 612 333 575

1040 277 1098 335 S.
1142 278 1445 337 ANSELMI
1483 278 1835 335 CANTUAIL
1877 279 2194 337 ARCIIIEP.
2236 280 2386 334 UPP.
2428 280 2607 336 PARS
2646 282 2680 337 l.
2724 314 2794 351 τ-
2829 282 3250 340 DOGMATICA.

3649 286 3749 342 576

491 392 780 459 probatum
833 392 906 447 sit
947 376 1221 447 lzominem
1252 392 1414 447 simul
1442 400 1497 447 et
1532 394 1939 462 grammaticam
1973 406 2081 446 non
2111 393 2158 449 Α
2184 406 2342 448 voces
2382 393 2706 463 signiﬁcant,
2745 408 2971 450 necesse
3002 393 3102 446 fuit
3139 395 3321 449 dicere
3349 394 3481 464 quid
3520 395 3630 463 sint
3661 412 3761 454 res-

490 496 618 538 esse
640 480 738 515 ‘m
762 482 1196 554 grammaticum.
1224 480 1376 539 Unde
1405 484 1755 552 consequitur
1780 483 1954 539 solum
1984 484 2081 538 ho-

488 573 692 629 minem
720 588 841 629 esse
860 573 1306 644 grammaticum;
1330 573 1587 644 quoniam
1616 588 1720 628 non
1752 582 1928 644 potest
1958 589 2082 646 esse

488 665 898 737 grammaticus,
942 664 1048 720 nisi
1074 673 1169 720 aut
1207 663 1356 720 solus
1382 662 1500 732 ‘°“,
1532 673 1626 719 aut
1656 654 1785 719 eum
1813 680 2081 735 gramma-

490 755 635 811 tica:
686 756 937 826 quamvis
962 769 1199 825 namque
1247 754 1342 788 ⁸⁸⁸⁸
1379 755 1718 827 grammatici
1775 771 1969 812 nomen
1998 757 2078 812 si-

486 845 856 916 gniﬁcativum
886 846 960 901 sit
989 846 1085 879 ⁸⁸⁵⁸
1109 849 1465 918 grammatica
1488 889 1503 914 ,
1524 863 1636 904 non
1673 857 1852 903 tamen
1878 862 2078 917 conve-

485 938 700 994 niettter
746 939 1105 1009 respondetur
1127 940 1506 1011 interroganti,
1533 941 1661 1011 quid
1692 941 2079 1012 grammaticus

485 1031 588 1096 sit;
639 1032 1018 1102 grammatica,
1070 1041 1184 1097 aut,
1225 1032 1463 1103 qualitas
1512 1050 1525 1087 :
1585 1042 1640 1087 et
1671 1033 1713 1088 si
1768 1032 1946 1087 nullus
1993 1041 2079 1088 est

483 1121 891 1192 grammaticus.
928 1124 1032 1178 nisi
1076 1124 1454 1195 participando
1480 1125 1921 1196 grammaticam;
1949 1139 2077 1180 con-

484 1212 731 1282 sequitur
761 1224 822 1269 ut
866 1214 1030 1272 homo
1082 1230 1190 1271 non
1239 1216 1312 1272 sit
1350 1218 1763 1288 grammaticus,
1819 1217 1920 1272 nisi
1950 1232 2075 1274 cum

485 1303 859 1372 grannnatica.
885 1302 1026 1360 MAG.
1057 1303 1212 1372 Quod
1240 1306 1457 1377 quidem
1483 1307 1680 1363 dicitur
1707 1307 1851 1378 quod
1890 1308 2075 1372 homo,

485 1392 649 1460 solus,
705 1393 759 1449 id
812 1403 919 1461 est,
976 1397 1092 1452 sine
1130 1398 1487 1474 grammatica
1539 1408 1621 1454 est
1667 1400 2074 1469 grammaticus,

486 1494 743 1554 quantum
754 1486 822 1542 ad
841 1499 986 1543 tuam
1008 1490 1364 1559 quaastionem
1386 1491 1700 1547 solvendam
1732 1492 1935 1547 sufﬁcit
1955 1492 2073 1558 “"7,

485 1575 692 1631 duobus
742 1578 916 1634 modis
982 1579 1207 1651 intelligi
1261 1590 1466 1651 potest;
1528 1597 1636 1638 uno
1700 1598 1850 1648 vero,
1902 1585 2077 1640 altero

485 1664 621 1721 lalso
647 1666 745 1699 ⁶⁰⁸⁸
773 1685 786 1722 :
817 1668 979 1724 homo
1007 1670 1204 1741 quippe
1242 1670 1411 1734 solus,
1452 1672 1504 1728 id
1532 1684 1633 1731 est.
1667 1674 1872 1744 absque
1895 1691 2076 1747 gram-

2184 484 2317 540 Nam
2365 485 2446 558 (ut
2494 487 2598 542 alia
2655 486 2884 554 taceam)
2940 485 3275 541 sufﬁcienter
3305 487 3409 541 huc
3452 488 3594 557 quod
3626 489 3765 559 diro,

2183 577 2397 641 divisio,
2431 594 2593 648 quam
2622 578 2750 633 facit
2787 577 2840 632 in
2876 576 3139 647 principio
3168 585 3431 631 tractatus
3458 575 3769 648 Categoria-

2184 683 2303 721 rum
2333 668 2448 733 “6‘,
2475 668 2748 734 ostendit;
2779 682 2886 722 non
2914 667 3059 723 enim
3092 667 3170 721 ait
3198 685 3212 721 :
3245 663 3445 721 Eorum
3471 684 3589 737 qme
3624 682 3765 740 sunt,

2181 757 2447 829 s'ugulum
2490 769 2564 812 est
2605 758 2700 792 ⁸⁰⁶³
2727 757 3043 823 substantia,
3088 767 3179 811 aut
3208 756 3495 827 quantitas,
3523 768 3628 814 etc.
3660 758 3772 816 Nec

2182 849 2294 904 ait:
2322 847 2520 904 Eorum
2544 864 2664 918 qua:
2683 848 2982 905 secundum
3010 846 3210 901 nullam
3233 846 3328 880 m'
3342 848 3768 919 complexionem

2181 938 2458 1005 dicuntur,
2498 938 2711 1010 singulo
2738 948 2831 995 aut
2861 938 2959 972 ⁸⁸⁸⁷
2990 937 3298 996 substantia
3322 939 3647 1010 appellatur,
3678 951 3772 995 aut

2180 1030 2486 1099 quantitas;
2544 1031 2642 1087 sed
2675 1032 2791 1086 ait:
2826 1028 3051 1097 Eorum,
3078 1032 3217 1103 {qum
3243 1033 3534 1089 secundum
3566 1035 3770 1091 nullam

2179 1122 2591 1192 complexionem
2640 1123 2910 1190 dicuntur,
2972 1122 3239 1195 singulum
3284 1135 3377 1179 aut
3421 1125 3771 1181 substantiam

2178 1215 2439 1286 signiﬁcat
2471 1224 2562 1270 aut
2595 1216 2943 1284 quantitatem
2972 1215 3090 1270 ⁵⁸⁸⁸.
3130 1216 3278 1271 Dtsc.
3313 1215 3606 1274 Persuadet
3633 1220 3772 1274 ratio

2179 1308 2324 1377 quod
2353 1306 2509 1362 diris.
2563 1305 2707 1362 MAG.
2736 1304 2872 1362 Cum
2919 1322 3051 1378 ergo
3097 1306 3419 1365 Aristoteles
3462 1309 3536 1365 ita
3575 1310 3767 1367 dicat:

2179 1393 2401 1461 Eorum,
2440 1411 2558 1464 qum
2581 1395 2870 1455 secundum
2901 1395 3103 1451 uulla'm
3128 1397 3540 1469 complexionem
3576 1399 3770 1453 dicun-

2178 1498 2283 1550 tur,
2314 1485 2579 1556 singulum
2609 1494 2698 1538 aut
2720 1486 3065 1541 substantiam
3083 1487 3365 1558 signiﬁcat,
3391 1500 3480 1542 aut
3502 1489 3773 1558 quantita-

2179 1587 2303 1643 tem,
2321 1585 2428 1631 etc.
2463 1576 2537 1631 De
2553 1591 2658 1645 qua
2678 1576 2775 1608 ⁸⁸⁸³
2794 1576 3188 1648 signiﬁcatione
3210 1578 3423 1634 videtur
3438 1578 3531 1634 tibi
3557 1580 3769 1649 dicere;

2182 1669 2248 1723 de
2300 1669 2389 1723 illa
2440 1683 2546 1738 qua
2582 1667 2678 1701 ⁸⁰⁷⁰
2715 1683 2816 1740 per
2868 1682 2929 1724 se
2977 1668 3286 1738 signiﬁcant
3336 1668 3464 1739 ipsa:
3500 1684 3681 1739 voces,
3716 1681 3773 1728 et

485 1759 683 1814 matica
710 1761 827 1828 ‘m,
860 1772 943 1817 est
973 1765 1399 1832 grammaticus;
1435 1766 1560 1835 quia
1588 1766 1734 1822 solus
1764 1777 1848 1823 est
1869 1768 2074 1838 habens

2179 1776 2299 1832 quae
2353 1760 2459 1816 illis
2508 1770 2593 1816 est
2623 1758 3034 1816 substantialis:
3070 1777 3139 1815 an
3182 1761 3261 1829 de
3288 1759 3460 1817 altera
3502 1761 3599 1795 ⁸⁸⁷³
3648 1779 3773 1833 quae

483 1854 892 1923 grammaticam
928 1872 942 1909 :
976 1857 1328 1926 gratnmatica
1376 1872 1627 1929 namque,
1665 1874 1762 1915 nec
1799 1860 1935 1932 sola,
1974 1877 2073 1918 nec

484 1958 603 1999 eum
644 1945 863 2000 homine
900 1947 1063 2001 habet
1088 1948 1500 2017 grammaticam
1534 1965 1549 2001 :
1583 1950 1676 2005 sed
1714 1948 1874 2005 homo
1902 1950 2071 2016 solus,

484 2034 537 2091 Id
560 2044 663 2109 est,
709 2037 915 2107 absque
953 2039 1331 2109 grammatica,
1382 2054 1487 2095 non
1516 2050 1595 2095 est
1646 2042 2070 2112 grammaticus:

484 2127 612 2195 quia
641 2129 869 2184 absente
914 2131 1273 2202 grammatica
1325 2130 1506 2187 nullus
1534 2147 1655 2189 esse
1684 2134 2074 2205 gratnmaticus

484 2230 661 2291 potest
694 2220 830 2276 mo:
863 2223 1005 2277 sicut
1048 2223 1142 2294 qui
1193 2225 1549 2293 prteeedendo
1601 2225 1749 2281 ducit
1794 2226 1982 2293 alium,
2021 2236 2076 2292 et

484 2310 632 2367 solus
651 2321 735 2366 est
764 2314 1027 2384 prmvius;
1058 2316 1186 2386 quia
1208 2317 1301 2386 qui
1320 2318 1567 2386 sequitur
1588 2332 1693 2373 non
1716 2326 1798 2374 est
1818 2322 2071 2389 praevius,

485 2419 583 2461 nec
620 2407 935 2475 separatim,
991 2423 1091 2464 nec
1116 2408 1259 2464 sicut
1293 2424 1359 2464 ex
1411 2410 1518 2471 illis
1553 2410 1763 2468 duobus
1812 2429 1955 2468 unus
1982 2414 2076 2469 ﬁat

483 2496 715 2559 pravius
761 2506 818 2551 et
859 2496 1005 2552 solus
1034 2514 1140 2555 non
1169 2507 1253 2554 est
1280 2501 1532 2573 praevius,
1583 2500 1708 2570 quia
1739 2502 1842 2559 nisi
1881 2503 1953 2558 sit
1982 2505 2072 2574 qui

483 2594 760 2654 sequatur,
814 2588 1043 2656 prmvius
1091 2588 1186 2621 ⁸⁰⁶¹
1231 2604 1485 2645 essenon
1533 2600 1729 2662 potest.
1763 2592 1897 2648 Cum
1947 2609 2074 2648 vero

482 2672 684 2728 diri.ur
724 2691 795 2746 qu
834 2676 870 2734 d
917 2679 1303 2748 grammaticus
1339 2689 1423 2736 est
1460 2680 1722 2752 qualitas;
1762 2698 1865 2738 non
1902 2695 2072 2748 recte,

483 2764 912 2831 nisisccundum
939 2776 1250 2837 _tractatum
1298 2770 1606 2829 Aristotelis
1638 2774 1712 2829 De
1763 2775 2071 2847 categoriis,

481 2852 549 2907 ὧι
568 2854 696 2910 Ξιυν.
1274 2866 1289 2876 ’

1058 2951 1288 3009 CAPUT
1335 2953 1497 3012 xvn.
1630 3024 1635 3025 ν

591 3036 666 3091 De
692 3037 1180 3105 Aristotelisseusu
1206 3044 1260 3100 iu
1299 3054 1531 3100 tractatu
1560 3045 1637 3102 Dc
1665 3049 1961 3120 categoriis.

554 3127 700 3183 lltsc.
728 3132 813 3184 An
845 3131 992 3186 aliud
1039 3134 1203 3191 habet
1233 3135 1322 3191 ille
1370 3147 1653 3206 tractatus,
1702 3118 1866 3210 quam
1916 3159 2069 3198 omne
2100 3118 2144 3178 (ἶ

482 3218 733 3287 quodest,
770 3233 862 3277 aut
894 3234 969 3305 est
998 3226 1315 3295 substantia,
1343 3238 1435 3284 aut
1459 3230 1709 3301 qualitas,
1739 3243 1830 3287 aut
1857 3235 2068 3304 quanti-

482 3321 583 3376 tus,
613 3322 717 3368 etc.
768 3311 825 3381 Si
848 3329 981 3386 ergo
1017 3317 1167 3376 solus
1205 3320 1366 3377 homo
1396 3332 1482 3377 est
1513 3323 1929 3394 grammaticus;
1953 3326 2067 3380 sola

481 3402 784 3461 substantia
830 3416 916 3463 est
941 3412 1349 3480 grammaticus,
1398 3413 1673 3484 quomodo
1698 3413 1793 3446 ‘°“
1819 3429 1953 3488 ergo
1983 3431 2068 3471 se-

481 3492 716 3546 cundum
762 3492 911 3550 illum
960 3505 1273 3566 tractatum,
1321 3503 1711 3572 grammaticus
1760 3506 1933 3576 magis
1983 3515 2068 3562 est

482 3582 716 3650 qualitas
743 3601 907 3656 quam
934 3589 1281 3649 substantia?
1306 3592 1448 3651 ΜΑο.
1492 3594 1605 3651 Etsi
1633 3597 1736 3651 hoc
1760 3578 1832 3651 ibi
1866 3598 2064 3654 intelli-

481 3682 643 3741 gatur
681 3675 824 3744 quod
859 3684 914 3731 tu
955 3680 1092 3737 dicis
1124 3696 1137 3736 ε
1173 3687 1299 3753 quia
1340 3698 1504 3741 omne
1529 3687 1675 3756 quod
1710 3696 1812 3751 est,
1862 3687 2066 3759 aliquid

482 3764 678 3819 borum
707 3776 830 3823 est:
865 3784 970 3824 non
1004 3780 1182 3828 tamen
1214 3772 1314 3830 fuit
1338 3776 1651 3845 principalis
1690 3777 1917 3833 intentio
1945 3780 2066 3834 Ari-

481 3858 693 3914 stotelis
736 3861 842 3917 boc
887 3861 941 3918 in
994 3861 1086 3919 illo
1131 3864 1273 3921 libro
1317 3868 1635 3936 ostendere;
1686 3870 1783 3925 sed
1811 3872 2065 3940 quoniam

480 3962 644 4004 omne
664 3966 885 4020 nomen,
920 3953 1005 4033 vel
1042 3957 1263 4012 verbum
1290 3956 1493 4029 aliquid
1520 3957 1712 4015 borum
1747 3959 2016 4032 signiﬁcat
2049 3979 2061 4015 :

480 4056 591 4101 non
636 4044 781 4100 enim
823 4045 1137 4104 intendebat
1180 4050 1468 4106 ostendere
1512 4052 1640 4122 quid
1687 4051 1799 4107 sint
1843 4052 2068 4124 singula:

482 4149 592 4200 res.
624 4152 726 4201 nec
746 4136 842 4173 “”
865 4156 1097 4210 quarum
1129 4158 1313 4215 rerum
1342 4143 1452 4200 sint
1478 4145 1815 4215 appellativa:
1842 4146 2064 4214 singulae

481 4241 672 4294 voces;
720 4232 815 4288 sed
843 4247 1073 4302 quarum
1118 4234 1474 4303 signiﬁcativa
1503 4236 1630 4291 sint.
1672 4235 1779 4291 Sed
1811 4236 2063 4306 qtzonlam

2178 1867 2274 1922 per
2321 1850 2466 1906 aliud
2513 1860 2623 1916 est,
2669 1860 2725 1906 et
2777 1850 3172 1907 aceidentalis?
3218 1852 3365 1907 DISC.
3397 1850 3515 1907 Non
3545 1852 3651 1908 nisi
3705 1853 3773 1908 de

2177 1947 2318 2016 ipsa,
2345 1961 2509 2017 quam
2556 1945 2697 2001 idem
2732 1946 2847 2015 ipse
2894 1944 3101 2001 eisdem
3134 1944 3361 2000 vocibus
3392 1944 3594 2010 inesse,
3625 1944 3773 2000 difﬁ-

2178 2038 2374 2093 uiemlo
2398 2053 2594 2105 nomen
2615 2046 2674 2092 et
2697 2035 2943 2102 verbum,
2975 2035 3309 2107 assignavit;
3338 2050 3443 2106 qua
3478 2051 3575 2106 per
3601 2050 3662 2092 se
3691 2036 3771 2090 si.-

2175 2128 2455 2200 gnilieant.
2485 2128 2626 2184 Mss.
2658 2128 2743 2184 An
2771 2139 2935 2199 putas
2962 2127 3113 2183 illum
3143 2127 3304 2193 aliter
3333 2137 3681 2199 prosecutum
3716 2129 3769 2181 iu

2180 2231 2434 2291 tractatu,
2480 2239 2643 2295 quam
2687 2224 2970 2295 proposuit
2999 2224 3051 2278 in
3098 2222 3395 2287 divisione;
3429 2238 3497 2278 an
3529 2222 3769 2293 aliquem

2175 2331 2362 2370 eorum
2387 2315 2503 2380 “’7’,
2532 2315 2622 2385 qui
2650 2330 2775 2371 emn
2800 2324 3090 2385 sequentes
3115 2314 3191 2370 de
3211 2313 3509 2383 dialectica
3536 2314 3771 2384 scripse-

2177 2416 2331 2471 runt,
2377 2407 2534 2462 aliter
2568 2407 2770 2463 sentire
2798 2406 3033 2463 voluisse
3059 2407 3124 2463 de
3152 2407 3255 2463 hac
3299 2420 3380 2469 re,
3408 2421 3569 2477 quam
3601 2409 3769 2462 sentit

2175 2497 2330 2568 ipse?
2361 2497 2506 2553 Dtsc.
2551 2496 2706 2552 Nullo
2735 2498 2895 2554 modo
2926 2512 3116 2553 eorum
3151 2499 3354 2570 scripta
3383 2499 3487 2567 hoc
3529 2499 3768 2568 aliquem

2175 2587 2385 2658 opinari
2434 2581 2758 2657 permittunt
2798 2587 2895 2620 ⁸⁰⁷³
2947 2606 2961 2642 :
3011 2589 3139 2658 quia
3190 2603 3459 2660 nusquam
3492 2587 3769 2643 invenitur

2177 2679 2373 2750 aliquis
2423 2693 2613 2735 eorum
2667 2678 2912 2750 posuisse
2941 2678 3177 2749 aliquam
3224 2693 3436 2745 vocem,
3468 2677 3537 2732 ad
3581 2688 3771 2732 osten-

2175 2772 2412 2829 dendum
2440 2771 2643 2842 aliquid
2691 2759 2836 2843 quod
2878 2770 2974 2804 “7‘
3003 2769 3272 2843 signiﬁcet
3300 2786 3396 2842 per
3445 2769 3622 2835 aliud;
3669 2769 3768 2824 sed

2178 2879 2394 2935 semper
2419 2864 2488 2920 ad
2527 2863 2650 2929 hoc,
2682 2864 2827 2934 quod
2858 2879 2954 2934 per
2987 2877 3046 2917 se
3082 2862 3374 2935 signiticet.
3403 2859 3590 2916 Nullas
3616 2858 3766 2914 enim

2174 2956 2362 3012 volens
2406 2963 2737 3023 monstrare,
2775 2954 3154 3020 substantiam,
3212 2950 3601 3023 poniilalbum
3664 2957 3765 3004 aut

2177 3046 2591 3117 grammaticum
2615 3043 2711 3076 ⁸⁸⁷⁸
2738 3060 2755 3111 ;
2797 3051 2891 3099 sed
2933 3044 3000 3099 de
3028 3043 3291 3114 qualitate
3320 3046 3541 3108 docens,
3576 3040 3765 3099 album

2176 3149 2231 3194 et
2260 3139 2472 3209 nigrum
2495 3135 2722 3208 profert,
2749 3145 2807 3193 et
2828 3136 3030 3192 similia
3056 3136 3172 3191 “7‘.

2741 3249 2967 3307 CAPUT
3017 3249 3204 3306 XVIII.

2177 3345 2332 3414 Quod
2361 3343 2627 3399 dialectici
2653 3343 2909 3468 appell‘eut
2936 3361 3084 3484 neges
3099 3343 3314 3469 ‘nomine
3335 3357 3510 3399 rerum
3536 3356 3767 3411 quantus

2708 3431 2807 3470 sun
2857 3430 2990 3484 signi
3035 3432 3095 3468 ca
3122 3431 3236 3470 uae.

2708 3430 2830 3470 sunt
2857 3430 3236 3486 sigmpcatww.

2245 3507 2384 3565 Mac.
2418 3507 2477 3564 Si
2501 3522 2635 3581 ergo
2657 3507 2933 3578 proposita
2961 3506 3226 3563 divisione
3250 3503 3494 3575 praefata,
3517 3519 3707 3574 quaero
3732 3518 3765 3559 a

2174 3606 2227 3654 te
2248 3597 2375 3668 quid
2400 3599 2472 3653 sit
2489 3596 2893 3669 grammaticus,
2918 3595 3216 3651 secundum
3240 3594 3379 3650 banc
3407 3592 3759 3648 divisionem:

2173 3699 2228 3746 et
2257 3690 2554 3747 secundum
2599 3703 2717 3756 eos,
2746 3688 2838 3759 qui
2873 3687 3019 3743 illam
3049 3685 3338 3743 scribendo
3374 3685 3444 3741 de
3478 3684 3763 3741 dialectica

2173 3791 2498 3852 sequuntur,
2525 3780 2655 3852 quid
2680 3793 2865 3850 quaero
2895 3797 2907 3833 :
2934 3786 3029 3834 aut
3053 3778 3182 3849 quid
3209 3777 3340 3832 mibi
3368 3774 3766 3848 respondebis?

2176 3873 2320 3930 Dtsc.
2374 3873 2571 3930 Procul
2612 3873 2782 3937 dubio
2827 3887 2935 3951 non
2962 3871 3053 3927 hic
3101 3878 3277 3941 potest
3308 3867 3479 3940 qua-ri
3506 3868 3629 3935 ⁸⁸⁷⁷,
3659 3866 3764 3923 nisi

2173 3976 2266 4022 aut
2293 3967 2359 4021 dc
2382 3981 2514 4022 voce
2539 3974 2635 4023 aut
2663 3965 2732 4022 de
2762 3979 2838 4029 re,
2867 3977 3030 4034 quam
3075 3961 3366 4032 signiﬁcat.
3399 3959 3604 4028 Quare,
3633 3958 3763 4030 quia

2172 4065 2388 4113 etuistat
2416 4056 2511 4089 δ⁰⁷³
2531 4054 2943 4128 grammaticum
2976 4069 3083 4109 non
3105 4051 3433 4124 signiﬁcare,
3459 4050 3765 4106 secundum

2173 4148 2314 4202 hanc
2354 4146 2696 4210 divisionem,
2726 4143 3025 4207 hominem,
3071 4141 3166 4197 sed
3193 4140 3647 4210 grammaticam:
3681 4139 3766 4195 in-

2173 4248 2494 4295 cunctanter
2523 4237 2875 4310 respondebo,
2911 4235 2957 4290 si
2984 4234 3184 4305 quteris
3213 4235 3281 4290 de
3321 4248 3474 4298 voce,
3503 4233 3633 4305 quia
3680 4240 3765 4288 est

481 4334 647 4376 voces
669 4337 775 4378 non
803 4308 1109 4394 signiﬁcant
1138 4326 1241 4382 nisi
1266 4340 1381 4392 res;
1419 4326 1650 4382 dicendo
1673 4327 1801 4397 quid
1826 4328 1897 4382 sit
1921 4328 2062 4398 quod
2099 4316 2140 4373 ί)
2168 4348 2268 4387 vox
2316 4308 2630 4402 signiﬁcans
2676 4322 3025 4401 qualitatem;
3073 4328 3116 4383 si
3168 4342 3300 4383 vero
3345 4326 3547 4397 quaeris
3576 4325 3647 4381 de
3678 4339 3760 4390 re,

1785 4480 2018 4538 VAIIIIE
2051 4482 2452 4542 LECTIONES.

683 4573 1107 4673 Grammaticam
1135 4608 1241 4648 non
1272 4608 1392 4649 esse
1419 4609 1518 4647 ms.
1559 4590 1694 4673 Yict.
1723 4591 1757 4647 3
1788 4594 2195 4673 grammaticam
2221 4608 2342 4650 esse
2385 4666 2396 4673 _
2452 4594 2549 4673 ‘f‘j
2574 4593 2686 4649 Nisi
2723 4593 2869 4673 solus
2898 4604 2984 4649 est
3023 4609 3151 4648 mss.
3198 4591 3302 4673 nisi
3347 4598 3443 4673 aut
3487 4589 3640 4673 solus
3667 4603 3737 4668 au

1981 4662 2078 4694 ‘°“
2112 4663 2316 4720 Nomen
2355 4665 2717 4734 signiﬁcatum
2766 4664 2839 4723 sit
2862 4681 2989 4718 mss.
3015 4679 3211 4734 nomen
3238 4660 3660 4734 signiﬁcativum
3691 4660 3766 4713 sit

480 4657 577 4732 ξω
607 4661 865 4732 Quamvis
905 4678 1182 4732 nunquam
1212 4679 1337 4718 mss.
1366 4663 1615 4732 quamvis
1643 4657 1875 4732 namque

482 4729 582 4770 ⁸³⁸⁷
610 4730 974 4804 Qutestionem
1001 4729 1197 4804 sollicit
1220 4750 1347 4804 mss.
1380 4729 1730 4804 qua-stionem
1759 4729 2069 4789 solvendam
2097 4736 2297 4793 sntlicit

1244 4803 1341 4841 ’⁸⁸⁸
1368 4798 1630 4877 Solus,_id
1655 4813 1759 4869 est,
1813 4804 2019 4873 absque
2044 4806 2395 4877 grammatica
2424 4822 2556 4877 mss.
2573 4805 2718 4877 solus
2739 4805 2857 4859 sine
2875 4798 3228 4877 grammatica
3324 4801 3425 4877 5°“
3448 4800 3639 4877 Nullus
3674 4798 3764 4851 est

482 4817 591 4858 uno
621 4817 768 4868 vero,
803 4802 977 4860 altero
1005 4802 1142 4859 falso

2452 4594 2549 4627 m'
2574 4593 2686 4649 Nisi
2723 4593 2869 4649 solus
2898 4604 2984 4649 est
3023 4609 3151 4648 mss.
3198 4591 3302 4647 nisi
3347 4598 3443 4645 aut
3487 4589 3640 4646 solus
3667 4594 3764 4642 aut

2428 4735 2501 4768 ⁰⁸⁸
2532 4736 2647 4791 Uno
2670 4735 2830 4790 modo
2857 4748 3010 4800 vero,
3033 4733 3203 4788 altero
3240 4729 3403 4786 modo
3447 4729 3586 4785 falso
3630 4742 3758 4800 mss.

481 4875 856 4947 grammatica,
874 4874 958 4929 vel
981 4883 1156 4945 potest
1178 4888 1298 4947 esse
1323 4892 1447 4930 mss.
1468 4874 1646 4931 nullus
1664 4890 1786 4931 esse
1806 4872 2192 4947 gratitntatieus
2214 4885 2391 4947 potest
2452 4930 2455 4931 ν
2490 4874 2586 4911 ⁵⁸⁸⁸
2615 4874 2774 4947 Solus
2793 4872 3123 4944 estprimus.
3143 4912 3158 4927 .
3176 4915 3190 4928 .
3226 4876 3333 4947 non
3357 4881 3443 4927 est
3473 4872 3758 4947 primus...

485 4942 580 5017 liat
607 4944 882 5013 primus...
909 4942 1022 5000 non
1050 4954 1143 5017 est
1164 4946 1438 5016 primus...
1468 4942 1834 5017 consequatur
1881 4945 2089 5017 primus
2116 4942 2240 5000 mss.
2291 4946 2438 5002 solus
2465 4955 2548 5002 est
2575 4945 2878 5017 prtevitts...
2899 4942 3011 5000 non
3038 4952 3125 5000 est
3153 4943 3451 5017 prmvius...
3483 4942 3578 5017 fiat
3619 4953 3763 5017 prato

480 5016 602 5069 vius
629 5050 669 5088 τ.
717 5030 822 5069 non
860 5024 946 5070 est
984 5016 1281 5086 praevius...
1330 5026 1591 5088 sequatur
1636 5016 1869 5088 prtevius

481 5084 679 5139 stantia
722 5095 809 5155 est
846 5084 1252 5154 grammaticus.
1310 5084 1592 5155 Quomodo

1693 5087 1791 5119 “‘3
1823 5084 2140 5154 Siugulares
2166 5127 2182 5144 .
2239 5102 2337 5142 nec
2379 5104 2477 5141 ms.
2523 5084 2656 5142 l’ict.
2685 5085 2721 5140 '5
2750 5085 2974 5155 singula-
3018 5084 3126 5151 res,
3159 5100 3260 5139 nec

1975 5013 2072 5087 ⁸9⁸³
2101 5010 2817 5087 εναιηῐηλιίοιιειςιίιοιῃοάο
2851 5032 2978 5087 mss.
3035 5010 3449 5087 gmtitmaticus,
3472 5010 3588 5087 s_ola
3620 5010 3764 5087 sub-

3364 5081 3460 5114 ‘°“
3485 5081 3762 5152 Principio

480 5151 893 5232 Categoriarum
921 5171 1051 5232 mss.
1072 5151 1627 5232 principio'tmetatus
1651 5151 2063 5227 Categotia'rum
2136 5156 2232 5232 ‘°_“
2257 5155 2634 5232 Singularium
2650 5151 2896 5232 εξιλζιδῖς.
2922 5155 3190 5232 ξίιιευὶιιιιι
3220 5162 3307 5211 est
3378 5151 3476 5232 ‘°_“
3505 5151 3618 5232 Nec
3641 5151 3758 5209 ait:

483 5239 604 5296 quae
652 5226 949 5283 secundum
981 5224 1144 5282 ullam
1192 5224 1447 5285 misauec
1491 5224 1812 5293 ait,eorutn'
1831 5243 1953 5296 qua:
1991 5228 2287 5284 secundum
2322 5224 2522 5296 nullam
2604 5224 2714 5258 ’Μ’
2749 5224 3031 5294 Singulum
3090 5235 3183 5278 aut
3218 5241 3346 5279 mss.
3395 5224 3610 5296 singulo
3662 5234 3761 5296 aut

481 5293 578 5331 θ’θ’
600 5298 705 5350 Aut
733 5297 1073 5368 qualitatem.
1110 5297 1171 5350 Β.
1200 5314 1325 5353 mss.
1358 5306 1452 5352 aut
1474 5293 1864 5368 quantitatem:
1893 5300 1955 5354 Ι).

481 5379 643 5437 quam
689 5367 786 5435 per
814 5384 940 5438 mss.
970 5369 1037 5423 de
1075 5367 1162 5423 illa
1199 5384 1305 5438 qua
1341 5384 1438 5437 per
1536 5368 1632 5401 ¹⁵⁰⁷¹
1667 5370 1773 5422 Aut
1810 5368 1877 5421 de
1909 5371 2079 5425 altera
2121 5385 2246 5423 mss.
2289 5385 2356 5422 an
2380 5370 2458 5425 ‘de
2485 5367 2653 5423 altera

1768 5439 1862 5470 “’7'
1886 5441 1998 5496 Iloc
2029 5438 2173 5494 aliud
2224 5440 2433 5505 upinari
2485 5439 2805 5509 permittcut
2846 5454 2971 5491 mss.
3002 5435 3351 5509 ltocaliquetn
3390 5436 3598 5503 upinari
3632 5449 3762 5509 per:

481 5450 643 5504 quem
665 5450 850 5492 eorum
878 5437 1022 5500 Edit.
1054 5437 1154 5501 col,
1179 5437 1247 5492 an
1279 5440 1421 5494 aliud
1464 5455 1652 5493 eorum

2055 5298 2150 5329 ⁸⁰⁶⁹
2183 5299 2248 5352 Et
2277 5293 2404 5352 tunc
2429 5298 2497 5353 de
2523 5313 2630 5368 qua
2645 5313 2770 5368 mss.
2788 5293 2861 5368 et
2893 5305 3111 5368 caetera.
3136 5296 3210 5348 De
3238 5308 3345 5367 qua
3444 5294 3542 5326 ⁸⁸⁷⁸
3565 5293 3639 5348 De
3665 5293 3757 5368 illa

2759 5365 2855 5398 "7’
2881 5366 2964 5421 An
2988 5365 3150 5423 alium
3187 5366 3376 5419 eorum
3407 5380 3534 5418 mss.
3562 5380 3628 5417 an
3653 5363 3760 5417 ali-

483 5496 708 5578 nullout
771 5504 876 5578 fm
897 5496 1096 5568 Eorum
1128 5496 1363 5578 aliquam
1393 5524 1576 5565 vorent
1610 5511 1676 5563 ad
1720 5512 2110 5566 ostendendum
2142 5496 2286 5563 aliud
2324 5509 2467 5577 quod
2487 5496 2628 5563 'mss.
2680 5523 2871 5578 eortun
2919 5507 3167 5578 posuisse
3199 5496 3438 5573 aliquam
3469 5496 3652 5578 vocatu
3684 5505 3757 5556 ad

480 5575 876 5648 ostendendum
942 5578 1145 5647 aliquid
1211 5575 1356 5648 quod

486 5730 595 5774 non
622 5717 708 5772 IlIC
738 5717 915 5785 potest
952 5721 1123 5789 quzcri

1463 5579 1557 5611 ὀοτδ
1609 5579 1803 5634 Album
1871 5592 1962 5634 aut
2018 5580 2429 5651 grammaticam
2495 5596 2592 5651 ms.

479 5644 578 5678 ⁸⁸⁷⁸
606 5646 816 5726 nigrum
846 5644 1070 5718 ponunt,
1101 5659 1153 5726 et
1181 5644 1530 5726 similium”.
1582 5650 1761 5704 album
1793 5660 1845 5705 et
1896 5644 2103 5720 nigrum
2147 5651 2372 5726 profert,
2399 5660 2453 5703 et
2483 5650 2678 5707 similia

1234 5718 1325 5750 "7'
1356 5722 1491 5786 Quia
1529 5733 1737 5775 constat
1770 5739 1887 5776 mss.
1922 5718 2087 5792 quare
2133 5722 2259 5792 quia
2296 5729 2509 5776 constat

2678 5578 2812 5632 Vict.
2860 5575 3136 5632 3_album
3194 5586 3286 5627 aut
3337 5575 3755 5642 grantmaticuut

2784 5649 2876 5681 5°"
2915 5648 3025 5707 Hoc
3059 5665 3164 5702 non
3199 5656 3375 5719 potest
3409 5648 3575 5719 quaeri
3624 5661 3755 5701 mss,
