4076 6288
303 390 404 446 577

1634 382 1716 437 DE
1757 379 1889 437 CBA
1904 382 2232 438 MMATICO.
3465 384 3578 438 578

304 508 427 577 quia
448 513 533 561 est
557 502 814 574 qualitas.
842 497 983 555 MAG.
1009 498 1089 552 An
1125 498 1342 569 ignoras
1369 497 1493 568 quia
1524 495 1663 550 idem
1690 496 1895 549 Aristo-
1927 497 1969 552 A
2000 496 2304 564 signiﬁcare
2344 496 2563 562 habere,
2588 498 2713 566 quia
2750 496 3019 568 signiﬁcat
3059 495 3348 551 habentem
3390 511 3487 550 arn
3511 513 3542 555 a
3564 542 3577 567 ,

306 598 437 655 teles
470 594 702 666 appellat
733 607 893 648 voces
936 591 1156 646 nomine
1188 604 1367 643 rerum
1398 603 1629 658 quarum
1665 597 1790 642 sunt
1820 586 1893 640 si-

302 687 647 761 gniﬁcativze,
697 693 750 740 et
804 698 909 737 non
954 697 1183 751 quarum
1234 689 1439 734 tantum
1493 686 1616 734 sunt
1660 677 1897 749 appella-

303 777 571 841 tivtc"°",
591 777 641 831 in
655 775 840 830 eodem
866 773 1004 827 libro
1028 789 1042 837 ;
1075 781 1133 825 ut
1154 785 1277 826 cum
1304 770 1435 824 dicit
1463 770 1585 838 quia
1610 768 1784 825 omnis
1801 767 1893 799 ⁸⁰⁸⁰

302 870 604 927 substantia
651 868 866 920 videtur
917 863 1225 934 signiﬁcare
1283 864 1383 917 hoc
1418 860 1637 930 aliquid,
1687 860 1739 915 id
1789 868 1890 921 cst,

302 960 478 1017 omnis
509 972 607 1010 vos
641 954 955 1025 signiﬁcans
985 951 1075 985 ⁵⁸³⁸⁸
1106 952 1496 1015 substantiam;
1554 952 1693 1004 sicut
1722 948 1896 1002 nomi-

310 1060 395 1106 nat
422 1049 506 1104 vel
541 1048 718 1119 potius
749 1045 987 1100 ostendit
1016 1058 1104 1098 res
1134 1042 1297 1113 (quod
1328 1051 1381 1096 tu
1428 1040 1588 1111 paulo
1632 1049 1754 1093 ante
1786 1054 1895 1094 iue-

286 1138 515 1213 ,niinisti
569 1136 664 1168 “9’
719 1135 849 1190 solis
895 1134 1119 1189 vocibus
1167 1146 1354 1185 earum
1407 1130 1797 1202 signiﬁcativis,
1842 1139 1896 1185 et

303 1246 444 1299 saepe
483 1244 587 1282 non
620 1224 981 1297 appellativis.
1034 1222 1179 1277 DISC.
1214 1221 1329 1277 Non
1363 1222 1466 1276 hoc
1497 1221 1747 1292 ignorare
1777 1236 1898 1289 pos-

302 1338 421 1377 sum
460 1339 473 1373 :
508 1319 668 1392 ιω
715 1331 885 1388 quare
934 1315 1049 1370 sive
1076 1322 1356 1384 qumratur
1402 1312 1468 1367 de
1516 1326 1668 1375 voce,
1696 1311 1808 1365 sive
1831 1311 1898 1367 de

306 1428 381 1472 re.
432 1426 556 1465 cum
587 1408 847 1479 quaeritur
878 1406 1007 1477 quid
1058 1404 1129 1461 sit
1165 1403 1556 1474 grammaticus
1602 1404 1895 1457 secundum

302 1502 612 1559 Aristotelis
645 1510 958 1561 tractatum,
1000 1505 1053 1554 et
1077 1497 1374 1554 secundum
1426 1510 1687 1565 sequaces
1730 1496 1891 1566 ejus:

306 1603 455 1649 recte
499 1592 874 1662 respondetur,
932 1588 1168 1659 qualitas
1205 1606 1218 1639 :
1272 1596 1329 1642 et
1372 1596 1551 1642 tamen
1600 1587 1897 1643 secundum

304 1686 719 1757 appellationem
749 1696 878 1738 vere
893 1693 976 1737 est
1009 1680 1312 1737 substantia
1339 1679 1455 1731 ⁵⁸⁸³.
1493 1678 1632 1734 MAG.
1662 1678 1737 1733 Ita
1770 1686 1851 1733 est
1881 1696 1893 1730 :

304 1794 411 1832 non
441 1777 586 1832 enim
626 1789 844 1839 movere
893 1788 992 1828 nos
1032 1771 1214 1837 debet,
1257 1772 1399 1841 quod
1429 1769 1697 1824 dialectici
1737 1768 1896 1822 aliter

1996 587 2074 641 sic
2102 588 2489 656 grammaticus
2531 587 2799 659 signiﬁcat
2861 587 3083 651 habere,
3134 587 3258 656 quia
3310 587 3582 657 signiﬁcat

1996 676 2280 733 habentem
2306 678 2663 749 disciplinam.
2696 679 2834 734 MAG.
2874 678 3189 733 Nullatenus
3245 677 3337 710 *οη
3366 678 3467 733 hac
3491 696 3583 733 ra-

1998 770 2140 824 tione
2169 771 2529 836 considerata,
2559 784 2756 841 negare
2782 783 2999 840 rosum
3047 781 3139 826 aut
3164 779 3433 825 armatum
3465 787 3588 826 esse

1997 862 2348 917 substantiam
2379 868 2471 915 aut
2501 850 2912 940 grammaticum
2962 863 3181 916 habere.
3209 845 3354 917 Disd.
3386 861 3587 917 Vellent

1996 965 2126 1019 ergo
2152 965 2181 1004 a
2216 961 2267 1004 te
2289 952 2357 1005 do
2391 951 2469 1005 eti
2496 961 2674 1005 utrum
2704 967 2868 1007 unum
2924 952 3121 1021 aliqril
3153 952 3249 984 “9'
3270 953 3441 1023 possit
3464 969 3586 1011 esse

1996 1041 2332 1097 diversorum
2377 1042 2939 1111 prtezlicauiculorum.
2983 1043 3121 1098 MAG.
3184 1044 3316 1099 Rem
3363 1046 3494 1115 quid
3534 1063 3585 1100 m

1996 1146 2158 1187 unam
2195 1140 2251 1187 et
2276 1133 2519 1188 eamdem
2548 1149 2649 1188 non
2673 1143 2803 1204 puto
2834 1136 2935 1189 sub
2966 1135 3195 1190 diversis
3232 1140 3404 1207 aptari
3430 1152 3588 1208 pose:

1996 1223 2091 1256 ⁸⁸⁸⁵
2112 1225 2548 1293 pmdicamentis
2574 1225 2697 1280 licet
2728 1227 2781 1279 in
2822 1226 3143 1295 quibusdam
3194 1229 3429 1283 dubitari
3461 1246 3587 1299 pos-

1997 1313 2102 1381 sit?
2149 1314 2290 1383 quod
2358 1313 2547 1383 majori
2599 1322 2655 1369 et
2712 1315 2889 1370 altinri
2937 1316 3056 1385 disp
3097 1318 3301 1371 tatioue
3351 1320 3591 1389 indigere

1997 1402 2269 1465 existimo.
2335 1418 2497 1472 quam
2548 1405 2652 1458 hac
2713 1404 2858 1459 brevi
2901 1419 3088 1460 nostra
3135 1407 3589 1462 seriuot-inatione

1997 1492 2411 1561 assumpsimus.
2452 1492 2625 1548 Unam
2650 1500 2828 1547 autem
2869 1508 3054 1549 voce’u
3100 1494 3188 1563 plu
3223 1510 3251 1548 ει
3278 1495 3592 1563 signiﬁcau-

2000 1591 2105 1636 tcin
2140 1592 2329 1636 nonut
2358 1598 2546 1646 unum,
2587 1598 2691 1638 non
2747 1584 2903 1639 video
2927 1585 3054 1654 quid
3094 1586 3378 1655 prohibeat
3425 1587 3592 1656 pluri-

1998 1672 2098 1727 bus
2118 1671 2408 1741 aliquaudo
2464 1673 2689 1742 supponi
2745 1674 3181 1741 prmdicamentis
3214 1691 3226 1726 :
3260 1685 3318 1727 ut
3359 1675 3403 1729 si
3436 1675 3592 1731 albus

2000 1766 2196 1821 dicitur
2216 1766 2311 1797 δ⁰⁹⁵
2340 1765 2592 1835 (ιιιειῗίιειε,
2620 1774 2676 1821 et
2705 1766 2923 1821 habere.
2974 1766 3140 1819 A'hus
3166 1766 3310 1820 enim
3359 1782 3464 1822 ton
3515 1767 3590 1821 ita

304 1870 551 1924 scribunt
596 1867 661 1922 de
690 1866 935 1930 vocibus,
968 1863 1264 1920 secundum
1301 1864 1446 1933 quod
1465 1872 1595 1917 sunt
1627 1861 1898 1934 signiﬁea-
1930 1850 1972 1908 Β
2000 1857 2269 1928 signiﬁcat
2303 1858 2639 1927 qualitatem,
2685 1866 2739 1911 ct
2768 1858 2987 1923 habere,
3018 1868 3077 1912 ut
3101 1874 3297 1923 unum;
3326 1860 3588 1929 quemad-

307 1960 462 2020 tivaa;
497 1956 655 2011 aliter
704 1956 783 2011 eis
823 1962 1049 2009 utuntur
1094 1953 1363 2023 loquendo
1411 1952 1707 2007 secundum
1752 1951 1895 2021 quod

305 2056 434 2102 sunt
460 2045 796 2117 appellativa:
826 2063 838 2099 :
870 2044 917 2098 si
960 2055 1016 2098 et
1042 2042 1135 2075 “’3‘
1162 2042 1504 2112 grammatici
1545 2040 1687 2095 aliud
1700 2041 1893 2095 dicunt

305 2142 602 2197 secundum
627 2140 854 2193 formam
877 2151 1092 2201 vocum,
1120 2135 1265 2192 aliud
1284 2134 1381 2167 ‘m
1399 2135 1694 2191 secundum
1714 2148 1894 2189 rerum

307 2243 581 2288 naturam.
610 2232 807 2287 Dicunt
843 2232 1044 2301 quippe
1065 2229 1163 2261 ⁸⁰⁸⁶
1197 2229 1430 2301 lapidem
1462 2243 1585 2285 esse
1614 2225 1897 2283 masculini

305 2325 543 2393 generis,
570 2333 779 2395 petram
813 2321 1080 2386 feminini,
1109 2320 1437 2390 mancipium
1470 2328 1649 2374 autem
1678 2318 1855 2373 neutri
1879 2334 1894 2384 ;

307 2416 501 2470 timere
549 2414 809 2479 activum,
859 2412 1035 2467 timeri
1090 2425 1222 2466 vero
1255 2410 1530 2480 passivum
1576 2408 1668 2441 ⁸⁰⁸⁷
1718 2427 1730 2462 :
1774 2424 1896 2464 cum

307 2518 465 2557 nemo
494 2502 641 2557 dicat
671 2501 901 2571 lapidem
945 2500 1041 2533 ⁶⁰⁸⁸
1068 2514 1189 2556 esse
1220 2499 1537 2564 inasculam,
1568 2508 1658 2555 aut
1689 2510 1898 2569 petram

309 2594 594 2661 feminam,
643 2613 711 2651 an
746 2597 1073 2667 mancipium
1120 2612 1220 2651 nec
1266 2594 1563 2663 masculam
1616 2612 1715 2650 nec
1747 2594 1900 2650 femi-

309 2703 468 2752 nam;
497 2697 589 2742 aut
613 2688 803 2743 timere
832 2688 925 2719 ⁸³⁸⁸
955 2687 1163 2753 facere;
1192 2688 1367 2741 timeri
1393 2697 1572 2740 autem
1612 2688 1741 2755 pati.

909 2780 1136 2838 CAPUT
1159 2779 1298 2835 XIX.

311 2890 499 2945 Utrum
527 2893 926 2962 grammaticus,
958 2909 1075 2963 cum
1110 2892 1340 2960 designet
1373 2892 1643 2947 habentem
1674 2894 1902 2963 qualita-

561 2971 660 3015 tem
685 3001 699 3025 ,
731 2972 920 3028 spectet
962 2962 1031 3015 ad
1075 2964 1412 3032 categoriam,
1443 2963 1652 3018 habere.

381 3052 529 3106 Disc.
563 3051 759 3120 Aperta
790 3052 929 3105 ratio
977 3052 1108 3107 nihil
1135 3068 1222 3107 me
1256 3053 1307 3108 in
1354 3053 1440 3110 his
1461 3069 1583 3125 qua:
1601 3056 1782 3111 dixisti
1807 3056 1903 3111 du-

310 3143 484 3196 bitare
510 3141 773 3211 permittit
803 3140 897 3173 “9°
929 3160 940 3195 :
968 3142 1060 3197 sed
1081 3143 1258 3199 adhuc
1277 3144 1446 3199 estde
1480 3145 1584 3200 hac
1603 3146 1904 3215 quaestione

310 3232 452 3300 quod
483 3230 639 3285 velim
670 3232 880 3287 discere
942 3232 1055 3289 ‘9".
1120 3231 1278 3296 Nam,
1312 3234 1354 3289 si
1408 3236 1797 3305 grammaticus
1821 3246 1904 3291 est

310 3322 563 3391 qualitas,
600 3322 725 3391 quia
764 3323 1035 3393 signiﬁcat
1080 3324 1419 3393 qualitatem,
1453 3340 1559 3378 non
1613 3326 1772 3381 video
1806 3342 1903 3382 cur

312 3424 552 3470 armatus
573 3432 679 3471 non
710 3416 1124 3483 sitsubstantia,
1161 3432 1285 3471 cum
1333 3418 1599 3488 signiﬁcet
1656 3418 1905 3473 substan-

314 3500 440 3561 tiam
473 3525 485 3561 :
528 3516 585 3562 et
611 3509 690 3563 sic
716 3517 962 3563 armatus
1006 3509 1129 3564 ideo
1174 3517 1259 3564 est
1287 3508 1509 3574 habere,
1548 3509 1672 3579 quia
1697 3508 1902 3580 signiﬁ-

313 3608 397 3653 cat
427 3600 653 3664 habere,
678 3599 866 3670 ignoro
897 3614 995 3655 cur
1024 3600 1409 3671 grammaticus
1434 3615 1538 3655 non
1580 3605 1651 3656 slt
1680 3600 1901 3665 habere,

313 3707 434 3747 cum
463 3691 729 3761 signiﬁcet
753 3691 973 3747 habere.
1005 3690 1239 3747 Omnino
1268 3691 1411 3746 enim
1447 3692 1900 3761 quemadmodum

314 3783 701 3852 grammaticus
729 3784 996 3853 probatur
1023 3782 1334 3853 signiﬁcare
1389 3783 1737 3853 qualitatem,
1779 3784 1903 3853 quia

315 3873 588 3942 signiﬁcat
617 3874 908 3929 habentem
950 3874 1301 3945 qualitatem;
1355 3874 1428 3929 ita
1475 3884 1716 3930 armatus
1745 3874 1908 3945 s‘gui-

318 3966 441 4018 ﬁi-at
466 3966 849 4031 substantiam,
875 3966 999 4035 quia
1029 3966 1297 4033 signiﬁcat
1343 3966 1631 4021 habentem
1658 3966 1911 4020 substan-

2000 1951 2216 2005 modum
2260 1950 2355 1982 ’⁸⁸⁸⁸
2385 1950 2548 2005 homo
2597 1950 2872 2020 signiﬁcat
2894 1960 2955 2004 ut
3013 1967 3176 2007 unum
3232 1950 3590 2006 substantiam

1996 2052 2051 2096 et
2074 2040 2360 2112 qualitates
2382 2080 2397 2107 ,
2421 2042 2619 2110 quibus
2658 2051 2871 2097 constat
2921 2041 3112 2096 homo.
3148 2041 3253 2095 lies
3273 2043 3437 2107 enim,
3473 2056 3594 2111 qua:

1997 2131 2293 2201 appellatur
2318 2132 2480 2186 homo
2518 2131 2635 2197 δοθτ,
2668 2140 2754 2187 est
2799 2147 2964 2187 unum
3030 2133 3285 2201 quiddam
3335 2142 3594 2188 constans

1998 2239 2065 2278 ex
2097 2224 2181 2279 his
2202 2239 2323 2293 qua:
2350 2224 2496 2289 dixi;
2527 2237 2614 2279 res
2639 2238 2770 2280 vero
2792 2239 2913 2295 qua:
2940 2223 3258 2296 appellatur,
3285 2224 3455 2287 albus,
3484 2240 3591 2279 non

1998 2326 2081 2371 est
2114 2315 2211 2347 “9"
2266 2331 2431 2369 unum
2475 2316 2679 2386 aliquid
2730 2331 2799 2371 ex
2837 2316 3041 2371 habere
3084 2324 3137 2371 et
3157 2316 3418 2386 qualitate
3465 2331 3595 2371 con-

1998 2419 2149 2465 stans
2174 2425 2189 2474 ;
2221 2409 2347 2479 quia
2372 2408 2506 2463 nihil
2536 2408 2841 2479 appellatur
2864 2408 3039 2472 albus,
3093 2408 3197 2463 nisi
3237 2423 3325 2463 res
3351 2406 3445 2441 “9’
3472 2423 3592 2477 qua:

1999 2503 2163 2557 habet
2184 2502 2531 2557 allieilinem:
2583 2516 2705 2570 qua:
2755 2515 3093 2570 nequaquam
3125 2494 3341 2555 constat
3389 2514 3456 2554 ex
3496 2499 3592 2552 lia-

2000 2595 2128 2650 bere
2155 2603 2211 2649 et
2228 2594 2489 2663 qualitate
2508 2633 2520 2647 .
2545 2593 2725 2661 Quare
2743 2593 2785 2648 si
2815 2592 3011 2647 dicitur
3036 2592 3132 2624 “°°
3166 2592 3327 2647 homo
3353 2600 3436 2646 est
3462 2592 3595 2646 su‘i-

2003 2687 2221 2752 stantia,
2246 2694 2303 2740 et
2321 2688 2482 2741 homo
2505 2694 2586 2741 est
2613 2684 2866 2753 qualitas,
2891 2698 2997 2737 una
3027 2692 3083 2738 et
3109 2683 3296 2738 eadem
3318 2696 3427 2743 res,
3466 2696 3591 2750 qua;

2003 2777 2339 2847 signiﬁcatur
2368 2786 2423 2831 ct
2470 2775 2769 2846 appellatur
2818 2775 2921 2829 hoc
2982 2774 3220 2835 nomine,
3248 2772 3446 2828 dicitur
3465 2773 3596 2826 su!)-

2003 2872 2200 2924 stantia
2229 2880 2281 2924 et
2309 2870 2542 2939 qualitas
2570 2884 2690 2924 esse
2724 2866 2902 2937 :quod
2935 2867 3149 2921 videtur
3181 2865 3588 2921 inconvcn'ens.

2004 2964 2339 3019 Cuuiautem
2399 2962 2630 3018 dicimus
2651 2961 2778 3031 quia
2808 2959 2963 3013 albus
2995 2967 3079 3014 est
3136 2957 3225 2991 δι”
3273 2956 3506 3028 qualitas
3544 2965 3599 3009 ct

2006 3056 2205 3111 habere
2254 3071 2357 3111 non
2413 3053 2645 3108 dicimus
2702 3052 2825 3122 quia
2857 3051 2950 3083 “°'
2979 3050 3123 3120 quod
3171 3047 3599 3120 appellaturlioe

2005 3148 2242 3210 nomine,
2285 3147 2518 3218 qualitas
2548 3156 2634 3202 est
2675 3155 2729 3203 et
2779 3145 2998 3207 habere,
3048 3144 3145 3200 sed
3197 3144 3321 3215 quia
3359 3144 3474 3199 hac
3494 3142 3600 3197 duo

2009 3240 2386 3310 signiﬁcantur
2424 3240 2527 3295 hoc
2556 3239 2817 3293 nomine:
2852 3246 2907 3292 ct
2954 3236 3159 3291 nullum
3216 3234 3600 3291 inconveniens

2010 3331 2275 3400 sequitur.
2306 3330 2449 3386 Dtsc.
2478 3330 2589 3385 Cur
2613 3338 2795 3383 autem
2820 3344 2927 3383 non
2962 3335 3046 3383 est
3080 3329 3261 3391 homo,
3300 3325 3596 3381 secundum

2011 3425 2332 3481 divisionem
2362 3424 2685 3485 Aristotelis,
2723 3421 3023 3478 substantia
3076 3429 3129 3476 et
3167 3419 3423 3491 qualitas,
3472 3419 3599 3488 quia

2010 3522 2304 3584 utrumque
2324 3513 2632 3584 signiﬁcat:
2694 3512 3151 3583 quemadmodum
3195 3520 3281 3566 est
3301 3509 3602 3580 albusquao

2012 3604 2135 3661 litas
2164 3604 2259 3636 “°'
2288 3612 2342 3659 et
2372 3606 2603 3670 habere,
2648 3613 2870 3674 propter
2913 3605 3201 3672 utriusque
3249 3599 3603 3668 signiﬁcatio-

2009 3696 2172 3751 nem?
2203 3692 2343 3753 Mss.
2392 3694 2628 3752 {Estimo
2653 3697 2780 3751 huic
2832 3694 3243 3765 interrogationi
3273 3692 3401 3747 illtnl
3445 3703 3604 3760 posse

2008 3784 2256 3842 euincere
2276 3786 2371 3817 ‘m
2397 3787 2539 3855 quod
2595 3800 2756 3855 supra
2806 3786 2941 3849 dixi,
2968 3784 3093 3853 quia
3126 3791 3206 3838 est
3232 3779 3605 3851 principaliter

2009 3877 2422 3946 signiﬁcativum
2454 3878 2547 3909 “°"
2581 3878 2920 3940 substantiic,
2976 3884 3032 3931 et
3079 3876 3203 3944 quia
3231 3872 3358 3926 illud
3407 3886 3597 3933 unum,

2010 3968 2155 4037 quod
2186 3967 2475 4038 signiﬁcat,
2501 3966 2801 4023 substantia
2834 3976 2948 4025 est:
2984 3976 3039 4020 ct
3082 3980 3185 4018 non
3219 3961 3475 4033 qualitas,
3507 3960 3602 4015 sed

319 4057 482 4120 tiam,
534 4058 585 4110 id
623 4067 706 4111 est
761 4074 910 4112 arma
940 4076 952 4111 :
982 4067 1037 4111 ct
1091 4059 1231 4114 sicut
1276 4069 1519 4112 armatus
1572 4057 1910 4111 convincitur
2011 4057 2171 4126 quale
2198 4075 2209 4109 :
2235 4056 2391 4112 albus
2420 4072 2551 4111 vero
2572 4057 2702 4112 nihil
2748 4055 3124 4127 principalius,
3156 4054 3248 4109 sed
3280 4052 3487 4109 pariter
3528 4049 3604 4105 sic

1617 4208 1838 4262 νΑιιιίΕ
1875 4206 2276 4263 LECTIONES.

390 4376 482 4447 κοτ’
515 4375 752 4441 Quarum
798 4391 957 4431 voces
1012 4386 1137 4431 sunt
1193 4376 1566 4447 signiﬁcativre
1599 4416 1612 4438 ,
1674 4383 1883 4447 et__uon
1941 4388 2170 4447 quarum
2200 4384 2350 4447 sunt
2408 4376 2743 4446 appellativa:
2783 4392 2908 4429 mss.
2956 4388 3189 4447 quarum
3248 4380 3373 4447 sunt
3407 4370 3598 4447 signi:

321 4445 581 4509 ﬁcativaz,
625 4454 679 4499 et
730 4462 834 4500 non
882 4462 1109 4516 quarum
1164 4442 1371 4501 tantum
1429 4454 1553 4500 sunt
1602 4443 1939 4516 appellativa:
1991 4514 2000 4516 4
2059 4445 2153 4516 ⁸⁰⁸ξ⁰
2197 4446 2363 4506 Dicit;
2408 4442 2585 4500 omnis
2631 4463 2757 4500 mss.
2787 4447 2937 4507 dicit,
2971 4442 3097 4516 quia
3127 4444 3305 4498 munis
3404 4442 3496 4474 ““
3546 4442 3604 4516 Id

317 4527 402 4571 est
432 4517 767 4587 omnisuvox
830 4515 1099 4587 signiﬁcat
1142 4534 1269 4571 mss.
1318 4516 1368 4569 id
1408 4526 1510 4582 cst,
1562 4515 1740 4569 omnis
1794 4529 1899 4587 vos
1960 4514 2271 4587 signiﬁcans
2358 4516 2473 4587 fw
2525 4517 2664 4571 Ante
2726 4514 3167 4587 iﬂgYelliSIiLmQS.
3227 4515 3601 4587 anteunieini~

317 4586 448 4641 nisti
559 4584 656 4617 ⁸⁸⁸³
694 4586 833 4640 Vera
885 4583 968 4640 cst
1001 4587 1299 4641 substantia
1354 4603 1477 4640 mss.
1536 4599 1663 4639 vere
1693 4592 1776 4638 est
1819 4583 2123 4639 substantia
2230 4587 2326 4618 ⁸⁰⁸⁸
2348 4586 2457 4642 Sed
2502 4597 2557 4640 et
2612 4604 2712 4640 ms.
2768 4584 2902 4641 Vict.
2956 4586 3040 4639 l5.
3081 4585 3124 4639 si
3165 4593 3220 4639 et
3324 4584 3419 4618 ⁸⁰⁸⁸
3459 4583 3596 4637 For-

316 4655 662 4737 tuam.aliud
712 4672 838 4709 mss.
892 4656 1143 4737 Formam
1184 4672 1411 4736 vocum,
1454 4655 1597 4736 aliud
1703 4653 1799 4735 ξ⁰⁸⁶
1830 4652 2029 4709 Dicunt
2077 4657 2460 4737 quidem_mss.
2503 4658 2689 4712 dicunt
2717 4657 2912 4727 quippe
3020 4654 3116 4737 δον(
3166 4654 3603 4736 Maucipiuniquc

317 4726 528 4797 neutri,
556 4726 745 4779 timere
774 4734 955 4797 autem
1008 4727 1292 4797 activum,
1356 4726 1536 4797 timeri
1588 4722 1861 4797 passivum
1908 4740 2059 4797 mss,
2091 4722 2417 4797 iuancipiutu
2477 4738 2656 4781 autem
2713 4722 2887 4782 neti'ti'i
2922 4770 2936 4792 ,
2987 4734 3040 4779 et
3083 4727 3271 4780 timere
3315 4722 3596 4797 activum:

316 4795 517 4866 timeri
570 4809 701 4866 vero
765 4795 1036 4864 passivum
1172 4796 1266 4828 δοδδ
1315 4796 1468 4849 Dicat
1527 4795 1756 4866 lapidem
1818 4795 2157 4866 mss._dicat
2206 4795 2329 4852 esSe
2390 4797 2620 4866 lapidein
2754 4797 2845 4830 “"9
2894 4797 3195 4852 meiuam
3255 4804 3349 4847 aut
3410 4795 3602 4866 tiincre

315 4884 445 4921 mss.
494 4862 794 4929 fteminam,
838 4874 930 4917 aut
966 4866 1309 4935 mancipium,
1336 4880 1435 4919 nec
1492 4864 1792 4935 masculum
1836 4878 1937 4917 nee
1964 4863 2265 4928 fmminam,
2299 4862 2608 4923 auttimere
2680 4868 2774 4900 “9°
2805 4867 2960 4921 Ratio
3014 4868 3067 4920 in
3099 4866 3181 4919 his
3230 4878 3349 4935 qua:
3414 4862 3601 4935 dix‘sti

316 4937 575 5007 dubitare
602 4950 705 5007 non
729 4935 991 5005 permittit
1019 4933 1310 5007 nissfratio
1351 4935 1499 5007 nihil
1535 4933 1828 5007 ineriu_h_i_s
1852 4948 1971 5002 qu:e
2002 4935 2203 5007 dixisti,
2230 4936 2479 4992 dubitare
2532 4938 2799 5007 permittit
2872 4938 2965 4969 “’9‘
2998 4936 3149 5007 Quod
3200 4934 3358 4987 velim
3415 4933 3601 5007 dicere

313 5023 446 5061 mss.
480 5004 604 5058 Bec.
633 5002 778 5058 Gem.
815 5007 955 5073 quod
994 5006 1151 5059 velim
1181 5005 1390 5060 discere
1465 5005 1555 5038 ⁵⁰⁹²
1587 5004 1949 5072 Disciplinam.
2006 5004 2073 5057 M.
2108 5004 2421 5061 Nullatenns
2468 5002 2591 5062 mss.
2626 5007 3008 5071 substantiam,
3064 5005 3116 5058 id
3163 5013 3264 5066 est,
3299 5017 3498 5073 arma:
3529 5002 3595 5056 Et

316 5078 464 5130 sicut
493 5083 735 5128 armatus
756 5070 1095 5145 convincitur
1122 5076 1430 5143 signiﬁcare
1456 5075 1677 5137 habere,
1710 5070 2135 5145 qttiasiguiﬁcat
2189 5077 2474 5131 bibentem
2527 5094 2678 5132 anna
2712 5096 2723 5131 :
2765 5078 2845 5132 sic
2898 5070 3289 5145 grammaticus
3327 5070 3599 5142 signiﬁcat

318 5146 524 5201 habere
552 5185 566 5207 ,
592 5146 716 5212 quia
743 5144 1010 5213 signiﬁcat
1060 5146 1344 5200 habentem
1400 5145 1755 5213 disciplinam.
1810 5142 2241 5213 M.fNullatenus
2317 5146 2409 5180 ⁸⁰⁹³
2443 5146 2635 5203 Utrum
2690 5163 2852 5200 unum
2879 5142 3023 5199 aliud
3055 5161 3177 5197 mss.
3206 5153 3388 5197 utrum
3424 5158 3588 5194 unum

318 5215 557 5287 aliquid,
601 5214 697 5287 “9f
724 5212 934 5270 Arcturi
970 5230 1281 5287 possentsa.
1308 5217 1480 5287 aptari
1515 5212 1669 5284 posse
1741 5212 1939 5287 "9”‘Ut
1974 5217 2129 5287 albus
2152 5217 2349 5272 dicitur
2376 5235 2500 5271 nias.
2527 5226 2585 5271 ut
2619 5218 2660 5271 si
2694 5216 2846 5269 albtts
2880 5217 3079 5287 dicitur
3116 5213 3245 5287 ___*°’“
3283 5214 3345 5287 Et
3371 5214 3592 5287 habere.

318 5284 779 5358 quemadmodum
805 5301 930 5339 mss.
972 5294 1027 5339 et
1062 5286 1260 5358 habere
1315 5284 1371 5341 ut
1401 5302 1589 5350 unum,
1635 5284 2086 5358 quemadmodum
2164 5288 2257 5318 ¹⁶⁰⁹⁷
2314 5287 2596 5358 Signiﬁcat
2645 5295 2723 5358 ut,
2754 5303 2942 5358 unum,
2979 5285 3259 5358 _siguiﬁcat
3312 5284 3601 5358 habuitcm

319 5353 703 5427 substantiam,
730 5354 780 5427 id
820 5364 902 5427 est
922 5371 1094 5417 arma,
1113 5356 1318 5409 etsicut
1342 5365 1581 5411 armatus
1607 5353 1907 5411 cunvicitur
1930 5356 2233 5427 signiﬁcare
2262 5353 2463 5412 habére
2490 5397 2504 5420 ,
2535 5358 2660 5425 quia
2684 5355 2954 5427 signiﬁcat
2978 5356 3262 5427 habentem
3290 5368 3440 5407 arma
3475 5369 3487 5403 :
3526 5353 3596 5427 ita

320 5424 711 5495 grammaticus
731 5424 999 5496 signiﬁcat
1024 5427 1219 5480 habere
1234 5437 1487 5489 utunum,
1512 5427 1863 5480 substantiam
1878 5434 1929 5496 et
1946 5422 2235 5495 qualitates
2251 5428 2445 5496 quibus
2458 5422 2671 5481 constat
2690 5422 2869 5479 homo.
2898 5427 3004 5479 lies
3030 5425 3400 5496 quidem,qum
3416 5422 3595 5496 appeb

321 5493 637 5566 [atiirliomo
662 5511 781 5548 mss.
802 5495 1335 5566 signiﬁcatutuntun,
1352 5497 1708 5566 substantiam
1722 5493 2077 5566 etqualitates
2090 5493 2283 5566 quibus
2297 5496 2679 5552 constathonio
2698 5512 2785 5550 res
2811 5496 3084 5564 cuiiuquae
3108 5493 3408 5564 appellatur
3436 5493 3600 5566 homo

321 5561 421 5602 ι⁰⁹⁸
443 5564 635 5619 Album
657 5580 760 5618 non
799 5561 1020 5620 estmsa.
1046 5564 1218 5631 albus,
1240 5582 1344 5621 non
1368 5576 1452 5622 est
1522 5566 1615 5597 ⁸⁰⁹⁹
1633 5561 1962 5629 Albuni,uisi
1985 5582 2071 5621 res
2095 5561 2408 5629 mss.albus.
2426 5566 2524 5622 nisi
2542 5583 2630 5623 res
2702 5566 2797 5599 ⁵¹⁰⁰
2828 5567 2966 5633 Quia
2980 5561 3327 5621 dicitu‘r‘mss.
3356 5577 3524 5633 quare
3552 5562 3594 5615 si

324 5634 538 5707 dicitur
602 5634 693 5665 ⁸³⁸³
724 5633 857 5702 Quia
890 5636 1067 5707 allium
1091 5644 1175 5690 est
1196 5654 1321 5690 mss.
1350 5639 1473 5706 quia
1504 5637 1657 5691 albus
1676 5644 1759 5690 est
1833 5632 1925 5707 ‘_‘_°‘
1960 5636 2075 5691 Non
2105 5638 2304 5701 omnis,
2330 5637 2453 5707 quia
2469 5654 2594 5691 mss.
2612 5652 2714 5693 non
2746 5632 2971 5693 dicimus
2994 5637 3117 5707 quia
3191 5636 3287 5707 ma
3309 5634 3399 5689 Esl
3420 5632 3602 5707 algu,“

323 5700 889 5783 €.KQIlitliLWSttt{8:1.cil
916 5705 1071 5783 albus
1096 5708 1340 5783 qualitas
1367 5700 1514 5783 Edit.
1548 5708 1663 5760 Col.
1696 5711 1777 5759 cst
1820 5703 2000 5783 album
2055 5718 2135 5783 est
2164 5700 2400 5783 qualitas
2468 5707 2563 5783 “_°‘
2594 5708 2925 5768 Satisiacere
2978 5700 3101 5762 nias.
3157 5706 3403 5761 sutliccrc
3452 5700 3599 5755 Edit.

326 5772 440 5827 Cof.
472 5772 643 5828 facere
718 5776 810 5806 ³¹⁰³
844 5772 1216 5845 Primipalitcr
1254 5777 1611 5847 signiﬁCatuin
1647 5795 1766 5829 mss.
1822 5772 2193 5846 principaliter
2232 5778 2644 5847 signillcativum
