4076 6288
523 340 636 397 579

517 456 1057 528 gniﬁcatqualitatem
1099 466 1154 510 ct
1183 457 1418 517 habere;
1453 469 1552 508 nec
1581 453 1641 507 ﬁt
1676 469 1840 507 unum
1875 467 1940 507 ex
1991 451 2096 516 his,
2134 461 2176 514 Α

515 547 661 623 quod
689 545 862 616 magis
890 546 961 601 sit
988 548 1108 611 hoc,
1140 546 1224 600 vel
1254 545 1384 599 illud
1405 586 1420 608 ,
1468 543 1626 613 cujus
1648 545 1721 599 sit
1762 543 1914 598 albus
1939 543 2105 614 signi-

516 637 791 693 ﬁcativum
822 637 938 690 “°“.

1120 727 1346 784 CAPUT
1383 726 1501 782 XX.

513 838 785 905 Quomodo
825 853 890 893 ea:
923 837 1234 908 signiﬁcatis
1288 839 1455 902 vocis,
1491 837 1675 901 albus,
1726 853 1830 892 non
1859 843 2104 905 exsurgat

1223 925 1408 962 unum.

587 999 735 1053 lhsc.
765 996 984 1052 Planius
1027 996 1162 1051 mihi
1188 997 1378 1052 vellem
1407 997 1665 1067 explicari
1702 995 1974 1067 quomodo
1996 1008 2104 1049 non

512 1087 606 1141 ﬁat
641 1102 804 1141 unum
839 1085 1042 1157 aliquid
1084 1085 1177 1117 “°’
1222 1100 1289 1140 ex
1333 1085 1419 1140 his
1444 1101 1564 1156 quae
1607 1085 1878 1156 signiﬁcat
1926 1082 2101 1136 albus.

508 1177 648 1234 Illae.
683 1177 739 1232 Si
769 1177 974 1247 aliquid
997 1176 1091 1210 “°°
1113 1186 1328 1234 constat
1348 1193 1414 1232 ex
1443 1178 1520 1231 eis
1554 1185 1648 1230 aut
1673 1184 1756 1230 est
1778 1173 2101 1238 substantia,

508 1280 606 1326 aat
655 1271 858 1340 aliquid
922 1269 1151 1325 aliorum
1201 1269 1292 1300 “°’
1346 1269 1904 1338 praedicamentorum.
1954 1266 2099 1322 Dtsc.

507 1361 666 1415 Aliud
690 1374 812 1416 esse
835 1376 942 1416 non
967 1369 1162 1431 potest.
1199 1359 1339 1416 MAG.
1372 1359 1477 1414 Sed
1511 1359 1645 1414 nihil
1697 1359 1891 1414 horum
1944 1358 2006 1413 ﬁt
2033 1375 2099 1414 ex

511 1455 712 1508 habere
737 1463 794 1506 et
813 1453 1081 1509 albediue.
1113 1453 1257 1508 Dtsc.
1302 1449 1417 1505 Non
1463 1464 1680 1519 possum
1705 1449 2097 1505 contradicere.

509 1545 649 1599 Msa.
675 1544 807 1601 Item
836 1559 1000 1598 unum
1048 1557 1154 1598 non
1208 1542 1268 1596 ﬁt
1295 1558 1364 1597 ex
1405 1541 1668 1612 pluribus,
1724 1540 1830 1596 nisi
1873 1550 1968 1596 aut
2006 1541 2097 1573 ““

507 1634 901 1706 compositione
954 1634 1214 1705 partium,
1264 1647 1384 1704 quae
1431 1629 1812 1699 suntejusdem
1841 1631 2101 1701 praedica-

507 1727 670 1781 menti
701 1723 984 1779 utanimal
1025 1732 1238 1788 constat
1283 1738 1352 1778 ex
1401 1737 1630 1793 corpore
1668 1730 1724 1777 et
1770 1721 1977 1787 anima;
2007 1731 2102 1777 aut

1081 342 1137 397 S.
1180 339 1474 397 ANSEIMI
1515 338 1866 395 CANTUAR.
1905 337 2404 425 ARClIlERUPP.
2447 341 2628 397 PARS
2666 343 2705 396 l.
2741 376 2811 385 —
2839 343 3252 402 DOGMATICA.

3684 355 3780 412 580

2806 457 3031 516 CAPUT
3059 461 3198 515 XXI.

2211 564 2362 629 Quod
2387 566 2538 646 ollius
2567 585 2670 622 non
2699 569 2963 646 signi/iret
3001 570 3204 646 aliquid
3247 572 3445 646 Italicus
3470 579 3790 646 albedim’m;

2381 637 2472 689 sed
2503 637 2762 692 duntaxat
2787 639 3042 710 signiﬁcet
3073 637 3268 696 habens
3297 643 3612 700 aibedinem.
3643 702 3649 706 ,

2278 727 2418 782 MAG.
2478 729 2594 784 Non
2643 731 2823 800 agitur
2881 743 3062 788 utrum
3101 734 3300 799 omnis,
3351 736 3442 806 qui
3503 746 3588 792 est
3615 737 3788 802 albus.

2207 819 2279 872 sit
2306 818 2548 888 aliquid;
2588 831 2684 875 aut
2728 822 2818 889 sit,
2851 823 2943 893 qui
2972 824 3066 855 “"
3099 824 3264 879 habet
3296 842 3309 878 :
3340 825 3435 880 sed
3461 835 3644 881 utrum
3693 827 3790 885 hoc

2209 924 2404 963 nomen
2445 926 2543 964 sua
2593 912 2993 982 signiﬁcatione
3031 915 3308 970 contineat
3335 917 3386 971 id
3412 919 3556 987 quod
3592 919 3790 974 dicitur

2207 1000 2430 1071 aliquid,
2460 1011 2554 1055 aut
2579 1003 2670 1072 qui
2703 1004 2867 1058 habet
2906 1004 3047 1059 sicut
3075 1006 3238 1061 homo
3271 1007 3518 1062 continet
3543 1009 3742 1064 animal
3770 1027 3786 1067 :

2206 1101 2269 1146 ιιι
2291 1093 2559 1163 quomodo
2589 1095 2751 1149 homo
2779 1104 2862 1150 est
2889 1096 2984 1128 ⁸¹¹³
3013 1097 3212 1151 animal
3243 1098 3507 1154 rationale
3528 1099 3785 1162 mortale:

2208 1187 2280 1240 ita
2305 1185 2458 1242 albus
2497 1189 2568 1241 sit
2588 1187 2792 1258 aliquid
2839 1187 3046 1244 habens
3074 1188 3378 1246 albedinem
3411 1189 3510 1222 "“
3562 1201 3654 1246 aut
3697 1194 3788 1261 qui

2211 1279 2373 1333 habet
2397 1279 2701 1335 albedinem
2729 1299 2742 1333 :
2772 1281 2938 1336 multa
2993 1298 3226 1354 namque
3287 1299 3512 1340 necesse
3539 1293 3624 1338 est
3674 1299 3787 1339 rem

2209 1371 2506 1441 quamlibet
2532 1388 2672 1436 esse,
2701 1388 2822 1442 quze
2846 1382 3025 1430 tamen
3062 1375 3139 1430 rei
3171 1375 3413 1446 ejusdem
3444 1376 3661 1431 nomine
3686 1392 3789 1432 non

2207 1463 2599 1534 signiﬁcantur.
2631 1463 2785 1531 Nam,
2839 1481 3002 1520 omne
3052 1466 3255 1521 animal
3281 1480 3505 1522 necesse
3525 1477 3609 1524 est
3645 1466 3792 1524 colo—

2206 1563 2382 1608 ratum
2410 1567 2550 1616 esse,
2581 1562 2635 1608 et
2685 1553 2972 1620 rationale,
3031 1564 3126 1610 aut
3173 1556 3533 1623 irrationale;
3593 1573 3792 1614 nomen

2206 1654 2385 1699 tamen
2409 1643 2659 1700 animalis
2690 1645 2825 1700 nihil
2878 1646 3074 1701 horum
3123 1646 3399 1717 signiﬁcat
3429 1662 3639 1718 :quare
3667 1649 3793 1705 licet

2203 1735 2357 1790 aibus
2386 1735 2480 1767 ⁸¹¹⁸
2505 1751 2610 1790 non
2659 1737 2732 1791 sit
2771 1737 2872 1792 nisi
2896 1737 3099 1809 aliquid
3128 1737 3360 1806 habens,
3381 1728 3483 1794 aut
3506 1740 3602 1809 qui
3627 1740 3792 1796 habet

505 1821 878 1878 convenientia
906 1821 1184 1892 generiset
1203 1817 1521 1874 diﬁ'erentiae
1552 1819 1727 1878 unius.
1759 1817 1843 1872 vel
1867 1818 2096 1888 plurium
2131 1809 2174 1869 Β
2201 1829 2498 1885 agbedincm
2520 1847 2535 1896 ς
2561 1847 2666 1886 ποι,
2694 1838 2870 1888 tamen
2897 1845 3123 1887 necesse
3143 1841 3228 1888 est
3251 1839 3310 1886 ιη
3331 1831 3484 1887 albus
3508 1833 3604 1864 tm
3626 1834 3792 1902 szgni.

506 1925 566 1969 ut
588 1929 784 1985 corpus
808 1922 863 1969 et
886 1913 1049 1968 homo
1077 1929 1092 1968 :
1124 1921 1219 1966 aut
1249 1911 1449 1981 specie,
1473 1920 1528 1966 et
1553 1910 1945 1980 preprietatmn
1987 1909 2099 1965 col-

505 2005 738 2060 lectione
763 2015 820 2059 ιιι
845 2004 999 2059 Plato
1027 2003 1144 2060 δίη.
1180 2004 1271 2058 Illa
1310 2019 1462 2066 vero,
1487 2019 1608 2073 qua:
1639 2003 1794 2058 albus
1810 2003 1904 2035 ⁸⁸η
1931 2002 2098 2074 signi-

507 2098 652 2160 ﬁcat,
674 2113 780 2152 non
817 2107 943 2152 sunt
979 2097 1136 2150 unius
1157 2095 1584 2166 prredicamcnli,
1638 2110 1738 2151 nec
1762 2105 1849 2152 est
1867 2093 2097 2150 alterum

507 2189 664 2244 alteri
702 2202 896 2260 genus,
923 2196 1016 2242 aut
1044 2186 1366 2253 differentia,
1423 2195 1516 2241 aut
1543 2186 1768 2257 species,
1822 2186 2096 2241 autcolle-

506 2283 619 2336 ctio
648 2280 1070 2351 proprietatum;
1115 2296 1216 2334 nec
1261 2289 1384 2335 sunt
1406 2278 1720 2335 diﬁ‘ercntia:
1750 2279 1910 2334 unius
1931 2294 2096 2350 geueo

506 2375 600 2436 ris,
630 2373 724 2428 sed
768 2381 892 2428 sunt
919 2373 1220 2426 accidentia
1263 2371 1502 2441 ejusdem
1545 2371 1768 2441 subjecti
1798 2388 1812 2424 :
1841 2371 1980 2440 quod
2017 2378 2099 2424 ta-

505 2481 628 2520 men
665 2464 993 2533 subjectum,
1033 2464 1189 2520 albus
1222 2480 1325 2519 non
1357 2465 1449 2497 “”
1479 2463 1744 2536 signiﬁcat
1770 2481 1785 2525 ;
1820 2465 1948 2534 quia
1975 2479 2094 2518 om-

505 2556 635 2608 uiuo
664 2554 797 2609 nihil
823 2555 1091 2624 signiﬁcat
1139 2555 1281 2609 aliud
1314 2571 1477 2624 quam
1539 2556 1739 2610 habere
1767 2565 1821 2608 et
1863 2553 2096 2624 qualita-

507 2656 631 2700 tem.
657 2645 835 2712 Quare
867 2662 972 2699 non
1001 2645 1060 2700 ﬁt
1090 2645 1183 2676 “"
1214 2662 1376 2700 unum
1409 2659 1473 2699 ex
1527 2646 1632 2709 his,
1669 2660 1791 2715 qua:
1825 2643 2094 2699 albus““

504 2735 796 2806 signiﬁcat.
834 2738 977 2792 DISC.
1009 2735 1329 2806 Quanquam
1362 2737 1502 2790 ratio
1531 2736 1661 2790 mihi
1716 2749 1961 2790 asserere
2011 2734 2094 2789 vi-

503 2826 694 2878 deatur
748 2838 870 2894 qua:
916 2823 1056 2879 dicis
1113 2824 1204 2855 δίη
1256 2823 1445 2879 vellem
1499 2834 1678 2878 tamen
1735 2824 1925 2878 audire
1965 2823 2094 2893 quid

502 2917 890 2985 responderes,
907 2916 950 2970 si
965 2914 1108 2984 quis.
1130 2915 1200 2968 ad
1220 2914 1313 2944 “‘3
1338 2915 1460 2980 hoc,
1491 2913 1630 2984 quod
1656 2913 1792 2969 dicis
1813 2915 1940 2983 quia
1962 2911 2094 2967 nihil

503 3012 728 3064 onmino
755 3010 910 3066 albus
959 3009 1229 3080 signiﬁcat
1273 3009 1366 3041 ⁸¹¹⁹
1408 3009 1553 3064 aliud
1591 3024 1752 3079 quam
1808 3009 2010 3064 habere
2039 3017 2096 3064 et

503 3103 951 3172 qualitatem,sic
975 3087 1273 3170 objiceret:
1305 3102 1494 3167 Albus,
1545 3117 1671 3156 cum
1704 3101 1793 3134 “'°
1827 3101 1900 3156 sit
1948 3101 2090 3156 idem

2205 1922 2476 1978 ﬁccthoc.
2508 1924 2782 1980 Ponamus
2818 1925 2962 1980 enim
3004 1927 3152 1996 quod
3199 1925 3402 1993 album,
3449 1927 3567 1982 sive
3616 1926 3790 1988 albus,

2201 2015 2467 2084 signiﬁcet
2523 2013 2726 2086 aliquid
2797 2017 3003 2073 habens
3053 2015 3400 2073 albedinem:
3441 2018 3535 2072 sed
3587 2017 3792 2087 aliquid

2199 2107 2406 2164 habens
2435 2110 2733 2165 albedinem
2761 2125 2865 2165 non
2926 2119 3011 2164 est
3061 2109 3228 2173 aliud,
3271 2124 3432 2179 quam
3480 2108 3687 2179 aliquid
3711 2108 3792 2163 al-

2201 2201 2350 2255 bum.
2377 2203 2520 2256 DISC.
2555 2202 2668 2257 Non
2692 2211 2870 2273 potest
2893 2203 3038 2257 aliud
3066 2217 3206 2258 esse.
3231 2201 3370 2258 ΜΑα.
3399 2201 3571 2258 Albus
3602 2202 3791 2274 igitur,

2199 2293 2316 2349 sive
2363 2293 2565 2359 album,
2619 2310 2835 2366 semper
2875 2295 3146 2366 signiﬁcat
3195 2294 3290 2327 “‘7
3349 2294 3555 2365 aliquid
3581 2295 3788 2351 album.

2201 2388 2343 2442 nise.
2374 2387 2450 2442 Ita
2476 2388 2566 2442 sit.
2600 2388 2738 2444 Illac.
2777 2387 2876 2445 Ubi
2935 2389 3100 2458 igitur
3141 2389 3360 2459 ponitur
3398 2387 3572 2450 albus,
3600 2387 3688 2444 vel
3713 2388 3791 2442 al-

2200 2479 2350 2544 bum,
2398 2488 2546 2534 recte
2572 2494 2789 2549 semper
2823 2480 3092 2550 accipitur
3139 2495 3240 2550 pro
3273 2479 3398 2534 albo
3433 2479 3530 2512 “"
3583 2477 3789 2550 aliquid

2199 2573 2402 2626 album.
2453 2572 2594 2627 Dtsc.
2627 2572 3008 2642 Consequitur.
3068 2572 3208 2628 Mss.
3262 2572 3406 2643 Ergo
3444 2571 3536 2626 ubi
3591 2571 3792 2626 dicitur

2200 2665 2401 2732 atiqnid
2423 2664 2634 2729 album;
2678 2676 2823 2720 recte
2848 2680 3066 2735 quoque
3106 2665 3306 2719 dicitur
3337 2665 3441 2725 his.
3468 2664 3673 2734 aliquid
3706 2662 3790 2718 ald

2200 2758 2325 2814 bum
2355 2776 2369 2811 :
2401 2765 2456 2810 et
2506 2757 2593 2811 ubi
2655 2755 2772 2822 bis;
3009 2757 3078 2813 ibi
3104 2767 3158 2811 et
3190 2765 3272 2812 ter
3297 2757 3390 2790 ⁶¹¹⁹
3418 2775 3433 2812 :
3457 2765 3512 2811 et
3528 2758 3632 2812 hoc
3676 2755 3792 2812 inﬁ-

2200 2852 2330 2906 nite.
2372 2850 2517 2904 DISC.
2548 2848 2900 2919 Consequens
2946 2860 3002 2904 et
3051 2849 3345 2906 absurdum
3376 2851 3606 2906 esthoc.
3646 2849 3786 2906 Μλοι

2201 2940 2281 2996 Sit
2307 2956 2520 3011 quoque
2543 2940 2718 3006 albus,
2753 2940 2806 2994 id
2840 2939 3015 3008 ipsum
3038 2939 3134 2974 ⁸¹³⁶
3157 2941 3302 3011 quod
3338 2949 3420 2996 est
3444 2941 3536 3011 qui
3581 2938 3790 2994 albedi-

2202 3049 2324 3088 nem
2353 3035 2554 3088 habet:
2587 3032 2680 3087 sed
2723 3031 2920 3099 habet,
2967 3047 3072 3087 non
3111 3041 3194 3088 est
3216 3032 3308 3064 ⁸¹³¹
3339 3031 3481 3086 aliud
3507 3045 3675 3101 quam
3694 3029 3789 3086 ha-

2199 3129 2334 3180 bens
2356 3133 2461 3181 est.
2489 3123 2634 3178 Disc.
2667 3122 2776 3179 Nec
2791 3131 2970 3194 potest
2993 3138 3134 3179 esse.
3159 3123 3297 3178 Mm.
3327 3122 3495 3178 Albus
3522 3137 3658 3191 ergo
3683 3136 3788 3176 non

504 3194 647 3266 quod
675 3196 879 3258 habens
929 3194 1254 3260 albedinem,
1307 3209 1413 3249 non
1445 3194 1715 3266 signiﬁcat
1735 3193 2096 3250 determinate

2201 3225 2277 3270 est
2305 3216 2446 3270 aliud
2470 3230 2630 3286 quam
2659 3215 2750 3285 qui
2794 3193 3104 3269 albedinem
3129 3214 3342 3285 habens
3363 3223 3465 3268 est.
3493 3212 3643 3266 DISC.
3671 3211 3784 3265 Non

513 3285 622 3341 hoc
651 3284 735 3340 vel
764 3284 892 3340 illud
917 3285 1144 3350 habens,
1179 3284 1328 3339 velut
1354 3299 1579 3354 corpus;
1627 3283 1720 3338 sed
1783 3281 2097 3338 iudctermin

506 3386 635 3432 nate
664 3377 865 3448 aliquid
894 3377 1098 3432 habens
1140 3375 1469 3432 albedinem.
1502 3375 1668 3432 Albus
1692 3376 1862 3441 enim,
1893 3385 1986 3429 aut
2011 3386 2095 3430 est

507 3471 598 3540 qui
631 3469 795 3524 habet
852 3469 1188 3534 albedinem,
1230 3478 1324 3523 aut
1374 3468 1466 3538 qui
1517 3484 1624 3522 non
1653 3469 1847 3532 habet;
1881 3468 1975 3523 sed
2000 3468 2090 3538 qui

506 3576 616 3615 non
674 3560 840 3615 habet
886 3560 1211 3624 albedinem.
1246 3575 1353 3614 non
1382 3569 1467 3614 est
1493 3560 1676 3624 albus;
1737 3559 1891 3614 albus
1933 3559 2092 3628 igitur

508 3658 618 3718 est,
649 3650 740 3719 qui
798 3649 962 3704 habet
1011 3649 1334 3706 albedinem.
1389 3649 1572 3716 Quare
1625 3649 1879 3718 quoniam
1917 3649 2094 3705 omnis

505 3741 598 3810 qui
634 3741 801 3796 habet
843 3739 1170 3804 albedinem.
1221 3739 1435 3794 nonnisi
1491 3737 1692 3808 aliquid
1718 3747 1830 3801 est,
1872 3755 2093 3796 necesse

505 3839 589 3886 est
615 3839 675 3885 nt
738 3830 892 3886 albus
937 3831 1007 3886 sit
1032 3829 1236 3899 aliquid
1264 3831 1356 3862 ⁸⁸η
1385 3831 1527 3900 quod
1568 3828 1731 3885 habet
1765 3830 2088 3896 albedinem,

506 3931 600 3976 aut
627 3922 828 3992 aliquid
879 3923 1086 3978 habens
1138 3922 1462 3978 albedinem.
1523 3921 1764 3992 Denique
1813 3922 1966 3978 albus
2000 3932 2094 3979 aut

505 4017 778 4086 signiﬁcat
809 4016 1008 4086 aliquid
1041 4016 1245 4071 habens
1270 4015 1597 4079 albedinem.
1653 4023 1748 4069 aut
1795 4014 1967 4070 nihil:
1997 4016 2091 4070 sed

507 4106 638 4162 nihil
672 4123 776 4163 non
805 4114 981 4177 potest
1001 4106 1223 4176 intelligi
1266 4105 1471 4160 habens
1502 4105 1838 4170 albedinem;
1873 4118 2091 4159 necesse

505 4210 590 4255 est
621 4217 750 4272 ergo
777 4209 831 4254 ut
863 4199 1014 4255 albus
1039 4198 1308 4269 signiﬁcet
1365 4197 1567 4269 aliquid
1626 4197 1836 4252 habens
1889 4196 2090 4252 albedi-

507 4309 650 4348 nem.

2197 3305 2364 3360 aliud.
2410 3304 2549 3360 Msa.
2580 3304 2715 3359 Cum
2756 3313 2936 3359 autem
2991 3304 3190 3360 dicitur
3236 3304 3538 3358 albedinem
3579 3303 3789 3356 habens

2198 3415 2302 3453 non
2329 3398 2472 3452 aliud
2526 3397 2796 3467 signiﬁcat
2849 3397 2965 3452 hac
2992 3396 3172 3450 oratio
3199 3395 3361 3466 quam
3403 3394 3606 3449 album.
3641 3389 3784 3447 Dtsc‘.

2194 3492 2272 3547 lita
2305 3501 2406 3546 est.
2442 3489 2584 3547 MAG.
2621 3491 2766 3545 Idem
2799 3498 2884 3544 est
2906 3489 3069 3560 igitur
3121 3489 3298 3554 albus,
3332 3486 3476 3557 quod
3516 3487 3610 3556 qui
3636 3484 3792 3539 albus

2191 3593 2294 3638 est.
2329 3579 2475 3637 Disc.
2497 3582 2590 3636 Sic
2619 3581 2884 3650 sequitur.
2935 3580 3076 3634 Msa.
3110 3579 3428 3648 Ubicunque
3459 3580 3647 3645 itaque
3695 3592 3791 3645 p04

2201 3675 2345 3728 nitur
2370 3672 2545 3734 albus,
2585 3681 2730 3725 recte
2781 3685 2881 3740 pro
2936 3685 3002 3723 eo
3029 3669 3295 3738 accipitur
3339 3667 3430 3738 qui
3473 3665 3631 3720 albus
3681 3673 3788 3720 est.

2200 3767 2345 3821 Dtsc.
2377 3763 2492 3818 Non
2521 3777 2740 3831 possum
2777 3775 3018 3832 'negare.
3049 3759 3190 3814 MAG.
3245 3758 3300 3813 Si
3337 3772 3467 3827 ergo
3497 3756 3656 3810 albus
3685 3763 3790 3816 est.

2197 3852 2288 3926 qui
2318 3855 2474 3910 albus
2500 3863 2616 3918 est;
2649 3860 2733 3908 est
2756 3852 2918 3906 etiam
2963 3851 3054 3920 qui
3106 3849 3196 3920 qui
3224 3848 3380 3903 albus
3408 3855 3512 3912 est,
3569 3857 3658 3901 est
3691 3862 3705 3898 :
3737 3853 3788 3898 ct

2198 3948 2241 4002 si
2276 3949 2399 4012 hoc,
2429 3950 2534 4009 est,
2575 3955 2660 4000 est
2681 3945 2843 3999 etiam
2872 3943 2964 4014 qui
2987 3943 3078 4012 qui
3115 3942 3206 4010 qui
3235 3939 3391 3993 albus
3418 3947 3650 4004 esl,~cst.
3685 3946 3787 3999 est;

2198 4048 2252 4091 et
2277 4037 2432 4090 sicin
2472 4033 2742 4088 inﬁnitum
2770 4033 2885 4085 ⁸¹⁸¹σ
2912 4031 3056 4086 Disc.
3084 4030 3198 4084 Non
3260 4030 3363 4084 hoc
3391 4028 3574 4082 minus
3595 4041 3790 4083 conss.

2197 4143 2370 4199 quens
2406 4127 2523 4192 “”,
2554 4141 2654 4180 nec
2683 4125 2864 4180 minus
2891 4125 3180 4178 absurdum
3222 4132 3306 4177 est
3357 4135 3520 4189 quam
3553 4129 3616 4172 ut
3644 4131 3790 4188 szepe

2199 4220 2272 4274 s’t
2301 4217 2502 4287 aliquid
2529 4216 2749 4285 aliquid.
2793 4215 2934 4271 Msa.
2994 4214 3054 4270 Si
3091 4215 3211 4284 quis
3238 4223 3417 4270 autem
3478 4210 3613 4266 dicit
3659 4209 3785 4280 quia

2202 4309 2355 4362 albus
2380 4317 2472 4361 aut
2501 4307 2771 4379 signiﬁcat
2815 4305 3016 4374 aliquid
3066 4305 3270 4361 habens
3323 4303 3656 4367 albedinem,
3696 4310 3792 4355 aut

2202 4403 2334 4456 nihil
2361 4421 2374 4455 :
2409 4403 2452 4456 si
2493 4401 2570 4456 sic
2599 4399 2942 4470 intelligitur,
2973 4414 3036 4452 ac
3062 4398 3107 4453 si
3141 4398 3414 4453 diceretur
3442 4415 3455 4451 :
3486 4397 3662 4451 Albus
3695 4402 3788 4447 aut

1825 4585 2053 4654 VARle
2091 4595 2493 4656 LECTIONES.

581 4776 672 4808 ι¹⁰⁶
719 4773 800 4827 Sit
843 4773 1020 4827 album
1043 4771 1400 4843 signiﬁcatum
1424 4788 1546 4843 mss.
1563 4772 1635 4843 sit
1660 4769 2234 4839 albussigniliculivum
2312 4777 2590 4831 “"Unnm
2617 4775 2758 4830 aliud
2783 4788 2850 4830 ex
2873 4787 3003 4830 mss.
3027 4788 3190 4828 tinum
3216 4773 3495 4841 aliquidex
3576 4772 3678 4813 δι”
3698 4772 3794 4827 Ala

508 4845 973 4901 huutJl.Sialiud
995 4839 1118 4897 mss:
1144 4844 1315 4912 albus.
1346 4839 1414 4894 M.
1435 4841 1493 4895 Si
1526 4841 1726 4911 aliquid
1799 4846 1892 4877 ⁸¹⁰⁹
1917 4846 2179 4902 Autaliud
2219 4848 2443 4902 aliorum
2474 4857 2704 4900 mss.attt
2726 4846 2926 4912 aliquid
2963 4845 3190 4898 aliorum
3263 4839 3356 4875 “1°
3377 4843 3438 4897 D.
3470 4844 3648 4898 Aiier
3667 4860 3794 4899 esse

507 4934 632 4970 mss.
667 4916 728 4968 ι).
749 4914 890 4966 aliud
908 4929 1027 4968 esse

508 4989 663 5039 albus
735 4984 829 5015 ωδ
851 4985 1046 5038 Album
1066 4998 1307 5037 nonmss.
1327 4981 1480 5036 albus
1509 4997 1613 5036 non

508 5128 638 5179 tlttitl
679 5125 742 5178 atl

514 5144 638 5194 ιιιιιιι
679 5144 742 5178 ait
843 5144 935 5155 ν·-
985 5144 1178 5177 mnum
1237 5144 1264 5177 δ

514 5212 594 5250 sic
618 5194 876 5262 ohjiceret
908 5210 922 5247 :
959 5194 1112 5248 albus
1141 5208 1264 5248 cum

1128 4913 1220 4943 ““
1238 4911 1349 4965 lloc
1363 4921 1550 4988 cstaut
1582 4930 1706 4967 mss.
1725 4915 1826 4988 nisi
1853 4927 1944 4970 aut
2039 4915 2130 4950 ιη’
2148 4917 2208 4973 Ut
2234 4918 2531 4988 propositio
2555 4934 2678 4969 mss.
2710 4927 2763 4988 ut
2795 4911 2957 4988 Pilato?
2989 4986 3022 4988 _
3042 4914 3286 4988 “RQum
3307 4914 3486 4988 album
3511 4931 3641 4968 mss.
3669 4930 3792 4982 qua:

1722 4984 1816 5017 ⁵⁸³⁸
1845 4987 1980 5051 Quia
2010 5005 2114 5042 non
2144 4991 2201 5042 ﬁt
2227 4984 2351 5041 aus;
2391 4999 2559 5057 quare
2600 4997 2704 5040 non
2735 4987 2794 5039 ﬁt
2866 4986 2962 5016 “‘5
2985 4986 3060 5040 Ex
3093 4986 3313 5053 hisqum
3339 4984 3533 5057 album
3557 5001 3693 5057 mss.
3722 4999 3788 5057 es

507 5057 593 5111 his
612 5070 732 5124 qua:
758 5053 930 5124 albus,
981 5055 1072 5124 5‘?"
1089 5055 1219 5119 Quze
1241 5052 1484 5124 dicisms.
1506 5050 1635 5106 Vict.
1653 5054 1716 5107 l5
1752 5050 2119 5124 quaidisseris
2217 5059 2313 5092 "‘3
2338 5059 2393 5112 Si

843 5123 936 5155 “‘9
985 5123 1178 5199 album
1237 5122 1529 5199 signiﬁcat
1560 5122 1917 5199 aliquid—mss.
1957 5128 2109 5199 albus
2139 5128 2410 5199 signiﬁcat
2448 5122 2589 5180 aliud
2642 5126 2782 5199 fl"
2819 5127 2909 5199 Sic
2925 5122 3260 5199 n'lijiceresug
3287 5123 3468 5199 album
3499 5139 3626 5199 cum
3658 5140 3793 5177 mss.

1360 5193 1452 5263 "’9
1493 5190 1556 5248 Ut
1595 5190 1797 5263 aliquid
1825 5198 1896 5252 sit
1927 5197 2106 5252 allium
2131 5190 2485 5262 manuscripta
2524 5207 2582 5249 ιιι
2609 5196 2762 5251 albus
2787 5199 2833 5250 si
2866 5190 3070 5262 aliquid

2431 5060 2555 5126 quia
2586 5057 2652 5110 ad
2682 5072 2805 5108 mss.
2838 5058 2882 5109 si
2939 5057 3060 5125 quis
3085 5057 3150 5108 ad
3181 5071 3279 5107 ms.
3321 5053 3591 5126 _l'ictorin.
3652 5056 3690 5109 5
3747 5054 3793 5106 si

3172 5195 3264 5226 m'
3295 5193 3375 5248 Au
3409 5193 3498 5251 sit,
3528 5194 3623 5262 qui
3658 5209 3789 5246 mss.

508 5278 597 5319 aut
627 5266 719 5329 sit,
768 5266 857 5334 qui
951 5264 1046 5298 “'3
1083 5264 1193 5336 Aut
1217 5262 1490 5336 quomodo
1533 5262 1761 5318 cstmss.
1785 5278 1841 5319 ut
1869 5269 2143 5335 quomodo
2177 5279 2254 5321 est
2294 5268 2436 5321 Edit.
2466 5267 2579 5320 Col.
2623 5268 2964 5336 atquommlo
2983 5276 3066 5320 est
3120 5335 3123 5336 ν
3164 5265 3258 5297 ⁸¹²⁸
3298 5263 3513 5336 llahens
3570 5263 3796 5336 albedi-

509 5349 667 5406 uv-m;
703 5332 867 5406 multa
897 5351 1022 5390 mss.
1071 5335 1276 5406 habens
1320 5332 1643 5406 albedinem,
1691 5345 1786 5389 aut
1825 5332 1915 5406 qui
1951 5338 2110 5394 habet
2139 5339 2440 5394 albedinem
2477 5355 2489 5391 :
2523 5337 2688 5391 multa
2713 5332 2727 5336 ⁷
2788 5338 2880 5371 ’⁵³⁵
2910 5336 3060 5392 Licet
3083 5335 3263 5389 album
3293 5350 3447 5406 mss._
3475 5333 3599 5406 licet
3633 5333 3794 5406 albus

509 5406 604 5438 ⁸⁸³³
634 5405 699 5460 Ut
738 5405 1077 5478 albumgmss.
1125 5411 1184 5456 ut
1207 5402 1400 5478 albus”
1453 5402 1543 5434 “'7
1594 5404 1720 5460 Sive
1767 5402 1944 5461 allium
1975 5409 2245 5478 signiﬁcat
2270 5426 2390 5462 mss.
2426 5408 2539 5461 sive
2569 5408 2745 5461 album
2777 5423 2992 5476 semper
3013 5406 3266 5478 ﬁgniﬁeat
3358 5404 3452 5434 “"
3481 5403 3572 5478 Vel
3601 5403 3790 5455 album

510 5491 724 5549 semper
769 5491 867 5549 pro
912 5475 1000 5549 illo
1038 5473 1292 5549 mss.“ch
1336 5474 1515 5527 alhum
1555 5484 1701 5549 recte
1733 5492 1970 5549 semper
1998 5473 2260 5546 accipitur
2287 5495 2383 5549 pro
2414 5479 2535 5532 albo

2644 5478 2738 5511 “‘9
2769 5479 2841 5532 Ihi
2869 5473 2970 5533 ter.
2997 5473 3101 5532 etc.
3131 5477 3193 5528 Et
3214 5477 3313 5529 hoc
3341 5490 3464 5526 mss.
3497 5473 3564 5525 ibi
3599 5482 3660 5526 ct
3685 5481 3791 5530 ter,

511 5557 565 5599 et
604 5541 705 5598 hoc
771 5541 869 5618 “’f‘
904 5545 1093 5618 Album
1130 5543 1356 5612 idipsum
1385 5561 1510 5618 mss.
1545 5545 1698 5598 albus
1731 5541 1957 5618 idipsum
1989 5549 2079 5580 “3‘
2113 5541 2218 5606 Sed
2243 5541 2342 5603 hoc
2374 5565 2476 5603 non
2498 5557 2580 5602 est
2612 5566 2736 5610 mss,
2765 5550 2856 5602 sed
2891 5548 3073 5606 habet.
3101 5561 3204 5600 non
3236 5554 3319 5618 est
3353 5544 3484 5618 fl”
3509 5543 3570 5595 Et
3605 5542 3654 5595 si
3688 5541 3792 5595 hoc

510 5626 592 5670 cst
625 5636 636 5667 :
670 5625 752 5669 est
778 5616 938 5668 etiam
993 5615 1298 5682 quicunque
1327 5616 1415 5683 qui
1449 5614 1600 5668 albus
1654 5627 1759 5681 est,
1791 5613 1894 5678 est,
1925 5629 2030 5680 est,
2076 5620 2153 5673 sic
2185 5622 2235 5672 in
2290 5620 2554 5673 inﬁnitum
2596 5636 2720 5672 mss.
2745 5628 2831 5672 est
2853 5619 3016 5671 etiam
3046 5618 3158 5684 qui,
3205 5613 3471 5685 quialhns
3509 5622 3640 5685 est;
3671 5620 3790 5664 est:

510 5697 565 5739 et
591 5687 634 5738 si
667 5689 768 5739 huc
788 5694 888 5743 est,
918 5686 1181 5754 estetintn
1210 5686 1323 5752 qui,
1356 5685 1468 5752 qui,
1499 5687 1588 5752 qui
1630 5687 1784 5740 albus
1831 5698 1930 5748 est,
1964 5700 2065 5748 est,
2098 5698 2208 5754 est;
2243 5699 2294 5743 et
2324 5691 2400 5744 sic
2429 5691 2478 5742 in
2527 5691 2792 5743 inﬁnitum

512 5772 743 5825 sequens
795 5770 917 5807 mss.
970 5752 1096 5808 l’ict.
1152 5753 1185 5806 '5
1248 5769 1350 5807 non
1412 5757 1510 5808 hoc
1561 5757 1735 5810 minus
1797 5773 2132 5827 consequens

2896 5689 2988 5718 ⁸¹³³
3043 5682 3156 5742 Non
3211 5682 3314 5740 hoc
3361 5684 3536 5740 minus
3588 5682 3789 5735 incona
