4076 6288
279 356 373 412 581
1543 362 1630 418 DE
1683 363 2100 424 VOLUNTATE
2139 371 2265 426 DEI.

3452 369 3558 427 58!

281 473 547 543 signiﬁcat
584 472 785 544 aliquid
810 472 1032 542 habens,
1073 482 1166 531 aut
1197 475 1465 549 signiﬁcat
1507 492 1613 532 non
1659 479 1859 550 aliquid
1890 485 1937 545 Α
1967 486 2239 552 euntibus.
2272 503 2392 558 quae
2430 490 2547 546 sine
2573 491 2947 562 complexione
2979 492 3256 559 dicuntur,
3305 489 3367 549 ct
3403 492 3558 549 εὔθικ-

276 565 517 627 habens;
558 573 747 625 utuou
776 564 979 635 aliquid
1042 566 1114 621 sit
1174 566 1443 623 inlinitutn
1475 584 1710 637 nomen;
1763 586 1868 629 non

280 664 362 709 cst
388 655 619 728 integra,
650 671 749 711 nec
777 672 901 711 vera
940 656 1037 690 “3‘
1059 658 1291 725 divisio;
1320 668 1381 715 et
1421 660 1544 716 ideo
1584 661 1714 716 nihil
1744 676 1869 733 pro-

279 747 410 802 bat:
446 747 609 803 veluti
633 747 677 802 si
698 747 823 816 quis
865 749 1111 805 diceret:
1142 749 1333 807 Caicus
1355 760 1450 806 a'ut
1473 752 1622 807 videt
1644 752 1867 823 aliquid,

278 845 369 891 aut
393 838 539 893 videt
564 853 670 893 non
701 839 925 909 aliquid.
982 841 1039 896 Si
1067 853 1230 898 'vero
1257 842 1337 899 sic
1381 842 1698 914 intelligitur
1743 844 1868 914 quia

276 936 371 981 aut
389 926 663 997 signiﬁcat
689 926 891 998 aliquid
916 928 1142 997 habens,
1186 939 1281 985 aut
1306 946 1414 987 non
1437 932 1533 964 ⁸³³⁸
1555 933 1823 1005 signiﬁcat
1838 950 1865 987 .:

277 1019 487 1092 integra
517 1029 607 1077 est
645 1021 862 1086 divisio,
890 1030 947 1077 et
978 1036 1139 1088 vera;
1202 1037 1303 1078 nec
1332 1033 1598 1096 repugnat
1633 1025 1701 1081 iis
1746 1041 1868 1097 quae

275 1110 420 1165 dicta
443 1120 589 1168 sunt.
624 1111 770 1168 Disc.
805 1111 954 1167 Satis
979 1121 1206 1184 apparet
1230 1114 1359 1194 quia
1394 1128 1494 1184 per
1530 1115 1712 1172 album
1757 1130 1866 1170 non

273 1204 613 1273 signiﬁcatur
665 1204 867 1275 aliquid
921 1205 1130 1260 habens
1154 1204 1480 1271 albedinem,
1528 1221 1627 1263 nec
1652 1207 1743 1278 qui
1774 1208 1869 1263 ha-

272 1295 365 1350 bet
386 1295 725 1362 alhedinem;
787 1297 882 1352 sed
905 1306 1115 1351 tantum
1161 1297 1369 1353 habens
1424 1296 1775 1354 alhcdinem:
1814 1300 1867 1354 id

274 1393 356 1439 est
378 1383 617 1454 qualitas
648 1393 704 1440 et
731 1384 961 1451 habere;
995 1401 1061 1441 ex
1088 1386 1289 1456 quibus
1339 1386 1470 1442 solis
1498 1402 1606 1442 non
1646 1388 1869 1449 conﬁci-

275 1484 364 1529 tur
384 1491 555 1531 unum
595 1477 832 1549 aliquid:
858 1487 915 1533 et
945 1478 1064 1534 ideo
1096 1477 1258 1535 albus
1282 1482 1370 1534 est
1396 1484 1707 1550 utrumque,
1740 1481 1865 1550 quia

272 1567 483 1637 pariter
502 1577 794 1641 utrumque
835 1570 930 1609 ιί³⁶
967 1569 1261 1642 signiﬁcat.
1316 1569 1489 1640 Quam
1521 1572 1786 1628 rationem
1809 1573 1865 1630 in

284 1837 2953 1865 mw

1058 2020 1782 2153 ‘SANCTI
1856 1982 2700 2183 Ausum

1977 580 2101 635 liter
2132 580 2443 653 signiﬁcant
2492 584 2790 653 quamlibet
2818 586 2973 657 plura
3002 586 3097 619 ⁸⁸³⁷
3125 602 3191 642 ex
3224 585 3421 657 quibus
3450 600 3557 642 non

1975 671 2037 726 ﬁt
2058 687 2248 739 unum,
2281 672 2465 730 valere
2488 674 2682 730 video:
2728 691 2829 732 nec
2857 677 3060 748 aliquid
3086 676 3190 741 his,
3220 692 3343 749 qua:
3378 677 3430 732 in
3455 678 3560 734 hac

1972 763 2338 834 disputatione
2358 767 2659 834 asseruisti,
2704 767 2865 838 obiici
2926 779 3074 824 rccfe
3100 782 3259 838 posse
3305 769 3560 825 existimo

1971 854 2087 908 ⁵⁸³⁸.
2116 852 2257 912 MAG.
2282 855 2393 911 Nec
2415 856 2547 911 mihi
2610 873 2753 911 nunc
2782 857 3034 913 videtur:
3077 867 3256 912 tamen
3300 857 3557 927 quoniam

1971 944 2079 1000 scis
2102 954 2362 1015 quantum
2387 946 2587 1001 nostris
2614 946 2709 979 ⁸⁸³⁸
2751 949 3086 1016 temporibus
3132 947 3404 1003 dialectici
3434 963 3559 1002 cer-

1972 1044 2088 1090 tent
2141 1035 2211 1089 de
2250 1036 2551 1106 quaestione
2584 1051 2622 1097 ,a
2658 1045 2709 1090 te
2737 1037 3054 1107 proposita;
3108 1036 3232 1103 nolo
3280 1048 3333 1092 te
3353 1037 3432 1092 sic
3459 1036 3555 1067 ⁸¹⁵⁹

1973 1126 2080 1188 his,
2114 1125 2517 1196 qincdiximus.
2546 1125 2813 1181 iuhmrere
2876 1136 3019 1181 utra
3081 1127 3431 1198 pertinaciter
3476 1135 3558 1181 le-

1974 1233 2142 1281 neas;
2174 1230 2221 1270 SI
2248 1217 2372 1286 quis
2395 1215 2748 1271 validioribus
2770 1218 3107 1286 argumentis
3132 1217 3249 1272 haec
3273 1216 3558 1273 destruere

1972 1315 2027 1360 et
2047 1306 2265 1360 “diversa
2289 1304 2518 1361 valuerit
2546 1313 2793 1362 astruere
2819 1304 2912 1338 “*1
2952 1324 2966 1360 :
3005 1307 3150 1378 quod
3188 1308 3233 1362 si
3273 1307 3563 1379 contigerit

1971 1397 2066 1442 ω’
2094 1397 2285 1454 saltem
2316 1398 2384 1453 ad
2407 1398 2859 1456 exercitationem
2913 1399 3010 1432 δ’δ’
3039 1400 3347 1472 disputandi
3403 1401 3563 1459 nobis

1969 1491 2084 1546 lucc
2114 1489 2406 1560 profecisse
2432 1507 2537 1548 non
2561 1476 2803 1563 negabis.

1745 2258 2103 2348 LIBER

880 2471 1104 2602 DE
1245 2468 2439 2609 VOLUNTATE
2558 2471 2925 2600 DEI.

702 2867 854 2941 15],
875 2865 1104 2924 CAPUT
1142 2864 1433 2923 PRIMUM.

644 2958 896 3014 Voluntas
937 2957 1035 3013 Dei
1105 2972 1222 3030 quae
1269 2957 1498 3011 dicatur.

337 3052 593 3112 Humana
618 3050 755 3108 ratio
774 3067 894 3107 cum
923 3052 990 3107 de
1009 3052 1120 3107 Deo
1143 3065 1359 3122 semper
1379 3050 1575 3106 debeat
1605 3059 1863 3116 tractare,

260 3158 317 3203 et
349 3140 422 3201 ad
455 3144 670 3200 laudem
696 3141 818 3211 ejus
846 3141 1049 3212 aliquid
1097 3142 1486 3198 convenienter
1529 3141 1731 3208 dicere,
1768 3138 1866 3197 no-

260 3241 418 3296 mina
452 3252 548 3308 per
573 3250 694 3306 quae
722 3234 940 3304 proprie
969 3234 1225 3304 loquatur
1268 3247 1377 3288 non
1406 3232 1589 3298 habet,
1631 3235 1727 3290 sed
1767 3250 1866 3290 no-

259 3330 418 3385 mina
472 3325 780 3382 hominibus
827 3325 951 3379 data
1001 3332 1056 3380 et
1104 3323 1355 3394 imposita
1401 3323 1617 3393 accipit,
1666 3333 1721 3379 et
1767 3338 1866 3395 per

260 3419 453 3490 ipsum
476 3416 728 3473 effectum
754 3414 1205 3486 omnipotentiam
1233 3413 1350 3485 ejus
1380 3412 1571 3468 saltem
1602 3414 1685 3469 vel
1715 3414 1861 3469 tenui

260 3507 524 3564 oratione
551 3505 763 3576 aperire
794 3513 1061 3560 conatur:
1091 3512 1144 3558 et
1173 3504 1276 3559 hoc
1302 3502 1431 3559 facit
1457 3518 1523 3558 ex
1558 3501 1676 3559 istis
1702 3503 1866 3560 rebus

261 3594 811 3669 colligens'eﬂ‘cctum
835 3595 1125 3651 voluntatis
1148 3595 1239 3650 Dei
1268 3594 1567 3653 secundum
1594 3594 1863 3650 occultam

260 3691 564 3761 justitiam,
588 3689 677 3744 vel
705 3687 1003 3759 secundum
1046 3687 1501 3755 misericordiam,
1548 3687 1630 3743 vel
1672 3703 1866 3743 secun-

264 3782 402 3835 dum
444 3779 544 3835 ira:
579 3778 749 3849 ipsius
775 3778 1107 3834 vindictam:
1140 3778 1208 3833 ad
1260 3778 1862 3850 iucomprehensibilem

268 3871 420 3926 enim
473 3869 693 3926 deitatis
740 3870 1127 3942 proprietatem
1191 3871 1435 3941 aspirare
1500 3887 1605 3927 non
1659 3879 1861 3943 potest.

270 3963 416 4019 lliuc
455 3976 559 4018 nos
601 3977 816 4032 quoque
855 3961 923 4017 de
962 3962 1243 4021 voluntate
1284 3962 1379 4018 Dei
1433 3962 1634 4032 aliquid
1686 3963 1864 4018 dicere

270 4050 580 4127 cupientes,
641 4063 822 4109 actum
863 4069 1043 4109 rerum
1088 4054 1449 4119 attendimus;
1504 4055 1759 4124 quoniam
1795 4056 1863 4110 a‘l

268 4148 449 4219 ipsius
506 4145 839 4202 celsitudinis
884 4148 1099 4199 culmen
1146 4142 1401 4198 anhelare
1448 4158 1554 4198 non
1599 4144 1860 4200 valemus.

2591 2862 2819 2921 CAPUT
2862 2863 2926 2919 li.

2261 2961 2514 3018 Vofuntas
2544 2960 2640 3016 Dei
2669 2960 3031 3031 multipliciter
3050 2959 3265 3018 dicitur.
3547 3012 3550 3016 Α

2038 3052 2341 3110 Dicendum
2359 3062 2442 3109 est
2471 3053 2638 3124 igitur
2669 3052 3009 3108 voluntatem
3038 3051 3133 3107 Dei
3181 3053 3558 3126 multipliciter

1967 3147 2136 3216 accipi
2172 3164 2185 3201 :
2216 3156 2275 3201 nt
2317 3145 2578 3216 quidquid
2625 3153 2810 3214 postea
2867 3153 3193 3214 opponatur,
3244 3147 3363 3201 sine
3408 3149 3555 3203 omni

1967 3236 2281 3293 diliicnllate
2332 3237 2642 3308 opulentius
2696 3235 2995 3305 aperiatur.
3050 3235 3313 3292 Voluntas
3374 3240 3559 3310 itaque

1966 3323 2061 3380 Dei
2111 3326 2376 3396 accipitur
2421 3326 2714 3395 aliquando
2752 3325 2806 3380 in
2841 3324 3161 3397 Scripturis,
3206 3328 3558 3399 azquipollcns

1968 3416 2325 3487 omnipotenti
2362 3431 2477 3472 sua:
2522 3416 2878 3486 pra‘scienticc
2904 3425 2959 3472 et
2988 3417 3315 3474 ordinationi
3347 3421 3527 3491 sagaci
3553 3460 3558 3465 -

1969 3518 2053 3564 ter
2087 3508 2271 3564 omnia
2318 3508 2652 3579 disponenti.
2694 3507 2848 3564 Unde
2901 3504 3138 3566 dicitur:
3180 3511 3372 3566 Omnia
3410 3528 3559 3584 qum-

1965 3617 2167 3673 cunque
2202 3600 2644 3656 voluitbominus
2660 3600 2782 3671 fecit
2814 3599 2990 3671 (Psnl.
3014 3616 3170 3668 cxm,
3198 3602 3278 3669 5),
3309 3604 3413 3660 hoc
3442 3613 3553 3669 cst,

1965 3694 2225 3765 quidquid
2269 3693 2411 3751 Dens
2459 3694 2529 3748 ab
2577 3704 2779 3749 aeterno
2825 3693 3095 3750 facturum
3144 3711 3202 3751 se
3249 3694 3554 3765 ordinavit,

1964 3785 2099 3840 nihil
2128 3785 2456 3856 inexpletum
2488 3785 2728 3855 reliquit.
2754 3786 3035 3857 Accipi-tur
3061 3788 3228 3842 etiam
3255 3789 3347 3845 Dei
3376 3786 3558 3846 volun;

1967 3886 2049 3933 tas
2077 3876 2198 3950 [nl.,
2228 3891 2424 3932 nomen
2456 3876 2688 3949 rerum],
2739 3879 3035 3933 secundum
3082 3880 3371 3948 quemdam
3423 3879 3556 3936 aﬁ‘e-

1948 3977 2110 4041 ,ctum
2161 3969 2549 4024 misericordiae
2595 3969 2687 4024 Dei
2727 3987 2741 4023 :
2786 3978 2846 4024 ut
2883 3969 2995 4025 ibi:
3045 3969 3171 4025 Vult
3198 3971 3336 4025 Dens
3379 3989 3556 4028 omnes

1962 4060 2135 4114 salvos
2156 4059 2273 4129 ﬁeri
2302 4058 2354 4130 (I
2378 4058 2514 4112 Tim.
2544 4074 2608 4123 ιι,
2640 4058 2719 4128 4),
2752 4059 2893 4129 quod
2919 4066 3006 4115 est
3030 4060 3234 4123 dicere,
3265 4058 3396 4116 facit
3423 4074 3554 4115 san-

1965 4161 2081 4207 ctos
2121 4149 2259 4205 velle
2306 4158 2365 4205 ut
2403 4163 2592 4205 omnes
2637 4149 2773 4205 salvi
2829 4149 2981 4215 ﬁant,
3004 4150 3147 4220 quod
3212 4151 3327 4221 ipse
3373 4161 3553 4206 tamen

266 4216 622 4296 iulantatem
656 4237 819 4308 igitur
842 4236 932 4292 Dei
966 4235 1298 4308 appellamus
1327 4234 1588 4306 quidquid
1626 4238 1680 4291 in
1707 4237 1862 4293 nobis
1888 4216 1934 4281 (ἶ
1964 4241 2098 4306 vult,
2134 4241 2239 4297 hoc
2269 4249 2353 4296 est
2392 4241 2507 4313 ipse
2542 4240 2841 4310 disposuit;
2876 4242 2969 4295 sed
3008 4216 3245 4298 sanctos
3260 4240 3385 4298 facit
3416 4243 3552 4298 vclle

271 4333 395 4403 ipse
422 4331 849 4387 misericorditer
876 4338 1156 4401 operatur,
1200 4329 1504 4385 revocando
1535 4346 1633 4386 nos
1675 4331 1743 4386 ab
1776 4328 1863 4386 er-

270 4437 425 4487 rore,
455 4420 535 4477 vel
567 4422 652 4492 pie
682 4421 1051 4475 conﬁrmando
1073 4419 1319 4488 justitize.
1361 4419 1619 4476 Voluntas
1644 4435 1862 4492 quoque

270 4512 479 4568 dicitur
514 4525 671 4583 paena
702 4520 758 4566 et
790 4511 1099 4582 reprobatio
1126 4506 1484 4581 quorumdam
1514 4511 1610 4566 Dei
1649 4512 1861 4568 occulta

272 4605 619 4661 districtione
646 4605 787 4660 facta
811 4602 1055 4672 iustitiae.
1102 4602 1367 4659 Voluntas
1398 4603 1489 4658 Dei
1517 4611 1600 4660 est
1630 4606 1712 4675 (ut
1740 4605 1865 4662 brc.

268 4695 423 4749 vitcr
448 4694 648 4763 dicam)
678 4692 938 4764 quidquid
967 4692 1050 4759 ﬁt,
1081 4701 1142 4748 ut
1172 4691 1286 4747 ﬁeri
1320 4693 1596 4747 invenitur
1623 4693 1675 4748 in
1703 4707 1860 4749 crea-

272 4787 439 4843 turis.
478 4785 584 4842 Sed
612 4785 811 4842 dicitur
841 4802 855 4840 :
886 4784 944 4842 Si
971 4785 1149 4841 omnia
1182 4785 1477 4856 procedunt
1501 4801 1565 4840 ex
1589 4786 1865 4842 voluntate

274 4879 400 4942 Dei,
439 4894 600 4951 quam
644 4873 855 4936 constat
901 4892 1115 4949 semper
1157 4881 1356 4936 bonam
1394 4888 1448 4935 et
1478 4888 1679 4935 rectam
1720 4894 1862 4944 esse,

273 4983 413 5027 tunc
439 4968 618 5026 omnia
649 4970 790 5026 bona
824 4979 880 5026 et
910 4979 1059 5026 recta
1095 4979 1219 5027 sunt
1249 4989 1262 5024 :
1293 4979 1345 5027 et
1382 4971 1427 5026 si
1467 4971 1571 5027 hoc
1604 4980 1711 5036 est,
1739 4980 1865 5027 tunc

273 5070 482 5126 frustra
508 5062 785 5140 iudicatur
826 5068 1022 5141 aliquis
1054 5068 1292 5140 iniquus,
1317 5068 1403 5124 vel
1428 5068 1716 5124 damnatur
1756 5069 1860 5123 im-

271 5164 403 5234 pius
436 5178 449 5214 :
482 5162 624 5232 quod
678 5160 830 5217 lateri
884 5160 1217 5218 contrarium
1267 5159 1542 5215 invenitur
1585 5159 1864 5215 catholica:

273 5250 429 5306 ﬁdei.
476 5310 479 5313 λ

1968 4331 2061 4385 Dei
2110 4339 2165 4385 et
2212 4330 2446 4401 proximi
2502 4330 2819 4400 inspirando
2862 4330 3240 4395 dilectionem,
3277 4346 3385 4402 qua
3423 4330 3558 4387 dileo

1962 4424 2143 4481 ctione
2182 4438 2287 4478 non
2330 4422 2775 4478 inconvenientcr
2819 4420 2954 4477 ﬁunt
2982 4421 3036 4477 in
3063 4421 3303 4479 Ecclesia
3348 4424 3559 4477 oratio-

1964 4529 2062 4571 nes
2098 4530 2127 4569 a
2156 4514 2360 4569 sanctis
2387 4529 2485 4585 pro
2526 4513 2893 4569 schismaticis
2940 4522 2998 4568 et
3041 4513 3330 4581 hazreticis,
3356 4512 3556 4570 Iudaeis

1964 4622 2180 4678 quoque
2214 4614 2270 4661 et
2292 4606 2603 4678 gentilibus.
2642 4604 2915 4661 Institutio
2946 4605 3147 4674 divina,
3179 4605 3275 4662 Dei
3304 4604 3556 4663 voluntas

1970 4712 2075 4752 non
2128 4696 2420 4767 improprie
2464 4695 2786 4768 appellatur.
2839 4696 2930 4753 Dei
2970 4708 3151 4753 autem
3193 4696 3463 4753 institutio
3498 4696 3553 4753 in

1971 4789 2077 4845 duo
2105 4790 2269 4845 dividi
2309 4798 2504 4863 potest,
2554 4796 2606 4845 in
2646 4799 2916 4862 praecepta
2964 4792 3269 4847 divinarum
3307 4790 3555 4861 Scriptu-

1971 4898 2177 4947 rarum,
2207 4892 2262 4939 ct
2293 4883 2347 4938 in
2378 4883 2551 4952 legem
2598 4884 2900 4939 naturalem
2925 4900 2941 4937 :
2987 4895 3321 4953 quaecunque
3346 4883 3552 4938 homini

1973 4974 2131 5030 insita
2159 4981 2240 5030 est
2264 4974 2544 5041 naturalis,
2570 4989 2691 5045 quae
2720 4983 2801 5031 est
2823 4993 2841 5030 :
2865 4973 3020 5040 Quod
3042 4974 3136 5029 tibi
3159 4974 3276 5044 ﬁeri
3301 4973 3551 5037 nolueris,

1971 5065 2127 5120 alteri
2165 5082 2229 5119 ne
2265 5065 2449 5135 feceris
2498 5064 2651 5138 (Τοῦ.
2683 5081 2760 5131 tv,
2785 5065 2900 5136 16).
2930 5075 3037 5120 etc.
3091 5065 3190 5121 Cui
3246 5067 3555 5135 quicunque

1964 5157 2167 5220 obviat,
2212 5158 2305 5212 Dei
2336 5158 2668 5214 voluntatem
2717 5173 2822 5211 non
2854 5165 3056 5211 scrva'.
3082 5155 3359 5226 Prmeepta
3386 5157 3550 5211 etiam

1969 5249 2271 5305 divinarum
2323 5250 2769 5322 Scripturarum,
2821 5262 2875 5304 ct
2931 5259 3091 5305 rectae
3139 5249 3548 5305 observationes

1576 5380 1812 5460 vasta:
1852 5404 2254 5462 LECTIONES.

357 5545 449 5618 ⁸⁸δὲ
479 5545 688 5618 Integra
714 5560 1083 5618 acveramss.
1116 5542 1260 5613 integ

1267 5556 1322 5596 ra
1364 5555 1462 5596 nec
1482 5554 1607 5593 vera
1683 5538 1776 5570 “3'
1806 5537 1942 5605 Quia
1974 5537 2243 5608 signiﬁcat
2290 5537 2494 5591 habens
2533 5533 2856 5608 alhedinem,
2885 5543 2977 5608 aut
3010 5549 3112 5588 non
3147 5551 3271 5589 mss.
3304 5533 3429 5605 quia
3457 5542 3554 5608 aut

270 5616 551 5686 signiﬁcat
596 5605 798 5687 aliquid
861 5605 1388 5687 habenskantinon
1578 5608 1727 5687 Quia
1777 5605 2243 5687 pcr_u_tritmque’
2277 5606 2813 5687 manuscriptunqttia
2852 5606 3059 5687 pariter
3112 5614 3403 5687 utrumque

271 5680 547 5755 Quaelibet
567 5680 718 5757 plura
756 5703 881 5742 mss.
913 5684 1210 5756 quamlibet
1228 5682 1378 5757 plura
1578 5681 1652 5757 Ίξει

1750 5676 1839 5735 sse
1857 5677 2096 5748 objicere
2138 5676 2390 5733 existimo
2415 5676 2552 5748 mss.
2577 5676 2741 5748 obiici
2768 5685 2922 5748 recte
2945 5690 3104 5747 posse
3133 5676 3387 5732 existimo
3457 5676 3556 5713 ἰη’

272 5746 458 5825 Quam
490 5746 689 5814 nostris
711 5773 834 5811 mss.
878 5746 1138 5826 quantum
1189 5746 1391 5826 nostris
1464 5752 1557 5826 “*‘f
1599 5746 1729 5826 volo
1774 5746 2273 5826 te__sic_mss._nolo
2300 5755 2351 5802 te
2394 5751 2472 5802 sic
2543 5746 2657 5826 """_
2690 5746 2826 5803 Velit
2853 5755 3120 5826 .astt‘uere
3163 5764 3287 5803 mss.
3326 5749 3557 5808 valuerit

274 5817 535 5884 astruere
606 5829 700 5859 δι”
732 5825 789 5882 Si
809 5817 1147 5896 contingeret
1173 5840 1296 5878 mss.
1331 5823 1375 5879 si
1414 5821 1703 5892 contigerit
1776 5820 1869 5852 ““
1894 5819 1973 5874 Ad
2022 5818 2401 5873 excitationem
2442 5834 2564 5873 mss.
2594 5818 2658 5873 ad
2686 5817 3136 5874 exercitationem
