4076 6288
554 280 659 362 583

551 419 937 489 Ecelesiarum,
966 421 1215 477 voluntas
1272 421 1364 475 Dei
1398 438 1504 475 non
1553 419 1826 475 immerito
1862 418 2137 489 appellan-
2171 425 2214 482 Α

556 522 680 567 tur:
705 513 901 582 quibus
939 514 1245 582 quicunque
1280 514 1635 568 obscrvanter
1667 527 1775 566 non
1814 512 2130 582 acquiescit,

552 622 581 658 a
614 605 706 660 Dei
740 605 1013 660 voluntate
1037 606 1258 660 deviare
1296 606 1510 675 penitus
1540 606 1767 671 dicitur;
1801 620 1924 660 cum
1955 614 2134 665 tamen

552 698 623 751 ab
644 698 834 751 ordine
863 698 1217 767 prmscientire
1247 696 1363 767 ejus
1405 698 1714 755 nullatenus
1753 699 1927 753 valeat
1978 714 2136 755 exor-

550 786 745 840 bitarc.

1159 895 1391 953 CAPUT
1431 896 1516 951 III.

622 1027 986 1094 Quorumdam
1032 1030 1429 1100 ambiguitatum
1472 1031 1753 1085 elucitlatio
1790 1047 1855 1086 ex
1888 1032 2061 1085 (lictis.

619 1165 759 1221 Ecce
788 1165 1039 1221 voluntas
1066 1166 1161 1220 Dei
1201 1174 1434 1234 quatuor
1470 1166 1644 1220 modis
1684 1165 1947 1235 accipitur
1977 1179 2007 1217 a
2040 1165 2133 1219 do-

547 1259 791 1313 ctoribus
841 1259 1153 1328 magistris,
1204 1260 1411 1315 scilicet
1465 1274 1564 1328 pro
1609 1259 1833 1314 scientia
1870 1258 1995 1322 Dei;
2036 1274 2132 1326 pro

552 1350 830 1405 voluntate
871 1363 1208 1415 sanctorum,
1248 1352 1339 1421 qui
1379 1351 1562 1405 volunt
1592 1360 1647 1407 et
1683 1350 1910 1419 injustos
1949 1350 2131 1405 chari-

549 1441 717 1494 tative
764 1441 1007 1505 salvari;
1067 1456 1165 1510 pro
1213 1440 1423 1494 ratione
1472 1438 1747 1504 humana;
1795 1450 1991 1509 quarto
2033 1454 2133 1507 pro

546 1530 829 1598 praeceptis
877 1529 1093 1584 divinis.
1141 1528 1198 1583 Si
1249 1528 1372 1598 quis
1421 1542 1552 1583 vero
1597 1527 1755 1583 oculo
1808 1528 2005 1583 mentis
2032 1528 2130 1582 hos

549 1622 733 1675 modos
780 1621 1110 1687 considerat,
1163 1637 1270 1676 non
1320 1620 1550 1675 ulterius
1604 1620 1659 1675 in
1705 1620 1798 1675 Dei
1851 1620 2131 1676 voluntate

545 1711 957 1766 determinanda
996 1713 1288 1783 impeditus
1319 1713 1627 1767 laborabit:
1668 1714 1763 1768 sed
1794 1713 1940 1767 vocis
1970 1728 2125 1767 acce-

1058 304 1117 361 S.
1149 305 1452 363 ANSELIII
1490 306 1836 362 CANTUAR.
1875 305 2193 361 ARCIIIEI’.
2231 306 2380 362 OI’I’.
2422 306 2599 362 PARS
2637 308 2675 361 l.
2708 339 2776 347 —
2816 306 3235 363 DOGMA'I‘ICA.

3725 304 3821 371 581

2880 420 3106 475 CAPUT
3152 422 3213 475 ν.

2240 530 2316 584 De
2338 532 2510 586 divina
2538 530 2820 594 voluntaJe,
2844 533 3108 614 elﬁcien'e,
3136 535 3473 602 approbante,
3498 539 3820 602 σοιτί-(ἄειδε,

2856 611 3203 671 permittente.

2312 689 2499 759 Magna
2539 690 2757 759 quidem
2796 691 3049 747 voluntas
3100 691 3197 746 Dei
3260 692 3821 764 incomprehensibilis

2238 792 2341 839 εει.
2383 783 2523 837 sicut
2562 783 2674 851 ipse
2709 784 2871 847 Deus,
2903 792 3095 837 contra
3130 799 3293 855 quam
3331 785 3444 840 vult
3485 787 3671 852 homo,
3699 793 3818 860 qu‘a

2238 886 2345 929 non
2393 872 2553 939 plene
2587 886 2708 926 eam
2740 874 3022 941 cognoscit
3054 891 3067 926 :
3100 874 3240 941 quod
3290 874 3343 928 iu
3378 875 3717 936 futuro,erit.
3765 881 3818 935 In

2237 961 2489 1030 praesenti
2537 976 2665 1016 vero
2709 962 2974 1031 quosdam
3012 961 3237 1017 allectus
3303 963 3421 1034 ejus
3463 968 3695 1037 percith
3738 981 3820 1025 se—

2236 1055 2470 1108 cundum
2531 1054 2936 1125 perceptionem
2988 1057 3071 1110 vel
3136 1057 3575 1126 prohibitionem,
3625 1071 3680 1116 et
3739 1062 3822 1117 ille

2235 1148 2433 1203 obcdit.
2481 1147 2537 1202 In
2587 1148 2672 1202 his
2717 1158 2911 1203 autem
2942 1148 3271 1218 supradictis
3316 1165 3423 1205 non
3470 1160 3555 1207 est
3598 1168 3810 1222 :equum

2236 1244 2534 1316 intelligere
2577 1244 2812 1314 aliquem
2869 1244 3085 1314 aliquod
3133 1243 3328 1300 falsum
3379 1245 3463 1300 vel
3493 1248 3821 1316 superﬂuum

2236 1336 2437 1391 dictum
2486 1334 2675 1401 fuisse,
2709 1334 2790 1389 vel
2828 1345 3017 1390 contra
3064 1345 3380 1391 sanctorum
3418 1337 3817 1393 auctoritazem.
3850 1374 3853 1383 ι

2236 1429 2376 1483 Dicit
2399 1428 2541 1483 enim
2569 1427 2974 1499 Augustinusjin
3004 1428 3340 1493 Enchiridio,
3368 1445 3487 1500 cap.
3522 1429 3624 1485 100
3649 1449 3661 1483 :
3690 1428 3823 1485 Pro-

2232 1530 2408 1589 pterea
2448 1532 2641 1587 magna
2684 1516 2924 1572 voluntas
2954 1516 3188 1586 ejusdem
3220 1516 3434 1571 Domini
3469 1519 3730 1588 exquisita
3770 1522 3821 1573 in

2235 1621 2413 1663 omnes
2439 1608 2727 1662 voluntates
2748 1607 2901 1677 fejus,
2932 1617 2985 1661 ut
3010 1607 3142 1660 miro
3172 1617 3220 1660 et
3254 1606 3509 1675 ineﬂ'abili
3535 1608 3691 1661 modo
3720 1622 3821 1662 non

2234 1701 2327 1769 ﬁat
2364 1710 2555 1771 prazter
2588 1700 2906 1755 voluntatem
2945 1699 3080 1769 ejus,
3112 1700 3251 1769 quod
3288 1701 3444 1752 etiam
3480 1710 3663 1753 contra
3704 1701 3817 1769 cjus

544 1804 733 1875 ptione
774 1804 914 1859 ﬁdeli
980 1805 1269 1859 intendens
1329 1804 1568 1874 ingenio,
1621 1804 1691 1860 de
1737 1806 1919 1860 verbis
1971 1803 2126 1858 facile

2233 1792 2549 1846 voluntatem
2564 1791 2645 1859 ﬁt,
2667 1792 2805 1861 quod
2819 1806 2921 1845 non
2940 1792 3085 1861 ﬁeret
3107 1791 3154 1845 si
3177 1807 3279 1844 non
3302 1792 3516 1857 sineret,
3532 1808 3623 1845 nec
3646 1793 3822 1863 utique

543 1893 879 1961 dijudicabit.
932 1894 1119 1965 Itaque
1148 1911 1268 1950 cum
1301 1895 1522 1962 dicitur,
1554 1895 1879 1951 adulterium
1918 1896 2001 1949 vel
2032 1897 2130 1950 hos

544 1988 823 2041 micidiutn
864 1987 999 2055 vult,
1044 1987 1126 2043 vel
1168 2004 1272 2042 non
1315 1989 1431 2043 vult
1467 1989 1608 2043 Deus
1647 1988 1763 2044 ﬁeri
1812 2005 1825 2043 :
1879 1988 1961 2043 hm
2001 2004 2126 2058 pro-

544 2078 859 2147 positiones.
889 2093 995 2133 non
1042 2087 1344 2149 repugnant
1401 2078 1525 2142 sibi,
1573 2093 1670 2133 nec
1717 2079 2125 2133 contradicunt:

545 2168 719 2222 ainba:
744 2168 890 2223 enim
918 2182 1063 2223 verae
1093 2176 1220 2222 sunt
1249 2176 1303 2221 et
1340 2166 1745 2231 indubitabiles,
1779 2167 1823 2221 si
1856 2167 1977 2236 quis
2012 2165 2130 2235 ejus

542 2260 694 2316 vocis
741 2260 1224 2331 aequivocationem
1283 2260 1663 2331 multiplicem,
1710 2276 1829 2331 qua:
1865 2270 1967 2323 est,
2001 2263 2126 2325 vult,

542 2350 778 2405 ﬁdeliter
814 2352 1078 2406 attendat.
1134 2349 1288 2413 Nam,
1327 2350 1466 2406 Deus
1498 2350 1613 2405 vult
1646 2351 1991 2416 adulterium,
2026 2352 2128 2407 hoc

542 2453 627 2496 cst
666 2443 901 2512 prmscit,
947 2443 1227 2513 prmvidet.
1298 2442 1450 2498 Unde
1489 2442 1671 2497 nullus
1721 2443 1953 2511 dubitat,
2002 2445 2127 2514 quia

541 2534 721 2588 omnia
752 2535 897 2588 videt
932 2542 988 2588 et
1029 2534 1208 2588 omnia
1241 2534 1473 2603 przescit.
1521 2534 1677 2600 Item,
1716 2550 1823 2589 non
1855 2536 1990 2602 vult,
2025 2536 2128 2591 hoc

540 2633 625 2680 est
662 2640 767 2679 non
804 2625 1066 2695 praecipit,
1108 2624 1191 2677 vel
1225 2627 1498 2681 mcmibus
1539 2625 1775 2681 ﬁdelium
1814 2626 2127 2697 inspirando

542 2734 646 2771 non
678 2717 806 2771 facit
831 2717 984 2771 velle.
1021 2716 1114 2772 Vel
1145 2732 1250 2771 non
1281 2718 1395 2771 vult
1423 2717 1562 2773 Deus
1596 2718 1937 2781 adulterium,
1964 2718 2015 2774 id
2044 2729 2128 2773 est

538 2823 603 2862 cx
631 2810 679 2862 vi
711 2808 938 2863 rationis
963 2809 1178 2874 animm,
1212 2822 1278 2861 ex
1312 2808 1544 2862 naturali
1589 2808 1822 2873 scilicet,
1861 2808 1977 2879 lege
2000 2808 2125 2862 data

540 2919 570 2957 ο
605 2904 733 2965 Deo,
766 2919 870 2957 non
903 2903 1164 2957 habemus
1189 2903 1331 2971 quod
1358 2903 1480 2970 quis
1518 2902 1570 2955 in
1601 2902 1703 2956 hoc
1730 2916 1829 2956 nec
1859 2902 2041 2968 etiam
2070 2900 2124 2955 in

539 2993 647 3047 alio
681 2992 873 3047 delicat
910 2992 1184 3046 oll'endcre
1224 2993 1553 3060 proximum.
1596 2990 1763 3045 Juxta
1806 2991 1904 3047 has
1944 3001 2120 3045 autem

542 3082 1043 3147 deterntinationes,
1073 3090 1254 3153 potest
1290 3080 1519 3152 quilibet
1556 3082 1656 3136 has
1682 3080 1774 3136 Dei
1814 3081 2121 3136 voluntates

539 3177 904 3233 determinare
932 3185 1139 3247 aperte.

1143 3304 1372 3359 CAPUT
1425 3304 1493 3358 IV

914 3420 1046 3475 Alia?
1075 3419 1423 3471 dubitationes
1449 3416 1724 3471 tolluntur.

613 3533 719 3588 Sed
748 3531 1036 3586 videndum
1069 3541 1152 3585 cst
1181 3530 1450 3598 quoddam
1492 3530 1627 3583 satis
1659 3527 1939 3591 subtilius,
1980 3528 2123 3595 quod

539 3621 777 3679 occurrit
804 3621 931 3675 huic
963 3620 1028 3674 de
1054 3619 1323 3674 voluntate
1358 3619 1730 3687 disputationi.
1780 3617 1912 3671 Nam
1941 3619 2125 3672 volun-

538 3716 635 3768 tati
678 3712 768 3767 Dei
805 3712 1051 3766 voluntas
1100 3710 1332 3766 hominis
1386 3711 1626 3765 adhaeret
1660 3709 1993 3778 plerumque,
2032 3710 2124 3764 sed

539 3805 663 3860 inde
685 3805 974 3858 damnatur
997 3802 1157 3856 homo
1190 3817 1204 3855 :
1232 3800 1490 3853 voluntati
1527 3800 1619 3854 Dei
1649 3815 1862 3869 quoque
1899 3816 2003 3854 non
2031 3802 2125 3854 ad-

535 3897 702 3951 ltzerct
735 3895 969 3950 hominis
994 3893 1263 3958 voluntas,
1302 3901 1354 3947 et
1383 3892 1505 3947 inde
1536 3901 1913 3948 remuneratur
1946 3894 2123 3948 homo.

533 3985 687 4050 Item,
716 3986 831 4039 vult
858 3987 1020 4038 homo
1048 3984 1190 4054 quod
1220 4000 1324 4038 non
1352 3982 1465 4036 vult
1494 3983 1662 4047 Dcus,
1703 3994 1758 4038 et
1803 3984 1963 4037 habet
2000 3984 2123 4038 inde

535 4080 815 4148 prtemium
857 4094 886 4131 a
918 4077 1067 4131 Deo:
1112 4092 1217 4130 non
1257 4075 1371 4130 vult
1416 4076 1577 4129 homo
1620 4075 1921 4144 quod,vult
1955 4075 2121 4138 Deus;

536 4181 590 4224 ct
628 4172 752 4225 inde
791 4170 1147 4239 consequitur
1194 4170 1401 4223 laudem
1440 4186 1453 4222 :
1498 4178 1554 4223 et
1598 4168 1781 4223 multis
1818 4170 1938 4223 aliis
1988 4170 2124 4224 hanc

540 4259 698 4329 152
730 4260 1059 4315 voluntatem
1098 4260 1299 4314 variari
1347 4260 1523 4313 modis
1554 4261 1826 4329 sagaciqu
1858 4260 2122 4315 industria

535 4368 631 4422 per
658 4366 715 4406 se
745 4353 941 4421 poterit
980 4351 1255 4421 indagare.
1308 4351 1414 4406 Sed
1448 4366 1590 4407 nunc
1624 4353 1691 4405 ad
1730 4353 2123 4422 expositionem

535 4444 971 4513 supradictorum
1038 4446 1326 4499 redeamus
1380 4457 1395 4496 :
1447 4443 1560 4497 vult
1614 4444 1756 4498 Deus
1822 4446 1964 4512 quod
2013 4446 2124 4500 vult

537 4535 730 4598 homo;
763 4535 805 4587 si
836 4534 1116 4598 damnose,
1146 4544 1203 4588 ιιι
1235 4534 1609 4598 homicidium,
1646 4535 1726 4589 vel
1772 4535 2119 4599 adulterium,

536 4623 681 4692 quod
712 4624 822 4675 vult
856 4623 1017 4687 Deus,
1044 4625 1146 4679 hoc
1168 4633 1250 4678 est
1284 4622 1553 4691 prwscivit
1581 4637 1594 4676 :
1620 4624 1713 4679 sed
1755 4625 1915 4679 homo
1953 4625 2116 4679 etiam

537 4717 641 4770 hac
684 4713 959 4770 voluntate
1002 4716 1313 4778 damnatur,
1356 4715 1689 4785 prohibitum
1734 4725 1818 4771 est
1865 4717 2008 4771 enim
2046 4717 2119 4770 ei.

537 4808 663 4864 Vult
687 4806 828 4862 Deus
866 4817 921 4861 ut
960 4818 1115 4877 pater
1153 4806 1383 4875 alicujtts
1422 4807 1708 4874 moriatur,
1747 4807 1829 4863 vel
1868 4808 1983 4861 vult
2021 4807 2122 4861 ali-

535 4898 691 4968 Cujus
721 4896 952 4951 hominis
992 4906 1239 4960 mortem,
1274 4898 1414 4966 quod
1448 4897 1608 4951 homo
1647 4912 1754 4952 non
1783 4896 1898 4950 vult
1926 4894 2117 4952 affectu

538 4988 770 5046 naturali
811 4988 893 5042 vel
929 4990 1303 5058 compassione
1340 4989 1597 5059 proximi,
1644 5001 1697 5044 et
1741 4998 2117 5045 remuneratur

534 5098 599 5137 ex
641 5083 743 5137 hoc
781 5080 871 5136 tali
915 5082 1128 5148 alfectu,
1167 5082 1211 5135 si
1254 5083 1305 5136 in
1334 5082 1547 5137 caneris
1580 5082 1818 5152 regulam
1861 5091 2007 5137 recte
2034 5082 2115 5135 vi-

537 5174 693 5228 vendi
744 5190 848 5228 non
878 5175 1176 5229 excesserit
1209 5190 1220 5225 :
1265 5175 1316 5228 in
1351 5174 1603 5229 onmibus
1654 5184 1829 5229 tamen
1858 5192 1976 5244 qua:
2002 5174 2117 5229 vult

538 5272 593 5316 et
622 5279 742 5332 quae
773 5263 923 5328 facit,
958 5264 1151 5317 divina:
1182 5264 1437 5317 voluntati
1487 5265 1818 5319 concordare
1866 5265 2114 5330 intendit,

538 5363 592 5403 et
625 5352 757 5405 nihil
796 5360 983 5405 contra
1015 5367 1137 5405 eum
1176 5353 1353 5407 facere
1374 5354 1645 5423 disponit;
1692 5355 1816 5423 quia
1845 5364 1971 5408 tunc
2003 5364 2122 5409 tan-

542 5452 652 5494 tum
689 5451 772 5495 est
810 5439 947 5493 bona
990 5441 1235 5496 voluntas
1281 5445 1533 5508 humana,
1572 5446 1788 5514 quando
1830 5445 1941 5499 vult
1993 5446 2117 5500 ilhnl

539 5533 681 5601 quod
714 5534 849 5586 Dens
880 5533 990 5586 vult
1018 5534 1161 5587 illam
1189 5535 1321 5589 velle
1354 5554 1366 5588 :
1398 5546 1449 5591 et
1478 5538 1554 5592 sic
1586 5540 1875 5593 concordat
1904 5540 2115 5603 divinae,

540 5638 660 5691 tunc
697 5625 949 5694 magistra
979 5638 1059 5678 est
1086 5626 1350 5680 humanae.

2234 1886 2411 1939 nolens
2434 1886 2580 1949 sinit,
2610 1886 2699 1939 sed
2728 1883 2899 1939 volens
2926 1898 2945 1935 :
2972 1901 3064 1937 nec
3090 1884 3280 1937 sineret
3302 1885 3491 1936 bonum
3514 1884 3629 1953 fieri
3658 1886 3815 1945 ma.’e.

2234 1977 2333 2032 nisi
2368 1977 2690 2046 omnipotens
2721 1986 2768 2029 et
2798 1977 2862 2030 de
2896 1975 3034 2029 malo
3068 1985 3235 2043 posset
3269 1975 3442 2044 facere
3471 1975 3615 2029 bene.
3649 1975 3746 2029 Est
3771 1981 3824 2030 rt

2233 2070 2332 2124 alia
2366 2070 2525 2140 hujus
2554 2069 2848 2124 voluntatis
2878 2067 3094 2122 divisio.
3148 2068 3267 2121 Alia
3315 2068 3460 2121 enim
3498 2075 3679 2136 potest
3706 2069 3807 2122 dici

2231 2158 2487 2228 cﬁiciens,
2530 2160 2634 2213 alia
2671 2160 3006 2230 approbans,
3048 2158 3153 2212 alia
3191 2159 3516 2224 concedens,
3560 2159 3662 2213 alia
3702 2175 3823 2226 pera»

2232 2251 2470 2306 mittens.
2526 2250 2777 2305 Ellicicns
2822 2250 3070 2305 voluntas
3120 2250 3173 2304 in
3226 2250 3335 2304 Deo
3384 2248 3512 2304 fatit
3558 2251 3741 2319 quidq‘
3770 2252 3819 2306 il

2230 2342 2368 2407 vult,
2403 2342 2644 2397 eﬁicieus
2680 2342 2732 2396 in
2771 2341 2991 2395 homine
3028 2341 3171 2410 quod
3208 2349 3387 2410 potest
3426 2341 3588 2394 homo
3623 2349 3682 2394 et
3709 2339 3820 2395 vult

2231 2436 2350 2506 ipso
2379 2446 2524 2490 actu.
2569 2433 2893 2504 Approbans
2918 2440 3023 2498 est,
3051 2446 3171 2502 qua:
3217 2432 3478 2502 approbat
3513 2430 3740 2503 al’qnid,
3769 2443 3822 2486 et

2233 2529 2349 2583 lucc
2375 2528 2441 2581 ad
2475 2526 2748 2581 hominem
2788 2527 3026 2594 pertinet
3060 2533 3116 2580 et
3148 2525 3216 2578 ad
3256 2525 3445 2578 Deum.
3494 2525 3819 2593 Approbans

2229 2617 2283 2671 in
2320 2616 2430 2672 Deo
2467 2624 2572 2678 est,
2611 2631 2732 2685 qua:
2768 2614 2881 2670 vult
2921 2629 3113 2670 omnes
3151 2613 3331 2670 salvos
3373 2614 3519 2681 ﬁeri;
3562 2616 3820 2684 quoniam

2230 2712 2433 2768 nullum
2476 2712 2748 2782 prohibet,
2791 2719 3053 2781 quantum
3079 2711 3147 2765 ad
3178 2725 3236 2765 se
3268 2710 3476 2765 salvum
3514 2711 3627 2765 ﬁeri
3661 2727 3680 2767 :
3714 2709 3821 2765 i‘o

2229 2806 2272 2860 si
2305 2806 2427 2876 quis
2454 2804 2521 2857 ad
2551 2803 2655 2858 hoc
2689 2801 2919 2868 laborat,
2949 2803 3234 2873 approbat.
3268 2801 3466 2860 Patens
3493 2811 3576 2857 est
3600 2802 3820 2869 quidem

2229 2912 2349 2967 quae
2377 2896 2448 2951 sit
2482 2895 2791 2965 approbans
2831 2894 2884 2948 in
2931 2894 3172 2949 homine.
3220 2892 3535 2949 Concedens
3566 2902 3672 2955 est,
3705 2907 3743 2964 q
3780 2908 3825 2945 ιε

2229 2987 2475 3043 concedit
2509 2996 2566 3039 ut
2590 2985 2682 3040 ﬁat
2707 2984 2930 3054 aliquid.
2958 2983 3298 3039 Concedente
3329 2992 3510 3038 autem
3537 2982 3763 3037 volunta
3789 2995 3821 3035 ε

2226 3080 2341 3135 vult
2373 3081 2537 3144 Deus,
2572 3089 2631 3134 ut
2662 3080 2821 3134 homo
2848 3079 2938 3147 qui
2971 3078 3164 3134 melius
3204 3093 3311 3134 non
3346 3076 3648 3147 proposuit,
3683 3091 3773 3129 uxr
3795 3099 3822 3117 ο

2235 3191 2348 3231 rem
2377 3177 2559 3229 ducat.
2604 3172 2935 3228 Permittens
2981 3170 3229 3225 voluntas
3262 3180 3365 3233 est,
3395 3184 3516 3239 qua:
3554 3183 3711 3239 ρει-,ιι
3737 3174 3759 3219 ι
3790 3170 3827 3217 ει

2230 3268 2428 3337 aliquid
2463 3254 2599 3329 ﬁeri,
2624 3265 2724 3320 etsi
2755 3264 3036 3332 displiceat
3061 3263 3405 3333 quandoque.
3435 3261 3505 3316 Et
3532 3261 3634 3315 boe
3663 3276 3755 3315 mo
3791 3274 3822 3309 ο

2230 3356 2425 3411 dicitur
2453 3356 2594 3408 Deus
2624 3352 2759 3408 velle
2805 3351 2968 3414 mala,
2998 3366 3118 3420 qua:
3165 3350 3430 3421 permittit
3480 3348 3619 3405 ﬁeri.
3672 3349 3825 3405 Umlc

2229 3447 2429 3501 dicitur
2460 3461 2473 3498 :
2510 3444 2673 3509 Quem
2726 3444 2834 3497 vult
2888 3445 3146 3510 indurat,
3178 3452 3224 3495 et
3266 3443 3349 3495 cui
3398 3441 3502 3495 vult
3544 3442 3825 3495 miseretur

2229 3536 2407 3603 (llam.
2440 3548 2516 3596 Ix,
2542 3532 2650 3603 l8).
2689 3532 3025 3601 Augustinus
3053 3531 3119 3586 dc
3151 3532 3375 3586 civitate
3410 3530 3503 3585 Dei
3529 3543 3543 3585 :
3569 3528 3706 3584 Cum
3741 3532 3824 3583 dio

2227 3628 2366 3680 citur
2399 3624 2536 3677 Deus
2578 3633 2777 3676 mutare
2812 3622 3158 3688 voluntatem,
3213 3631 3267 3675 ut
3300 3623 3489 3692 quibus
3518 3621 3654 3677 lenis
3687 3633 3823 3685 erat,

2228 3716 2365 3769 verbi
2424 3714 2593 3782 grati,
2644 3712 2899 3765 reddatur
2945 3727 3128 3781 asper;
3170 3710 3249 3763 illi
3300 3712 3471 3780 potius
3510 3727 3671 3780 quam
3720 3713 3827 3777 ipse

2227 3816 2519 3867 mutantur,
2554 3805 2689 3858 sicut
2722 3813 2957 3857 mutatur
2984 3803 3063 3855 sol
3093 3802 3259 3856 oculis
3293 3803 3565 3869 sauciatis,
3587 3812 3635 3854 et
3671 3816 3827 3866 asper

2225 3898 2611 3968 quodammodo
2636 3912 2699 3950 ea:
2722 3896 2854 3959 miti,
2884 3906 2931 3949 et
2963 3912 3028 3949 ex
3055 3895 3349 3949 delectabili
3388 3895 3634 3949 molestus
3661 3896 3824 3965 ejici-

2228 3998 2335 4047 tur,
2370 4002 2488 4039 cum
2529 3986 2639 4054 ipse
2671 3984 2813 4053 apud
2844 4000 2899 4037 se
2935 3994 3141 4039 maneat
3178 3986 3313 4038 idem
3337 3986 3425 4055 qui
3457 3985 3578 4055 fuit.
3610 3985 3827 4040 Dic’t.:r

2226 4079 2388 4132 etiam
2420 4075 2669 4129 voluntas
2696 4074 2809 4139 Dei,
2838 4089 3002 4143 quam
3034 4075 3164 4129 facit
3194 4074 3247 4129 in
3278 4076 3531 4129 cordibus
3562 4075 3827 4129 obedien-

2228 4173 2360 4225 tium
2395 4168 2664 4223 mandatis
2691 4166 2829 4235 ejus,
2875 4169 2942 4221 de
2983 4183 3087 4237 qua
3139 4166 3272 4222 dicit
3309 4167 3596 4237 Apostolus
3629 4184 3645 4222 :
3684 4167 3825 4221 Deus

2226 4262 2314 4331 qui
2343 4270 2590 4328 operatur
2623 4259 2675 4311 in
2704 4258 2845 4312 vobis
2874 4268 2920 4311 et
2954 4258 3079 4313 velle
3106 4257 3333 4328 (Philip.
3362 4274 3420 4322 ll,
3447 4259 3557 4328 15).
3608 4256 3760 4313 Scin
3800 4285 3828 4299 -

2227 4352 2354 4406 dum
2385 4352 2524 4405 hanc
2552 4350 2881 4403 volun‘alcm
2909 4349 3073 4403 etiam
3098 4347 3241 4403 velle
3271 4349 3495 4412 dicitur,
3528 4349 3679 4418 quod
3711 4349 3764 4418 ip
3786 4362 3826 4401 ε

2228 4459 2333 4499 non
2370 4444 2505 4507 vult,
2536 4444 2630 4498 sed
2665 4444 2781 4513 ipse
2809 4456 2938 4496 suos
2970 4440 3020 4495 id
3052 4440 3293 4495 volentes
3322 4440 3453 4495 facit
3489 4456 3504 4493 :
3546 4439 3627 4495 sic
3656 4454 3827 4495 orans

2159 4543 2199 4597 ι)
2225 4548 2323 4603 pro
2351 4535 2673 4604 quihusdam
2700 4533 2788 4603 pie
2820 4541 3117 4602 sancteque
3147 4532 3396 4602 inspirati
3432 4530 3501 4585 ab
3527 4546 3593 4586 eo
3624 4540 3821 4586 sancta

2226 4626 2528 4694 voluntate,
2555 4636 2609 4681 et
2639 4626 2784 4696 quod
2819 4633 2980 4681 orant
3014 4639 3121 4679 non
3154 4623 3304 4679 facit.
3347 4623 3659 4679 Secundum
3691 4635 3826 4679 vero

2223 4716 2556 4771 voluntatem
2588 4731 2765 4782 suam,
2794 4730 2914 4786 qua:
2947 4713 3066 4784 ejus
3095 4716 3448 4786 prmscicntia:
3486 4714 3826 4784 sempiterna

2222 4818 2325 4875 est,
2353 4810 2529 4863 omnia
2579 4824 2898 4879 qua’cunque
2942 4807 3102 4861 voluit
3133 4807 3274 4876 fecit,
3327 4824 3433 4862 non
3463 4806 3640 4862 solum
3680 4821 3825 4876 pra:-

2224 4901 2402 4966 terita,
2450 4899 2533 4953 vel
2562 4899 2872 4970 prtcsentia,
2916 4898 3008 4953 sed
3034 4899 3196 4953 etiam
3239 4897 3441 4953 futura.
3491 4897 3823 4968 Gregorius:

2226 4991 2367 5046 Deus
2390 4990 2496 5045 vult
2535 5007 2709 5044 omnes
2744 4990 2977 5044 homines
3006 4980 3185 5044 salvos
3209 4990 3345 5059 fieri,
3372 4990 3425 5043 id
3447 5001 3521 5043 est
3550 4989 3689 5042 nulli
3718 4987 3823 5043 καις

2227 5093 2438 5147 vantur,
2478 5083 2578 5135 nisi
2621 5098 2751 5152 quos
2799 5082 2905 5135 vult
2955 5081 3172 5147 salvari,
3216 5082 3294 5135 vel
3343 5083 3406 5135 de
3446 5082 3588 5134 omni
3634 5095 3831 5150 genere

2223 5174 2491 5227 hominum
2515 5172 2680 5242 aliqui
2701 5173 2990 5227 salvantur.
3024 5172 3117 5227 Vel
3152 5173 3254 5227 vult
3282 5189 3460 5226 omnes
3482 5172 3661 5225 salvos
3684 5170 3827 5240 ﬁeri,

2223 5266 2277 5318 id
2300 5276 2373 5319 est
2416 5282 2519 5319 non
2558 5267 2690 5335 cogit
2728 5265 2952 5336 aliquem
2982 5266 3246 5319 damnari.
3293 5265 3443 5324 Item,
3478 5265 3545 5317 de
3590 5265 3832 5334 conjuge

2227 5356 2427 5411 inﬁdeli
2460 5356 2781 5409 dimitteudo
2834 5357 2939 5411 dici
2966 5365 3200 5426 oportet,
3264 5370 3368 5409 non
3398 5355 3659 5419 dimittat,
3696 5355 3828 5423 quia

2225 5449 2323 5502 etsi
2355 5449 2502 5513 licet,
2535 5464 2639 5503 non
2670 5448 2906 5519 expedit.
2949 5448 3080 5503 Item
3114 5449 3165 5501 in
3195 5449 3330 5502 libro
3364 5448 3438 5503 De
3465 5447 3830 5516 parvulorum

2227 5539 2494 5610 baptismo
2523 5559 2536 5594 :
2575 5542 2722 5597 Sicut
2757 5542 2892 5594 bono
2928 5542 3062 5595 male
3101 5541 3176 5594 nti
3217 5540 3411 5594 malum
3452 5549 3546 5601 est,
3581 5540 3657 5591 sic
3680 5538 3831 5591 usan

2229 5635 2352 5684 bene
2383 5635 2455 5685 uti
2492 5634 2679 5685 bonum
2712 5644 2803 5686 est.
