4076 6288
276 288 383 388 sas

1360 324 1660 381 HINILUE
1714 322 1797 377 ΕΤ
1834 322 2435 380 I'LXiIOItTATIONES.

3423 320 3533 377 ΜΟ

2294 448 3518 481 mw

1313 453 2341 479 Ἥβη-...Ν

288 454 1572 482 W

719 605 1684 819 SANCTI
1933 601 3121 815 ANSELMI

1345 950 1903 1010 CANTIJABIENSIS
1937 949 2453 1009 ABCIIIEPISCOPI

538 1168 1461 1310 OPERUM
1603 1167 2177 1305 PARS
2298 1164 3266 1311 SECUNDA

797 1504 1081 1633 ASC
1102 1505 1571 1635 ETICA
1689 1509 1897 1633 ET
1998 1506 3049 1634 PABENETICA

421 1898 1285 2055 HOMILIXE
1396 1903 1641 2050 ET
1783 1798 3417 2131 EXHORTATIONES

1703 2168 2001 2181 *ἡ*

603 2273 953 2345 153-155
984 2272 1261 2329 HOMlLIA
1290 2273 1524 2331 PRIMA.

263 2366 325 2425 lx
370 2381 528 2421 ILLUD
556 2365 955 2419 ECCLESIASTICI
988 2382 1003 2419 :
1042 2363 1104 2417 lu
1152 2366 1392 2419 omnibus
1436 2366 1661 2436 requiem
1724 2381 1868 2435 qua:-

340 2458 468 2519 siri,
490 2468 535 2509 et
568 2457 620 2509 iu
651 2457 957 2509 Ita'reditate
1001 2455 1113 2526 ejus
1137 2457 1402 2512 morabor.
1433 2454 1576 2509 Tunc
1599 2456 1864 2525 pra'cepit,

338 2558 395 2602 et
434 2548 569 2601 dixit
602 2546 728 2599 mihi
770 2545 990 2601 Creator
1026 2546 1291 2611 omnium;
1318 2558 1361 2601 et
1401 2546 1490 2617 qui
1539 2547 1730 2600 creavit
1762 2562 1865 2612 me,

342 2637 595 2706 requievit
626 2637 678 2690 iu
704 2636 1045 2690 tabernaculo
1070 2654 1181 2691 meo
1208 2636 1400 2707 (Eccli.
1436 2653 1586 2697 xxtv.
1618 2637 1727 2706 Il).

342 2727 623 2797 Sapientia
650 2743 754 2781 non
783 2727 1038 2797 loquitur,
1068 2742 1231 2797 quam
1273 2726 1560 2798 Apostolus
1590 2726 1864 2782 Christum

263 2833 396 2874 esse
436 2826 687 2882 testatur,
716 2817 900 2871 dicens
927 2833 941 2869 :
979 2816 1243 2869 (.ltristum
1299 2816 1394 2869 Dei
1424 2816 1659 2870 virtutem
1696 2826 1743 2869 et
1770 2814 1868 2869 Dei

266 2910 587 2980 sapientiam
655 2908 724 2978 (1
758 2906 881 2961 Car.
936 2924 974 2975 ι,
1008 2907 1141 2979 ‘14).
1202 2907 1480 2976 Sapientia
1535 2923 1685 2979 ergo,
1744 2922 1867 2979 qua:

265 3000 529 3054 Christus
566 3008 667 3063 est,
692 3001 743 3054 id
787 3011 872 3053 est
910 3000 1186 3053 incarnata
1235 2999 1325 3053 Dei
1365 2999 1652 3070 sapientia,
1681 3000 1861 3056 dicit:

266 3090 337 3145 In
360 3090 606 3145 omnibus
629 3092 857 3162 requiem
884 3092 1117 3162 quwsivi.
1154 3090 1279 3146 [‘ost
1336 3091 1575 3145 laborem
1606 3107 1736 3146 vero
1784 3107 1866 3148 rc-

265 3184 433 3253 quies
460 3183 599 3237 solet
636 3185 826 3253 qumt'i.
887 3184 1146 3239 Dominus
1198 3195 1379 3239 autem
1434 3186 1485 3239 in
1537 3200 1595 3239 se
1645 3186 1863 3255 quidem

265 3274 495 3342 quietus
528 3282 586 3329 et
622 3274 1078 3328 incommutabilis
1104 3284 1185 3328 est
1218 3291 1232 3340 ;
1275 3276 1368 3329 sed
1403 3284 1581 3329 tamen
1612 3274 1866 3331 laborare

270 3375 531 3429 testatur,
596 3381 719 3420 cum
764 3367 927 3420 duras
971 3367 1249 3420 hominum
1300 3370 1601 3436 pravitates
1650 3366 1863 3431 tolerat,

268 3459 467 3513 dicens
501 3460 722 3514 cuilibet
778 3459 1003 3513 talium:
1049 3459 1333 3514 Prwbuisti
1384 3460 1512 3513 uti/ti
1548 3460 1778 3513 laborem
1810 3461 1865 3514 in

263 3550 646 3620 iniquitatibus
695 3550 799 3603 tuis
830 3549 967 3619 (Isa.
999 3566 1150 3615 xutt,
1179 3551 1292 3620 24).
1324 3550 1429 3605 Sed
1458 3560 1513 3605 et
1543 3551 1670 3605 dum
1701 3567 1865 3621 appa-

1895 2274 2157 2344 Apossit.
2192 2273 2362 2345 Negat
2399 2282 2577 2329 autem
2629 2276 2701 2330 illi
2762 2277 2814 2331 in
2875 2292 2933 2333 se
2988 2281 3252 2351 requiem,
3321 2283 3411 2354 qui
3451 2298 3551 2344 ηομ

1968 2364 2082 2417 vult
2108 2379 2136 2417 a
2168 2364 2324 2419 malis
2354 2363 2610 2435 Operibus
2647 2374 2703 2420 et
2732 2368 3019 2426 desideriis
3062 2386 3302 2441 cessare,
3334 2384 3391 2430 ut
3417 2376 3469 2431 iu
3497 2392 3552 2432 se

1968 2451 2146 2509 locum
2169 2453 2366 2523 quietis
2395 2455 2502 2508 Deo
2523 2464 2683 2525 queat
2704 2457 2969 2525 praebere.

2041 2542 2110 2596 Et
2162 2544 2217 2597 iu
2269 2543 2606 2609 literedita'e,
2682 2545 2886 2615 inquit,
2942 2550 3061 2619 ejus
3109 2553 3373 2608 mombor.
3426 2552 3552 2626 Ejur

1969 2634 2195 2704 respicit
2235 2645 2290 2689 et
2313 2635 2377 2688 ad
2404 2635 2666 2704 requiem,
2693 2647 2748 2691 et
2772 2639 2839 2692 ad
2880 2641 3005 2705 hoc,
3032 2644 3174 2711 quod
3221 2662 3383 2714 supra
3404 2647 3551 2703 dixe-

1969 2735 2100 2781 rat:
2142 2726 2255 2797 Ego
2305 2744 2369 2781 ea;
2419 2744 2509 2782 ore
2560 2727 2821 2783 Altissimi
2859 2734 3053 2800 prodii,
3114 2745 3175 2789 ut
3223 2736 3552 2809 intelligatur

1970 2817 2087 2872 Iure
2134 2818 2423 2873 hmreditas
2470 2827 2524 2872 et
2581 2820 2784 2889 requiei
2834 2830 2889 2876 et
2953 2824 3240 2891 Altissimi,
3306 2827 3553 2885 vidtlicet

1968 2908 2268 2965 electorum
2318 2909 2625 2975 multitudo,
2682 2926 2820 2981 quos
2863 2912 2979 2983 ipse
3009 2917 3324 2972 Altissimus
3369 2920 3435 2973 ad
3480 2919 3555 2975 vi-

1971 2999 2203 3055 dendam
2235 3015 2345 3055 sua:
2370 3000 2709 3055 celsitudinis
2739 3002 2962 3072 gloriam
2985 3006 3293 3063 elevatosiu
3323 3025 3559 3079 superno

1969 3108 2136 3163 regno
2183 3093 2500 3161 possidebit,
2555 3093 2740 3162 sicque
2774 3097 3164 3163 perpetualiter
3218 3099 3559 3169 requiescere

1969 3181 2149 3236 faciet.
2178 3184 2266 3235 Ait
2300 3185 2480 3253 itaque
2512 3201 2524 3236 :
2562 3182 2628 3236 In
2653 3186 2961 3239 Iuvreditate
3009 3188 3127 3256 ejus
3183 3193 3448 3244 morabor.
3481 3194 3558 3246 Ae

1967 3272 2011 3325 si
2036 3272 2179 3325 dicat
2213 3290 2226 3325 :
2263 3271 2319 3326 In
2358 3273 2608 3326 omnilms
2657 3274 2872 3341 quidem
2917 3278 3137 3344 qua-sivi
3194 3280 3455 3347 requiem,
3494 3281 3558 3332 li-

1967 3371 2054 3417 cet
2085 3363 2275 3416 non‘iu
2303 3364 2555 3417 omnibus
2585 3376 3024 3432 perseverantem
3053 3381 3173 3419 eam
3214 3368 3551 3433 invenerim;

1967 3455 2061 3508 sed
2088 3454 2141 3507 in
2170 3455 2280 3521 his,
2324 3455 2416 3524 qui
2461 3455 2693 3524 prmsciti
2754 3466 2881 3510 sunt
2944 3457 3234 3513 luereditas
3290 3459 3403 3521 Dei,
3445 3476 3555 3514 mo-

1970 3546 2145 3606 rabor,
2174 3546 2224 3598 id
2252 3556 2332 3600 est
2353 3556 2766 3615 perseveranter
2787 3556 2837 3601 et
2863 3563 2968 3602 non
2992 3549 3058 3603 ad
3084 3550 3270 3604 horam
3302 3553 3552 3607 manebo.

269 3640 387 3694 ruit
416 3640 473 3693 in
513 3640 726 3695 mortali
764 3656 950 3706 carne,
995 3640 1260 3695 laboravit
1298 3656 1364 3695 ex
1395 3650 1579 3695 nostra
1636 3640 1865 3695 inlirmi-
1900 3632 1942 3686 Β
1968 3635 2025 3692 1n
2052 3638 2156 3692 illis
2186 3638 2329 3691 enim
2362 3654 2466 3691 non
2504 3648 2748 3691 moratur
2780 3638 2871 3693 Dei
2900 3642 3189 3711 sapientia,
3220 3643 3310 3713 qui
3336 3645 3402 3697 ad
3429 3655 3561 3699 tem-

270 3740 407 3786 tate.
458 3731 585 3786 Ideo
642 3740 763 3796 post
797 3734 1250 3787 resurrectidnem
1304 3748 1459 3788 suam
1511 3733 1563 3785 in
1613 3732 1863 3786 omuilms

268 3821 530 3889 quaesivit
553 3820 814 3889 requiem,
841 3830 899 3873 ut
932 3822 982 3873 in
1008 3823 1247 3874 oumiom
1277 3822 1379 3876 (ide
1412 3829 1466 3875 et
1491 3821 1628 3875 bona
1651 3822 1865 3875 actione

270 3912 669 3981 requiesceret.
702 3911 836 3966 Nam
865 3913 916 3967 in
948 3913 1145 3983 quibus
1170 3914 1422 3968 onmibus
1453 3915 1694 3983 requiem
1721 3929 1865 3984 quae-

267 4002 491 4069 siverit,
557 4004 716 4057 docet
763 4004 1175 4072 pratniuendo:
1217 4001 1285 4056 In
1338 4004 1481 4057 omni
1529 4014 1669 4056 terra
1724 4004 1863 4066 steti,

269 4105 323 4148 et
350 4095 406 4148 in
434 4094 577 4147 enini
598 4098 812 4164 populo,
844 4105 890 4147 et
916 4094 969 4146 in
996 4094 1138 4147 omni
1185 4102 1335 4162 gente
1360 4094 1644 4161 primatum
1680 4092 1860 4157 habui,

269 4198 325 4239 et
356 4186 595 4239 omnium
638 4184 1000 4239 excellentium
1038 4195 1085 4239 et
1123 4184 1424 4239 subﬁimium
1469 4186 1630 4238 corda
1680 4186 1864 4239 virtute

270 4276 481 4331 calcari
537 4276 729 4348 (Ereti.
771 4292 919 4343 xxuv,
953 4277 1027 4348 9).
1083 4276 1313 4346 Moxque
1370 4275 1684 4346 subjungit:
1722 4276 1786 4329 Et
1806 4276 1863 4329 in

268 4367 523 4419 carnibus
550 4368 773 4436 requiem
795 4368 1027 4438 quaesivi.
1052 4367 1110 4422 In
1138 4369 1388 4423 omnibus
1415 4384 1544 4437 ergo
1574 4367 1784 4439 populis
1811 4375 1865 4421 et

268 4459 536 4528 gentibus
568 4461 732 4514 totius
754 4462 924 4524 orbis,
952 4470 1006 4515 et
1037 4461 1088 4514 in
1113 4462 1325 4516 cunctis
1358 4462 1575 4532 regibus
1618 4476 1681 4515 ac
1715 4460 1861 4526 prin-

273 4551 515 4620 cipibus,
542 4567 770 4622 quorum
795 4553 897 4607 sibi
923 4552 1084 4608 corda
1116 4555 1328 4608 tandem
1356 4554 1589 4625 subegit.
1624 4552 1862 4624 requiem

272 4640 551 4709 qmesivit.
579 4641 784 4697 Invenit
805 4653 985 4697 autem
1021 4643 1074 4697 iu
1105 4644 1188 4697 his
1210 4646 1470 4711 requiem,
1514 4647 1604 4714 qui
1638 4660 1865 4714 peccare

272 4729 593 4798 desierunt,
634 4742 691 4787 et
739 4744 928 4787 sancte
966 4749 1029 4788 ac
1074 4733 1219 4802 juste
1262 4736 1466 4789 vivunt.
1511 4734 1611 4802 Qui
1669 4737 1723 4790 in
1764 4751 1863 4802 eo,

267 4819 429 4888 quod
463 4820 513 4874 in
543 4821 796 4876 omnibus
824 4822 1036 4892 pupulis
1063 4833 1117 4877 et
1138 4823 1449 4878 nationibus
1504 4833 1668 4894 atque
1696 4824 1864 4878 subli-

272 4910 484 4974 mibus,
547 4912 600 4967 id
646 4924 733 4967 est
785 4914 838 4967 in
884 4913 1217 4969 sublimitate
1278 4914 1596 4984 dignitatum
1651 4914 1860 4983 positis,

1966 3744 2069 3799 pus
2118 3730 2365 3793 credunt,
2406 3738 2463 3785 et
2502 3730 2555 3785 in
2608 3741 2851 3799 tempore
2908 3735 3221 3789 tentatiouis
3255 3736 3555 3791 recedunt:

1969 3821 2061 3876 scd
2101 3822 2152 3876 in
2197 3823 2277 3877 eis
2320 3832 2579 3887 moratur,
2639 3839 2775 3893 quos
2817 3826 2870 3877 in
2918 3826 3160 3880 bonitate
3211 3828 3339 3882 facit
3388 3845 3561 3898 usque

1970 3912 2021 3966 in
2062 3914 2221 3966 tinem
2265 3928 2640 3983 perseverare.
2708 3914 2845 3968 llinc
2894 3926 2977 3969 est
3028 3917 3171 3984 quod
3210 3916 3276 3969 de
3313 3918 3560 3985 quolibet

1970 4003 2154 4057 talium
2195 4004 2360 4057 dicit:
2415 4002 2714 4068 Veniemus,
2781 4015 2829 4057 et
2878 4007 3197 4059 mansionem
3256 4006 3395 4075 apud
3439 4023 3558 4060 eum

1967 4092 2221 4162 faciemus
2255 4091 2437 4162 (Joau.
2478 4106 2587 4157 Juv,
2618 4091 2736 4161 25).

2040 4184 2294 4253 Sequitur
2320 4202 2333 4236 :
2361 4182 2505 4237 Tum:
2534 4183 2798 4254 prtecepil,
2828 4194 2874 4238 et
2899 4184 3031 4238 dixit
3062 4186 3187 4239 uti/ti
3210 4183 3429 4240 Creator
3448 4202 3559 4242 om-

1967 4284 2144 4341 nium;
2175 4287 2220 4330 et
2243 4277 2333 4347 qui
2360 4278 2551 4330 creavit
2588 4292 2687 4342 me,
2720 4277 2958 4346 requievit
2988 4278 3039 4331 in
3064 4278 3399 4334 tabernacu'o
3423 4296 3556 4345 meo,

1966 4379 2015 4425 et
2039 4370 2176 4423 dixit
2203 4370 2329 4421 mihi
2354 4383 2375 4422 :
2404 4367 2471 4421 In
2495 4367 2659 4421 Iacob
2697 4366 2958 4429 iultabtta,
2986 4378 3033 4421 et
3056 4371 3108 4422 iu
3132 4367 3303 4423 Israel
3335 4370 3559 4424 Incredi-

1966 4468 2099 4521 tare,
2122 4470 2166 4512 et
2199 4460 2251 4512 iu
2278 4458 2451 4512 electis
2476 4458 2603 4510 meis
2657 4458 2804 4511 mitte
2861 4459 3084 4512 radices.
3140 4458 3305 4524 Tunc,
3363 4460 3556 4531 inquit,

1968 4565 2090 4605 cum
2135 4564 2233 4619 ego
2266 4548 2507 4618 requiem
2552 4548 2603 4600 in
2637 4548 2888 4602 omnibus
2941 4564 3263 4619 quaererem,
3327 4549 3435 4616 ille,
3467 4553 3559 4621 qui

1966 4641 2174 4697 creavit
2228 4655 2436 4704 omnes,
2468 4648 2523 4693 et
2544 4639 2634 4709 jus
2675 4639 2837 4693 habet
2890 4639 2942 4693 iu
2973 4641 3242 4707 omnibus,
3287 4644 3555 4698 nemiuem

1967 4734 2080 4787 vult
2105 4734 2306 4804 perire,
2328 4732 2572 4801 prwcepit
2628 4731 2757 4783 mihi
2800 4731 2929 4801 quid
2981 4732 3034 4786 in
3089 4734 3175 4788 his
3211 4747 3468 4803 agerem:
3501 4743 3558 4787 et

1966 4826 2056 4896 qui
2082 4841 2162 4878 me
2200 4838 2414 4893 quoque
2445 4838 2542 4892 pro
2576 4837 2762 4877 eorum
2801 4822 2975 4877 salute
3025 4827 3216 4878 creavit
3259 4824 3554 4879 secundum

1973 4908 2389 4980 humanitatem,
2465 4916 2577 4988 ipse
2630 4916 2874 4987 requievit
2938 4917 2993 4969 in
3028 4916 3367 4970 tabernacqu
3419 4932 3553 4970 meo.

272 5003 528 5071 rcqttiem
558 5020 617 5060 se
646 5005 777 5060 dicit
818 5005 1098 5074 quzesisse,
1154 5007 1425 5077 signiﬁcat
1454 5006 1506 5061 in
1539 5022 1860 5077 unaquaque
1894 4986 1936 5044 δ
1971 5009 2222 5064 Creatum
2260 5023 2319 5062 se
2354 4986 2505 5071 dicit,
2546 4992 2672 5077 quia
2704 5010 2866 5062 homo
2920 5005 3093 5062 factus
3120 5017 3223 5070 est,
3256 5007 3346 5076 qui
3388 5021 3548 5077 supe-

272 5095 387 5150 sub
413 5094 551 5149 ctelo
572 5105 734 5167 gente
792 5096 987 5152 multos
1041 5098 1218 5167 palam
1267 5099 1435 5163 cerui,
1475 5098 1567 5169 qui
1610 5114 1864 5168 perverse

270 5184 591 5252 vivant;et
613 5203 815 5257 paucos
850 5188 997 5242 velut
1056 5204 1223 5259 grana
1264 5190 1363 5245 sub
1408 5190 1860 5260 palcisiuveniri,

266 5274 377 5345 qui
404 5276 540 5332 bene
567 5288 751 5349 agant.
782 5279 895 5334 Hoc
924 5279 1067 5334 enim
1117 5280 1400 5351 quaeritur,
1432 5282 1575 5351 quod
1607 5280 1736 5336 latet
1762 5296 1865 5337 nec

269 5364 530 5423 habetur.
591 5372 699 5426 Sed
725 5379 781 5425 et
806 5372 858 5425 in
885 5372 1126 5441 quolibet
1166 5372 1233 5427 ad
1262 5375 1425 5428 vitam
1484 5375 1864 5445 prtedestinato

268 5460 479 5528 qumrit
501 5460 751 5518 Christus
772 5464 873 5519 sibi
907 5466 1171 5535 requiem,
1191 5466 1317 5520 dum
1348 5466 1527 5522 adhuc
1546 5478 1860 5537 peccantem

268 5564 410 5607 eum
469 5564 768 5624 exspectat,
812 5563 869 5609 et
915 5554 997 5611 vel
1050 5559 1333 5626 praeceptis
1383 5571 1475 5612 seu
1535 5558 1775 5620 monitis,
1807 5566 1864 5612 et

271 5644 583 5709 miraculis,
608 5657 661 5700 et
691 5648 987 5717 prcsperis,
1039 5658 1095 5703 et
1118 5650 1363 5704 adversis
1407 5651 1581 5720 ipsum
1635 5662 1862 5704 converv

275 5742 401 5793 tere
422 5749 474 5794 et
505 5738 665 5793 talem
708 5740 885 5794 facere
933 5741 1133 5804 studet,
1183 5749 1241 5796 ut
1300 5742 1351 5797 in
1407 5755 1471 5797 eo
1517 5739 1860 5811 requiescere

531 5835 807 5895 Parum.
836 5832 1110 5894 CLVIII.

1968 5101 2082 5156 rius
2136 5108 2447 5154 asseruerat
2468 5114 2527 5154 se
2555 5105 2681 5153 aute
2713 5098 2906 5154 saecula
2940 5099 3179 5167 genitum
3207 5114 3237 5152 a
3267 5098 3446 5161 Patre,
3469 5099 3554 5152 di—

1966 5207 2136 5248 cens:
2162 5190 2273 5263 Ego
2316 5190 2573 5261 sapientia
2609 5204 2673 5243 ex
2712 5205 2801 5242 ore
2830 5189 3085 5243 Altissimi
3129 5188 3324 5256 prodit,
3354 5189 3554 5259 primo-

1966 5288 2139 5359 genita
2167 5298 2342 5340 autem
2376 5295 2498 5339 aute
2524 5299 2727 5337 omnem
2749 5294 3044 5337 creaturam
3072 5282 3263 5355 (Eccli.
3295 5298 3446 5347 xxxv,
3471 5282 3551 5353 5).

1970 5374 2399 5432 Tabernaculum
2423 5388 2552 5428 vero
2574 5372 2733 5442 hujus
2744 5371 3019 5443 sapientia:
3035 5380 3117 5427 est
3132 5387 3328 5443 corpus
3341 5385 3552 5428 assum-

1974 5478 2145 5538 ptum,
2173 5465 2241 5521 de
2268 5481 2375 5535 quo
2401 5463 2536 5518 alias
2569 5464 2769 5519 dicitur
2798 5484 2814 5518 :
2846 5462 2911 5518 In
2934 5463 3043 5518 sole
3090 5467 3264 5534 posuit
3304 5466 3552 5522 taberna-

1971 5559 2147 5613 culum
2174 5572 2330 5612 suum
2373 5554 2548 5626 (Psat.
2602 5569 2759 5619 xvttt,
2809 5555 2887 5623 6),
2925 5554 2975 5610 id
3004 5567 3083 5612 est
3132 5558 3187 5612 in
3222 5556 3551 5613 manifestis-

1975 5651 2111 5706 sima
2140 5649 2366 5712 visione,
2411 5662 2607 5719 corpus
2654 5662 2829 5702 suum.
2864 5647 2919 5704 In
2955 5648 3057 5704 hoc
3090 5647 3441 5705 tabernaculo
3469 5660 3556 5701 re-

1968 5738 2172 5812 quievit
2222 5736 2383 5795 Pater
2404 5777 2418 5797 ,
2450 5738 2574 5808 quia
2608 5737 2810 5795 nullum
2852 5738 2904 5796 in
2931 5754 2997 5796 eo
3019 5750 3300 5809 peccatum
3326 5736 3554 5802 invenit,

3005 5833 3081 5893 19
