4076 6288
547 295 652 351 585

544 407 930 478 Ecclesiarum,
959 409 1207 466 voluntas
1264 410 1357 464 Dei
1390 427 1496 464 non
1546 408 1819 464 immerito
1854 407 2130 479 appellan-
2163 415 2208 472 Λ

548 511 637 556 tur
661 520 673 555 :
697 501 894 571 quibus
931 503 1238 572 quicunque
1273 502 1628 557 obscrvanter
1659 516 1768 556 non
1806 501 2122 571 acquiescit,

545 610 573 647 a
606 593 700 649 Dei
733 593 1005 648 voluntate
1031 594 1250 649 deviare
1288 595 1503 664 penitus
1532 595 1759 660 dicitur;
1794 610 1916 649 cum
1947 603 2126 652 tamen

545 686 615 739 ab
637 687 827 740 ordine
855 687 1210 756 prtescieatite
1239 685 1356 756 ejus
1397 687 1706 744 nullatenus
1744 688 1920 743 valeat
1971 704 2128 745 exor-

543 774 738 829 bitare.

1151 883 1383 942 CAPUT
1423 885 1509 940 ΙΙΙ.

614 1015 978 1083 Quorumdam
1024 1019 1422 1088 ambiguitatum
1465 1019 1745 1075 elucidatio
1781 1036 1847 1074 ea:
1880 1021 2053 1075 dictis.

611 1153 752 1209 Ecce
780 1153 1032 1210 voluntas
1058 1155 1152 1209 Dei
1193 1163 1426 1224 quatuor
1462 1155 1636 1209 modis
1677 1154 1939 1224 accipitur
1968 1168 2000 1207 a
2032 1154 2126 1208 do-

539 1243 802 1302 ctoribus
833 1248 1145 1316 magistris,
1197 1248 1403 1304 scilicet
1457 1263 1556 1318 pro
1601 1248 1825 1304 scientia
1861 1248 1987 1312 Dei;
2028 1263 2124 1316 pro

544 1338 822 1394 voluntate
863 1351 1200 1404 sanctorum,
1240 1341 1332 1410 qui
1372 1339 1554 1407 volunt
1584 1349 1639 1396 et
1675 1339 1902 1408 injustos
1941 1339 2123 1394 chari-

541 1429 710 1482 tative
757 1429 999 1495 salvari;
1060 1444 1157 1499 pro
1205 1429 1415 1483 ratione
1464 1427 1739 1493 humana;
1787 1438 1984 1498 quarto
2025 1443 2124 1497 pro

487 1508 489 1510 ’
538 1517 822 1586 pr:eceptis
869 1517 1086 1574 divinis.
1133 1517 1190 1572 Si
1241 1517 1364 1587 quis
1413 1531 1544 1572 vero
1589 1515 1747 1572 oculo
1799 1517 1996 1572 mentis
2023 1517 2122 1571 hos

541 1611 726 1664 modos
773 1609 1103 1676 considerat,
1155 1625 1262 1665 non
1312 1609 1542 1665 ulterius
1595 1609 1652 1665 in
1697 1609 1790 1664 Dei
1843 1609 2123 1666 voluntate

537 1699 948 1755 detrrminanda
987 1702 1280 1772 impeditus
1311 1701 1619 1757 laborabit:
1660 1703 1755 1757 sed
1785 1702 1932 1757 vocis
1962 1717 2117 1757 acce-

1051 293 1110 350 s.
1142 294 1445 352 assem:
1483 275 1829 352 emam.
1868 295 2186 350 ARCHIEP.
2223 283 2373 352 ore.
2415 295 2592 352 PARS
2629 297 2667 351 ι.
2701 329 2769 336 -
2808 288 3228 354 poenarum.

3718 292 3817 361 est

2872 409 3098 465 CAPUT
3145 411 3206 465 ν.

2233 519 2309 574 De
2331 522 2502 576 divina
2531 520 2812 586 volunta:e,
2837 513 3100 604 eﬁirien'e,
3127 525 3465 592 approbante,
3491 529 3815 592 concidante,

2675 605 2677 608 ‘
2848 601 3196 661 permittente.

2303 678 2491 749 Magna
2531 680 2749 749 quidem
2789 680 3041 736 voluntas
3092 681 3189 736 Dei
3251 681 3817 754 incomprehensibilis

2230 781 2333 830 est.
2375 772 2516 828 sicut
2554 772 2667 842 ipse
2701 773 2863 837 Deus,
2895 782 3087 828 contra
3121 789 3286 845 quant
3323 775 3436 830 vult
3477 777 3664 842 homo,
3692 783 3814 850 qu'a

2231 876 2337 920 non
2385 860 2545 929 plene
2579 877 2700 916 eam
2732 863 3014 931 cognoscit
3045 881 3059 916 :
3092 863 3232 932 quod
3282 864 3334 918 in
3369 865 3710 927 futuro.erit.
3759 871 3815 925 ln

2229 950 2482 1019 praesenti
2529 965 2657 1006 vero
2702 951 2966 1020 quosdam
3005 951 3230 1008 affectus
3295 953 3413 1024 ejus
3454 958 3688 1028 percipit
3731 970 3817 1015 se-

2229 1044 2462 1098 cundum
2523 1044 2928 1114 perceptionem
2980 1047 3063 1100 vel
3129 1047 3567 1116 prohibitionem,
3617 1061 3673 1106 et
3731 1051 3818 1108 ille

2227 1137 2425 1193 obedit.
2472 1136 2529 1192 In
2579 1137 2664 1192 his
2709 1147 2888 1193 autem
2934 1138 3262 1208 supradictis
3307 1155 3414 1195 non
3461 1150 3806 1212 esttequum

2227 1234 2526 1306 intelligere
2569 1233 2804 1304 aliquem
2861 1233 3077 1304 aliquod
3125 1233 3320 1290 falsum
3371 1235 3455 1290 vel
3485 1238 3818 1306 superﬂuum

2229 1325 2430 1380 dictum
2478 1324 2667 1391 fuisse,
2701 1324 2782 1379 vel
2819 1335 3009 1381 contra
3056 1335 3371 1394 sanctorum
3409 1327 3813 1383 auctoritatem.
3845 1365 3851 1374 -

2227 1417 2368 1473 Dicit
2391 1418 2533 1472 enim
2561 1417 2966 1489 Augustinusjin
2995 1417 3332 1484 Enchiridio,
3359 1434 3478 1490 cap.
3513 1419 3616 1475 100
3640 1439 3653 1474 :
3682 1419 3821 1476 Pro-

2224 1519 2400 1578 pterea
2439 1522 2632 1578 magna
2675 1506 2916 1562 voluntas
2945 1505 3180 1576 ejusdem
3211 1506 3425 1561 Domini
3460 1508 3722 1578 exquisita
3763 1513 3817 1564 in

2227 1611 2405 1653 omnes
2430 1597 2719 1652 voluntates
2739 1597 2893 1667 (ejus,
2923 1607 2977 1650 ut
3001 1597 3134 1650 miro
3164 1607 3211 1651 et
3245 1596 3502 1666 ine/fabili
3527 1597 3682 1652 modo
3711 1611 3818 1652 non

2225 1691 2320 1758 ﬁat
2355 1700 2547 1760 prwter
2580 1690 2897 1744 voluntatem
2937 1689 3072 1760 ejus,
3104 1689 3243 1759 quod
3280 1691 3435 1743 etiam
3472 1699 3654 1744 contra
3695 1691 3814 1760 ejus

535 1793 725 1863 pum":
766 1792 920 1865 εωθιίρ
971 1793 1261 1848 intendens
1321 1793 1560 1863 ingenio,
1613 1793 1682 1849 de
1728 1795 1911 1850 verbis
1963 1792 2121 1848 facile
2153 1777 2196 1833 Β
2223 1781 2541 1836 voluntatem
2555 1781 2636 1849 Iit,
2658 1782 2796 1852 quod
2810 1795 2913 1836 non
2929 1782 3076 1851 ﬁeret
3098 1781 3146 1835 si
3168 1797 3270 1834 non
3293 1781 3614 1848 sineret,nec
3637 1783 3818 1854 utique

535 1881 872 1949 dijudicabit.
924 1882 1111 1954 Itaque
1140 1899 1260 1939 cum
1293 1883 1514 1951 dicitur,
1546 1883 1871 1940 adulterium
1909 1885 1993 1938 vel
2024 1886 2122 1940 hos

536 1976 814 2043 micidium
855 1975 991 2044 vult,
1035 1975 1118 2032 vel
1159 1993 1264 2031 non
1307 1978 1423 2032 vult
1459 1977 1600 2032 Deus
1637 1977 1756 2033 ﬁeri
1803 1975 1828 2032 τ’
1869 1977 1954 2033 hac.
1992 1993 2118 2048 pro-

535 2066 830 2134 positiones
880 2081 987 2122 non
1033 2075 1336 2138 repugnant
1375 2066 1517 2132 sibi,
1564 2081 1663 2122 uec
1709 2067 2116 2122 contradicunt:

536 2156 711 2210 atnbaa
735 2155 881 2211 enim
909 2171 1056 2212 verte
1084 2165 1212 2211 sunt
1241 2165 1294 2210 et
1331 2155 1736 2221 indubitabiles,
1771 2156 1815 2210 si
1847 2156 1969 2226 quis
2004 2154 2122 2225 ejus

534 2249 686 2304 vocis
732 2248 1216 2320 arquivocalionem
1274 2249 1654 2320 multiplicem,
1702 2265 1822 2320 qua:
1856 2260 1959 2313 est,
1993 2251 2117 2315 vult,

535 2338 769 2393 ﬁdeliter
805 2340 1069 2395 attendat.
1125 2338 1280 2402 Nam,
1318 2339 1457 2395 Deus
1489 2339 1604 2395 vult
1637 2340 1982 2406 adulterium,
2017 2341 2119 2396 hoc

534 2440 619 2485 est
658 2431 893 2501 przescit,
937 2431 1219 2502 praevidet.
1288 2431 1446 2486 Unde
1481 2431 1662 2486 nullus
1712 2432 1945 2500 dubitat,
1993 2434 2118 2504 quia

532 2522 712 2576 omnia
743 2523 889 2577 videt
923 2530 978 2577 et
1019 2522 1199 2577 omnia
1232 2523 1464 2592 przescit.
1513 2523 1668 2590 Item,
1707 2540 1815 2578 non
1846 2525 1981 2592 vult,
2016 2525 2120 2580 hoc

531 2621 617 2668 est
653 2628 758 2668 non
795 2613 1057 2683 praecipit,
1099 2612 1183 2667 vel
1216 2615 1489 2670 mentibus
1530 2613 1766 2670 ﬁdelium
1805 2615 2118 2686 iaspirando

533 2721 638 2759 non
669 2705 798 2760 facit
822 2705 975 2760 velle.
1012 2705 1106 2761 Vel
1136 2721 1241 2760 non
1272 2707 1386 2760 vult
1413 2705 1554 2762 Deus
1587 2707 1928 2771 adulterium,
1955 2708 2006 2764 id
2035 2718 2118 2762 est

529 2811 594 2851 ex
622 2798 670 2851 vi
702 2797 929 2852 rationis
954 2797 1169 2864 animae,
1202 2811 1270 2851 ex
1303 2797 1535 2852 naturali
1580 2797 1813 2863 scilicet,
1851 2797 1969 2868 lege
1991 2797 2115 2851 data

532 2907 561 2945 a
595 2892 725 2954 Deo,
757 2907 860 2945 non
893 2891 1155 2946 habemus
1179 2891 1322 2960 quod
1349 2892 1471 2959 quis
1509 2891 1562 2944 in
1592 2891 1694 2945 hoc
1721 2905 1820 2945 nec
1850 2891 2032 2956 etiam
2061 2889 2114 2944 in

529 2981 638 3035 alio
672 2981 864 3035 debeat
901 2980 1176 3035 offendere
1215 2982 1544 3049 proximum.
1586 2979 1754 3034 Juxta
1796 2980 1895 3036 bas
1934 2989 2111 3034 autem

533 3064 1034 3135 determinationes,
1065 3079 1246 3141 potest
1281 3070 1510 3141 quilibet
1546 3071 1647 3126 bas
1673 3069 1765 3125 Dei
1805 3070 2112 3125 voluntates

530 3165 896 3221 determinare
923 3173 1131 3235 aperte.

1135 3291 1363 3348 CAPUT
1416 3292 1484 3346 IV

904 3408 1036 3481 Alia!
1065 3407 1414 3460 dubitationes
1440 3405 1715 3460 tolluntur.

603 3521 710 3576 Sed
739 3519 1027 3574 videndum
1060 3529 1143 3574 est
1172 3519 1440 3587 quoddam
1482 3518 1618 3572 satis
1649 3517 1930 3581 subtilius,
1970 3517 2113 3585 quod

530 3609 769 3666 occurrit
796 3610 922 3664 huic
954 3608 1019 3662 de
1043 3607 1314 3662 voluntate
1348 3607 1720 3676 diSputationi.
1770 3606 1902 3660 Nam
1931 3607 2116 3661 volnus

529 3703 626 3756 tati
669 3701 759 3756 Dei
796 3699 1042 3754 voluntas
1090 3699 1323 3754 hominis
1375 3699 1616 3754 adhaeret
1650 3697 1983 3766 plerumque,
2021 3699 2114 3754 sed

529 3792 655 3847 inde
677 3793 964 3845 damnatur
988 3790 1148 3844 homo
1181 3806 1195 3843 :
1223 3788 1482 3842 voluntati
1517 3788 1610 3843 Dei
1639 3804 1853 3858 quoque
1889 3804 1994 3844 non
2021 3791 2116 3844 ad-

525 3884 692 3939 haeret
726 3882 960 3938 hominis
985 3881 1254 3946 voluntas,
1293 3889 1345 3936 et
1373 3881 1496 3936 inde
1525 3890 1903 3937 remuneratur
1935 3882 2114 3937 homo.

523 3972 678 4038 item,
707 3973 822 4027 vult
848 3973 1011 4026 homo
1038 3971 1180 4042 quod
1210 3987 1315 4026 non
1343 3970 1455 4025 vult
1484 3971 1653 4036 Deus,
1693 3982 1749 4027 et
1793 3972 1953 4026 habet
1989 3972 2114 4027 inde

526 4067 805 4135 prtcmium
848 4081 877 4119 a
908 4065 1058 4119 Deo:
1102 4079 1208 4118 non
1247 4063 1363 4120 vult
1406 4065 1567 4118 homo
1610 4063 1910 4132 qttod_vult
1945 4063 2112 4127 Dens;

527 4168 581 4213 ct
619 4159 742 4213 inde
781 4157 1138 4227 consequitur
1185 4157 1393 4212 laudem
1431 4174 1444 4210 :
1489 4166 1545 4212 et
1587 4157 1771 4212 multis
1808 4159 1928 4212 aliis
1978 4159 2114 4212 hanc

531 4246 688 4317 152
720 4247 1050 4303 voluntatem
1089 4248 1290 4302 variari
1337 4247 1513 4302 modis
1544 4249 1816 4318 sagacium
1848 4249 2111 4304 industria

525 4355 622 4410 per
647 4354 706 4394 se
735 4340 932 4409 poterit
969 4339 1246 4410 indagare.
1299 4339 1406 4394 Sed
1438 4355 1581 4395 nunc
1613 4341 1681 4394 ad
1719 4341 2112 4410 expositionem

525 4431 961 4508 supradictorum
1028 4432 1316 4487 redeamus
1370 4445 1386 4484 :
1437 4431 1550 4486 vult
1605 4431 1746 4487 Deus
1813 4434 1954 4501 quod
2003 4434 2115 4488 vult

2226 1875 2402 1929 nolens
2425 1876 2571 1939 sinit,
2601 1876 2691 1928 sed
2718 1873 2890 1929 volens
2918 1888 2936 1926 :
2964 1891 3056 1928 nec
3081 1873 3271 1928 sineret
3293 1874 3482 1927 bonum
3505 1875 3621 1944 ﬁeri
3649 1876 3811 1936 ma.‘e,

2225 1967 2326 2021 nisi
2359 1966 2682 2037 omnipotens
2712 1975 2760 2020 et
2789 1966 2854 2020 de
2887 1965 3026 2019 malo
3059 1975 3226 2034 posset
3260 1965 3434 2034 facere
3463 1965 3606 2018 bene.
3640 1965 3738 2020 Est
3765 1972 3820 2021 rt

2224 2059 2324 2114 alia
2357 2049 2526 2130 hujus
2545 2058 2840 2114 voluntatis
2869 2057 3086 2112 divisio.
3140 2057 3258 2111 Alia
3306 2057 3452 2112 enim
3489 2065 3670 2126 potest
3697 2059 3803 2112 dici

2222 2147 2478 2218 eﬂicicns,
2521 2150 2625 2203 alia
2663 2150 2997 2220 approbans,
3039 2140 3144 2202 alia
3182 2149 3508 2215 comedens,
3551 2149 3654 2204 alia
3693 2165 3819 2216 per;

2223 2240 2461 2296 mittens.
2517 2239 2768 2296 Eﬂicicns
2813 2239 3061 2295 voluntas
3111 2240 3164 2294 in
3216 2240 3326 2294 Deo
3374 2239 3503 2294 facit
3549 2241 3816 2310 qtlith‘..i.l

2221 2332 2360 2398 vult,
2394 2332 2635 2388 elliciens
2671 2331 2723 2386 in
2761 2331 2981 2386 homine
3019 2331 3163 2400 quod
3200 2339 3378 2400 potest
3417 2331 3578 2384 homo
3614 2339 3672 2384 et
3700 2330 3816 2386 vult

2222 2425 2342 2495 ipso
2371 2435 2514 2480 actu.
2560 2422 2884 2494 Approbaas
2909 2430 3014 2488 est,
3042 2436 3163 2492 quae
3207 2421 3469 2492 approbat
3504 2421 3730 2493 aliquid,
3762 2433 3819 2477 et

2224 2518 2340 2573 haec
2366 2518 2432 2570 ad
2466 2515 2739 2571 hominem
2779 2516 3017 2584 pertinet
3051 2523 3106 2570 et
3139 2515 3207 2568 ad
3246 2514 3436 2568 Deum.
3483 2515 3816 2584 Approbans

2219 2607 2273 2661 in
2311 2605 2421 2661 Deo
2457 2613 2563 2669 est,
2603 2621 2724 2675 quae
2758 2605 2872 2660 vult
2911 2619 3104 2660 omnes
3142 2603 3321 2660 salvos
3364 2604 3510 2670 ﬁeri;
3552 2606 3816 2674 quoniam

2221 2702 2424 2758 nullum
2466 2701 2739 2772 prohibet,
2781 2709 3044 2770 quantum
3070 2701 3138 2755 ad
3167 2714 3227 2756 se
3259 2700 3466 2755 salvum
3505 2700 3618 2755 lieri
3651 2717 3670 2757 :
3703 2689 3759 2755 ἰ*
3782 2713 3816 2756 ο

2220 2795 2263 2850 si
2295 2795 2418 2866 quis
2444 2793 2511 2847 ad
2542 2793 2646 2848 hoc
2680 2791 2909 2858 laborat,
2939 2793 3225 2863 approbat.
3258 2789 3457 2851 Paleas
3483 2801 3566 2847 est
3591 2792 3816 2860 quidem

2220 2901 2340 2957 quae
2368 2885 2438 2940 sit
2472 2885 2781 2954 approbans
2821 2883 2875 2938 in
2922 2884 3163 2940 hotaine.
3211 2881 3525 2939 Conccdcns
3556 2892 3661 2947 est,
3692 2896 3729 2954 q
3773 2899 3820 2936 τε

2219 2977 2466 3033 concedit
2499 2985 2556 3029 ut
2579 2975 2673 3030 liat
2697 2974 2921 3044 aliquid.
2948 2972 3289 3029 Concedente
3319 2981 3500 3028 autem
3527 2972 3817 3028 volunta'e

2217 3070 2331 3125 vult
2363 3070 2528 3134 Deus,
2563 3077 2621 3123 ut
2652 3070 2811 3124 homo
2838 3068 2928 3137 qui
2961 3068 3155 3123 melius
3195 3083 3302 3124 non
3335 3067 3639 3137 proposuit,
3669 3081 3817 3119 usr-

2225 3180 2338 3220 rem
2367 3166 2548 3218 ducat.
2594 3161 2926 3218 Permittens
2971 3159 3220 3215 voluntas
3252 3169 3355 3222 est,
3385 3173 3506 3230 quae
3544 3173 3696 3230 perna
3722 3164 3749 3210 ι
3782 3160 3822 3208 ξι

2220 3257 2418 3327 aliquid
2453 3243 2590 3319 ﬁeri,
2614 3254 2714 3309 etsi
2745 3253 3026 3322 displiceat
3051 3253 3395 3322 quandoque.
3425 3251 3495 3306 Et
3522 3251 3625 3306 hoc
3651 3265 3743 3304 mo
3772 3255 3817 3301 ὀ

2221 3345 2416 3400 dicitur
2443 3345 2584 3398 Deus
2614 3341 2750 3398 velle
2795 3341 2958 3404 mala,
2988 3355 3108 3410 qua:
3155 3340 3420 3411 permittit
3469 3338 3609 3396 ﬁeri.
3659 3339 3820 3395 Unde

2219 3436 2419 3491 dicitur
2450 3450 2463 3487 :
2500 3433 2672 3498 Quem
2716 3432 2824 3486 vult
2879 3434 3136 3499 indurat,
3167 3441 3214 3486 et
3256 3433 3339 3485 cui
3387 3431 3492 3485 vult
3534 3431 3820 3485 miseretur

2219 3525 2398 3593 (llam.
2430 3537 2506 3586 ix,
2531 3522 2641 3593 18).
2679 3521 3015 3591 Augustinus
3043 3521 3110 3576 de
3141 3521 3364 3576 civitate
3399 3520 3493 3575 Dei
3519 3532 3534 3575 :
3559 3518 3692 3575 Cum
3725 3522 3818 3574 di-

2217 3617 2356 3669 citur
2389 3613 2527 3667 Dens
2567 3622 2768 3666 mutare
2801 3612 3147 3678 voluntatem,
3203 3621 3257 3665 ut
3289 3612 3480 3682 quibus
3509 3611 3643 3666 lenis
3673 3623 3818 3677 erat,

2217 3705 2356 3758 verbi
2413 3703 2583 3771 grati,
2634 3701 2890 3754 reddatur
2935 3717 3119 3771 asper;
3159 3699 3239 3753 illi
3289 3702 3461 3770 potius
3500 3717 3658 3770 quam
3703 3701 3822 3768 ipse

2217 3805 2510 3856 mutantur,
2544 3794 2680 3848 sicut
2712 3781 2947 3847 mutatur
2973 3792 3053 3846 sol
3083 3791 3250 3846 oculis
3282 3793 3556 3860 sauciatis,
3577 3801 3626 3845 et
3658 3807 3820 3856 asper

2215 3887 2601 3957 quodammodo
2626 3901 2690 3940 ea:
2712 3885 2844 3949 miti,
2873 3895 2921 3939 et
2953 3901 3018 3939 ea:
3045 3885 3338 3939 delectabili
3376 3885 3624 3939 molestus
3649 3886 3817 3954 elﬁci-

2218 3986 2325 4037 tur,
2360 3991 2479 4028 cum
2519 3975 2629 4044 ipse
2661 3973 2803 4042 apud
2834 3989 2889 4027 se
2924 3983 3131 4028 maneat
3168 3975 3302 4028 idem
3326 3975 3415 4044 qui
3446 3975 3568 4044 fuit.
3600 3975 3820 4030 Dic‘ter

2215 4067 2378 4121 etiam
2410 4064 2659 4119 voluntas
2685 4063 2800 4128 Dei,
2829 4078 2992 4134 quam
3024 4064 3154 4120 facit
3183 4064 3237 4118 in
3268 4065 3521 4120 cordibus
3552 4065 3766 4119 obediet
3788 4092 3819 4107 ι-

2217 4161 2350 4214 tium
2385 4157 2654 4213 mandatis
2680 4154 2819 4225 ejus,
2865 4158 2932 4212 de
2973 4172 3078 4227 qua
3129 4156 3262 4212 dicit
3298 4156 3586 4228 Apostolus
3619 4174 3634 4212 :
3669 4157 3817 4211 Deus

2215 4252 2304 4321 qui
2332 4259 2580 4318 operatur
2612 4248 2665 4300 in
2694 4248 2836 4302 vobis
2863 4258 2911 4300 et
2943 4247 3069 4303 velle
3096 4247 3322 4319 (Philip.
3350 4263 3409 4312 ιι,
3436 4248 3548 4319 15).
3598 4246 3741 4302 Scin
3786 4274 3818 4289 σ-

2217 4341 2344 4395 dum
2375 4341 2514 4394 hanc
2540 4338 2872 4394 volun‘atem
2898 4338 3063 4392 etiam
3087 4337 3230 4393 velle
3260 4339 3486 4402 dicitur,
3519 4338 3666 4408 quod
3695 4339 3746 4407 ip
3772 4352 3818 4392 .e

2217 4449 2323 4488 non
2359 4433 2494 4496 vult,
2525 4433 2620 4488 sed
2655 4433 2771 4503 ipse
2799 4445 2928 4486 suos
2959 4429 3010 4484 id
3040 4429 3282 4485 volentes
3312 4429 3443 4484 facit
3479 4446 3494 4483 :
3536 4429 3618 4485 sic
3644 4444 3816 4485 orans

527 4523 720 4587 homo;
753 4523 796 4575 si
825 4522 1106 4586 damnose,
1136 4533 1193 4576 ut
1225 4522 1600 4586 homicidium,
1635 4523 1716 4576 vel
1762 4523 2108 4588 adulterium,
2148 4532 2189 4586 ι)
2215 4537 2313 4592 pro
2340 4524 2662 4594 quibusdam
2690 4523 2778 4592 pie
2809 4530 3108 4592 sancteque
3137 4521 3386 4592 inspirati
3421 4519 3491 4576 ab
3517 4535 3583 4577 eo
3615 4528 3811 4576 sancta

525 4610 670 4680 quod
702 4611 812 4664 vult
846 4610 1007 4676 Dens,
1035 4612 1136 4666 hoc
1158 4620 1241 4667 est
1273 4609 1544 4680 praescirit
1571 4625 1586 4664 :
1611 4611 1704 4667 sed
1745 4613 1905 4667 homo
1943 4613 2106 4668 etiam

527 4704 631 4758 hac
673 4701 949 4758 voluntate
992 4704 1303 4767 damnatur,
1347 4702 1680 4772 prohibitum
1725 4713 1808 4759 est
1855 4705 1998 4760 enim
2036 4705 2108 4760 ei.

526 4794 818 4851 antDeus
855 4805 911 4849 ut
950 4805 1104 4865 pater
1143 4793 1373 4863 alicujus
1412 4795 1698 4862 moriatur,
1736 4795 1819 4851 vel
1857 4796 1972 4850 vult
2011 4795 2112 4850 ali-

525 4885 681 4956 enjus
701 4884 943 4939 hominis
981 4893 1229 4947 mortem,
1263 4885 1405 4954 quod
1437 4885 1598 4938 homo
1637 4899 1744 4939 non
1773 4884 1888 4938 vult
1915 4882 2106 4941 aﬂ‘ectu

527 4975 760 5034 naturali
801 4976 883 5030 vel
917 4977 1293 5046 coutpassione
1330 4976 1586 5046 proximi,
1633 4987 1688 5032 et
1730 4985 2107 5033 remuneratur

524 5085 590 5125 cx
631 5071 733 5125 hoc
768 5068 862 5124 tali
904 5069 1118 5135 all‘ectn,
1156 5070 1201 5124 si
1244 5070 1295 5124 in
1324 5070 1536 5124 caneris
1569 5069 1808 5140 regulam
1851 5079 1998 5125 recte
2025 5070 2105 5124 vi-

527 5162 683 5216 vendi
733 5178 838 5216 non
867 5163 1165 5217 excesserit
1198 5177 1210 5214 :
1254 5163 1306 5216 in
1340 5162 1592 5217 otttnibus
1643 5171 1819 5217 tamen
1847 5178 1967 5231 qtae
1993 5163 2107 5218 vult

528 5260 583 5304 et
612 5266 732 5319 qua:
762 5251 911 5318 facit,
946 5251 1140 5306 divime
1170 5251 1427 5305 voluntati
1477 5253 1807 5307 concordare
1855 5253 2104 5318 intendit,

528 5351 582 5391 et
615 5340 747 5393 nihil
785 5349 972 5394 contra
1003 5355 1126 5394 eum
1164 5340 1342 5396 facere
1364 5341 1635 5411 disponit;
1681 5343 1806 5412 quia
1835 5353 1961 5397 tunc
1993 5351 2112 5398 tan-

532 5439 642 5482 tum
678 5439 761 5484 est
799 5429 935 5484 bona
977 5430 1224 5484 voluntas
1269 5433 1522 5496 lmmana,
1561 5434 1778 5503 quando
1819 5433 1930 5488 vult
1981 5434 2106 5488 illud

529 5521 670 5589 quod
702 5523 838 5575 Deus
867 5523 979 5576 vult
1006 5523 1150 5576 illam
1178 5523 1310 5578 velle
1343 5543 1355 5576 :
1387 5535 1439 5580 et
1467 5527 1544 5581 sic
1575 5528 1866 5582 concordat
1893 5528 2104 5592 divinae,

529 5625 650 5679 qtae
685 5613 938 5682 magiStra
967 5626 1048 5667 cst
1075 5614 1339 5668 humanae.

2215 4616 2517 4684 voluntate,
2543 4625 2599 4670 et
2629 4615 2774 4685 quod
2808 4622 2970 4670 orant
3003 4628 3110 4668 non
3143 4613 3294 4669 facit.
3336 4613 3648 4669 Secundum
3678 4626 3815 4668 vero

2212 4706 2544 4761 voluntatem
2577 4719 2754 4772 suam,
2783 4719 2904 4775 qua:
2936 4702 3056 4774 ejus
3085 4705 3439 4776 pra-scicntia:
3475 4705 3817 4774 sempiterna

2211 4807 2314 4864 est,
2342 4799 2518 4853 omnia
2567 4813 2888 4868 quiscunque
2931 4796 3090 4852 voluit
3121 4797 3264 4867 fecit,
3316 4813 3423 4853 non
3453 4796 3631 4853 solum
3669 4810 3815 4867 pra:-

2213 4888 2411 4956 terita,‘
2439 4887 2522 4943 vel
2551 4889 2862 4959 przesentia,
2905 4888 2998 4942 sed
3023 4888 3186 4942 etiam
3228 4887 3431 4944 futura.
3481 4887 3814 4959 Gregorius:

2215 4979 2356 5035 Deus
2378 4980 2485 5034 vult
2524 4996 2699 5033 omnes
2733 4980 2967 5034 homines
2995 4968 3175 5034 salvos
3198 4980 3335 5048 ﬁeri,
3361 4980 3416 5033 id
3437 4991 3512 5033 est
3541 4979 3676 5032 nulli
3701 4976 3814 5031 ται.

2216 5081 2428 5135 vantur,
2467 5071 2566 5124 nisi
2609 5087 2740 5142 quos
2787 5071 2894 5125 vult
2944 5071 3162 5137 salvari,
3205 5071 3284 5124 vel
3332 5072 3396 5124 de
3435 5073 3580 5124 omni
3625 5084 3822 5140 genere

2213 5162 2480 5215 hominum
2504 5161 2668 5231 aliqui
2689 5162 2979 5216 salvantur.
3011 5161 3106 5216 Vel
3140 5162 3243 5216 vult
3271 5178 3450 5216 omnes
3471 5162 3650 5215 salvos
3668 5159 3816 5229 ﬁeri,

2213 5253 2266 5307 id
2289 5264 2363 5308 est
2406 5271 2508 5307 non
2547 5255 2678 5324 cogit
2716 5254 2942 5324 aliquem
2971 5255 3235 5308 damnari.
3282 5253 3432 5314 Item,
3467 5254 3535 5307 de
3580 5252 3824 5321 conjuge

2216 5343 2416 5398 iulideli
2449 5344 2769 5398 dimittcndo
2823 5345 2928 5400 dici
2954 5354 3188 5414 oportet,
3251 5359 3358 5398 non
3387 5343 3644 5408 dimittat,
3675 5342 3818 5410 quia

2214 5437 2313 5490 etsi
2345 5436 2492 5500 licet,
2524 5452 2628 5491 non
2658 5437 2895 5507 expedit.
2937 5436 3068 5492 Item
3102 5437 3153 5491 in
3183 5437 3319 5491 libro
3353 5437 3428 5493 De
3455 5435 3820 5506 parvulorum

2217 5527 2484 5598 baptismo
2513 5545 2526 5582 :
2565 5529 2711 5584 Sicut
2745 5531 2880 5582 bona
2915 5529 3049 5584 male
3090 5531 3164 5583 nti
3205 5529 3400 5583 malum
3441 5539 3535 5592 est,
3567 5529 3638 5581 sic
3657 5525 3821 5580 malo

2218 5623 2340 5672 bene
2371 5622 2444 5674 uti
2481 5622 2670 5674 bonum
2700 5631 2792 5674 est.
