4076 6288
1345 313 1647 371 ηυωωλς
1699 311 1784 367 ετ
1818 310 2421 375 EXllOilTATIONES.

3407 301 3519 367 κβ

2276 436 3504 471 Μ

276 441 2328 473 M

704 439 3108 819 ΞΑΝΟΤΙΑΝΞῖἶῆῙ

1324 938 1889 1019 ominantst
1922 920 2439 1000 ARCIIIEPISCOPI
2518 898 2521 901 Ἴ

522 1157 1448 1301 OPEBUM
1588 1084 2163 1294 PARS
2284 1153 3252 1300 SECUNDA

782 1493 1557 1625 ASCETICA
1674 1497 1883 1622 ET
1983 1494 3035 1680 PABJENETICA

408 1866 1271 2046 HOMILIJE
1381 1892 1628 2040 ET
1769 1785 3402 2123 EXHORTATIONES

1689 2156 1989 2171 ——-————-—

589 2261 940 2334 153—155
970 2260 1248 2318 HOMILIA
1277 2261 1511 2320 PRIMA.

255 2353 313 2415 Is
352 2370 517 2410 ILLUD
542 2354 943 2409 ECCLBSILS‘I‘ICI
974 2369 990 2408 :
1028 2351 1092 2407 lu
1138 2354 1379 2409 omnibus
1421 2355 1648 2426 requiem
1709 2353 1855 2424 qud!-

324 2447 523 2509 siei,-et
554 2445 609 2498 in
638 2444 944 2498 Ita'reditate
987 2443 1101 2515 ejus
1123 2445 1389 2501 morabor.
1418 2443 1563 2499 Tum:
1584 2444 1851 2514 prwcepit,

321 2546 380 2592 et
421 2536 557 2590 dixit
589 2534 717 2589 milii
757 2533 977 2589 Creator
1013 2534 1278 2601 omnium;
1304 2545 1350 2590 et
1387 2534 1477 2607 qui
1525 2536 1717 2590 creavit
1748 2551 1852 2611 me,

325 2626 583 2695 requievit
612 2625 667 2679 iu
692 2624 1033 2681 tabernaculo
1056 2640 1168 2680 meo
1194 2624 1387 2696 (Eeeli.
1422 2641 1573 2688 xxrv,
1603 2625 1714 2696 ll).

328 2716 611 2787 Sapientia
635 2730 741 2771 non
770 2715 1026 2786 loquitur,
1054 2730 1219 2786 quam
1259 2714 1547 2787 Apostolus
1576 2714 1851 2771 Christum

253 2821 382 2864 esse
421 2815 674 2872 testatur,
702 2805 929 2861 dicens;
964 2804 1231 2859 Utristum
1285 2804 1381 2858 Dei
1409 2805 1646 2860 virtutem
1683 2815 1731 2858 et
1756 2802 1855 2858 Dei

257 2899 576 2970 sapientiai»
606 2927 611 2931 ο
641 2896 711 2968 (1
744 2895 868 2952 Cor.
892 2968 897 2973 ο
922 2912 962 2965 ι,
994 2895 1064 2950 24
1087 2896 1129 2969 ).
1185 2895 1467 2966 Sapientia
1522 2911 1672 2969 ergo,
1731 2910 1855 2968 quae

258 2987 518 3044 Christus
552 2997 654 3052 est,
672 2990 729 3045 id
774 3000 860 3043 est
897 2989 1175 3042 incarnata
1222 2987 1312 3044 Dei
1351 2988 1640 3060 sapientia,
1667 2988 1802 3045 dicit
1830 3006 1848 3065 _:

259 3077 325 3134 lu
345 3079 595 3136 omnibus
616 3080 845 3151 requiem
871 3080 1105 3151 quwsivi.
1141 3079 1267 3135 Post
1322 3079 1562 3135 laborem
1591 3095 1723 3135 vero
1772 3096 1854 3137 re-

255 3173 419 3243 quies
445 3171 587 3226 solet
623 3173 814 3241 quteri.
873 3172 1134 3227 Dominus
1185 3183 1367 3228 autem
1420 3174 1472 3228 in
1523 3189 1582 3229 se
1630 3174 1851 3245 quidem

254 3262 480 3330 quietus
516 3269 574 3317 et
608 3261 1066 3317 incommutabilis
1091 3272 1174 3317 est
1204 3279 1220 3329 ;
1262 3264 1357 3319 sed
1389 3272 1569 3318 tamen
1598 3263 1853 3320 laborare

259 3363 520 3417 testatur,
582 3368 706 3408 cum
748 3354 916 3410 duras
958 3354 1237 3409 hominum
1286 3359 1588 3425 pravitates
1636 3354 1850 3422 tolerat,

256 3447 453 3503 dicens
486 3448 710 3503 cuilibet
764 3447 995 3502 talium:
1036 3447 1321 3503 Praebuiin
1372 3448 1500 3502 mihi
1534 3448 1765 3503 laborem
1796 3449 1852 3523 its

251 3537 634 3610 iniquitatibus
681 3539 787 3593 tuis
817 3538 956 3608 (Isa.
986 3555 1139 3604 mn,
1167 3539 1281 3610 24).
1311 3538 1418 3595 Sed
1444 3548 1501 3595 et
1529 3539 1657 3594 dum
1687 3554 1853 3611 appa-

1869 2265 1928 2324 -Α
1953 2262 2144 2334 possit.
2177 2262 2349 2335 Negat
2384 2270 2564 2319 autem
2615 2264 2687 2319 illi
2748 2265 2801 2321 in
2861 2279 2920 2322 se
2973 2268 3239 2340 requiem;
3307 2271 3398 2342 qui
3436 2286 3538 2335 not!

1954 2352 2069 2407 vult
2094 2368 2123 2406 a
2148 2353 2310 2408 malis
2339 2352 2596 2424 Operibtts
2633 2362 2690 2410 et
2717 2342 3005 2415 desideriis
3048 2374 3289 2430 cessare,
3319 2371 3378 2418 ut
3403 2364 3456 2419 in
3482 2379 3539 2421 se

1954 2439 2132 2498 locum
2154 2442 2353 2513 quietis
2380 2444 2488 2499 Deo
2508 2448 2669 2514 queat
2689 2445 2956 2515 prmbere.

2026 2530 2097 2585 Et
2148 2532 2204 2587 in
2254 2531 2592 2599 Iuereditase,
2667 2533 2872 2605 inquit,
2926 2538 3047 2608 ejus
3094 2541 3360 2597 morabor.
3411 2541 3539 2616 Ejus

1955 2621 2181 2693 respicit
2221 2633 2277 2678 et
2299 2623 2364 2678 ad
2389 2623 2651 2694 requiem,
2678 2635 2735 2681 et
2757 2627 2825 2682 ad
2865 2629 2991 2695 boc,
3018 2632 3161 2701 quod
3207 2649 3369 2704 supra
3390 2636 3538 2692 dixe-

1956 2723 2086 2770 rat:
2127 2714 2241 2787 Ego
2290 2732 2356 2771 ea:
2404 2733 2496 2772 ore
2545 2715 2807 2772 Altissimi
2845 2722 3039 2790 prodii,
3100 2734 3161 2779 ut
3208 2725 3539 2798 intelligatur

1956 2806 2074 2863 luce
2120 2806 2410 2863 btereditas
2455 2815 2511 2861 ct
2566 2807 2770 2879 requiei
2820 2818 2875 2865 et
2938 2812 3227 2881 Altissimi,
3292 2815 3540 2874 vidJicet

1955 2897 2255 2954 electorum
2303 2898 2612 2966 multitudo,
2668 2915 2806 2970 quos
2848 2900 2965 2972 ipse
2995 2906 3311 2962 Altissimus
3354 2908 3421 2963 ad
3465 2907 3543 2964 vi-

1957 2987 2190 3044 dendam
2221 3004 2332 3044 sua:
2357 2988 2696 3045 celsitudinis
2725 2991 2949 3062 gloriam
2971 2994 3280 3052 elevatosiu
3309 2982 3546 3068 superno

1955 3096 2124 3152 regno
2168 3080 2487 3151 possidebit,
2542 3082 2726 3152 sicque
2760 3085 3151 3152 perpetualiter
3204 3086 3546 3158 requiescere

1954 3168 2136 3226 faciet.
2164 3171 2254 3225 Ait
2286 3172 2468 3241 itaque
2498 3189 2512 3225 :
2548 3169 2615 3225 lu
2639 3174 2948 3229 haereditate
2995 3175 3114 3245 ejus
3168 3181 3435 3232 morabor.
3467 3168 3545 3235 Ae

1953 3260 1998 3315 si
2021 3260 2167 3315 dicat
2199 3277 2213 3314 :
2249 3259 2306 3315 lu
2344 3261 2596 3315 omnibus
2644 3261 2860 3329 quidem
2904 3265 3123 3332 qua-sivi
3179 3268 3442 3335 requiem,
3479 3268 3544 3321 li-

1953 3359 2041 3406 cet
2071 3351 2262 3405 non'in
2289 3352 2542 3406 erunibus
2570 3358 3011 3421 perseverantem
3039 3368 3160 3408 eam
3199 3355 3538 3421 invenerim;

1953 3443 2048 3497 sed
2074 3442 2128 3496 iu
2156 3443 2267 3510 bis,
2310 3443 2403 3513 qui
2446 3443 2681 3513 praesciti
2740 3453 2868 3499 sunt
2929 3444 3221 3501 luereditas
3274 3446 3390 3510 Dei,
3430 3462 3542 3502 mo-

1956 3534 2132 3596 rabor,
2160 3534 2211 3588 id
2238 3543 2319 3589 est
2338 3544 2753 3605 perseveranter
2774 3544 2824 3590 et
2849 3551 2955 3592 non
2978 3536 3046 3593 ad
3069 3537 3257 3592 horam
3288 3541 3538 3596 manebo.

256 3628 370 3682 ruit
399 3628 457 3683 in
497 3628 715 3684 mortali
750 3644 938 3695 carne,
982 3628 1250 3683 laboravit
1286 3644 1354 3684 ex
1382 3638 1567 3684 nostra
1622 3629 1853 3684 inlirmi-
1887 3621 1930 3676 Β
1954 3624 2011 3682 ln
2038 3627 2143 3681 illis
2172 3626 2316 3680 enim
2348 3642 2453 3681 non
2491 3635 2735 3680 moratur
2766 3626 2859 3682 Dei
2886 3629 3176 3700 sapientia,
3207 3630 3298 3702 qui
3322 3632 3389 3685 ad
3415 3642 3549 3688 tem-

256 3727 390 3775 tate.
441 3719 572 3775 Ideo
628 3729 751 3785 post
783 3720 1240 3776 resurrectiduem
1292 3736 1446 3777 suam
1497 3721 1550 3775 iu
1600 3720 1851 3775 omnibus

253 3810 517 3879 qtuesivit
538 3809 802 3879 requiem,
828 3819 887 3864 ut
919 3810 971 3863 in
994 3810 1236 3864 omnium
1265 3810 1369 3865 ﬁde
1400 3818 1455 3864 et
1478 3809 1616 3864 bona
1637 3810 1852 3864 actione

255 3902 657 3972 requiesceret.
688 3900 824 3957 Nam
852 3902 904 3957 in
936 3902 1134 3973 quibus
1158 3902 1411 3958 omnibus
1441 3903 1682 3972 requiem
1707 3918 1853 3974 qna:-

252 3993 475 4059 siverit,
542 3993 705 4048 docet
750 3992 1163 4063 pratnittemlo:
1204 3990 1274 4046 In
1325 3992 1470 4047 omni
1516 4002 1656 4046 terra
1710 3993 1850 4056 steti,

253 4095 303 4139 et
328 4084 387 4139 in
415 4082 565 4138 omni
584 4088 799 4155 populo,
831 4094 879 4137 et
903 4083 957 4136 in
984 4083 1127 4137 omni
1173 4090 1324 4152 gente
1347 4083 1632 4152 primatum
1667 4080 1848 4146 habui,

252 4188 304 4230 et
333 4176 581 4231 omnium
624 4174 989 4230 excellentium
1025 4184 1074 4229 et
1111 4173 1413 4229 sublimium
1456 4174 1618 4240 corda
1666 4174 1852 4229 uirtute

253 4266 465 4322 δαιοαυὶ
523 4265 717 4338 (Ereti.
757 4281 907 4333 xstv,
940 4266 1016 4338 9).
1070 4265 1302 4336 Moxque
1357 4263 1672 4336 subiungit:
1707 4264 1774 4318 Et
1792 4264 1851 4318 in

250 4357 509 4411 0m.qu
536 4356 761 4427 requiem
782 4357 1015 4428 quaesivi.
1039 4355 1099 4412 In
1125 4357 1377 4412 onmibus
1402 4371 1532 4426 ergo
1560 4355 1772 4428 populis
1798 4364 1854 4410 et

248 4449 523 4519 gentibus
553 4449 725 4504 totius
740 4450 912 4513 orbis,
939 4458 994 4504 et
1024 4449 1077 4504 in
1100 4450 1314 4504 cunctis
1344 4450 1572 4526 regibus.
1605 4464 1669 4504 ac
1701 4448 1849 4516 prin-

253 4541 499 4612 cipibus,
529 4556 758 4612 quorum
782 4541 885 4597 sibi
910 4540 1072 4597 corda
1103 4542 1316 4597 tandem
1344 4541 1578 4613 subegit,
1610 4541 1849 4613 requiem

250 4630 539 4702 quaesivit.
566 4629 973 4688 lnvenitautem
1006 4632 1062 4686 iu
1092 4631 1177 4687 bis
1197 4633 1459 4701 requiem,
1502 4635 1593 4704 qui
1626 4647 1853 4704 peccare

249 4720 580 4788 desierunt,
621 4730 681 4777 et
725 4732 916 4777 sancte
952 4738 1017 4795 ac
1062 4722 1208 4792 iuste
1249 4724 1455 4779 vivunt.
1498 4723 1599 4792 Qui
1656 4725 1711 4781 in
1751 4739 1850 4791 eo,

244 4811 404 4881 quod
444 4811 499 4865 in
529 4809 783 4867 omnibus
810 4811 1024 4882 populis
1050 4821 1106 4867 et
1125 4812 1438 4868 nationibus
1491 4821 1656 4884 atque
1682 4812 1852 4868 subli-

246 4902 469 4965 mibus,
533 4901 588 4957 id
634 4912 723 4957 est
771 4902 826 4957 in
870 4902 1206 4959 sublimitate
1264 4903 1584 4974 dignitatum
1638 4902 1848 4972 positis,

1952 3732 2057 3788 pus
2105 3718 2353 3783 credunt,
2393 3726 2450 3774 et
2488 3718 2542 3774 in
2595 3729 2838 3789 tempore
2894 3722 3208 3777 tentationis
3241 3723 3543 3780 recedunt:

1955 3809 2049 3865 sed
2087 3810 2139 3865 in
2184 3811 2264 3866 eis
2306 3820 2566 3877 moratur,
2626 3827 2764 3882 quos
2804 3813 2858 3867 in
2904 3813 3147 3868 bonitate
3196 3815 3327 3870 facit
3374 3832 3548 3886 usque

1956 3900 2008 3956 iu
2047 3901 2208 3956 [istem
2251 3916 2628 3973 perseverare.
2695 3903 2833 3958 llinc
2880 3913 2964 3958 est
3013 3904 3158 3973 quod
3196 3903 3263 3958 de
3299 3904 3548 3975 quolibet

1956 3992 2142 4046 talium
2181 3993 2347 4047 dicit:
2401 3990 2702 4057 Veniemus,
2767 4004 2816 4047 et
2863 3995 3185 4048 mansionem
3242 3994 3382 4065 apud
3425 4011 3545 4049 eum

1953 4079 2208 4152 faciemus
2241 4079 2425 4151 (Joan.
2464 4095 2575 4147 nv,
2605 4079 2723 4150 25).

2026 4172 2282 4242 Sequitur
2307 4190 2321 4225 :
2348 4170 2492 4226 Tum:
2520 4171 2785 4243 pracepit,
2814 4181 2861 4226 et
2885 4172 3017 4227 dixit
3047 4173 3173 4227 mihi
3194 4170 3416 4228 Creator
3434 4189 3546 4230 om-

1954 4272 2132 4331 nium;
2161 4275 2208 4319 et
2230 4265 2321 4337 ’qui
2347 4266 2539 4319 ereavit
2574 4279 2674 4331 me,
2705 4264 2944 4336 requievit
2973 4265 3025 4320 ia
3049 4266 3386 4322 tabernacu'a
3409 4284 3543 4335 mea,

1953 4368 2003 4414 et
2025 4358 2164 4412 dixit
2190 4358 2317 4410 milii
2340 4371 2362 4411 :
2390 4354 2459 4410 lu
2481 4354 2646 4410 Iacob
2682 4355 2945 4419 irritabile,
2972 4366 3020 4410 et
3042 4357 3095 4410 in
3118 4354 3291 4411 Israel
3321 4357 3547 4412 Incredi-

1954 4457 2087 4512 tare,
2108 4458 2154 4502 et
2185 4449 2239 4502 in
2264 4446 2439 4501 electis
2462 4446 2590 4500 meis
2642 4445 2791 4499 mitte
2847 4446 3071 4501 radices.
3126 4445 3292 4513 Tunc,
3349 4447 3543 4520 inquit,

1955 4552 2078 4594 cum
2121 4552 2220 4609 ego
2252 4537 2494 4607 requiem
2538 4534 2590 4589 iu
2623 4536 2876 4591 omnibus
2927 4552 3249 4607 qumrerem,
3313 4537 3422 4605 ille,
3454 4540 3547 4610 qui

1953 4620 2161 4687 creavit
2214 4642 2423 4693 oumes,
2454 4636 2510 4681 et
2530 4626 2621 4697 jus
2661 4626 2824 4682 habet
2877 4627 2930 4681 in
2960 4628 3229 4695 omuilms,
3272 4630 3543 4686 neminem

1954 4721 2069 4776 vult
2092 4721 2293 4792 perire,
2313 4719 2559 4789 prtecepit
2613 4718 2744 4772 mihi
2786 4718 2917 4790 quid
2968 4719 3022 4774 in
3076 4721 3163 4776 his
3198 4734 3455 4790 agerem:
3487 4730 3547 4776 et

1953 4813 2043 4884 qui
2067 4827 2149 4866 me
2187 4825 2401 4881 quoque
2431 4825 2529 4880 pro
2561 4825 2750 4866 eorum
2788 4810 2963 4866 salute
3011 4814 3204 4885 ereavit
3246 4810 3542 4869 secundum

1959 4895 2376 4969 humanitatem,
2451 4904 2585 4986 ipse,
2616 4904 2862 4975 requievit
2924 4905 2981 4958 in
3015 4904 3354 4959 tabernaculo
3406 4908 3540 4959 meo.

245 4995 515 5065 requiem
544 5009 605 5050 se
634 4994 764 5050 dicit
804 4994 1087 5064 quaesisse,
1142 4996 1414 5067 signiﬁcat
1441 4994 1495 5050 in
1526 5010 1848 5065 unaquaque
1879 4974 1925 5032 (ἶ
1957 4996 2209 5052 Creatum
2247 5011 2307 5050 se
2341 4974 2492 5061 dicit,
2533 4976 2660 5066 quia
2685 4974 2854 5050 bomo
2907 4994 3081 5051 factus
3107 5005 3210 5059 est,
3242 4996 3335 5065 qui
3374 5009 3536 5066 supe-

243 5088 352 5141 sub
380 5084 722 5157 ceelogente
778 5085 975 5142 multos
1027 5087 1207 5157 palam
1254 5087 1424 5152 cerni,
1463 5086 1555 5158 qui
1597 5101 1851 5156 perverse

242 5176 578 5242 vivant;et
599 5192 803 5247 paucos
836 5178 985 5232 velut
1043 5193 1211 5248 grana
1251 5178 1352 5234 sub
1395 5177 1569 5250 paleis
1593 5177 1847 5244 inveniri,

238 5269 340 5339 qui
369 5269 527 5325 bene
554 5276 739 5338 agant.
768 5268 883 5324 Hoc
911 5268 1055 5324 enim
1105 5269 1388 5341 quaeritur,
1418 5269 1563 5341 quod
1593 5268 1726 5325 latet
1749 5284 1852 5326 nec

240 5359 516 5416 habetur.
577 5360 689 5416 Sed
713 5368 770 5415 et
792 5362 846 5415 iu
873 5361 1115 5431 quolibet
1153 5362 1222 5418 ad
1251 5363 1412 5417 vitam
1470 5363 1852 5434 prcedestinato

237 5452 462 5522 quierit
483 5448 740 5508 Christus
759 5454 861 5509 sibi
894 5455 1160 5525 requiem,
1179 5455 1306 5510 dum
1335 5453 1515 5511 adhuc
1532 5466 1848 5526 peccantem

236 5558 381 5601 eum
450 5553 757 5614 exspectat,
799 5552 857 5599 et
902 5544 998 5601 vel.
1037 5546 1322 5615 praeceptis
1370 5558 1464 5602 seu
1522 5545 1764 5609 monitis,
1795 5554 1852 5602 et

237 5633 571 5700 miraculis,
594 5646 650 5691 et
677 5637 975 5708 prcsperis,
1025 5647 1082 5692 et
1105 5638 1351 5693 adversis
1393 5639 1569 5709 ipsum
1622 5651 1851 5693 converv

239 5734 373 5787 tere
397 5739 462 5786 et
491 5727 654 5784 talem
694 5728 874 5784 facere
920 5730 1121 5794 stmlet,
1171 5737 1229 5785 ut
1287 5730 1339 5786 in
1394 5742 1460 5787 eo
1504 5727 1849 5800 requiescere

517 5823 796 5886 Parant.
822 5820 1099 5884 CLVlll.

1954 5088 2070 5145 rius
2122 5096 2435 5143 asseruerat
2455 5102 2515 5143 se
2542 5093 2669 5142 ante
2700 5086 2894 5143 uacula
2927 5088 3167 5157 genitum
3193 5102 3225 5141 a
3253 5086 3433 5150 Patre,
3455 5086 3541 5141 di-

1914 5188 1918 5193 '
1952 5195 2086 5236 cens
2110 5197 2124 5234 :
2148 5177 2261 5251 Ego
2304 5179 2561 5249 sapientia
2596 5193 2661 5232 ea:
2699 5193 2789 5231 ore
2816 5177 3072 5232 Altissimi
3116 5176 3311 5244 prodii,
3341 5177 3542 5248 primo-

1952 5275 2127 5348 genita
2155 5285 2330 5330 autem
2364 5282 2486 5328 aute
2510 5287 2716 5326 omnem
2736 5283 3031 5326 creaturam
3058 5270 3251 5344 (Eeeli.
3281 5285 3434 5336 xxtv,
3457 5269 3539 5342 5).

1957 5363 2387 5422 Tabernaculum
2410 5375 2540 5417 vero
2560 5360 2723 5445 huius
2731 5359 3006 5431 sapientia:
3021 5368 3104 5416 est
3118 5374 3315 5431 corpus
3328 5372 3540 5416 assum-

1960 5466 2134 5528 ptum,
2161 5453 2229 5511 de
2256 5469 2363 5525 quo
2388 5451 2524 5507 alias
2555 5451 2758 5508 dicitur
2784 5471 2802 5505 :
2833 5450 2900 5506 In
2921 5450 3030 5506 sole
3075 5454 3251 5522 posuit
3290 5453 3540 5509 taberna-

1933 5547 2137 5632 .eulunt
2162 5560 2318 5601 suum
2360 5541 2535 5615 (Psal.
2588 5557 2748 5609 xvm,
2796 5542 2876 5611 6),
2912 5540 2963 5599 id
2990 5554 3071 5600 est
3118 5545 3174 5601 in
3208 5535 3539 5601 manifestis-

1961 5640 2097 5696 sima
2127 5637 2354 5701 visione,
2398 5649 2595 5708 corpus
2640 5650 2818 5690 suum.
2851 5634 2908 5693 lu
2942 5635 3045 5692 hoc
3076 5634 3429 5693 tabernaculo
3455 5647 3544 5688 re-

1954 5727 2159 5801 quievit
2209 5723 2371 5783 Pater
2391 5764 2406 5786 .
2436 5726 2562 5796 quia
2595 5724 2799 5784 nullum
2839 5727 2892 5785 in
2918 5740 2985 5784 eo
3005 5736 3289 5797 peccatum
3313 5723 3541 5789 invenlt.

2992 5819 3068 5881 l9
