4076 6288
546 310 654 365 537

929 307 989 363 S.
1020 302 1317 362 ANSELMI
1358 299 1708 373 CANTUAI}.
1730 290 2257 354 .ARClllEP-O?l‘.
2285 288 2469 355 PARS“
2491 287 2553 343 ll.
2583 282 3045 373 ~PARASNET.
3086 282 3172 338 ET
3200 280 3444 338 ASCET.

3694 282 3795 341 588

546 419 843 494 «psoricum
874 419 1169 476 offenderet
1201 434 1222 484 ;,
1249 416 1343 485 sed
1377 428 1591 483 omnem
1618 392 1843 483 iustitia:
1891 407 2122 479 plenitu-
2147 430 2197 491 Δ
2224 402 2510 459 relevaret.
2541 400 2604 455 Et
2639 416 2799 471 usque
2826 399 2896 453 ad
2923 398 3158 468 [taurina
3208 394 3461 459 stcculum
3512 410 3616 448 non
3661 399 3796 449 dena
3877 464 3884 471 ι

547 520 752 580 dinem,
776 514 828 569 in
855 529 959 584 qua
988 508 1375 566 delectabiliter
1399 505 1721 575 quiesceret.
1749 502 1900 558 Unde
1929 509 1984 554 et
2005 500 2117 552 ait:

548 607 656 662 Hic
680 616 752 660 est
776 603 948 658 Filius
980 617 1128 656 inserts
1151 598 1397 663 dilectus,
1440 596 1495 650 in
1522 611 1644 665 quo
1684 594 1815 649 mihi
1833 593 1957 647 bene
1984 606 2124 645 com-

545 698 726 769 placui
751 695 966 769 (Matth.
994 702 1129 759 xvn,
1156 692 1210 763 5)
1245 707 1261 757 ;
1294 700 1455 759 atque
1493 688 1751 758 propheta
1779 704 1792 740 :
1825 683 2122 769 Requiescet

547 762 704 859 super
749 762 866 842 eum
918 784 1144 855 Spiritus
1192 762 1405 836 Domini
1454 779 1590 851 (lsa.
1633 776 1815 847 x1,9.).
1864 762 2129 844 Loquitur

549 880 749 949 itaque,
798 877 936 933 sicut
972 885 1028 930 et
1074 889 1237 944 supra
1296 872 1496 928 dictum
1551 878 1656 935 est,
1712 869 1992 923 incarnata
2033 864 2124 919 Dei

548 968 846 1040 sapientia,
890 973 946 1021 et
991 964 1169 1021 Patris
1216 962 1441 1034 gloriam
1486 960 1539 1014 in
1595 958 1844 1014 omnibus
1878 968 2125 1027 qnmrens

547 1062 743 1117 asserit
764 1075 885 1114 eum
915 1057 1015 1113 sibi
1058 1057 1258 1111 dixisse
1291 1072 1304 1107 :
1354 1055 1420 1107 In
1449 1050 1638 1118 Jacob,
1685 1060 1788 1104 etc.
1819 1046 2002 1112 Iacob,
2031 1045 2124 1116 qui

547 1152 910 1223 supplantator
935 1151 1339 1220 interpretatur,
1385 1145 1629 1216 designat
1671 1143 1985 1203 luctatores,
2031 1138 2122 1208 qui

548 1246 678 1300 vitia
733 1258 863 1299 cum
904 1241 1090 1298 labore
1142 1237 1484 1309 supplantant
1535 1246 1586 1290 et
1638 1232 1918 1302 dejleiunt.
1958 1228 2125 1283 Israel

547 1347 753 1399 autem,
796 1335 886 1404 qui
913 1332 1227 1387 rectissimus
1270 1329 1392 1393 Dei,
1442 1327 1555 1381 sive
1602 1324 1679 1379 vir
1725 1322 1902 1377 videns
1964 1319 2124 1373 Deum

548 1428 769 1493 dicitur,
808 1399 927 1480 illos
950 1422 1041 1493 qui
1064 1419 1301 1476 subactis
1349 1417 1487 1470 vitiis
1512 1414 1827 1485 perlectam,
1852 1417 2013 1480 prout
2042 1399 2125 1462 fas

548 1528 650 1583 est,
676 1515 1051 1572 rectitudinem
1079 1510 1200 1564 vita:
1225 1514 1547 1569 servant,et
1586 1501 1746 1572 156
1781 1495 2119 1565 contempla-

548 1608 684 1664 tioni
716 1606 950 1662 student.
976 1602 1042 1657 In
1083 1599 1249 1654 Iacob
1286 1588 1440 1667 ergo,
1467 1595 1519 1649 id
1553 1603 1636 1649 est
1659 1594 1712 1647 in
1751 1588 2123 1649 luctatoribus,

546 1700 776 1762 habitat,
808 1706 867 1749 ut
915 1692 992 1749 eis
1039 1691 1114 1745 ait
1157 1686 1488 1758 Apostolus:
1542 1681 1798 1736 Habitare
1853 1676 2121 1732 Christum

2223 508 2388 559 nam;
2435 490 2561 561 quia
2602 489 2760 545 nullis
2816 485 3014 543 diaboli
3065 480 3470 549 tentatIOaibus,
3538 480 3803 553 nullisque

2226 592 2587 655 tyrannorum
2641 579 3110 652 perseeutionibus
3146 578 3265 634 lleri
3310 577 3511 648 poterit
3551 586 3608 630 ut
3641 575 3804 632 Chii-

2226 676 2401 731 stiana
2430 674 2621 743 religio
2654 688 2760 727 non
2793 673 3050 741 perduret
3111 683 3282 738 usque
3311 668 3378 721 ad
3411 665 3593 720 mundi
3620 665 3807 721 tenni—

2224 780 2375 829 num,
2417 773 2640 835 prOpter
2690 777 2850 832 quam
2882 769 3065 816 creata
3113 774 3231 813 sum
3269 766 3398 811 ante
3437 754 3621 809 mundi
3656 755 3798 823 prin-

2225 855 2445 927 cipiunt.
2501 853 2615 909 lloc
2637 864 2718 908 est
2750 853 2893 907 enim
2925 851 3068 921 quod
3113 859 3163 904 et
3194 847 3334 903 infra
3385 848 3630 902 dicitur:
3681 843 3809 900 Non

2222 943 2458 998 desinam
2480 943 2534 995 in
2550 942 2822 1011 progenies
2844 939 3079 1004 illorum,
3106 953 3270 1008 usque
3290 936 3344 989 in
3371 952 3537 989 (rvunt
3565 945 3803 988 sanctum

2226 1033 2415 1105 (Eccli.
2446 1047 2592 1098 uiv,
2613 1031 2726 1102 46).
2769 1030 2877 1086 Sed
2916 1040 2970 1085 et
2997 1030 3048 1084 in
3079 1027 3407 1099 Evangelia:
3441 1027 3578 1081 Ecce
3596 1043 3690 1098 ego
3717 1024 3807 1079 ro-

2225 1123 2422 1176 bisctun
2448 1138 2563 1176 sum
2601 1123 2840 1199 omnibus
2877 1121 3071 1199 diebus
3117 1134 3278 1190 usque
3303 1118 3372 1172 ad
3402 1117 3809 1172 consummation

2226 1230 2340 1268 nem
2369 1214 2550 1268 siccati
2572 1194 2789 1285 (Matth.
2823 1194 3016 1277 xsvnt,
3051 1210 3164 1284 20).
3552 1262 3555 1263 ν

2297 1305 2366 1359 Et
2395 1307 2450 1360 in
2496 1306 2817 1360 habitatione
2871 1314 3055 1358 sancta
3108 1319 3288 1356 eorum
3336 1298 3451 1371 ipso
3492 1299 3808 1354 ministrari.

2226 1395 2627 1453 Habitationem
2682 1404 2925 1451 sanctam
2961 1396 3093 1450 dicit
3135 1394 3500 1450 habitaculum
3559 1401 3809 1447 sanan

2225 1488 2372 1553 mali,
2404 1488 2492 1542 ubi
2520 1487 2792 1543 ministrat
2832 1502 3018 1542 coram
3072 1487 3184 1545 Deo
3243 1484 3482 1557 pontifex
3525 1483 3702 1538 factus
3750 1483 3813 1536 in

2225 1589 2510 1635 aternum.
2562 1576 2717 1633 Unde
2767 1586 2825 1633 et
2875 1576 3171 1648 Apostolus
3216 1578 3333 1641 ait:
3394 1574 3518 1630 Non
3565 1579 3701 1629 enim
3750 1577 3812 1628 in

2226 1671 2529 1741 manufacta
2548 1681 2731 1726 sancta
2756 1670 2910 1725 Jesus
2930 1669 3181 1734 introivit,
3197 1668 3515 1737 exemplaria
3531 1682 3810 1728 verorum;

546 1805 640 1859 per
666 1756 823 1857 ﬁdem
852 1785 906 1837 in
958 1756 1424 1836 cordibus—vestris
1463 1773 1678 1846 (Ephes.
1723 1786 1806 1836 ut,
1850 1768 1958 1837 l7),
1995 1781 2125 1835 qua-
2156 1768 2200 1827 Β
2227 1763 2317 1818 sed
2361 1764 2416 1817 in
2446 1763 2616 1832 ipsum
2661 1761 2868 1826 caelum,
2921 1770 2978 1814 ut
3012 1769 3260 1830 appareat
3315 1774 3453 1812 nunc
3510 1758 3673 1811 vultui
3712 1756 3811 1810 Dei

547 1895 713 1935 tenus
746 1877 956 1933 scilicet
983 1874 1103 1944 ejus
1144 1867 1629 1941 virtute-conferta
1645 1865 1681 1920 ti
1721 1862 1930 1935 possint
1961 1859 2130 1914 victo-

547 1986 638 2026 res
662 1966 799 2025 ﬂeri.
854 1962 921 2021 In
946 1964 1117 2020 Israel
1163 1975 1294 2018 vero
1351 1958 1719 2019 haereditatur,
1774 1952 1826 2008 id
1869 1958 1955 2007 est
2006 1962 2131 2020 per-

550 2064 852 2134 fectosjam
897 2076 1001 2115 non
1050 2057 1351 2113 amissurus
1406 2047 1749 2108 haereditario
1780 2043 1904 2115 jure
1958 2040 2151 2112 possi-'

549 2160 661 2223 det,
722 2154 812 2223 qui
859 2151 971 2221 jam
1029 2148 1221 2220 sopitis
1264 2145 1410 2200 vitiis
1464 2142 1722 2212 optimam
1768 2137 1870 2193 sibi
1919 2142 2129 2204 partem

550 2247 854 2316 elegerunt,
921 2257 1043 2314 quae
1083 2256 1190 2295 nun
1229 2235 1504 2292 auferetur
1553 2231 1620 2287 ab
1669 2230 1769 2285 eis.
1816 2225 1929 2282 Hoc.
1952 2233 2005 2279 et
2036 2236 2131 2293 per

553 2314 747 2394 lsaiam
770 2338 882 2408 ipse
906 2334 984 2391 sic
1011 2334 1087 2387 ait
1113 2347 1128 2386 :
1169 2327 1313 2399 Opus
1355 2339 1602 2380 manuum
1626 2335 1859 2374 mearum
1891 2314 2130 2385 Assyrio,

552 2403 832 2483 [Hereditas
858 2434 1031 2480 autem
1059 2438 1174 2476 utea
1205 2416 1373 2474 Israel
1401 2414 1537 2488 (Isa.
1584 2424 1695 2469 xm.
1722 2406 1839 2479 2.5).
1886 2403 2131 2474 Assyrius

542 2518 693 2581 enim
745 2516 970 2586 dirigens
1025 2512 1433 2580 interpretatur,
1506 2499 1822 2573 signiﬁcans
1874 2510 1997 2550 eum
2039 2491 2131 2563 qui

547 2584 869 2678 pravitatem
911 2594 1164 2657 vitiorum
1213 2595 1463 2652 luctando
1488 2600 1718 2649 conatur
1759 2584 2080 2659 supplodere
2109 2622 2125 2649 ,

550 2674 606 2759 et
632 2718 690 2759 se
734 2700 1005 2770 dirigere:
1038 2705 1092 2752 et
1147 2692 1273 2751 huic
1300 2700 1385 2749 est
1415 2706 1551 2762 opus
1600 2687 1854 2744 manuum
1908 2674 2129 2749 Christi,

551 2794 606 2848 id
629 2801 713 2847 est
741 2788 1065 2859 adiutorium
1099 2784 1215 2856 ejus
1264 2782 1316 2837 in
1366 2797 1424 2837 se
1454 2777 1722 2835 manentis
1751 2791 1770 2841 ;
1802 2771 1971 2828 Israel
2002 2782 2133 2824 vero

549 2887 660 2953 jam
692 2877 1250 2954 quietushtcreditate
1297 2871 1622 2944 possidetur.
1672 2866 1897 2921 Radices
1920 2873 2136 2932 quoque

556 2951 808 3030 Salvator
837 2975 895 3027 in
919 2970 1092 3025 electis
1149 2967 1359 3029 mittit;
1408 2978 1475 3017 ne
1517 2960 1584 3015 ab
1634 2971 1825 3014 eorum
1883 2951 2134 3009 cordibus

558 3052 794 3134 unquam
845 3059 1001 3116 avelli
1049 3055 1239 3129 possit,
1289 3054 1442 3125 juxta
1484 3049 1613 3105 illud
1666 3046 1908 3118 Apostoli
1948 3060 1963 3099 :
2002 3042 2132 3109 Quis

560 3172 656 3210 nos
692 3152 951 3223 separabit
995 3167 1026 3204 a
1076 3149 1331 3204 churitate
1389 3142 1637 3200 Christi?
1699 3136 2015 3200 Tribulatio,
2061 3150 2133 3187 an

558 3245 823 3315 angustia,
876 3256 944 3295 an
984 3238 1295 3312 persecutio,
1324 3238 1418 3289 'an
1463 3234 1653 3304 (antes,
1706 3247 1776 3284 an
1802 3226 2035 3291 auditas,
2066 3239 2134 3278 an

556 3335 866 3408 periculum,
915 3350 984 3387 an
1034 3325 1491 3403 gladius?(Rom.
1544 3339 1657 3380 vttt.
1691 3321 1803 3392 55.)
1848 3319 1948 3403 Qui
1990 3317 2134 3374 enim

558 3426 806 3497 separari
855 3402 1056 3479 valeta
1094 3421 1361 3477 charitate
1386 3414 1614 3484 Christi,
1666 3412 1732 3469 in
1774 3411 1891 3481 ejus
1924 3402 2137 3465 mente

560 3519 806 3571 Christus
833 3516 1035 3569 radices
1059 3528 1163 3567 non
1202 3510 1369 3565 misit.

630 3604 929 3675 Sequitur:
980 3601 1056 3654 Ab
1092 3599 1239 3654 initio
1275 3609 1322 3652 et
1354 3606 1475 3658 ante
1517 3590 1711 3651 swcula
1769 3600 1944 3646 creata
1993 3602 2133 3652 sum,

539 3707 792 3764 .etusque
855 3692 923 3746 ad
970 3691 1205 3761 futurum
1257 3686 1506 3741 sarculum
1563 3699 1668 3739 non
1716 3682 1975 3744 desinam,
2003 3689 2049 3733 et
2080 3679 2135 3731 in

564 3786 886 3842 habitatione
924 3792 1102 3838 sancta
1132 3795 1309 3835 coram
1354 3778 1466 3848 ipso
1513 3772 1824 3830 ministrari.
1871 3770 1938 3825 Et
1981 3769 2137 3825 sicin

564 3876 693 3929 Sion
718 3871 1095 3943 ﬁrmata‘sum,
1126 3878 1172 3923 et
1198 3869 1250 3921 in
1281 3867 1486 3923 civitate
1517 3862 1846 3931 sanctiﬁcata
1896 3858 2139 3914 similiter

563 3964 813 4035 requievi,
836 3972 883 4016 et
923 3962 975 4016 in
1005 3959 1298 4015 Jerusalem
1341 3967 1569 4026 potestas
1635 3969 1773 4008 mea.
1806 3951 1872 4005 Et
1900 3948 2137 4005 radicavi

560 4057 615 4111 in
650 4054 839 4124 populo
875 4049 1242 4118 honoriﬁcam,
1280 4058 1327 4102 et
1368 4047 1423 4100 in
1444 4049 1591 4116 parte
1610 4042 1708 4097 Dei
1735 4044 1836 4096 mei
1859 4039 2139 4095 Iurreditas

561 4147 726 4214 illius,
744 4140 798 4201 et
836 4147 890 4198 in
909 4140 1228 4214 plenitudine
1264 4149 1565 4193 sanctorum
1612 4133 1836 4188 detentio
1878 4146 2019 4193 mea.
2062 4129 2139 4182 Ab

564 4237 714 4291 initio
751 4232 959 4300 mundi,
981 4242 1028 4286 et
1063 4242 1184 4284 ante
1214 4226 1407 4282 swcula
1462 4223 1899 4296 prtedestinando
1943 4226 2141 4275 secun-

564 4328 690 4379 dum
725 4324 1119 4379 humanitatem
1172 4328 1355 4374 creata
1388 4324 1470 4372 est
1496 4316 1611 4370 haec
1663 4311 1930 4383 sapientia
1960 4318 2126 4379 ;quo‘~

2228 1868 2322 1923 pro
2368 1852 2516 1906 nobis
2562 1850 2750 1922 (Hebr.
2778 1865 2860 1916 ιχ,
2901 1848 3028 1915 ειυς
3074 1858 3131 1904 et
3178 1863 3390 1902 rursum
3423 1860 3444 1902 :
3477 1844 3654 1900 Talem
3708 1845 3820 1897 ha-

2237 1941 2413 1995 bemus
2442 1939 2758 2011 pontiﬁcem,
2786 1939 2874 2009 qui
2898 1937 3132 1992 consedit
3174 1939 3233 1991 in
3281 1937 3495 1990 dextera
3533 1926 3673 1990 ιεάέ
3697 1950 3817 1986 ntu—

2204 2028 2519 2100 gnitudinis
2548 2029 2603 2081 in
2632 2027 2794 2094 ctelis,
2845 2036 3146 2082 sanctorum
3198 2028 3455 2092 minister,
3489 2035 3537 2079 et
3569 2021 3819 2078 taberna-

2230 2121 2336 2174 culi
2358 2119 2461 2175 veri
2480 2119 2620 2190 quod
2636 2118 2753 2188 fixit
2773 2117 2940 2184 Deus,
2960 2129 3006 2173 et
3029 2134 3134 2172 non
3147 2118 3300 2172 homo
3318 2115 3503 2188 (Hebr.
3521 2131 3643 2181 vnt,
3664 2117 3716 2184 ι,
3730 2115 3815 2184 2).

2229 2214 2366 2270 Nam
2392 2214 2536 2284 quod
2570 2213 2659 2268 hic
2686 2212 2904 2277 dicitur,
2937 2212 2991 2265 in
3034 2210 3356 2264 habitatione
3400 2218 3583 2262 sancta
3635 2221 3821 2261 rorans

2180 2316 2187 2329 '
2246 2305 2377 2370 ipso,
2413 2306 2515 2359 hoc
2549 2311 2635 2357 est
2679 2304 2822 2372 quod
2863 2301 3150 2371 Apostolus
3175 2300 3276 2365 ait,
3306 2302 3361 2353 in
3393 2298 3561 2366 ipsum
3605 2302 3818 2362 car'um,

2232 2405 2287 2450 ut
2313 2404 2560 2465 appareat
2601 2410 2744 2448 nune
2788 2391 2952 2448 vultui
3003 2391 3100 2446 Dei
3140 2404 3237 2463 pro
3263 2391 3413 2445 nobis
3447 2398 3536 2448 ἐι
3561 2389 3705 2459 quod
3726 2388 3820 2442 hic

2232 2485 2498 2549 subditur,
2532 2483 2856 2549 ministrari,
2895 2482 3188 2553 Apostolus
3218 2482 3349 2536 dicit
3393 2493 3694 2535 sanctorum
3715 2479 3822 2532 mi-

2230 2576 2399 2629 nister
2449 2583 2499 2628 et
2556 2573 2881 2629 tabernaculi
2920 2574 3049 2628 veri.
3103 2574 3172 2628 Et
3220 2586 3295 2628 ne
3337 2572 3460 2627 talis
3487 2570 3822 2627 ministratio

2232 2674 2517 2736 putaretur
2559 2665 2769 2736 aliquid.
2808 2664 3130 2736 abjectionis
3192 2664 3414 2729 habere,
3463 2663 3617 2719 sedet
3646 2662 3702 2716 in
3726 2675 3823 2716 ea-

2233 2758 2355 2813 dem
2394 2758 2523 2812 sede
2578 2771 2701 2811 cum
2742 2771 2830 2822 eo,
2890 2772 3074 2811 coram
3112 2764 3301 2825 quoet
3326 2756 3411 2811 eui
3443 2754 3737 2817 ministrat,
3762 2760 3822 2806 es

2235 2847 2384 2902 sedet
2405 2849 2463 2900 in
2488 2847 2701 2900 dextera
2742 2854 2896 2917 parte
2921 2847 2989 2900 ad
3032 2846 3252 2901 honoris
3279 2845 3574 2900 cnmulum.
3621 2842 3723 2909 Qui
3762 2848 3822 2897 et

2232 2934 2414 2989 subdit
2456 2950 2470 2988 :
2525 2931 2594 2988 Et
2616 2935 2691 2987 sic
2738 2938 2791 2987 in
2815 2932 2943 2989 Sion
2970 2934 3184 3004 ﬁrsnata
3230 2949 3371 2989 sunt.
3432 2933 3566 2989 Sion
3617 2933 3822 2986 dicitur

2234 3024 2453 3095 specula
2495 3034 2552 3080 et
2621 3025 2925 3095 speculatio,
2955 3035 3010 3081 et
3032 3026 3303 3097 signiﬁcat
3352 3025 3499 3080 illam
3535 3028 3821 3079 beatorum

2159 3100 2205 3163 (ἶ
2239 3116 2495 3186 patriam,
2549 3113 2703 3184 cujus
2737 3116 3077 3171 habitatores
3126 3131 3234 3171 non
3285 3124 3501 3171 cessant
3531 3113 3823 3169 manifeste

2236 3207 2504 3279 speculari
2538 3209 2765 3277 gloriam
2787 3209 2882 3263 Dei
2917 3224 2933 3275 ;
2973 3209 3066 3263 ubi
3091 3208 3388 3264 secundum
3421 3208 3823 3263 humanitatem

2237 3304 2318 3358 sic
2356 3304 2603 3358 tit-matus
2641 3312 2725 3357 est
2768 3302 3032 3379 Chrisms,
3069 3312 3126 3355 ut
3164 3315 3325 3370 supra
3364 3301 3570 3355 dictum
3626 3310 3734 3365 est,
3766 3297 3824 3353 id

2238 3402 2323 3448 est
2379 3393 2572 3447 sedens
2606 3392 2786 3447 Patris
2836 3393 2902 3447 ad
2956 3393 3255 3459 dexteram,
3279 3401 3335 3446 et
3362 3406 3531 3463 agens
3575 3391 3825 3459 ministe-

2234 3484 2377 3539 rium
2410 3485 2707 3553 pontilicis,
2739 3484 2886 3555 quod
2907 3493 2990 3539 est
3015 3486 3301 3540 ostendere
3330 3484 3480 3538 Patri
3516 3499 3616 3555 pro
3660 3483 3823 3537 nobis

2237 3577 2530 3631 cicatrices
2554 3576 2839 3631 vulnerum
2886 3590 2997 3630 stne
3032 3576 3322 3646 passionis.
3369 3575 3447 3629 De
3493 3588 3599 3644 qua
3623 3573 3741 3641 ejus
3764 3574 3822 3626 in

2238 3670 2488 3739 supernis
2532 3668 2652 3724 sine
2703 3669 2812 3723 line
2862 3670 3099 3723 manenti
3146 3669 3453 3722 tinuatione
3482 3667 3689 3721 dictum
3732 3675 3821 3720 est

2234 3759 2384 3814 Patri
2416 3774 2432 3812 :
2467 3757 2514 3810 F
2516 3759 2589 3811 int
2614 3774 2798 3813 manus
2839 3768 2931 3813 tua
2953 3774 3110 3826 super
3128 3760 3298 3813 virum
3339 3760 3568 3811 dextera:
3592 3766 3721 3820 tute,
3769 3766 3820 3809 et

2238 3864 2394 3918 super
2421 3847 2593 3917 ﬁlium
2637 3848 2885 3915 hominis,
2926 3862 3078 3919 quem
3125 3847 3451 3916 conﬁrmasti
3503 3845 3598 3900 tibi
3641 3844 3818 3916 (Ps'al.

2245 3952 2432 4004 Lxxtx,
2464 3939 2573 4009 18).
2608 3938 2676 3994 Et
2696 3940 2813 4008 ejus
2861 3953 2991 3995 voce
3029 3957 3044 3992 :
3086 3936 3425 4008 Con/ﬁrmasti
3465 3953 3548 3992 me
3590 3939 3647 3991 in
3692 3955 3822 3993 con-

2239 4043 2412 4101 specta
2435 4041 2524 4084 tuo
2550 4032 2604 4084 in
2626 4041 2875 4086 retentum
2902 4031 3071 4103 (Psal.
3107 4047 3197 4098 XL,
3231 4032 3345 4103 l3).

2231 4138 2235 4143 '
2314 4126 2574 4197 Sequitur
2609 4144 2621 4179 :
2655 4123 2722 4178 Et
2752 4126 2806 4179 in
2830 4126 3055 4179 civitate
3094 4122 3430 4191 sanctiﬁcata
3472 4122 3721 4177 similiter
3742 4137 3823 4176 re.

2239 4219 2428 4288 quievi.
2477 4217 2614 4284 Quia
2669 4216 2722 4270 in
2761 4215 3032 4279 Ecclesia,
3070 4229 3190 4285 qua:
3224 4222 3310 4268 est
3366 4212 3558 4267 civitas
3609 4212 3731 4280 Dei,
3768 4220 3821 4269 et

2242 4309 2522 4364 conversis
2562 4307 2942 4382 peccatoribus
2992 4303 3358 4371 sanctificata,
3413 4302 3651 4359 similem
3688 4307 3821 4359 utin

534 4404 537 4407 “
564 4414 711 4471 niam
750 4416 890 4470 Deus
916 4415 983 4469 ab
1003 4413 1226 4467 exordio
1250 4424 1452 4473 rerum,
1481 4412 1534 4462 et
1554 4392 1680 4460 ante
1707 4416 1943 4474 tempora
1975 4415 2143 4457 saecu-
2175 4430 2219 4484 Β
2245 4400 2450 4471 angelis
2495 4401 2733 4468 requiem
2781 4399 3032 4453 Christus
3086 4396 3313 4451 invenit.
3386 4393 3537 4450 Unde
3574 4404 3630 4452 et
3663 4400 3823 4453 orare

564 4503 698 4557 laria
753 4502 1189 4573 prtedestinatum
1238 4497 1427 4552 habuit
1452 4497 1505 4548 in
1547 4501 1755 4549 secreto
1792 4491 1998 4546 consilii
2036 4490 2143 4554 sui,

566 4602 624 4648 ut
661 4570 899 4649 Verbum
933 4590 1050 4659 ejus
1075 4604 1203 4645 caro
1227 4588 1401 4650 ﬁeret,
1430 4586 1482 4639 id
1505 4589 1668 4639 estut
1694 4581 1934 4636 omnium
1948 4570 2146 4634 Domi-

563 4698 667 4738 nus
699 4681 927 4737 formam
975 4680 1114 4734 servi
1146 4693 1243 4749 pro
1273 4677 1443 4731 servis
1472 4673 1803 4752 redimendis
1830 4671 2141 4726 miscricor-

565 4776 709 4832 diter
762 4780 1062 4828 assumeret
1092 4784 1110 4838 ;
1139 4779 1193 4824 et
1218 4769 1360 4839 quod
1402 4769 1470 4834 is,
1517 4766 1608 4836 qui
1635 4765 1772 4842 fecit
1818 4778 1939 4834 quae
1968 4764 2147 4816 futura

563 4879 709 4935 sunt,
756 4866 1056 4923 certissime
1106 4863 1407 4922 iaciendum
1467 4859 1755 4929 disposuit,
1804 4856 1913 4926 jam
1955 4857 2006 4910 in
2033 4855 2148 4926 ejus

562 4967 855 5031 conspectu
887 4957 1088 5012 factum
1118 4954 1237 5008 fuit.
1278 4952 1368 5007 Sic
1398 4952 1562 5023 igitur
1590 4960 1713 5004 ante
1751 4950 1946 5004 stccula
1993 4961 2144 5001 crea-

566 5054 794 5110 viteum
846 5049 1136 5106 secundum
1176 5042 1758 5107 humanitatem,sicut
1799 5040 1950 5110 elegit
1976 5054 2068 5092 nos
2093 5034 2148 5092 in
2181 5056 2188 5063 ·

566 5149 678 5215 ipso
702 5155 823 5198 ante
843 5142 1027 5195 mundi
1048 5138 1460 5217 constitutionem
1480 5132 1698 5206 (Ephes.
1726 5147 1765 5196 ι,
1791 5131 1949 5202 4).Αὸ
1978 5130 2146 5192 initio,

571 5234 622 5288 id
652 5241 736 5288 est
774 5248 843 5286 ex
880 5246 987 5300 quia
1018 5238 1231 5285 creatus
1269 5234 1349 5282 est
1374 5227 1580 5295 primus
1614 5225 1797 5285 homo,
1830 5229 1877 5275 et
1908 5234 2027 5274 ante
2051 5228 2151 5273 sa:-

564 5324 710 5388 cula,
741 5324 793 5377 id
825 5333 907 5377 est
938 5337 1004 5375 ex
1032 5336 1137 5389 quo
1165 5318 1339 5373 lactus
1370 5325 1453 5372 est
1475 5302 1706 5392 primus,
1728 5322 1902 5366 creata
1947 5321 2049 5376 est,
2091 5319 2151 5375 ut

567 5411 824 5478 diximus,
886 5412 1001 5464 haec
1051 5409 1361 5477 sapientia:
1411 5406 1503 5476 qui
1560 5413 1616 5460 et
1652 5402 1871 5474 quando
1917 5399 2145 5471 plasma-

568 5514 654 5556 tus
678 5511 756 5557 est
788 5502 970 5564 homo,
1005 5510 1063 5554 et
1090 5500 1306 5569 quando
1359 5506 1576 5553 creatus
1626 5505 1713 5550 est
1738 5493 1978 5564 angelus,
2008 5506 2147 5560 pras-

565 5594 740 5645 visum
772 5601 933 5646 estut
963 5591 1279 5661 Unigenitus
1315 5590 1408 5644 Dei
1449 5588 1747 5643 clementer
1773 5586 1934 5640 homo
1972 5585 2146 5650 lleret,

566 5684 657 5754 'qui
694 5697 866 5756 genus
909 5684 1230 5747 humanum,
1261 5682 1400 5751 quod
1433 5681 1670 5753 graviter
1712 5666 1974 5749 deiectum
2007 5688 2144 5745 erat,

2248 4506 2347 4545 nus
2369 4489 2576 4545 doeuit:
2598 4487 2720 4541 Fiat
2746 4489 2982 4543 volumus
3018 4498 3108 4542 tua
3128 4490 3261 4543 sicut
3289 4488 3342 4542 in
3373 4490 3498 4545 (telo
3524 4497 3573 4542 et
3599 4489 3656 4542 in
3685 4501 3822 4541 terr:

2230 4573 2461 4655 '(Mattlt.
2489 4598 2564 4647 vt,
2593 4582 2780 4652 lO),id
2810 4589 2892 4635 est
2936 4582 3075 4635 sicut
3110 4582 3166 4635 in
3205 4583 3432 4654 angelis,
3461 4583 3533 4637 ita
3562 4593 3619 4637 et
3646 4581 3701 4636 in
3724 4582 3818 4635 ho-

2246 4676 2501 4730 minibus.
2530 4673 2597 4726 Et
2626 4675 2680 4726 in
2709 4671 3027 4738 Jerusalem,
3080 4673 3278 4744 inquit,
3325 4684 3552 4743 potestas
3585 4690 3724 4727 mea.
3757 4670 3819 4724 In

2252 4778 2488 4835 superna
2536 4763 2999 4833 Jerusalem,qn:e
3046 4777 3154 4818 non
3203 4764 3407 4820 {rustra
3454 4765 3661 4820 dicitur
3698 4764 3821 4818 cisio

2243 4857 2424 4927 pacis,
2490 4857 2617 4925 quia
2675 4869 2890 4924 semper
2944 4856 3018 4910 ibi
3091 4871 3220 4912 vera
3258 4872 3383 4928 pax
3441 4858 3710 4923 cernitur,
3744 4852 3821 4911 est

2248 4954 2475 5017 potestas
2515 4947 3117 5016 lledemptoris‘nostri,
3169 4951 3292 5018 quia
3330 4962 3520 5020 potens
3564 4960 3725 5005 estet
3750 4942 3819 5002 ibi

2246 5034 2429 5090 facere
2471 5036 2733 5105 quidquid
2780 5036 3028 5091 voluerit.
3079 5037 3217 5092 Hinc
3246 5039 3392 5093 enim
3437 5039 3511 5093 ait
3545 5056 3559 5092 :
3589 5037 3819 5093 Dataest

2232 5124 2374 5179 mihi
2431 5128 2599 5179 omnis
2659 5136 2887 5196 potestas
2932 5129 2985 5182 in
3037 5127 3161 5182 caelo
3214 5137 3261 5183 et
3314 5129 3367 5183 in
3408 5138 3551 5184 terra
3588 5129 3814 5201 '(latth.

2246 5231 2438 5281 xxv'tn,
2460 5217 2567 5287 18).
2686 5228 2687 5231 ‘
2834 5226 2839 5229 ‘

2228 5302 2234 5308 ’
2320 5311 2616 5380 Sequitur:
2684 5310 2750 5365 Et
2811 5314 3045 5367 radieavi
3087 5314 3143 5367 in
3192 5313 3385 5383 populo
3452 5312 3812 5381 honoriﬁcam.

2234 5403 2427 5458 Radix
2472 5404 2752 5473 sapientia:
2784 5413 2869 5459 est
2902 5405 2985 5458 tiu
3001 5418 3093 5458 ere
3122 5403 3311 5458 Deum.
3343 5402 3579 5473 P0pulus
3610 5396 3814 5456 benori-

2232 5488 2444 5550 ‘llcatus
2486 5505 2570 5550 est
2605 5495 2895 5549 multitudo
2951 5494 3213 5561 ﬁdelium,
3251 5495 3450 5564 quibus
3475 5495 3553 5547 ait
3587 5491 3813 5546 Petrus:

2257 5584 2412 5639 Vobis
2439 5585 2601 5653 igitur
2616 5585 2784 5638 honor
2804 5585 3153 5638 credentibus
3190 5583 3240 5654 tl
3268 5580 3415 5636 Patr.
3443 5595 3503 5648 tt,
3540 5581 3616 5652 7).
3658 5576 3814 5633 Radi-

2231 5679 2544 5746 ‘cavit'crgo
2586 5675 2886 5746 Sapientia,
2939 5692 3060 5746 qua:
3088 5676 3334 5731 Christus
3373 5684 3477 5742 est,
3511 5676 3565 5727 in
3605 5674 3700 5727 hoc
3723 5678 3815 5736 pti-
