4076 6288
253 341 355 399 539

1332 322 1639 382 llOMlLlAS
1684 319 1766 374 ET
1812 310 2412 372 EXllUilTATlONES.

3397 308 3511 366 επ

252 453 420 523 pulo;
461 451 587 521 quia
640 449 736 504 Dei
785 449 1033 505 timorem
1096 447 1445 503 credentibus
1510 444 1678 507 dedit,
1732 455 1828 509 per
1858 444 1902 502 Α
1933 453 2202 507 cypressus
2227 438 2278 488 in
2323 442 2496 487 monte
2547 429 2675 486 Sion
2724 438 2806 484 est
2858 426 3323 523 cxaltatusaqida
3363 427 3512 523 Deus

253 558 411 613 quem
483 555 708 611 peccare
766 540 1049 602 desistant,
1098 538 1356 608 quoniam
1408 536 1567 589 timor
1613 530 1828 586 Domini

252 632 461 700 expellit
504 639 773 699 peccatum
816 628 1230 697 (Eecli.t,27):
1293 641 1417 679 nam
1474 625 1562 693 qui
1617 623 1731 677 sine
1763 620 1834 674 ti-

256 738 405 777 more
457 731 562 784 est,
596 735 702 774 non
750 720 949 790 poterit
1007 718 1319 787 justilicari.
1367 717 1543 770 Item:
1598 712 1830 782 Populus

254 813 645 867 honoriﬁcatus
716 818 800 864 est
846 820 1022 864 cattus
1073 808 1469 877 religiosorum.
1516 804 1583 858 Et
1617 805 1668 858 in
1729 803 1831 856 hoc

254 902 502 957 Christus
532 903 603 955 ita
655 901 938 965 radicavit,
1004 907 1063 953 ut
1110 897 1266 952 evelli
1327 896 1454 950 inde
1524 894 1832 949 nullatenus

251 996 447 1067 possit.
476 995 626 1049 Fecit
656 995 799 1047 enim
825 992 967 1063 quod
1001 991 1249 1061 superius
1282 1004 1311 1043 λ
1343 988 1505 1042 Patre
1554 988 1758 1041 dictum
1783 983 1831 1039 ei

251 1082 451 1147 fuerat,
478 1084 549 1137 In
568 1085 741 1138 electis
771 1085 896 1137 meis
928 1084 1072 1137 mitte
1127 1081 1347 1134 radices.
1376 1078 1478 1146 Qui
1515 1086 1569 1132 et
1607 1077 1832 1146 subjuu.

250 1177 320 1245 git
358 1194 372 1229 :
412 1174 474 1226 Et
503 1176 555 1227 in
585 1186 731 1244 parte
748 1175 844 1228 Dei
884 1175 981 1227 mei
1006 1174 1284 1226 Ita’reditas
1330 1172 1494 1226 illius.
1528 1169 1714 1223 Partes
1741 1169 1834 1223 Dei

250 1278 370 1320 sunt
434 1268 729 1321 electorum
802 1266 1080 1331 Ecclesiae,
1138 1266 1449 1334 diversique
1521 1272 1833 1319 sanctorum

249 1356 491 1419 ordines,
523 1366 576 1410 et
608 1357 744 1410 bene
777 1356 1070 1409 viventiqu
1095 1355 1260 1408 variae
1316 1354 1585 1408 actiones.
1644 1352 1745 1418 Qui
1780 1359 1837 1406 et

251 1445 506 1501 Christus
559 1446 697 1499 Deus
723 1454 827 1510 est,
868 1445 992 1514 quia
1026 1453 1082 1498 et
1127 1444 1377 1498 Christus
1404 1445 1583 1498 homo.
1622 1443 1678 1497 lu
1715 1457 1835 1497 om-

250 1550 343 1589 nes
366 1550 497 1605 ergo
520 1536 614 1589 Dei
652 1546 830 1605 partes
886 1536 1124 1590 tenditur
1168 1536 1453 1590 lnereditas
1503 1534 1837 1604 illius;quia

250 1635 518 1678 ctomues
550 1624 803 1678 Ecclesim
835 1624 1128 1693 justorum,
1166 1634 1220 1678 et
1254 1625 1560 1694 quicunque
1581 1625 1629 1677 ei
1648 1623 1837 1677 lauda-

248 1716 433 1770 biliter
456 1716 506 1769 iu
531 1716 693 1770 variis
717 1716 1142 1785 professionibus
1160 1725 1218 1770 et
1249 1716 1549 1770 actionibus
1571 1716 1831 1779 serviunt,

1931 530 2107 598 ipsum
2146 528 2313 595 dedit,
2348 534 2406 580 ut
2426 524 2684 592 scriptum
2715 530 2818 587 est,
2855 535 3019 590 supra
3039 520 3222 575 omnia
3253 519 3511 575 Ecclesia:

1929 620 2204 673 viriditate
2238 632 2452 689 semper
2486 613 2916 671 immarcessibili
2944 620 3281 678 veruautem,
3305 620 3357 667 et
3388 626 3510 680 per-

1931 712 2106 782 petuis
2146 712 2413 765 fructibus
2442 708 2834 772 abundantem,
2860 722 2922 761 ac
2945 705 3301 761 redolentiam
3352 706 3510 761 bona

1932 804 2087 858 famae
2118 812 2479 874 spargentem.

2003 896 2305 965 Sequitur:
2344 894 2510 961 Quasi
2550 893 2726 964 palma
2771 892 3003 946 exaltata
3054 907 3170 946 sum
3213 892 3267 945 in
3311 889 3503 945 Cades.

1934 986 2099 1040 Cades
2130 987 2515 1055 interpretatur
2553 983 2849 1037 sanctitudo
2881 998 2899 1036 :
2930 980 3104 1051 palma
3133 996 3260 1035 vero
3284 980 3512 1035 inferius

1937 1086 2082 1130 tactu
2113 1090 2303 1145 aspera
2326 1083 2430 1140 est,
2462 1083 2516 1128 et
2542 1072 2688 1128 velut
2717 1072 2883 1126 aridis
2908 1069 3201 1125 corticibus
3222 1069 3507 1132 obvoluta;

1936 1167 2184 1237 superius
2232 1175 2413 1220 autem
2463 1174 2516 1217 et
2544 1164 2658 1217 visu
2694 1171 2747 1217 et
2777 1162 3042 1215 fructibus
3072 1160 3315 1230 pulchra.
3368 1159 3517 1213 Infe-

1938 1260 2050 1313 rius
2084 1257 2348 1311 corticum
2406 1271 2628 1310 suarum
2678 1253 3102 1307 involutionibus
3152 1260 3507 1322 angustatur;

1937 1351 2030 1404 sed
2056 1349 2305 1417 superius
2333 1347 2680 1417 amplitudine
2713 1346 2952 1415 pulchra:
2987 1344 3280 1399 viriditatis
3318 1343 3512 1397 dilata—

1938 1450 2042 1495 ttrr.
2082 1438 2171 1493 Sic
2212 1439 2467 1492 nimirum
2517 1436 2715 1489 Christi
2750 1444 2804 1489 et
2856 1438 3221 1490 membrorum
3257 1436 3374 1506 ejus
3402 1437 3513 1488 vita

1939 1527 2163 1582 inferius
2188 1528 2460 1596 despecta,
2495 1538 2547 1579 et
2578 1525 2824 1594 superius
2848 1525 3113 1597 pulchra;
3138 1526 3189 1579 in
3215 1526 3336 1581 imis
3357 1527 3512 1595 quasi

1939 1619 2122 1673 multis
2151 1618 2444 1672 corticibus
2487 1617 2812 1679 obvolvitur,
2847 1618 2972 1670 dum
3021 1617 3317 1670 innumeris
3344 1616 3515 1669 tribu-

1937 1709 2230 1763 lationibus
2281 1716 2624 1778 angustatur;
2672 1708 2724 1761 iu
2779 1707 3004 1760 summis
3052 1722 3179 1761 vero
3208 1708 3357 1776 quasi
3395 1707 3515 1777 pul-

250 1806 532 1860 iutnterua
576 1806 692 1871 ejus
718 1780 1032 1859 haereditate
1062 1814 1240 1859 erunt.
1296 1805 1360 1858 Et
1410 1807 1464 1857 in
1489 1805 1830 1875 plenitudine,
1866 1780 1910 1840 Β
1940 1801 2085 1855 chra:
2114 1800 2406 1853 viriditatis
2459 1798 2601 1853 foliis
2646 1798 2996 1867 amplitudine
3042 1799 3390 1854 beatitudinis
3419 1814 3519 1853 ex-

249 1894 450 1963 iuqnit,
498 1903 796 1947 sanctorum
841 1896 966 1958 erit,
993 1895 1080 1948 ubi
1130 1894 1305 1949 nullus
1335 1909 1528 1949 eorum
1566 1894 1834 1960 defuerit;

248 1986 342 2040 sed
373 1984 643 2053 completo
667 1986 907 2053 ipsorum
944 2001 1169 2039 numero
1210 1987 1386 2040 omnis
1428 2000 1615 2040 eorum
1663 1997 1839 2041 cretus

249 2077 525 2131 adunatus
545 2076 667 2130 erit.
696 2075 883 2146 Ibique
901 2077 1006 2130 erit
1034 2077 1325 2131 incuruata:
1357 2077 1636 2146 sapientiae
1662 2078 1840 2130 deten-

248 2168 341 2231 tio,
373 2168 504 2236 quia
528 2167 646 2221 sine
668 2168 772 2220 line
794 2166 1126 2221 detinebitur
1160 2167 1211 2221 iu
1235 2168 1334 2233 cis,
1360 2167 1624 2221 delectata
1652 2182 1839 2222 eorum

251 2259 510 2313 meritis:
538 2272 637 2311 nec
678 2258 745 2311 ad
773 2260 1052 2328 reprobos,
1103 2260 1194 2327 qui
1240 2259 1480 2312 damnati
1526 2267 1705 2324 erunt,
1728 2258 1839 2327 jam

248 2350 467 2415 exibit;
494 2350 617 2420 quia
654 2349 879 2405 ulterius
916 2360 973 2405 ut
993 2360 1398 2417 convertantur,
1452 2365 1546 2405 eos
1590 2366 1696 2405 non
1723 2365 1840 2404 mo-

250 2443 426 2496 nebit.

316 2532 625 2602 Sequitur:
669 2531 834 2598 Quasi
896 2532 1081 2587 cedrus
1124 2532 1357 2587 exaltata
1404 2549 1521 2587 sunt
1558 2531 1611 2586 in
1639 2530 1841 2585 Libano

246 2630 291 2672 et
325 2622 488 2689 quasi
511 2636 780 2689 cypressus
802 2622 855 2673 in
901 2632 1072 2674 monte
1115 2622 1268 2676 Sion.
1314 2621 1465 2676 Sicut
1508 2622 1703 2676 cedrus
1744 2635 1841 2676 sua

244 2708 578 2763 celsitudine
617 2725 877 2778 superans
932 2713 1171 2765 omnium
1206 2712 1434 2766 aliarum
1483 2712 1737 2767 arborum
1760 2713 1837 2766 al-

248 2801 517 2854 titudines
534 2804 745 2855 excelsa
775 2802 933 2856 estin
959 2811 1141 2857 monte
1182 2803 1407 2868 Libano,
1455 2804 1547 2873 qui
1579 2814 1662 2857 est
1683 2803 1845 2857 altior

246 2890 510 2943 omnibus
536 2891 656 2943 aliis
705 2892 977 2946 montibus
1000 2902 1156 2946 terra:
1185 2894 1579 2962 promissionis,
1601 2903 1654 2947 et
1678 2893 1847 2948 inter-

248 2992 508 3049 pretatur
522 2983 824 3037 emrdidatio
836 3001 863 3037 ς
875 2985 953 3039 sic
969 2984 1230 3038 Mediator
1247 2985 1339 3038 Dei
1349 2996 1393 3038 et
1408 2986 1672 3039 hominum
1686 2986 1842 3040 homo

250 3070 498 3124 Christus
524 3068 559 3121 Ι
569 3086 686 3126 esus
718 3072 768 3141 (1
800 3071 1013 3137 Tim.n,
1050 3073 1101 3141 5)
1124 3088 1285 3143 super
1302 3089 1516 3128 omnem
1544 3075 1838 3144 primorum

249 3163 638 3219 celsitudinem
670 3164 983 3233 angelorum
1020 3166 1339 3221 sublimatus
1381 3176 1483 3231 est,
1509 3168 1598 3235 qui
1624 3177 1843 3237 propter

250 3252 546 3308 clariorem
572 3255 790 3309 luminis
811 3272 917 3324 quo
944 3255 1147 3324 fulgent
1174 3259 1483 3321 candorem,
1514 3258 1767 3319 Libauus.
1793 3259 1844 3313 id

248 3352 331 3395 est
380 3345 718 3410 caudidatio,
764 3358 911 3399 recte
950 3356 1235 3409 vocantur,
1288 3356 1339 3400 et
1373 3347 1583 3401 caneris
1627 3348 1846 3402 altiores

251 3443 403 3486 sunt.
434 3434 589 3488 llauc
630 3436 772 3489 illius
793 3436 1182 3492 exultationem
1234 3438 1476 3492 declarat
1533 3438 1844 3507 Apostolus,

250 3539 517 3579 asserens
565 3528 689 3594 quia
752 3526 911 3582 Pater
955 3543 1079 3583 eum
1130 3530 1414 3583 constituit
1459 3530 1528 3583 ad
1579 3532 1849 3584 dexteram

250 3633 408 3670 suam
469 3620 525 3672 in
574 3620 887 3685 coelestibus,
932 3639 1093 3691 supra
1140 3638 1343 3675 onmem
1388 3622 1741 3691 prinripatum
1796 3634 1849 3675 et

250 3719 593 3776 potestatem,
634 3721 683 3763 et
726 3713 986 3778 virtutem,
1032 3722 1079 3764 et
1128 3712 1557 3775 dominationem,
1607 3722 1653 3765 et
1700 3728 1849 3766 omne

252 3814 449 3851 nomen
474 3803 616 3867 quod
669 3803 970 3855 nominatur
1030 3820 1133 3856 non
1161 3805 1329 3856 soluat
1385 3804 1437 3855 in
1484 3804 1581 3857 hoc
1629 3804 1845 3871 sa'culo,

251 3890 349 3941 sed
375 3892 542 3942 etiam
568 3894 623 3944 in
671 3893 851 3961 futuro
883 3911 901 3957 ;
930 3905 976 3946 et
1003 3895 1177 3947 omnia
1227 3894 1443 3961 subjecit
1493 3894 1589 3947 sub
1633 3896 1850 3963 pedibus

249 3984 373 4049 ejus
395 3980 625 4051 (Ephes.
658 4000 696 4047 ι,
730 3984 950 4053 20-22).
971 3986 1044 4038 Ita
1070 3986 1213 4039 velut
1238 3991 1430 4040 cedrus
1455 3996 1537 4041 est
1560 3986 1846 4039 exaltatus.

255 4074 366 4126 Cui
405 4074 483 4127 rei
512 4076 835 4143 congruitet
863 4076 1003 4145 quod
1054 4077 1249 4130 cedrus
1290 4084 1373 4129 est
1395 4076 1764 4145 imputribilis,
1787 4090 1850 4129 ac

252 4166 593 4219 mirabiliter
634 4167 873 4233 redolet;
927 4169 1052 4237 quia
1098 4169 1348 4225 Christus
1390 4184 1554 4223 carne
1607 4170 1718 4238 jam
1768 4179 1852 4224 est

251 4254 617 4321 immortalis,
665 4263 720 4309 et
778 4257 1097 4310 suavitatem
1133 4272 1197 4310 ex
1241 4273 1299 4311 se
1328 4258 1451 4311 miri
1482 4260 1686 4328 spargit
1721 4260 1852 4313 odo-

251 4348 357 4411 ris,
415 4362 529 4414 quo
576 4347 915 4407 delectantur
935 4358 989 4402 et
1013 4350 1113 4418 ipsi
1163 4350 1335 4419 angeli
1376 4359 1431 4404 et
1460 4349 1703 4418 spiritus.
1757 4352 1851 4407 Vel

1939 1892 2209 1962 panditur.
2246 1890 2427 1945 Palma
2454 1890 2595 1943 enim
2629 1890 2851 1943 minoris
2904 1889 3272 1957 amplitudinis
3320 1901 3510 1946 contra

1944 1990 2192 2036 naturam
2224 1989 2543 2035 caeterarum
2577 1978 2830 2033 arborum
2878 1978 2946 2031 ab
2995 1978 3117 2030 imis
3168 1978 3408 2043 inchoat,
3459 1988 3517 2032 et

1936 2074 2088 2143 juxta
2114 2088 2294 2127 ramos
2324 2088 2388 2127 ac
2419 2072 2626 2126 h'uctus
2653 2070 2896 2141 ampliori
2937 2069 3129 2125 robore
3155 2074 3427 2142 exsurgit;
3457 2074 3527 2126 et

1941 2178 2062 2232 qua:
2095 2162 2267 2216 tenuis
2297 2163 2363 2217 ab
2400 2163 2521 2217 imis
2566 2162 2796 2231 prolicit,
2825 2163 3027 2216 vasuor
3066 2161 3132 2215 ad
3158 2177 3366 2217 summa
3394 2178 3517 2218 suc-

1943 2253 2177 2307 crescit:
2211 2253 2337 2322 quia
2383 2254 2676 2308 electorum
2717 2253 3090 2319 conversatio,
3142 2254 3232 2323 qui
3273 2255 3517 2309 membra

1943 2343 2141 2398 Christi
2168 2354 2310 2407 sunt,
2346 2345 2465 2415 plus
2492 2344 2724 2399 finiendo
2745 2345 2973 2415 peragit,
3008 2359 3169 2414 quam
3209 2344 3516 2400 inchoando

1942 2434 2218 2502 proponit;
2242 2442 2295 2488 et
2319 2434 2414 2502 ipsi
2440 2434 2754 2503 plerumque
2782 2434 3009 2503 tepidius
3034 2435 3206 2504 prima
3232 2435 3515 2501 inchoant,

1943 2520 2240 2579 ferventius
2269 2535 2511 2578 extrema
2541 2534 2942 2578 consummant.
2990 2525 3238 2581 Christus
3266 2543 3391 2597 ergo
3430 2530 3517 2582 vel

1945 2612 1999 2666 in
2029 2627 2090 2667 se
2111 2623 2166 2667 et
2204 2614 2256 2668 in
2289 2616 2401 2669 suis
2428 2615 2577 2685 quasi
2595 2613 2770 2684 palma
2810 2615 3077 2670 exaltatus
3107 2627 3187 2671 est
3220 2619 3279 2671 in
3322 2617 3513 2678 Cadcs,

1946 2702 1998 2756 id
2030 2713 2113 2758 est
2166 2704 2217 2757 in
2250 2705 2578 2759 sanctitate:
2615 2704 2739 2775 quia
2784 2706 2964 2759 sancti
3022 2721 3235 2776 semper
3289 2709 3354 2760 ad
3408 2708 3515 2760 alta

1944 2796 2277 2864 prolicieudo
2304 2796 2605 2851 dilatantur
2629 2798 2681 2851 iu
2709 2797 3021 2862 virtutibus,
3049 2807 3100 2851 et
3144 2805 3235 2869 qui
3272 2808 3461 2853 tenues
3486 2818 3515 2853 a

1946 2876 2135 2942 radice
2168 2888 2529 2943 inchoatiouis
2556 2898 2772 2953 exeunt,
2821 2889 2991 2943 fortes
3033 2886 3085 2944 iu
3120 2890 3370 2945 culminis
3398 2907 3521 2960 per-

1946 2979 2179 3034 fccioue
2207 2980 2614 3035 convalescunt.
2641 2980 2794 3063 Quod
2842 2981 2895 3035 in
2926 2983 3043 3051 ipso
3100 2983 3276 3053 capite
3310 2984 3517 3056 princi~

1945 3072 2142 3140 paliter
2167 3062 2429 3144 apparuit,
2461 3073 2585 3141 quia
2615 3073 2666 3125 in
2694 3072 2999 3127 novissimis
3029 3075 3199 3129 tribus
3222 3077 3375 3131 annis
3401 3092 3520 3130 ma-

1942 3163 2060 3231 jora
2089 3174 2146 3218 et
2181 3165 2333 3234 plura
2382 3166 2570 3235 gessit,
2611 3179 2771 3234 quam
2816 3165 2869 3219 iu
2897 3165 3043 3220 omni
3075 3175 3346 3222 transacto
3387 3177 3522 3222 tem-

1946 3270 2076 3325 pore
2095 3272 2212 3311 suo.

2020 3349 2318 3418 Sequitur:
2373 3348 2442 3402 Et
2488 3354 2647 3419 quasi
2697 3350 2953 3420 plantatio
3004 3367 3137 3404 rosa:
3184 3351 3236 3405 in
3284 3349 3519 3405 Jericho.

1949 3438 2221 3494 Plantatio
2248 3458 2404 3508 rosw,
2465 3452 2518 3495 et
2550 3443 2659 3510 ipsa
2706 3442 2929 3496 inferius
2960 3452 3045 3497 est
3092 3444 3331 3514 spinosa,
3362 3459 3526 3514 sape--

1948 3532 2063 3586 rius
2089 3544 2267 3587 autem
2314 3532 2526 3598 ﬂorida,
2560 3534 2641 3588 sic
2665 3542 2722 3588 et
2748 3532 2997 3589 Christus
3034 3544 3117 3590 est
3168 3535 3395 3590 inferius
3424 3537 3523 3591 tri-

1949 3624 2282 3679 bulationum
2313 3626 2481 3695 spinis
2510 3626 2901 3690 circumdatus,
2940 3635 3102 3695 atque
3131 3628 3379 3696 superius
3403 3627 3524 3696 glo-

1951 3716 2028 3769 ria
2060 3726 2113 3770 et
2142 3717 2346 3772 honore
2386 3728 2697 3773 coronatus.
2745 3718 2957 3773 Jen’cho
2992 3730 3196 3783 autem,
3228 3736 3347 3789 qute
3398 3720 3526 3773 luna

1951 3806 2169 3871 dicitur,
2214 3816 2269 3860 et
2322 3807 2483 3875 hujus
2531 3809 2716 3862 mundi
2746 3817 2799 3861 et
2828 3817 3027 3862 nostra}
3059 3809 3405 3863 mortalitatis
3432 3809 3529 3861 dc-

1951 3894 2148 3949 fectum
2182 3896 2490 3963 exprimere
2516 3898 2674 3951 solet.
2724 3897 2983 3951 Dominus
3028 3913 3154 3966 ergo
3178 3898 3305 3967 quia
3330 3898 3529 3952 missus

1950 3999 1979 4037 a
2013 3983 2151 4038 caelo
2182 3992 2419 4037 nostram
2458 3985 2511 4038 iu
2558 3986 2661 4039 hoc
2691 3986 2890 4039 mundo
2916 3986 3301 4039 mortalitatem
3332 3985 3525 4049 induit,

1951 4076 2104 4143 quasi
2150 4074 2365 4129 aliunde
2403 4084 2485 4130 est
2526 4086 2856 4145 assumptus,
2898 4085 2949 4131 et
2993 4079 3045 4130 in
3071 4078 3282 4131 Jericho
3318 4078 3529 4147 plauta-

1954 4174 2059 4219 tus.
2087 4165 2155 4219 Et
2184 4166 2235 4218 in
2269 4167 2370 4219 hoc
2415 4182 2549 4220 rosa:
2572 4176 2657 4220 est
2692 4166 3042 4230 assimilatus,
3072 4168 3322 4223 videlicet
3351 4168 3530 4222 Immi-

1954 4253 2041 4319 lis,
2065 4262 2120 4309 et
2156 4254 2536 4324 punctionibus
2560 4256 2871 4325 passionum
2910 4257 3138 4320 obsitus,
3172 4259 3265 4312 sed
3304 4258 3522 4312 tandem

1953 4345 2200 4413 superius
2246 4345 2378 4399 ﬂore
2406 4360 2678 4415 purpureo
2707 4346 2986 4415 dignitatis
3030 4349 3189 4419 regia:
3217 4350 3526 4405 decoratus.

247 4440 398 4491 sicut
446 4438 635 4491 cedrus
682 4447 764 4492 est
816 4440 1087 4496 exaltatus
1109 4442 1163 4495 in
1197 4441 1420 4507 Libano,
1455 4443 1506 4497 id
1540 4453 1623 4497 est
1646 4444 1699 4497 tn
1731 4460 1854 4499 can-
1880 4444 1932 4504 D
2032 4434 2327 4504 Sequitur:
2364 4436 2530 4501 Quasi
2558 4436 2692 4491 oliva
2718 4438 2949 4506 speciosa
2978 4440 3033 4493 in
3064 4442 3283 4510 campis.
3320 4442 3527 4498 Olivam

252 4529 553 4583 didatione
597 4529 1058 4599 sanctificationis,
1096 4534 1194 4588 hoc
1216 4545 1317 4600 εει,
1349 4550 1535 4590 oumes
1561 4546 1777 4591 sanctos
1800 4537 1850 4590 in

250 4621 565 4674 sanctitate
602 4621 681 4673 sic
710 4625 1005 4690 superavit,
1068 4626 1423 4681 sicutcedrus
1470 4627 1693 4683 arbores
1736 4630 1855 4682 uui-

247 4724 462 4763 versas
506 4710 559 4762 in
599 4708 838 4764 Libano:
887 4715 1139 4781 quoniam
1182 4731 1267 4779 ea,
1315 4732 1433 4784 qua:
1490 4719 1659 4787 gessit
1713 4719 1857 4773 inter

250 4799 546 4861 homines,
583 4799 656 4851 ita
679 4809 806 4854 sunt
850 4802 1109 4869 prteclara
1162 4813 1217 4857 et
1258 4806 1535 4872 sublimia,
1573 4816 1629 4860 ut
1673 4808 1863 4862 omnia

240 4889 541 4957 jnstorum
587 4889 666 4942 sic
703 4893 1088 4945 transcendant
1135 4895 1440 4960 cacmniua,
1484 4906 1751 4963 quatenus
1801 4897 1853 4950 hi

247 4981 350 5048 qui
378 4979 617 5032 multum
643 4980 695 5032 iu
726 4980 835 5035 Deo
855 4982 1221 5050 profecerunt,
1248 4999 1471 5052 operum
1496 4984 1612 5051 ejus
1633 4986 1858 5055 vestigia

245 5074 344 5125 vix
384 5082 620 5141 tangere
652 5071 884 5137 valeant,
935 5074 1269 5129 admirantes
1310 5088 1381 5131 ex
1413 5078 1615 5131 vertice
1658 5079 1860 5145 cogita-

246 5166 453 5217 tionis.

322 5256 409 5311 Et
463 5258 616 5323 quasi
680 5273 951 5328 cypressus
1002 5259 1058 5312 in
1104 5272 1275 5315 monte
1325 5259 1472 5315 Sion.
1531 5261 1684 5317 Mons
1729 5262 1861 5317 Sion

1957 4529 2252 4597 speciosam
2277 4530 2331 4582 in
2358 4530 2565 4599 campis
2587 4531 2768 4585 videre
2798 4541 2994 4600 potest,
3022 4541 3073 4586 et
3097 4535 3148 4587 in
3172 4535 3288 4603 ejus
3309 4548 3530 4607 aspectu

1956 4619 2234 4686 delectari,
2266 4621 2510 4691 quisquis
2538 4638 2634 4692 per
2664 4638 2851 4692 gyrum
2888 4634 2941 4678 et
2970 4626 3125 4697 longe
3154 4637 3206 4682 et
3230 4644 3395 4699 prepe
3421 4630 3534 4684 fue-

1958 4711 2027 4765 rit
2054 4729 2067 4765 :
2097 4712 2167 4765 ita
2188 4722 2241 4765 et
2266 4708 2545 4768 Christum
2590 4716 2827 4785 undique
2870 4718 3070 4773 tnumlo
3111 4720 3412 4788 expositqu
3454 4720 3537 4773 vi-

1959 4802 2086 4856 dere
2116 4812 2314 4871 potest,
2353 4812 2408 4857 ct
2435 4804 2487 4857 iu
2533 4803 2650 4871 ejus
2698 4806 2815 4858 visu
2870 4805 3146 4872 delectari,
3191 4807 3435 4876 quisquis
3466 4806 3532 4860 ad

1959 4909 2081 4949 eum
2110 4894 2342 4949 ﬁdeliter
2360 4904 2417 4949 et
2438 4896 2523 4966 pie
2546 4898 2841 4964 aspexerit.
2867 4895 2923 4948 In
2952 4896 3191 4963 qualibet
3211 4896 3359 4951 orbis
3376 4907 3534 4969 parte

1961 4985 2033 5038 sit
2056 4984 2215 5049 oliva,
2241 4986 2394 5054 pacis
2422 4996 2505 5041 est
2537 4988 2721 5040 uuutia
2753 5004 2765 5039 :
2808 4993 2862 5038 et
2907 4984 3072 5038 Isaias
3116 4985 3346 5038 miratur
3380 4986 3547 5055 pedes‘

1961 5074 2159 5129 Christi
2175 5078 2536 5130 annuntianlis
2558 5087 2604 5130 et
2618 5076 2955 5145 pra'dicantis
2978 5090 3155 5143 pacem
3178 5074 3313 5143 (Isa.
3337 5091 3434 5143 ur,
3456 5078 3531 5149 7).

1963 5165 2126 5234 Cujus
2172 5169 2335 5222 etiam
2388 5166 2754 5221 misericordia
2800 5180 2896 5235 per
2936 5166 3163 5229 olivam,
3196 5182 3315 5235 qua:
3365 5170 3538 5239 gignit

1963 5259 2161 5322 oleum,
2201 5260 2471 5329 designari
2512 5267 2720 5328 potest;
2760 5258 2884 5327 quia
2923 5266 2977 5311 et
3006 5258 3193 5313 Greece
3233 5260 3400 5315 ἔλαιον
3435 5261 3534 5314 mi-

242 5344 524 5399 Ecclesia
574 5358 887 5400 sanctorum
939 5357 1023 5403 est
1071 5349 1126 5403 in
1174 5351 1458 5406 altitudine
1502 5354 1759 5407 virtutum
1806 5362 1863 5408 et

224 5436 649 5507 speculatione
683 5442 1178 5510 contemplationis,
1226 5452 1281 5499 et
1338 5446 1581 5500 sollicita:
1628 5447 1864 5501 circumc-

242 5529 610 5606 spectiouis:
653 5531 811 5603 157
848 5550 1136 5606 cypressus
1183 5547 1365 5591 autem
1412 5537 1560 5594 omni
1620 5548 1864 5607 tempore

238 5622 585 5679 virentibus
626 5635 811 5683 vernat
846 5626 1011 5691 ,t‘oliis
1056 5635 1114 5680 ut
1143 5628 1326 5698 pinus,
1354 5638 1410 5684 et
1442 5628 1676 5684 fructum
1719 5645 1866 5685 sem-

241 5735 358 5791 per
409 5715 605 5784 hibet,
674 5732 738 5775 ac
798 5718 931 5775 bene
980 5718 1203 5777 redolet.
1253 5720 1501 5789 Christus
1548 5736 1678 5792 ergo
1721 5720 1861 5777 sicut

1966 5351 2259 5421 sericordia
2292 5360 2550 5413 vocatur;
2593 5357 2647 5402 et
2693 5348 2871 5401 oleum
2923 5350 3155 5413 eunetis,
3204 5351 3400 5419 quibus
3438 5353 3541 5407 im-

1964 5443 2241 5505 miscetur,
2290 5438 2588 5510 liquoribus
2611 5439 2849 5505 excellit,
2894 5440 3036 5494 sicut
3066 5449 3121 5495 et
3148 5440 3439 5498 PsalmiSta
3465 5444 3535 5497 de

1966 5536 2134 5605 ipsius
2172 5534 2381 5589 Domini
2424 5533 2863 5589 miserationibus
2888 5542 3160 5589 testatur:
3200 5520 3395 5590 Suavis
3428 5534 3542 5589 Do.

1967 5629 2137 5681 minus
2180 5626 2469 5692 universis;
2520 5634 2565 5679 et
2592 5624 2949 5678 miserationes
2996 5622 3111 5693 ejus
3161 5639 3315 5692 super
3363 5624 3538 5677 omnia

1967 5738 2119 5793 opera
2144 5720 2257 5789 ejus
2288 5717 2460 5792 (Psal.
2502 5732 2679 5787 cxuv,
2713 5717 2768 5792 9)
2797 5736 2808 5773 :
2849 5726 2903 5774 ct
2947 5718 3065 5775 ideo
3091 5731 3324 5789 congrue
3355 5717 3539 5773 cerni—

1810 5888 1813 5889 ,
1856 5886 1901 5897 η.
