4076 6288
544 371 645 427 591
862 365 923 421 5.
965 359 1266 419 ANSELMl
1306 354 1654 414 CANTUAR.
1689 349 2005 408 ABClllEP.
2046 346 2195 403 OPP.
2247 344 2423 400 PARS
2455 342 2516 399 ll.
2557 372 2628 383 ---
2666 336 3040 395 ΡΔΒΕΝΕΤ.
3078 335 3173 392 ET
3201 334 3448 393 ASCET.
3698 332 3807 390 593

534 498 622 543 tnr
653 486 706 539 in
730 483 925 549 campis
951 478 1113 546 hujus
1134 478 1290 532 oliva:
1319 474 1660 542 spcciositas,
1687 470 1813 541 quia
1840 468 1931 538 qui
1962 481 2114 521 cam-
2146 474 2193 532 Α
2228 464 2405 532 ungit,
2433 460 2673 532 ejusdem
2703 456 2974 512 unctionis
2999 455 3134 509 odor
3167 453 3397 508 validius
3442 452 3495 506 in
3527 458 3643 505 toto
3673 452 3813 507 orbo

534 592 791 652 pestrem,
820 545 869 630 id
896 585 975 630 est
1028 545 1192 625 latam
1215 580 1271 623 et
1292 576 1583 639 agrestem,
1614 576 1670 619 et
1694 569 1853 618 imam
1882 576 2111 615 conver—
2217 554 2449 623 fragrat,
2482 562 2536 606 et
2563 551 2676 620 ipse
2701 549 2916 603 dulcius
2937 548 3161 603 odorem
3191 545 3398 652 notitia:
3427 560 3535 647 sua:
3559 558 3655 652 per
3679 557 3810 597 suos

536 635 807 728 sationem
838 666 1057 726 habent,
1104 662 1155 715 hi
1201 635 1473 729 prteeipue
1506 654 1879 710 misericordia
1922 649 2112 705 Salva-
2218 656 2414 701 unctos
2444 646 2497 698 in
2525 644 2670 697 onmi
2694 642 2813 696 loco
2830 640 3163 703 manifestat,
3193 638 3466 705 utubiqne
3489 636 3535 688 ei
3563 635 3813 688 dicatur:

539 761 671 815 toris
700 757 959 825 indigent,
991 760 1048 805 et
1084 752 1150 802 ad
1192 765 1310 803 cam
1350 748 1623 815 respicere
1653 743 1847 798 solent.
1880 740 2014 795 Oleo
2046 737 2113 791 ad
2215 736 2342 791 Post
2366 748 2416 790 te
2442 751 2709 790 curramus
2733 737 2787 787 in
2818 733 3030 787 odorem
3054 741 3440 801 unguentorum
3464 739 3702 780 tuorum.

542 821 880 921 repellendas
904 844 1142 897 noctium
1178 839 1630 894 tenebraslmnen
1663 836 1847 898 alitur,
1882 831 2116 887 infirmi-
2295 831 2598 898 Sequitur:
2643 827 2812 892 Quasi
2850 825 3065 894 myrrha
3115 824 3297 885 electa,
3334 822 3453 875 dedi
3496 821 3812 920 suavitatem

541 908 676 995 tat-es
713 938 1017 998 solvuntur,
1054 945 1107 988 et
1139 934 1359 1001 requies
1388 932 1543 985 lassis
1574 930 1869 982 tribuitur:
1902 927 1980 980 sie
1999 940 2118 995 gra-
2218 922 2413 975 odoris.
2452 919 2669 989 Myrrha
2702 925 2927 971 mortem
2981 913 3361 983 Redemptoris
3399 912 3597 974 nostri,
3642 908 3799 977 cujus

540 1037 613 1087 tia
657 1028 1043 1085 misericordiae
1089 1025 1399 1080 Salvatoris
1434 1022 1609 1076 nostri
1655 1021 1829 1075 lucem
1887 1018 2008 1071 fidei
2062 1024 2119 1071 et
2223 1028 2355 1069 caro
2375 1011 2783 1081 corruptionem
2822 1024 2927 1062 non
2958 1007 3109 1070 vidit,
3159 1004 3470 1076 significat:
3515 1003 3645 1072 quia
3681 1016 3821 1055 caro

541 1122 830 1180 eharitatis
858 1136 920 1173 ac
949 1117 1191 1173 scientice
1224 1117 1274 1169 in
1308 1115 1462 1169 nobis
1489 1114 1703 1175 alendo,
1732 1110 1981 1164 tenebras
2023 1122 2123 1161 no-
2228 1114 2463 1170 mortua,
2498 1118 2618 1173 qua:
2642 1099 3154 1171 myrrhmeonditur
3188 1098 3462 1159 unctione,
3502 1110 3607 1147 non
3636 1099 3819 1162 potest

550 1225 692 1270 stras
731 1211 1017 1269 illuminat,
1049 1218 1102 1261 et
1131 1207 1435 1261 animarum
1460 1214 1763 1257 nostrarum
1790 1200 2008 1253 morbos
2032 1212 2123 1250 sa-
2220 1207 2553 1266 putrescere.
2606 1193 2760 1248 Unde
2821 1202 2877 1246 et
2933 1191 3048 1261 bzee
3098 1188 3311 1258 myrrha
3362 1187 3561 1240 dicitur
3604 1186 3768 1237 electa
3796 1198 3818 1237 :

541 1314 658 1370 nat,
687 1318 749 1356 ac
773 1300 953 1356 saeculi
987 1296 1446 1367 concupiscentiis
1485 1296 1741 1361 fatigatos
1779 1290 2120 1358 requiescere
2222 1287 2352 1357 quia
2389 1301 2537 1340 mors
2574 1282 2788 1338 Domini
2838 1280 3192 1349 singulariter
3232 1294 3296 1332 ex
3327 1276 3568 1331 omnium
3600 1282 3819 1328 sancto-

544 1362 848 1451 nos'mente
877 1392 1008 1445 facit
1038 1390 1089 1443 in
1126 1397 1434 1456 contemptu
1476 1385 1676 1438 sweuli.
1717 1382 1949 1436 Grandis
1973 1381 2118 1434 enim
2227 1393 2348 1432 rum
2375 1375 2643 1429 mortibus
2672 1372 2835 1426 electa
2867 1370 2991 1435 fuit,
3011 1384 3106 1438 per
3134 1383 3294 1437 quam
3326 1379 3516 1419 omnes
3546 1362 3817 1416 viverent.

542 1488 697 1540 lat-or
726 1492 830 1547 est,
862 1480 1095 1536 terrenis
1113 1454 1392 1532 desideriis
1414 1484 1671 1538 aestuare;
1700 1482 1752 1527 et
1786 1470 2007 1542 grandis
2042 1486 2123 1522 rc-
2222 1470 2454 1538 ideoque
2481 1466 2642 1521 talem
2690 1478 2843 1519 mors
2880 1463 2983 1516 ista
3015 1461 3327 1515 suavitatem
3369 1456 3550 1511 odoris
3584 1454 3823 1525 prmbet,

542 1576 719 1645 quies,
750 1544 965 1626 terrena
998 1585 1103 1624 non
1133 1567 1463 1621 desiderare.
2223 1560 2435 1633 qualem
2462 1572 2621 1613 nemo
2650 1555 2815 1609 alium
2845 1555 3049 1610 sentire
3091 1559 3301 1622 potmt;
3338 1549 3413 1604 ita
3459 1558 3515 1601 ut
3546 1546 3663 1615 ejus
3694 1544 3806 1598 fra-

617 1661 912 1729 Sequitur:
968 1655 1035 1709 Et
1079 1658 1230 1727 quasi
1261 1654 1506 1724 platanus
1541 1654 1769 1707 exaltata
1810 1669 1925 1705 sum
1960 1652 2121 1721 juxta
2224 1651 2409 1723 gantia
2441 1649 2767 1703 reviviscunt
2790 1646 3014 1700 mortui.

543 1726 1412 1823 aquaminplateisCumplatanus
1428 1761 1591 1815 perse
1611 1743 2123 1814 ipsamsitsublimis
2300 1742 2559 1811 Sequitur
2587 1758 2599 1793 :
2636 1737 2704 1792 Et
2730 1738 2881 1808 quasi
2902 1748 3107 1800 uorax,
3135 1743 3180 1786 et
3210 1732 3492 1803 galbanus,
3515 1739 3563 1783 et
3595 1726 3827 1798 ungula,

542 1821 598 1895 et
622 1856 854 1903 amoena,
881 1848 1127 1909 respectu
1157 1848 1334 1891 tamen
1377 1835 1637 1905 proxima:
1669 1834 1945 1888 inferioris
1978 1848 2130 1903 aqua:
2162 1833 2207 1893 Β
2234 1847 2280 1891 et
2313 1844 2482 1907 gutta,
2507 1843 2554 1887 et
2590 1832 2741 1903 qiiasi
2787 1829 3020 1883 Libanus
3046 1844 3148 1882 non
3194 1826 3413 1889 incisus,
3445 1821 3695 1891 imperavi
3718 1825 3822 1874 Ita-

547 1935 831 1989 sublimior
860 1941 1084 2002 apparet
1130 1940 1185 1984 et
1206 1925 1494 1999 jucundior
1522 1944 1538 1981 :
1568 1928 1645 1981 sie
1677 1937 1731 1981 et
1753 1926 2008 1979 Dmninus
2038 1925 2127 1979 Je«

546 2041 656 2084 sus.
690 2040 810 2078 eum
848 2038 944 2091 per
974 2022 1209 2089 seipsum
1250 2017 1744 2088 incomparabiliter
1774 2018 1842 2070 sit
1880 2016 2131 2071 excelsus

548 2127 604 2171 et
632 2116 935 2185 speciosus,
962 2121 1209 2181 respectu
1236 2121 1412 2164 tamen
1446 2108 1672 2178 subjecti
1699 2107 2130 2163 Christianorum

547 2208 756 2279 populi,
791 2205 883 2274 qni
911 2219 1006 2275 per
1049 2218 1247 2273 aquam
1279 2202 1618 2271 designatur,
1640 2199 1908 2254 excelsior
1937 2208 1991 2253 et
2015 2199 2132 2269 glo-

555 2300 757 2353 riosior
780 2302 1027 2366 apparet,
1059 2295 1113 2347 in
1158 2292 1363 2363 plateis,
1396 2292 1444 2344 id
1477 2300 1579 2356 est,
1604 2291 1654 2345 itt
1680 2290 2053 2344 latitudinibus
2080 2297 2137 2344 et

550 2388 739 2443 mundi
786 2396 841 2441 et
876 2384 1066 2455 ampla:
1111 2381 1559 2437 conversationis.
1598 2380 1653 2435 Si
1694 2380 1838 2435 enim
1885 2380 2008 2433 vine
2039 2394 2136 2433 no-

550 2491 677 2535 stra:
699 2479 1101 2535 censidcrcmus
1150 2474 1531 2541 humilitatem,
1555 2485 1609 2528 et
1646 2473 1712 2527 ad
1756 2472 2133 2528 excellentiam

551 2566 1005 2633 conversationis,
1029 2580 1189 2635 quam
1220 2563 1472 2619 Christus
1500 2565 1640 2617 inter
1667 2564 1913 2618 homines
1956 2563 2133 2629 duxit,

550 2659 908 2730 respiciamus
927 2673 947 2721 ;
964 2670 1125 2726 quam
1155 2654 1400 2709 sublimis
1426 2654 1528 2707 erit
1548 2653 1601 2706 in
1622 2652 1797 2709 oculis
1822 2653 2020 2706 nostris
2044 2652 2133 2706 illa

552 2749 670 2819 ejus
696 2747 1067 2805 conversatio?
1099 2744 1232 2800 Nam
1283 2755 1341 2799 ut
1387 2745 1634 2813 platanus
1655 2744 1815 2813 juxta
1864 2744 2141 2799 subterio«

555 2856 671 2898 rem
703 2855 893 2910 aquam
934 2849 1015 2892 est
1038 2837 1326 2901 exaltatus,
1361 2836 1412 2889 id
1454 2844 1558 2899 cst,
1594 2836 1849 2903 sub,ect:e
1898 2834 2134 2889 fideliora

559 2934 701 3003 plebi
726 2930 1003 3002 proximus
1023 2939 1075 2982 et
1102 2929 1493 2997 superpositus.
1521 2927 1657 2980 llinc
1681 2936 1734 2981 et
1762 2926 2046 2981 Psalmista
2070 2928 2137 2981 de

558 3023 652 3078 illo
679 3023 891 3078 dixerat
921 3037 935 3072 :
972 3019 1036 3072 Et
1061 3021 1158 3072 erit
1205 3028 1455 3087 tauquam
1500 3016 1721 3085 lignum,
1759 3018 1898 3087 quod
1927 3019 2137 3087 planta-

556 3124 669 3167 tum
715 3122 790 3167 est
838 3126 987 3165 secus
1027 3109 1278 3162 decursus
1324 3124 1580 3177 aquarum
1626 3105 1800 3178 (I’sal.
1841 3123 1885 3172 ι,
1937 3112 2029 3177 ti);
2083 3107 2135 3161 id

2236 1930 2538 1985 bitationem
2583 1928 2771 1988 meum,
2823 1932 2870 1976 et
2920 1921 3070 1991 quasi
3124 1919 3418 1973 balsamum
3462 1930 3567 1968 non
3610 1915 3833 1965 mixtum

2236 2022 2368 2074 odor
2388 2034 2555 2073 meus.
2600 2014 2795 2071 Storax
2824 2030 2946 2070 esse
2976 2014 3149 2067 fertur
3186 2010 3349 2064 arbor
3377 2006 3675 2070 odorifera,
3705 2021 3832 2075 qua:

2236 2110 2379 2164 sicut
2424 2109 2633 2163 arundo
2684 2122 2818 2162 cava
2871 2113 2954 2161 est
2986 2105 3153 2169 intus,
3184 2114 3238 2159 et
3266 2120 3431 2160 succo
3459 2105 3653 2175 plena;
3691 2114 3744 2159 et
3773 2106 3833 2158 in

2236 2201 2480 2265 Christo,
2530 2200 2625 2269 qui
2675 2206 2760 2254 est
2804 2198 3008 2268 lignum
3058 2199 3181 2251 vita:
3222 2197 3575 2261 odoriferum,
3623 2198 3831 2251 habitat

2236 2296 2405 2350 omnis
2434 2293 2704 2364 plenitudo
2742 2292 3052 2347 Divinitatia
3091 2291 3438 2361 corporaliter
3469 2290 3613 2359 (Col.
3660 2307 3725 2352 tt,
3745 2289 3832 2357 9).

2237 2386 2538 2441 Galbanum
2570 2386 2777 2448 dicunt,
2830 2382 3138 2439 confectum
3189 2398 3253 2441 ex
3301 2383 3637 2453 aromatieis.
3684 2382 3745 2434 Et
3777 2380 3832 2433 iu

2236 2477 2456 2533 Christo
2478 2486 2560 2531 est
2580 2475 2822 2529 omnium
2849 2474 3208 2544 spiritualium
3234 2475 3491 2527 virtutum
3516 2473 3832 2526 omnimola

2238 2568 2532 2640 plenitudo.
2571 2564 2778 2636 Ungula
2808 2580 3025 2636 quoque
3053 2565 3251 2619 dicitur
3276 2565 3345 2618 ab
3372 2575 3664 2635 unguento.
3697 2565 3832 2632 quia

2241 2659 2511 2728 prmeipua
2542 2667 2626 2711 est
2660 2658 2726 2710 ad
2760 2657 3131 2725 unguendum,
3175 2664 3230 2710 et
3251 2656 3493 2724 designat
3527 2655 3836 2725 spiritalem

2239 2750 2537 2804 Salvatoris
2586 2749 2920 2814 unctionem,
2969 2748 3042 2801 de-
3081 2763 3186 2816 qua
3236 2745 3475 2802 Joannes
3527 2750 3645 2802 ait:
3680 2747 3831 2801 Sicut

2238 2842 2415 2895 unctio
2466 2840 2581 2911 ejus
2636 2840 2782 2893 docet
2818 2856 2905 2893 ros
2944 2839 3008 2891 de
3043 2838 3281 2892 omnibus
3327 2838 3375 2908 (Ι
3405 2836 3567 2892 Joan.
3598 2854 3660 2901 ιι,
3708 2839 3830 2910 ‘27).

2240 2932 2401 2989 Gutta
2448 2948 2577 2987 vero
2622 2932 2833 3002 species
2872 2943 2993 2985 esse
3030 2932 3363 2985 medicorum
3413 2930 3729 3001 perhibetur
3758 2931 3833 2986 ad

2242 3033 2510 3079 tumorem
2550 3024 2850 3078 sanandum
2896 3022 3112 3088 idonea,
3156 3032 3209 3076 et
3235 3025 3301 3074 ad
3335 3021 3744 3091 deprimendum
3776 3030 3839 3076 et

2242 3114 2693 3183 exstinguendum
2727 3128 2991 3166 venemnn
3023 3130 3035 3164 :
3069 3120 3125 3166 et
3154 3112 3427 3182 signiﬁcat
3459 3111 3832 3166 humilitatem

558 3215 662 3270 est,
701 3220 796 3275 per
842 3202 1157 3275 mysterium
1186 3201 1574 3255 incarnationis
1620 3202 1726 3255 erit
1746 3202 1950 3271 positus
1982 3199 2144 3269 juxta

2249 3209 2481 3274 Domini,
2513 3224 2634 3278 qum
2675 3206 3069 3262 medicinaliter
3097 3216 3255 3260 sanat
3288 3215 3553 3260 tumorem
3578 3205 3838 3260 elationis

526 3336 529 3337 ν
558 3300 740 3370 lapsus
762 3297 1113 3352 deﬂuentium
1145 3294 1490 3364 populorum.
1523 3293 1723 3348 Platea:
1765 3308 1914 3358 vero,
1954 3294 2139 3347 latitu-

559 3392 715 3447 dines
744 3391 1028 3460 designare
1064 3388 1277 3443 solent:
1325 3387 1377 3442 id
1423 3397 1528 3453 est,
1568 3396 1623 3442 et
1666 3388 1876 3456 amplas
1917 3403 2147 3442 conver-

558 3485 821 3549 sationes,
852 3484 904 3536 in
929 3483 1123 3550 quibus
1151 3481 1456 3550 spatiantur
1485 3479 1574 3547 qui
1612 3480 1717 3532 vita
1753 3470 1892 3533 'sunt
1920 3479 2145 3533 inferio-

559 3590 649 3629 res
670 3584 723 3627 et
750 3572 967 3635 labiles;
1004 3580 1061 3623 ut
1081 3586 1220 3639 aqua
1246 3579 1301 3623 et
1324 3570 1509 3623 rutundi
1534 3569 1669 3621 latas
1700 3569 1982 3637 regiones:
2014 3568 2142 3637 quia

562 3664 751 3723 Grazce
772 3666 964 3724 πλατος
991 3664 1187 3715 dicitur
1220 3662 1465 3714 latitudo.

635 3756 891 3823 Sequitur
918 3771 939 3805 :.
964 3751 1110 3806 Sicut
1163 3752 1558 3804 cinnamomum
1600 3759 1646 3804 et
1685 3747 1976 3802 balsamum
2025 3765 2153 3803 aro-

566 3843 828 3899 utatizans
858 3844 1072 3894 odorem
1098 3841 1239 3893 dedi.
1273 3838 1673 3892 Ciummtanium
1704 3839 1900 3893 dicitur
1921 3854 1985 3893 eo
2007 3839 2147 3907 quod

566 3946 757 3991 cortex
776 3935 892 4004 ejus
924 3935 975 3987 in
1001 3934 1217 3986 modum
1240 3947 1427 3985 eamne
1450 3932 1519 3985 sit
1544 3932 1808 3985 rotundus
1829 3942 1882 3984 et
1906 3930 2145 4001 gracilis.

568 4026 660 4080 Est
691 4025 833 4079 enim
868 4022 1186 4077 brevissima
1209 4020 1491 4074 arbuscula
1522 4021 1700 4091 virgas
1726 4020 2008 4091 proferens
2028 4037 2152 4090 gra—

567 4118 858 4171 eilissimas
882 4132 945 4170 ac
985 4114 1277 4183 pretiosas.
1318 4112 1450 4166 Nam
1480 4112 1531 4165 id
1555 4113 1693 4180 ejus,
1732 4113 1874 4181 quod
1918 4112 1970 4166 in
2001 4127 2153 4165 eras-

564 4209 820 4272 situdine,
851 4207 899 4259 id
927 4217 1009 4260 est
1060 4204 1446 4274 grossitudine,
1487 4204 1821 4269 extenditur,
1873 4202 2151 4272 despectui

566 4308 684 4363 est;
716 4298 858 4367 quod
908 4312 1039 4350 vero
1081 4298 1334 4366 gracilius
1362 4298 1702 4365 provenerit,
1738 4297 1998 4352 eximitun
2044 4304 2147 4351 est.

568 4388 970 4443 Cinnaniomnm
1013 4402 1144 4457 ergo
1191 4388 1495 4455 significare
1534 4388 1750 4441 videtur
1793 4385 2151 4440 lnnnilitatem

567 4481 793 4547 Christi,
840 4494 1000 4548 quam
1045 4480 1338 4548 pnedieant
1379 4480 1678 4549 Scriptura:
1723 4492 1914 4541 canna,
1972 4478 2024 4531 id
2068 4484 2151 4531 est

570 4572 811 4637 calamo,
830 4572 1004 4633 factm,
1033 4586 1152 4641 qua:
1165 4572 1341 4639 virgas
1364 4570 1535 4641 gignit
1557 4570 1947 4639 gracilissimas
1961 4579 2015 4623 et
2030 4585 2153 4640 pre-

573 4666 761 4727 tiosas,
802 4663 853 4717 id
885 4671 987 4728 est,
1032 4672 1246 4717 sanctos
1269 4662 1569 4730 disciplinis
1604 4660 1978 4731 spiritualibus
2005 4668 2155 4715 exte-

573 4764 788 4820 nuatos,
820 4753 913 4824 qui
944 4754 1186 4809 membra
1235 4761 1361 4809 sunt
1387 4750 1526 4821 ejus.
1560 4750 1691 4805 Nam
1720 4751 2028 4821 spiritualcs
2054 4754 2154 4807 viri

573 4850 625 4904 in
662 4863 727 4903 co
754 4856 881 4902 sunt
920 4846 1173 4917 pretiosi;
1214 4845 1465 4901 carnales
1494 4853 1675 4899 autem
1717 4844 1990 4899 habentur
2020 4858 2153 4899 con-

574 4938 819 5006 temptui.
857 4934 1165 4989 Balsamum
1207 4948 1421 5003 quoque
1470 4934 1919 5003 pretiosissimum
1951 4942 2055 4998 est,
2104 4941 2159 4989 et

572 5037 952 5085 consecratum
995 5026 1057 5080 fit
1082 5026 1340 5087 chrisma,
1386 5040 1494 5094 quo
1518 5039 1709 5080 omnes
1733 5025 2030 5081 Christiani
2057 5040 2158 5078 un-

2249 3302 2411 3372 158
2438 3311 2659 3364 nostrai,
2711 3308 2767 3354 et
2814 3300 2996 3352 omnia
3046 3298 3302 3353 vitiorum
3336 3314 3543 3352 venena
3586 3295 3837 3366 perimit.

2245 3391 2477 3446 Ltbanns
2507 3402 2590 3446 est
2615 3393 2760 3458 thus,
2810 3399 2858 3443 et
2897 3390 3077 3459 potius
3122 3391 3286 3443 arbor
3332 3389 3509 3442 thuris
3555 3387 3839 3442 Christum

2248 3484 2566 3554 designans,
2603 3484 2692 3553 qui
2746 3483 2949 3552 lignum
3002 3492 3085 3536 est.
3117 3482 3258 3545 vitae,
3306 3490 3362 3537 et
3395 3481 3633 3535 fructum
3665 3481 3838 3550 gignit

2248 3574 2604 3636 odoriferam,
2630 3573 2722 3642 qui
2771 3574 2879 3626 Deo
2910 3583 3183 3627 cremetur
3215 3574 3267 3627 in
3292 3572 3638 3628 sacrificium.
3676 3570 3847 3623 Liba-

2249 3680 2346 3717 nus
2378 3681 2479 3718 non
2512 3666 2743 3727 incisus;
2775 3672 2968 3733 sponte
3019 3664 3228 3734 profert
3279 3680 3343 3719 ex
3391 3679 3449 3719 se
3481 3664 3606 3718 thus
3635 3664 3842 3717 odora-

2251 3755 2376 3817 tius,
2432 3754 2637 3808 incisus
2685 3770 2819 3809 vero
2866 3755 3211 3824 compellitur
3265 3754 3510 3824 proferre
3564 3752 3689 3807 thus
3728 3767 3845 3807 non

2250 3846 2389 3901 tanti
2424 3847 2657 3901 odoris:
2703 3857 2758 3901 et
2804 3848 3060 3903 Christus
3110 3857 3168 3901 ut
3205 3847 3440 3901 Libanu:
3489 3862 3595 3901 non
3638 3847 3849 3900 incisus

2250 3944 2443 4003 sponte
2475 3935 2648 3989 edidit
2676 3938 2859 3991 omnia
2922 3954 3042 4008 qua:
3088 3938 3139 3992 in
3175 3953 3340 3993 carne
3371 3940 3557 4009 gessit,
3606 3940 3849 4008 ideoque

2252 4024 2449 4079 melius
2488 4027 2758 4082 redoleas.
2814 4027 2922 4083 Nos
2979 4037 3183 4094 autem,
3232 4039 3291 4084 ut
3339 4030 3543 4087 incisus
3578 4031 3840 4094 Libanus,

2251 4129 2395 4185 smpe
2430 4118 2677 4184 cogimur
2709 4118 2863 4171 inviti
2909 4119 3111 4173 bonum
3157 4120 3339 4175 facere
3374 4123 3519 4192 quod
3570 4123 3677 4177 vile
3725 4133 3847 4187 est,

2252 4217 2307 4262 ct
2336 4223 2524 4277 parum
2574 4209 2841 4264 redoleas.
2892 4209 3016 4265 [hec
3070 4213 3284 4275 omnia,
3336 4228 3455 4282 qua:
3498 4230 3646 4269 nunc
3692 4216 3847 4269 dicta

2254 4309 2400 4362 sunt,
2433 4299 2485 4352 id
2535 4309 2636 4361 est,
2664 4310 2868 4365 uorax,
2917 4302 3197 4370 galbanus,
3250 4318 3313 4356 ac
3342 4305 3562 4373 ungula,
3590 4315 3637 4358 et
3668 4323 3737 4375 gn
3763 4317 3848 4371 ta,

2253 4404 2352 4445 nec
2373 4406 2478 4443 non
2507 4400 2562 4444 et
2588 4389 3111 4459 Libanus,optimum
3137 4393 3266 4446 dant
3288 4394 3532 4458 odorem,
3558 4405 3613 4449 et
3639 4396 3704 4447 lo.
3727 4414 3852 4459 um,

2184 4516 2229 4572 ι)
2256 4480 2307 4534 in
2337 4496 2445 4549 quo
2473 4490 2625 4546 sunt,
2656 4482 2781 4536 inde
2824 4482 3029 4552 replent
3058 4483 3177 4537 :sie
3201 4494 3256 4538 et
3286 4485 3534 4539 Christus
3572 4486 3739 4541 odore
3781 4503 3859 4542 ac

2255 4569 2437 4624 calore
2456 4586 2559 4625 suo
2599 4580 2829 4642 vaporat
2877 4572 3252 4627 habitationem
3287 4590 3485 4629 suam:
3528 4576 3653 4644 quia
3689 4590 3855 4630 men-

2257 4670 2364 4716 tem
2400 4677 2564 4731 quam
2589 4663 2881 4731 inhabitat,
2910 4664 3093 4719 calore
3114 4679 3228 4719 suae
3251 4664 3560 4721 dilectionis
3589 4677 3643 4720 et
3674 4668 3856 4720 odoro

2256 4770 2366 4809 sua:
2395 4754 2703 4809 sanctitatis
2734 4754 2923 4824 replet.
2972 4754 3123 4809 Mens
3154 4755 3298 4809 enim
3318 4795 3333 4818 ,
3377 4770 3499 4824 qua:
3535 4771 3641 4809 non
3679 4757 3861 4811 sentit

2257 4850 2476 4904 odorem
2508 4847 2669 4902 istum
2694 4857 2750 4903 et
2774 4848 3039 4913 calorem,
3067 4849 3293 4903 necdum
3324 4848 3530 4903 Christi
3558 4858 3643 4903 est
3686 4850 3858 4903 habi-

2259 4936 2518 4991 taculum.
2563 4935 2871 4990 Balsamth
2920 4952 3075 5003 vero,
3103 4939 3191 4992 cui
3228 4938 3408 5007 liquor
3449 4938 3587 4993 alius
3627 4954 3730 4993 non
3765 4952 3863 4994 est

2260 5028 2552 5093 immisms,
2585 5030 2759 5099 magis
2783 5028 2990 5083 redolet
3020 5046 3033 5081 :
3066 5028 3190 5098 quia
3214 5028 3417 5084 Christi
3444 5030 3724 5091 sanctitas,
3756 5030 3867 5085 cui

2260 5118 2463 5173 nullum
2493 5134 2731 5189 unquam
2764 5127 3047 5188 peccatum
3073 5118 3365 5174 immisceri
3402 5120 3600 5189 petuit,
3631 5121 3867 5176 suavio-

2262 5224 2377 5265 rem
2408 5225 2571 5281 quam
2595 5212 2777 5267 cancri
2810 5212 2986 5265 sancti
3011 5211 3212 5282 przebet
3235 5212 3487 5266 odorem.

2336 5302 2634 5374 Sequitur:
2671 5302 2787 5375 Ego
2844 5304 2997 5374 quasi
3050 5292 3369 5357 terebinthus
3418 5303 3635 5357 extendi
3674 5319 3873 5359 ramos

2262 5412 2421 5459 meos,
2454 5406 2501 5449 et
2530 5399 2663 5450 rami
2692 5400 2792 5453 mei
2817 5399 3034 5453 honoris
3065 5410 3111 5451 at
3139 5400 3345 5469 gratim.
3393 5397 3727 5453 Terebintlius
3772 5408 3873 5454 est

2264 5488 2427 5541 arbor
2453 5504 2668 5557 magna,
2696 5502 2751 5544 ct
2782 5492 3028 5561 ingentes
3059 5491 3367 5561 multosque
3398 5505 3582 5543 ramos
3611 5488 3878 5558 undique

2264 5581 2619 5647 protendens,
2643 5596 2762 5649 qme
2791 5584 3020 5635 resinam
3051 5583 3224 5651 gignit
3258 5582 3613 5636 aromatieam
3640 5587 3693 5633 et
3736 5596 3878 5634 me-

2266 5669 2580 5733 dicinalem,
2616 5673 2978 5742 omnibusque
3007 5673 3201 5727 resinis
3228 5674 3349 5727 aliis
3375 5673 3829 5743 praestantiorem
3855 5691 3879 5727 ζ

2267 5770 2321 5816 et
2355 5760 2608 5819 Christus
2644 5764 2791 5824 velut
2832 5765 2999 5820 arbor
3026 5752 3313 5833 immenSa,
3364 5764 3653 5836 discipulos
3695 5776 3876 5825 suos».

573 5120 772 5190 gimur,
800 5127 857 5173 et
897 5118 1169 5188 significat
1206 5126 1261 5170 et
1286 5114 1565 5172 Christum
1602 5123 1657 5169 ct
1699 5118 2009 5171 unctionem
2037 5114 2160 5185 Spi-

576 5212 713 5267 ritus
728 5211 876 5281 ejus;
911 5211 976 5265 de
1005 5226 1111 5281 qua
1136 5209 1371 5265 Joannes
1392 5210 1506 5264 ait:
1546 5205 1648 5263 Vos
1680 5211 1977 5264 unctionem
2000 5209 2160 5263 babe-

574 5306 640 5359 tis
663 5321 694 5356 a
726 5314 932 5367 sancto,
965 5312 1010 5356 et
1035 5304 1197 5356 nostis
1222 5303 1396 5356 munia
1428 5305 1475 5367 (Ι
1505 5299 1666 5355 Jaan.
1703 5315 1763 5363 ιι,
1788 5298 1901 5367 20).
1942 5298 2161 5355 Utrum-

574 5411 681 5466 que
712 5410 861 5457 vero,
895 5394 946 5448 id
995 5403 1077 5449 est
1106 5403 1163 5448 et
1204 5395 1593 5447 cinnamomum
1626 5402 1673 5446 et
1714 5391 2027 5453 balsamum,
2060 5392 2163 5446 mi-

576 5488 830 5545 rabiliter
858 5488 1092 5551 redolet;
1119 5499 1174 5541 ct
1202 5486 1459 5549 iitaxisne,
1498 5487 1625 5538 dum
1667 5484 1792 5552 quis
1813 5500 1877 5537 eo
1906 5485 2163 5536 aromati-

581 5594 759 5639 zatnr.
820 5583 973 5640 Unde
1032 5598 1173 5637 nunc
1222 5580 1374 5635 odori
1422 5581 1706 5648 utriusque
1755 5576 2163 5631 aromatizantis

580 5678 801 5729 odorem
847 5690 1004 5729 suum
1064 5673 1318 5728 Christus
1378 5671 1703 5724 similatur':
1751 5668 1875 5739 quia
1932 5667 2060 5720 dum
2111 5666 2163 5719 in

578 5764 733 5825 omni
754 5776 913 5837 gente
938 5775 993 5822 et
1040 5766 1260 5820 natione
1304 5764 1591 5819 credentes
1634 5759 1881 5834 donatiui
1929 5758 2164 5830 Spiritus
