4076 6288
258 423 372 478 593

1343 420 1650 478 HOMILIJE
1683 422 1772 478 ET
1802 422 2406 481 EXllORT.\'l10-.\'ES.

3411 437 3520 494 ειη

257 534 416 608 quasi
451 548 631 589 ramos
659 532 900 587 extendit
937 532 990 588 iu
1035 548 1224 590 omnes
1256 538 1439 592 mundi
1474 547 1672 607 partes,
1705 538 1848 593 ἰἰιο⁴
1875 540 1921 600 Α
1951 541 2237 610 consequi;
2289 535 2439 596 cum
2471 542 2583 613 ipse
2641 543 2890 602 Christus
2943 549 3014 605 sit
3066 553 3266 610 veritas
3315 563 3370 610 et
3422 559 3532 616 vita

258 643 404 683 mam
452 634 508 681 et
538 626 998 681 Bartholomaznm
1045 625 1099 681 in
1153 627 1387 695 lndiam,
1434 630 1745 687 Mattltaeum
1789 633 1844 687 iu

257 717 622 786 Ethiopiam,
652 715 916 772 Joannem
950 719 1002 770 in
1049 717 1256 786 Asiam,
1305 721 1575 777 Andream
1615 732 1668 778 et
1719 723 1847 778 Phi-

256 808 461 876 lippum
496 805 547 859 iu
582 805 881 877 Scythiam.
915 806 1134 861 Petrum
1174 809 1226 863 iu
1271 811 1498 877 Italiam,
1531 811 1764 866 Paulum
1790 813 1843 868 in

257 895 612 966 Hispaniam,
641 905 696 950 et
731 905 958 952 exteros
986 899 1038 952 in
1074 908 1301 955 caeteras
1331 903 1479 957 orbis
1510 904 1716 975 plagas.
1749 905 1846 961 Vel

255 988 423 1051 rami,
448 1005 593 1061 quos
627 990 891 1053 extendit,
921 1004 1086 1059 opera
1113 1001 1260 1058 sunt,
1294 1009 1415 1064 qua:
1451 994 1503 1048 in
1529 1011 1695 1051 carne
1727 1013 1845 1068 ges-

252 1083 346 1134 sit.
390 1081 456 1135 Et
485 1095 560 1136 ex
593 1080 699 1145 bis,
745 1089 801 1134 et
827 1083 1105 1149 operibus,
1155 1083 1239 1138 vel
1280 1085 1584 1156 discipulis,
1635 1087 1848 1159 profert

255 1173 374 1241 ipse
409 1173 648 1227 resinam
679 1171 942 1240 spiritalis
974 1175 1186 1244 gratias,
1220 1190 1342 1246 qua:
1368 1178 1648 1234 medeatur
1670 1181 1848 1236 omni-

255 1266 378 1332 bus,
412 1276 466 1320 et
497 1266 846 1336 prtestantior
885 1266 956 1320 sit
995 1268 1265 1323 universis
1289 1270 1768 1340 precdicationibus
1793 1281 1848 1329 et

253 1361 426 1430 gestis
462 1358 795 1414 Testamenti
841 1357 1073 1414 Veteris.
1105 1360 1173 1414 Et
1215 1362 1348 1416 rami
1375 1361 1492 1430 ejus
1522 1373 1653 1418 sunt
1679 1364 1845 1419 Itono-

253 1451 330 1526 ris
351 1461 410 1506 et
438 1453 665 1520 gratiis:
695 1450 820 1520 quia
841 1460 899 1505 et
920 1451 1164 1522 discipuli
1196 1449 1334 1519 ejus,
1366 1461 1422 1507 et
1459 1461 1613 1508 actus
1640 1452 1836 1522 ipsius,

255 1543 417 1597 valde
445 1552 571 1597 sunt
599 1542 946 1598 bouorabiles
961 1551 1017 1597 et
1044 1543 1308 1612 gratiosi;
1337 1544 1669 1614 quoniamet
1689 1542 1846 1598 laude

258 1632 404 1701 digni
444 1641 590 1700 sunt,
627 1643 680 1688 et
708 1631 842 1687 Novi
884 1633 1220 1689 Testamenti
1267 1635 1498 1706 gratiam
1536 1634 1847 1691 hominibus

257 1725 515 1780 afferunt.
1262 1742 1266 1746 ί

326 1819 630 1890 Sequitur:
668 1820 780 1890 Ego
828 1818 981 1890 quasi
1023 1823 1139 1877 vitis
1186 1822 1500 1892 fructiﬁcavi
1536 1803 1846 1878 suavitatem

255 1911 481 1966 odoris:
517 1926 563 1964 et
591 1911 750 1974 ﬂores
795 1912 894 1965 mei
932 1911 1134 1981 fructus
1183 1913 1397 1967 honoris
1444 1925 1491 1968 et
1539 1915 1844 1969 honestatis.
1876 1885 1922 1946 Β

268 2003 405 2059 Vitis
436 2005 489 2059 iu
523 2013 666 2059 terra
696 2005 935 2076 plantata
963 2007 1213 2075 producit
1241 2021 1307 2061 ex
1329 2021 1385 2062 se
1412 2007 1680 2076 palmites,
1705 2017 1759 2062 et
1780 2023 1847 2062 ex

259 2094 352 2150 his
383 2095 617 2149 fructum
645 2112 661 2150 :
693 2080 753 2149 et
777 2095 1026 2150 Christus
1063 2098 1392 2166 resurgendo
1419 2104 1473 2151 et
1512 2097 1848 2152 ascendendo

257 2187 535 2259 plautatns
560 2189 611 2241 in
633 2197 780 2244 terra
803 2188 1119 2255 viventium,
1145 2199 1364 2244 sanctos
1393 2189 1483 2259 qui
1517 2198 1644 2244 sunt
1673 2204 1846 2243 mem-

259 2280 356 2335 bra
383 2280 523 2349 ejus,
555 2280 702 2335 Velut
731 2281 977 2350 palmites
1004 2297 1066 2336 ex
1104 2297 1162 2337 se
1192 2281 1384 2353 gignit,
1414 2291 1468 2336 et
1493 2297 1557 2336 cx
1589 2282 1674 2337 his
1704 2283 1755 2336 in
1789 2295 1848 2337 se

259 2370 608 2424 manentibus
638 2369 868 2424 fructum
915 2371 1096 2440 operis
1144 2371 1266 2425 boui
1309 2371 1572 2441 producit.
1605 2369 1756 2426 Unde
1795 2380 1849 2427 et

254 2463 336 2516 ait
365 2463 508 2518 illis:
543 2463 692 2518 Sicut
743 2463 942 2533 palntes
983 2481 1083 2518 non
1131 2475 1294 2533 potest
1347 2464 1483 2533 ferre
1533 2463 1766 2533 fructum
1815 2480 1849 2516 a

257 2560 562 2626 semetipso,
598 2558 699 2612 nisi
742 2557 990 2612 manserit
1037 2559 1089 2611 in
1122 2559 1262 2623 vite;
1295 2559 1369 2612 sic
1402 2574 1493 2611 nec
1518 2573 1624 2622 vos,
1658 2558 1758 2610 nisi
1792 2557 1847 2610 in

259 2667 346 2704 me
369 2651 669 2704 atmtseritis
699 2650 880 2718 (Joaa.
914 2666 1004 2714 xv,
1034 2650 1110 2718 4).
1150 2649 1463 2704 Fructilicat
1486 2665 1617 2720 ergo
1648 2650 1700 2702 in
1729 2648 1844 2704 eis:
1883 2645 1898 2656 κ

257 2740 389 2809 quia
427 2740 688 2809 quidquid
711 2741 781 2794 illi
813 2741 950 2794 bene
980 2749 1167 2811 agunt,
1192 2740 1307 2808 ipse
1347 2739 1500 2804 facit,
1538 2748 1594 2794 et
1631 2753 1695 2794 ex
1731 2737 1848 2808 ejus

259 2832 446 2885 radice
475 2831 646 2901 surgit
696 2832 903 2886 fructus
946 2832 1127 2902 operis
1164 2832 1398 2887 illorum.
1446 2831 1514 2886 Et
1555 2830 1850 2886 fructificat

254 2923 572 2976 suavitatem
601 2922 780 2976 odoris
812 2938 830 2976 :
869 2922 992 2991 quia
1024 2921 1232 2977 fructus
1263 2936 1486 2991 opermn
1506 2962 1521 2984 ,
1551 2937 1674 2992 qua:
1722 2922 1849 2976 facit

258 3015 313 3069 in
344 3016 446 3077 eis,
479 3015 659 3069 suavis
685 3015 818 3068 odor
846 3024 930 3069 est
950 3013 1106 3068 bona:
1127 3013 1420 3083 opinionis,
1452 3014 1576 3066 dum
1605 3012 1847 3067 videntes

259 3106 380 3160 haec
407 3107 659 3161 homines
689 3106 992 3176 gloriﬁcant
1022 3105 1142 3160 inde
1169 3105 1403 3170 Patrem,
1432 3106 1524 3175 qui
1557 3105 1714 3159 estin
1743 3119 1848 3159 cae-

257 3194 347 3250 lis.
383 3197 450 3250 Et
469 3197 625 3266 ﬂores
662 3196 776 3264 ejus
809 3205 935 3251 sunt
961 3196 1165 3266 fructus
1186 3196 1400 3250 honoris
1436 3205 1485 3248 et
1507 3194 1797 3249 honestatis
1821 3206 1842 3245 :

254 3287 387 3356 quia
413 3301 600 3356 Opera,
631 3303 752 3356 qua:
781 3287 832 3339 in
869 3286 953 3341 his
1002 3287 1349 3356 proponendo
1402 3286 1645 3349 inchoat,
1675 3286 1849 3339 hono-

260 3376 514 3431 rabiliter
565 3387 622 3431 et
665 3377 889 3432 honeste
934 3390 1300 3442 consummat;
1360 3378 1726 3445 honoremque
1755 3391 1850 3446 per

259 3467 382 3522 1ιῖΕο
437 3479 493 3522 et
543 3467 884 3522 honestatem
939 3467 1045 3522 illis
1083 3468 1340 3538 grandem
1388 3476 1626 3538 praestat.
1662 3464 1848 3522 Flores

255 3557 406 3610 enim
437 3565 564 3610 sunt
599 3567 722 3611 vota
768 3565 820 3612 et
859 3557 1126 3627 promissa
1156 3576 1170 3611 :
1203 3557 1407 3626 fructus
1438 3567 1617 3614 autem
1663 3557 1851 3627 imple-

255 3650 440 3703 tioncs
465 3650 854 3718 promissorum
885 3665 982 3720 per
1017 3650 1405 3705 exhibitionem
1439 3665 1685 3720 opermn.
1719 3648 1852 3704 Flo-

255 3757 343 3797 res
397 3756 528 3811 ergo
573 3751 886 3796 sanctorum
944 3751 1068 3797 sunt
1125 3741 1369 3810 fructus:
1422 3741 1549 3811 quia
1605 3739 1850 3796 membra

257 3833 470 3889 Christi
508 3834 651 3904 quod
683 3843 898 3900 vovent,
940 3833 1201 3900 reddunt;
1231 3832 1373 3904 quod
1399 3833 1743 3905 promittunt,
1773 3831 1851 3887 fa-

249 3925 438 3980 ciunt.

331 4015 599 4085 Sequitur
625 4031 640 4070 :
678 4016 790 4086 Ego
814 4027 982 4071 mater
1018 4015 1251 4085 pulchra:
1279 4015 1598 4084 dilectionis,
1625 4026 1674 4071 et
1697 4019 1853 4072 timo-

257 4108 356 4171 ris,
391 4117 440 4160 et
472 4108 758 4176 agnitionis
799 4118 845 4161 et
877 4117 1072 4162 sancta:
1103 4107 1232 4176 spei.
1274 4106 1340 4159 In
1368 4122 1448 4160 me
1477 4108 1647 4176 gratia
1681 4108 1851 4161 omnis

255 4199 382 4252 vitae
422 4206 472 4251 et
502 4198 758 4261 veritatis,
791 4199 848 4252 in
890 4213 970 4251 me
998 4199 1166 4251 omnis
1197 4214 1309 4266 spes
1359 4195 1483 4268 [al.,
1513 4196 1617 4269 via]
1660 4197 1779 4251 vita:
1803 4206 1852 4251 et

252 4285 493 4339 virtutis.
525 4283 824 4354 Sapientia,
865 4301 984 4356 quae
1013 4295 1096 4341 est
1126 4286 1396 4352 Christus,
1436 4294 1521 4342 est
1552 4297 1719 4340 mater
1736 4286 1854 4356 pul-

255 4379 405 4434 chrae
435 4377 770 4434 dilectionis:
801 4379 929 4449 quia
957 4379 1301 4434 dilectionem
1351 4380 1540 4450 gignit,
1589 4395 1696 4434 non
1735 4390 1851 4434 tur-

255 4485 413 4541 pem,
438 4470 532 4524 sed
557 4471 874 4540 pulchram;
902 4486 1006 4525 non
1032 4471 1391 4532 indecentem,
1419 4471 1512 4525 sed
1539 4471 1849 4536 honestam;

253 4577 370 4615 non
399 4560 766 4629 libidinosam,
798 4561 892 4615 sed
921 4570 1148 4617 castam.
1201 4561 1266 4614 Et
1292 4571 1460 4614 mater
1488 4562 1710 4623 timoris,
1742 4562 1848 4615 sci-
1883 4592 1927 4646 υ

221 4720 224 4721 ν
254 4650 393 4706 licet
425 4652 604 4706 lilialis
631 4652 711 4706 vel
741 4652 898 4718 casti,
941 4651 1081 4722 quia.
1118 4651 1434 4722 principium
1479 4651 1751 4720 sapientia:
1775 4653 1849 4704 ti-

252 4758 379 4795 mor
412 4740 814 4809 Domini(Psat.
835 4757 929 4806 cx,
961 4742 1081 4809 10);
1136 4751 1192 4795 et
1246 4751 1455 4795 castum
1486 4741 1577 4797 Dei
1602 4741 1851 4796 timorem

251 4832 441 4902 gignit
477 4831 699 4900 pulchra
735 4832 972 4896 dilectio,
1001 4833 1156 4902 cujus
1186 4832 1418 4902 genitrix
1446 4843 1530 4887 est
1557 4833 1846 4902 sapientia.

251 4919 325 4973 lzt
358 4919 676 4989 agnitionis,
727 4921 851 4989 quia
891 4919 1101 4974 Patrem
1152 4937 1300 4974 nemo
1342 4921 1479 4974 novit
1510 4921 1612 4974 nisi
1658 4917 1850 4986 Filius,

251 5018 302 5064 et
333 5011 432 5064 cui
487 5011 708 5064 voluerit
755 5010 931 5064 Filius
972 5011 1200 5065 revelare
1236 5010 1451 5081 (alattlt.
1485 5027 1561 5076 χι,
1589 5012 1702 5083 Q7).
1751 5013 1852 5080 Qui

249 5103 397 5158 item
430 5102 567 5157 dixit
594 5121 606 5156 :
637 5101 829 5158 Palam
859 5104 921 5157 de
945 5103 1107 5157 Patre
1134 5103 1460 5158 annuntiabo
1492 5105 1633 5159 vobis
1665 5103 1850 5176 (Joan.

251 5210 374 5260 xvr,
425 5194 542 5261 25).
575 5192 665 5248 Sic
689 5194 831 5249 enim
874 5182 1176 5264 Sapientia,
1209 5210 1328 5262 qur
1359 5203 1442 5248 est
1469 5193 1655 5273 Filius,
1685 5205 1855 5248 mater

246 5297 341 5343 est
369 5288 682 5357 agnitionis.
711 5285 778 5341 Et
800 5299 999 5344 sanctor:
1037 5291 1186 5359 spei:
1221 5290 1345 5359 quia
1375 5305 1527 5360 spem
1558 5288 1625 5342 de
1652 5289 1854 5343 sanctis

251 5380 438 5435 rebus
467 5380 681 5436 nonnisi
707 5380 958 5436 Christus
998 5382 1184 5452 gignit.
1223 5381 1422 5437 Sancta
1453 5381 1596 5436 enim
1625 5395 1747 5450 spes
1772 5386 1856 5434 est

249 5472 608 5544 adipiscendi
645 5489 866 5544 regnum
916 5473 1009 5528 Dei
1034 5483 1090 5529 et
1125 5474 1394 5544 justitiam
1433 5472 1596 5543 ejus:
1633 5482 1689 5526 et
1717 5472 1858 5527 hanc

251 5577 397 5617 vera
432 5561 525 5615 dat
550 5561 838 5631 sapientia,
889 5563 944 5616 in
983 5578 1086 5632 qua
1120 5572 1202 5618 est
1230 5564 1403 5633 gratia
1451 5563 1617 5618 omnis
1663 5563 1780 5617 vitae
1810 5570 1860 5616 et

251 5652 528 5715 raritatis,
555 5653 682 5722 quia
727 5652 829 5708 nisi
862 5668 958 5723 per
983 5655 1233 5725 gratiam,
1265 5671 1384 5726 qum
1409 5664 1495 5710 est
1543 5655 1594 5709 in
1644 5655 1745 5709 bac
1773 5669 1862 5708 sa-

249 5743 504 5822 pientia,
543 5744 595 5799 id
637 5753 722 5799 est
762 5744 816 5799 in
847 5743 1085 5810 Christo,
1121 5744 1297 5801 nullus
1332 5745 1495 5800 vitam
1545 5733 1858 5814 perpetuam

250 5849 363 5895 seu
395 5833 684 5891 veritatem
713 5835 1169 5894 incommutabilis
1196 5835 1311 5907 ejus
1347 5835 1696 5892 beatitudinis
1717 5834 1862 5891 valet

1950 629 2132 701 (Joan.
2177 648 2306 703 XIV).
2343 634 2575 706 Ideoque
2621 647 2676 692 ct
2723 641 2892 696 omnis
2928 660 3041 712 spes
3087 646 3204 715 vita:
3228 657 3279 702 et
3325 650 3532 708 virtutis

1948 728 2034 774 est
2076 722 2127 775 in
2159 738 2256 788 eo;
2291 725 2414 793 quia
2464 728 2678 782 nonnisi
2712 745 2808 798 per
2853 748 2976 787 eum
3027 735 3147 804 quis
3176 748 3320 794 recte
3351 752 3532 811 sperat

1947 812 2113 866 vitam
2139 813 2374 878 beatam,
2410 826 2464 871 et
2495 817 2921 877 immortalitatis
2959 825 3076 894 ejus
3103 827 3355 883 virtutem
3387 831 3533 888 inve-

1947 902 2084 966 nire,
2113 914 2168 958 et
2208 904 2463 960 virtutem
2493 907 2730 978 aliquam
2780 912 2932 966 bonae
2973 918 3403 976 conversationis
3439 922 3532 976 ha-

1945 994 2075 1051 bere
2099 1007 2297 1066 potest.
2857 989 2868 1002 ’

2018 1106 2276 1178 Sequitur
2304 1127 2318 1162 :
2364 1108 2606 1165 Transito
2628 1111 2698 1165 ad
2728 1129 2807 1166 me
2837 1130 3013 1170 onmes
3039 1118 3128 1188 qni
3163 1123 3533 1191 concupiscitis

1945 1214 2046 1265 me,
2070 1211 2118 1254 et
2159 1218 2191 1254 a
2213 1203 2638 1271 generationibus
2663 1207 2797 1260 meis
2824 1206 3132 1275 implemini.
3169 1211 3418 1268 Nonnulli
3446 1231 3530 1270 sa-

1945 1289 2374 1361 pientiam,qu:e
2408 1292 2662 1349 Christus
2689 1304 2791 1363 est,
2827 1299 3243 1367 concupiscunt;
3273 1305 3365 1358 sed
3411 1307 3528 1376 qui~

1955 1381 2181 1436 busdam
2213 1384 2552 1439 smcularimn
2587 1401 2768 1440 rerum
2795 1387 3089 1446 obstaculis
3115 1393 3438 1460 retinentur,
3465 1411 3532 1451 ne

1947 1473 2015 1528 ad
2043 1490 2161 1530 eam
2186 1476 2425 1542 veniant,
2466 1491 2698 1547 eamque
2743 1494 2841 1548 per
2886 1480 3190 1550 religiosam
3238 1499 3528 1541 conversa-

1948 1565 2148 1620 tionem
2180 1568 2610 1638 apprehendaut.
2639 1568 2790 1639 Smpe
2816 1573 2959 1625 enim
2987 1572 3046 1627 lit
3075 1583 3132 1628 ut
3158 1575 3283 1629 dum
3313 1576 3437 1646 quis
3464 1575 3531 1632 ad

1945 1657 2256 1730 religiosam
2284 1661 2450 1714 vitam
2474 1676 2532 1715 se
2557 1671 2881 1717 convertere
2908 1665 3108 1734 cogitat
3128 1707 3142 1729 ,
3171 1676 3226 1720 et
3255 1667 3531 1723 Christum

1947 1750 2123 1821 sequi,
2165 1750 2394 1806 obsistat
2421 1752 2468 1806 ei
2498 1761 2550 1807 et
2580 1766 2744 1822 prava
2772 1757 3104 1810 consuetudo
3132 1757 3382 1812 vitiorum
3411 1760 3530 1828 qui-

1949 1841 2050 1896 bus
2080 1842 2336 1898 delectari
2366 1842 2522 1911 solet,
2546 1854 2603 1899 et
2630 1861 2783 1901 amor
2810 1858 3117 1918 parentum,
3141 1859 3233 1902 aut
3263 1849 3530 1921 conjugis,

1950 1950 2044 1990 seu
2103 1935 2355 2000 liliorum,
2411 1946 2464 1991 et
2511 1941 2951 2007 possessionum,
3004 1941 3118 1996 sive
3167 1941 3530 1997 blandimenta

1949 2028 2247 2096 carnalium
2306 2029 2628 2094 amicorum,
2683 2041 2738 2086 et
2803 2032 2981 2101 aliqua
3031 2033 3359 2101 hujusmodi.
3408 2035 3534 2090 ideo

1948 2135 2075 2174 vera
2099 2119 2359 2190 sapientia
2381 2119 2535 2187 jubet
2573 2132 2630 2176 ut
2656 2137 2866 2190 omnes,
2917 2122 3009 2192 qui
3037 2138 3157 2177 eam
3191 2133 3370 2179 mente
3405 2140 3531 2179 con-

1949 2212 2257 2281 cupiscunt,
2300 2221 2583 2268 transeant
2611 2224 2842 2269 cunctos
2886 2214 3192 2284 hujusmodi
3239 2216 3534 2281 obices;et

1948 2303 2014 2358 ad
2040 2304 2233 2374 ipsam,
2270 2303 2395 2358 dum
2429 2304 2573 2371 licet,
2607 2306 2794 2361 venire
2835 2305 3126 2371 festinent;
3161 2315 3215 2361 et
3243 2317 3532 2379 postquam

1949 2397 2015 2450 ad
2045 2411 2166 2451 eam
2198 2397 2463 2463 venerint,
2491 2412 2598 2450 non
2625 2407 2942 2452 remaneant
2967 2398 3534 2469 vacui,sedimplean-

1950 2495 2039 2541 tur
2063 2487 2480 2556 generationibus
2503 2485 2640 2554 ejus,
2677 2487 2726 2540 id
2754 2497 2857 2554 est,
2891 2489 3138 2543 sensibus
3165 2489 3535 2559 intelligentia:

1949 2590 2006 2636 et
2052 2580 2377 2652 prudentia,
2427 2594 2492 2634 ac
2524 2579 2816 2635 virtutibus
2845 2596 2980 2650 quas
3007 2596 3271 2652 generare
3298 2581 3437 2637 solet
3478 2581 3532 2636 iu

1948 2671 2034 2728 his
2063 2671 2152 2741 qui
2180 2671 2247 2724 ad
2279 2685 2338 2725 se
2361 2679 2672 2743 venerunt“

2019 2778 2316 2849 Sequitur:
2357 2776 2587 2845 Spiritus
2609 2777 2745 2830 enim
2777 2793 2919 2830 meus
2942 2793 3098 2845 super
3134 2775 3232 2830 mel
3258 2775 3449 2840 dulcis,
3477 2785 3527 2831 et

1941 2871 2228 2925 lucreditas
2263 2884 2376 2922 mea
2405 2883 2564 2935 super
2600 2867 2700 2921 mel
2736 2879 2782 2922 et
2815 2868 3012 2937 favum.
3052 2867 3306 2922 Memoria
3338 2884 3450 2921 mea
3479 2867 3533 2923 in

1947 2961 2304 3028 generationes
2335 2957 2672 3012 sa’culormn.
2697 2957 2817 3011 Ideo
2845 2959 3230 3012 transeundum
3253 2967 3336 3012 est
3357 2957 3423 3011 ad
3445 2958 3531 3013 di-

1949 3037 2127 3104 vinStu
2169 3050 2515 3120 sapientiam,
2553 3049 2776 3104 calcatis
2808 3048 3178 3104 dillieult'atum
3219 3048 3533 3117 obstaculis,

1948 3144 2074 3214 quia
2115 3145 2333 3213 spiritus
2379 3141 2515 3212 ejus,
2550 3158 2710 3212 quem
2758 3143 2988 3212 inspirat
3027 3143 3430 3197 transeuntilms
3466 3141 3533 3197 ad

1874 3243 1916 3300 C
1949 3251 2030 3301 se,
2060 3246 2142 3291 est
2168 3236 2326 3292 melle
2358 3236 2595 3302 dulcior;
2627 3245 2675 3290 et
2714 3235 2994 3288 Itwretlitas
3040 3233 3382 3303 setttpiterttw
3408 3233 3535 3287 bea-

1954 3330 2224 3394 titudinis,
2261 3343 2426 3398 quam
2467 3329 2549 3383 eis
2592 3327 2938 3397 prmparavit,
2988 3334 3211 3395 superat
3244 3326 3530 3380 dulcedine

1951 3421 2052 3476 mel
2075 3431 2121 3476 et
2151 3422 2349 3491 favum.
2389 3419 2496 3474 Mel
2545 3419 2703 3486 dicit,
2735 3428 2954 3489 prOpter
2995 3418 3204 3472 animas
3237 3417 3530 3486 justorum,

1952 3528 2074 3584 quae
2131 3497 2455 3583 corporibus
2509 3510 2697 3565 soluta:
2742 3508 2854 3578 jam
2910 3507 3170 3563 assistunt
3225 3507 3533 3576 couSpectui

1951 3603 2139 3676 glorim
2163 3603 2497 3666 Conditoris,
2546 3610 2601 3655 et
2629 3602 2767 3655 data:
2815 3611 2936 3654 sunt
2966 3599 3071 3654 illis
3119 3598 3340 3668 singula:
3385 3596 3533 3651 stola:

1951 3695 2084 3750 alba:
2105 3696 2288 3766 (Apoc.
2310 3710 2381 3759 vt,
2406 3695 2494 3764 ll)
2519 3707 2537 3746 :
2565 3692 2744 3747 favum
2766 3707 2911 3756 vero,
2935 3700 3154 3762 propter
3169 3689 3392 3753 electos,
3417 3699 3536 3758 post
3561 3758 3563 3760 η

1954 3790 2409 3843 resurrectionem
2442 3796 2549 3841 tam
2578 3785 2630 3842 in
2676 3786 3019 3856 corporibus,
3045 3799 3203 3853 quatn
3235 3783 3286 3837 in
3323 3784 3536 3836 anima-

1953 3879 2057 3934 bus
2092 3880 2145 3932 in
2184 3891 2416 3947 superno
2462 3893 2628 3947 regno
2675 3879 2887 3940 beatos,
2935 3874 3151 3944 quando
3175 3872 3285 3940 jam
3316 3872 3370 3924 in
3394 3881 3534 3924 terra

1952 3988 2050 4026 sua
2089 3969 2324 4040 duplicia
2357 3969 2690 4040 possidebunt
2739 3967 2875 4036 (lsa.
2916 3983 3026 4030 LXI,
3058 3966 3132 4034 7).
3183 3966 3361 4020 Favus
3387 3964 3534 4017 enim

1951 4070 2035 4116 est
2092 4060 2196 4116 mel
2249 4060 2303 4114 in
2353 4074 2510 4124 cera,
2547 4058 2860 4127 signiﬁcans
2910 4056 3147 4110 animam
3194 4055 3246 4109 in
3276 4068 3532 4123 corpore;

1953 4154 2094 4209 sicut
2125 4151 2233 4207 mel
2291 4150 2409 4206 sine
2459 4165 2584 4204 cera
2642 4150 2878 4202 animam
2909 4147 3024 4201 sine
3059 4161 3307 4216 corpore.
3343 4145 3448 4199 Sed
3479 4154 3534 4199 et

1952 4244 2204 4298 memoria
2233 4243 2512 4311 sapientize
2539 4240 2696 4294 istius
2719 4239 2822 4292 erit
2847 4238 2898 4291 in
2927 4237 3288 4308 generationes
3312 4234 3535 4289 siccato-

1954 4351 2092 4402 rum,
2125 4335 2248 4404 quia
2281 4333 2398 4387 laus
2439 4331 2556 4400 ejus
2588 4330 2899 4402 perenniter
2943 4330 3012 4384 ab
3061 4327 3251 4382 electis
3281 4329 3538 4383 decanta-

1953 4427 2121 4494 bitur,
2158 4437 2211 4482 et
2239 4426 2585 4481 adhaerentes
2618 4423 2718 4479 sibi
2748 4421 2911 4478 faciet
2941 4422 3180 4494 ejusdem
3204 4421 3379 4476 laudis
3413 4434 3535 4476 esse

1953 4517 2266 4588 participes.

2026 4629 2322 4699 Sequitur:
2358 4619 2462 4692 Qui
2491 4626 2650 4680 edunt
2701 4641 2802 4692 me,
2859 4625 3033 4678 adhuc
3062 4625 3327 4688 esurient;
3365 4631 3410 4675 et
3450 4621 3539 4691 qui

1955 4720 2133 4774 bibunt
2161 4736 2262 4783 me,
2290 4720 2461 4772 adhuc
2489 4719 2684 4772 sitient.
2725 4717 2824 4785 Qui
2855 4717 3034 4773 cordis
3066 4731 3162 4770 ore
3194 4715 3530 4770 dulcedinem

1953 4825 2097 4864 vera:
2130 4809 2408 4880 sapientia:
2457 4816 2695 4879 gustant,
2728 4817 2932 4877 quanto
2980 4808 3094 4876 ejus
3125 4820 3370 4875 saporem
3397 4817 3523 4856 scn-

1957 4901 2118 4965 tiuut,
2153 4908 2302 4954 tanto
2332 4900 2584 4968 magisiu
2630 4899 2904 4955 desiderio
2949 4902 3066 4970 ejus
3110 4899 3435 4959 ardescunt;
3479 4905 3540 4951 et

1959 5000 2164 5059 quanto
2196 4994 2316 5060 plus
2343 4990 2407 5044 de
2440 4990 2541 5043 hoc
2569 4998 2696 5060 potu
2741 4988 2952 5052 bibent,
2982 4996 3134 5042 tanto
3173 4984 3384 5039 avidius
3409 4999 3534 5039 eum

1958 5083 2174 5138 sitiunt.
2220 5081 2356 5135 Nam
2389 5081 2701 5151 spirituales
2749 5079 2954 5134 delicia:
3000 5092 3120 5131 cum
3163 5077 3454 5140 habentur,
3485 5076 3539 5130 in

1959 5173 2228 5229 desiderio
2277 5181 2432 5236 sunt;
2476 5181 2735 5239 tantoque
2759 5184 2790 5222 a
2817 5165 3137 5222 comedente
3161 5164 3394 5235 amplius
3409 5179 3543 5220 ‘esu-

1959 5266 2199 5332 riuntur,
2247 5273 2454 5335 quanto
2507 5270 2564 5316 et
2615 5261 2682 5315 ab
2724 5258 2999 5315 esuriente
3060 5253 3294 5326 amplius
3357 5269 3539 5311 come-

1958 5357 2176 5411 duntur.

2030 5469 2328 5539 Sequitur:
2360 5467 2464 5535 Qui
2498 5466 2646 5521 audit
2680 5481 2782 5532 me,
2815 5481 2918 5519 non
2951 5461 3309 5533 confundetur
3377 5471 3426 5518 et
3447 5463 3540 5535 qui

1959 5572 2242 5633 operantur
2265 5559 2319 5613 in
2346 5577 2443 5624 nte,
2484 5575 2586 5613 non
2614 5557 2925 5628 peccabunt.
2965 5554 3070 5621 Qui
3099 5553 3376 5612 Christum
3405 5556 3538 5612 obe-

1957 5651 2172 5706 dienter
2220 5649 2389 5713 audit,
2449 5664 2551 5701 non
2596 5645 2967 5715 confundetur,
3015 5644 3068 5700 id
3105 5653 3188 5702 est
3253 5659 3361 5699 non
3410 5657 3538 5702 eru-

1958 5717 2177 5800 bescet:
2212 5737 2337 5807 quia
2366 5727 2486 5792 cum
2530 5738 2737 5792 honore
2784 5752 2981 5806 magno
3028 5737 3134 5793 erit
3163 5736 3229 5791 ad
3259 5734 3539 5790 dexteram

1960 5833 2075 5904 ejus
2113 5833 2164 5888 in
2191 5830 2418 5903 judicio.
2456 5831 2518 5887 Et
2557 5831 2644 5904 qui
2692 5841 2980 5902 operantur
3011 5831 3063 5886 in
3097 5845 3182 5899 eo,
3217 5845 3319 5884 non
3356 5843 3539 5898 possit.
