4076 6288
535 352 636 409 591

854 346 915 401 S.
955 340 1257 400 ANSELMI
1297 334 1644 395 CANTUAR.
1678 329 1996 388 ABClIlEP.
2036 326 2186 383 OPP.
2238 323 2413 379 PARS
2445 322 2507 378 ll.
2548 352 2618 363 --
2657 315 3030 374 PABENET.
3068 314 3163 371 ET
3190 312 3438 372 ASCET.

3691 310 3803 367 59!

525 480 613 524 tur
644 467 696 520 in
721 464 915 530 campis
942 459 1104 526 hujus
1125 458 1281 512 olivm
1309 455 1651 522 speciositas,
1677 450 1804 521 quia
1831 448 1922 519 qui
1953 461 2104 501 cam-
2136 453 2184 512 Α
2218 444 2396 512 ungit,
2423 439 2663 511 ejusdem
2693 436 2965 491 unctionis
2989 434 3124 488 odor
3157 431 3388 485 validius
3432 430 3486 484 in
3518 436 3635 483 toto
3666 429 3807 484 orbo

525 573 783 633 pestrem,
812 558 860 610 id
886 565 966 611 est
1022 554 1182 606 latam
1206 561 1263 603 ct
1282 557 1574 619 agrestem,
1605 555 1661 599 ct
1684 549 1844 599 imam
1873 556 2101 596 conver-

528 629 799 709 sationem
829 647 1048 707 habent,
1095 643 1146 695 hi
1192 642 1463 710 praecipue
1496 634 1870 690 misericordia
1913 629 2111 685 Salva-

2208 533 2440 603 fragrat,
2472 540 2526 585 et
2553 531 2667 599 ipse
2692 528 2906 583 dulcius
2928 527 3151 581 odorem
3181 524 3389 577 notitia:
3417 538 3526 576 sua:
3549 536 3647 591 per
3672 534 3805 575 suos

2209 635 2404 680 unctos
2435 625 2488 677 in
2516 623 2661 677 mimi
2684 621 2804 675 loco
2820 618 3153 681 manifestat,
3184 626 3240 669 ut
3259 616 3457 683 ubique
3479 614 3526 666 ei
3554 612 3809 666 dicatur:

530 742 663 796 toris
691 738 950 805 indigent,
982 741 1039 786 et
1075 732 1141 784 ad
1183 745 1301 783 eam
1342 728 1614 795 respicere
1644 726 1838 778 solent.
1871 720 2005 775 Oleo
2037 717 2104 771 ad
2206 716 2333 771 Post
2357 727 2407 770 te
2432 730 2699 769 currcmus
2724 715 2777 766 in
2808 712 3020 765 odorem
3044 719 3431 779 unguentorum
3454 718 3696 758 tuarum.

534 829 871 901 repellendas
895 824 1133 878 noctium
1169 820 1621 874 tenebraslnmcn
1654 816 1838 879 alitur,
1874 811 2107 867 inﬁrmi-

533 933 667 976 tates
704 918 1009 979 solvuntur,
1045 926 1099 968 ct
1130 914 1353 982 requies
1379 913 1534 965 lassis
1565 910 1820 962 tribuitur
1847 922 1860 959 :
1893 906 1971 960 sic
1990 919 2108 975 gra-

531 1018 605 1068 tia
648 1009 1034 1066 misericordia:
1081 1004 1390 1060 Solvatoris
1425 1002 1601 1056 nostri
1647 1001 1820 1054 lucem
1878 997 1999 1051 l‘tdci
2054 1004 2110 1051 et

534 1102 821 1161 charitatis
849 1117 911 1154 ac
940 1099 1183 1154 scientia:
1216 1097 1265 1149 in
1300 1095 1453 1149 nobis
1480 1094 1695 1156 alendo,
1723 1090 1972 1144 tenebras
2015 1102 2115 1141 no-

542 1206 683 1251 stras
722 1192 1009 1250 ilhiininat,
1040 1198 1093 1242 et
1123 1188 1426 1241 animarum
1452 1194 1755 1237 nostrarum
1782 1180 1999 1234 morbos
2023 1192 2114 1231 sa-

534 1294 650 1351 nat,
678 1300 741 1337 ae
765 1281 945 1337 saeculi
978 1277 1437 1347 concupiscentiis
1477 1276 1730 1341 fatigatos
1771 1269 2112 1338 requiescere

536 1393 636 1432 nos
662 1382 840 1429 mente
869 1372 1001 1425 l‘acit
1030 1371 1081 1423 in
1118 1377 1426 1436 contemptu
1468 1365 1667 1418 szeculi.
1709 1362 1941 1416 Grandis
1964 1361 2109 1413 enim

533 1470 689 1522 labor
718 1466 823 1527 est,
855 1461 1088 1517 terrenis
1106 1457 1384 1513 desideriis
1405 1464 1663 1518 mstuarc;
1691 1462 1745 1507 ct.
1778 1450 1999 1522 grandis
2033 1465 2115 1502 rc-

534 1557 711 1626 quics,
743 1562 957 1606 terrena
990 1566 1095 1604 non
1124 1548 1461 1602 desiderare.

609 1642 904 1710 Sequitur:
960 1636 1026 1690 Et
1071 1639 1222 1708 quasi
1253 1635 1498 1705 platanus
1532 1634 1761 1687 exaltata
1802 1648 1917 1685 sum
1952 1631 2113 1701 juxta

535 1747 725 1804 aquam
740 1733 791 1785 in
802 1729 1147 1800 plateis.Cum
1160 1726 1405 1795 platanus
1420 1740 1583 1795 perse
1603 1726 1770 1794 ipsam
1784 1724 1856 1777 sit
1870 1723 2115 1778 sublimis

2286 810 2589 878 Sequitur:
2633 806 2803 871 Quasi
2841 804 3056 873 myrrha
3105 802 3288 863 electa,
3325 801 3444 853 dedi
3487 799 3807 851 suavitatem

2209 901 2404 955 odoris.
2442 898 2660 968 Myrr/ta
2693 903 2918 950 mortem
2972 892 3353 962 Redemptoris
3390 890 3588 952 nostri,
3634 886 3792 955 cujus

2214 1008 2345 1048 caro
2367 990 2774 1060 corruptionem
2813 1002 2918 1041 non
2948 986 3100 1049 vidit,
3150 982 3461 1054 significat:
3506 981 3637 1050 quia
3674 994 3813 1033 caro

2219 1094 2454 1149 mortua,
2489 1097 2609 1152 qua}
2633 1080 2868 1150 myrrha:
2893 1078 3145 1131 conditur
3179 1076 3453 1137 unctione,
3494 1088 3599 1125 non
3628 1078 3811 1139 potest

2212 1186 2544 1245 putrescere.
2597 1172 2751 1227 Unde
2812 1180 2868 1225 et
2924 1169 3039 1223 hzee
3088 1166 3302 1236 myrrha
3353 1165 3553 1218 dicitur
3595 1163 3809 1215 electa:

2213 1267 2343 1336 quia
2380 1280 2528 1320 mors
2565 1260 2779 1317 Domini
2829 1258 3183 1328 singulariter
3224 1272 3287 1310 ex
3318 1254 3560 1309 omnium
3592 1259 3811 1305 sancto-

2218 1372 2340 1411 rum
2366 1354 2634 1409 mortibus
2663 1351 2827 1404 electu
2859 1348 2983 1414 fuit,
3002 1362 3097 1417 per
3125 1361 3286 1416 quam
3317 1357 3507 1397 omnes
3538 1341 3808 1394 viverent.

2213 1449 2445 1518 ideoque
2472 1445 2633 1500 talem
2682 1457 2830 1497 mors
2871 1441 2974 1495 ista
3006 1439 3319 1493 suavitatem
3360 1435 3539 1489 odoris
3576 1432 3814 1503 prmbet,

2215 1540 2427 1612 qualem
2453 1552 2612 1592 nemo
2642 1534 2806 1589 alium
2836 1533 3040 1589 sentire
3082 1538 3293 1601 potuit;
3330 1528 3404 1582 ita
3450 1536 3506 1579 ut
3537 1524 3655 1593 ejus
3686 1522 3798 1576 fra-

2216 1631 2399 1702 gantia
2432 1628 2758 1682 reviviscunt
2782 1624 3006 1679 mortui.

2291 1722 2551 1790 Sequitur
2578 1736 2590 1772 :
2628 1716 2696 1771 Et
2721 1716 2872 1787 quasi
2893 1726 3100 1779 storax,
3126 1721 3172 1765 et
3201 1710 3483 1782 galbamts,
3507 1717 3555 1761 et
3587 1703 3817 1775 ungula,

534 1800 591 1876 et
614 1837 845 1884 alumna,
873 1828 1120 1889 respectu
1150 1828 1326 1871 tamen
1369 1815 1630 1885 proxima:
1661 1814 1937 1867 inferioris
1970 1828 2123 1882 aqua:
2154 1812 2198 1871 Β
2226 1826 2272 1871 et
2305 1823 2474 1886 gutta,
2500 1822 2545 1866 et
2582 1811 2733 1882 τιτι(ιεί
2779 1808 3011 1862 Libanus
3038 1822 3139 1860 non
3186 1805 3405 1867 incisus,
3436 1800 3686 1870 reparavi
3708 1803 3813 1851 lia-

540 1916 824 1970 sublimior
853 1921 1076 1982 apparet
1122 1920 1177 1964 et
1199 1905 1487 1979 jucundior
1514 1924 1530 1961 :
1560 1907 1637 1961 sic
1669 1916 1723 1961 et
1746 1906 2000 1959 Deminus
2030 1904 2119 1960 Je-

539 2021 648 2065 sus.
682 2020 803 2059 cum
841 2018 937 2071 per
966 2003 1201 2070 scipsum
1242 1997 1737 2068 incomparabiliter
1766 1997 1835 2050 sit
1873 1996 2123 2051 excelsus

540 2108 595 2152 et
625 2096 927 2165 speciosus,
954 2101 1201 2161 respectu
1229 2100 1404 2145 tamen
1439 2088 1665 2158 subjecti
1692 2088 2123 2142 Christianorum

539 2188 749 2260 populi,
783 2186 875 2255 qui
904 2199 998 2255 per
1041 2198 1240 2253 aquam
1272 2182 1611 2251 designatur,
1632 2179 1900 2234 excelsior
1929 2188 1983 2233 et
2008 2178 2125 2249 glo-

547 2280 749 2333 riosior
772 2282 1019 2347 apparet,
1052 2275 1105 2327 in
1150 2272 1356 2343 plateis,
1388 2273 1436 2324 id
1470 2280 1573 2335 est,
1597 2270 1647 2324 in
1672 2270 2046 2324 latitudinibus
2073 2276 2130 2323 et

542 2369 732 2423 mundi
779 2377 834 2421 et
869 2364 1058 2435 auiplie
1103 2361 1552 2417 conversationis.
1591 2360 1647 2415 Si
1687 2360 1831 2415 enim
1878 2359 2000 2412 vitae
2031 2374 2129 2413 no-

542 2472 670 2515 stra:
692 2460 1094 2515 consideremus
1144 2454 1525 2520 humilitatem,
1548 2464 1601 2507 et
1639 2453 1705 2507 ad
1749 2451 2126 2507 excellentiam

543 2547 997 2613 conversationis,
1022 2560 1182 2615 quam
1214 2543 1464 2599 Christus
1493 2544 1633 2597 inter
1660 2543 1906 2597 homines
1949 2542 2125 2607 duxit,

543 2640 901 2710 respiciamus
920 2654 939 2701 ;
956 2650 1118 2706 quam
1147 2633 1393 2689 sublimis
1419 2634 1521 2687 erit
1541 2633 1594 2686 in
1615 2632 1790 2688 oculis
1814 2632 2013 2685 nostris
2038 2631 2126 2685 ilia

544 2730 663 2799 ejus
689 2727 1059 2786 conversatio?
1091 2725 1225 2779 Nam
1276 2735 1333 2779 ut
1380 2724 1627 2793 platanus
1648 2724 1808 2792 juxta
1856 2723 2134 2778 subterio~

548 2838 663 2879 rem
695 2836 886 2891 aquam
926 2830 1008 2872 est
1031 2817 1319 2881 cxaltatus,
1355 2816 1405 2868 id
1447 2824 1551 2878 cst,
1587 2815 1842 2882 sub,ect.'e
1891 2813 2127 2868 fidelium

551 2914 694 2984 plebi
718 2911 996 2982 proximus
1016 2920 1068 2962 et
1094 2907 1486 2977 superpositus.
1514 2907 1650 2959 lline
1674 2916 1727 2961 et
1755 2906 2039 2960 Psalmista
2063 2906 2130 2960 de

551 3004 645 3059 illo
672 3004 928 3058 dixerat:
965 3000 1029 3053 Et
1053 3001 1149 3052 erit
1197 3008 1448 3067 tauquam
1494 2996 1715 3065 lignum,
1752 2997 1891 3066 quod
1920 2998 2130 3066 planta-

549 3105 661 3147 tum
708 3102 783 3147 cst
832 3106 980 3145 secus
1020 3089 1271 3143 decursus
1316 3104 1573 3157 aquarum
1620 3085 1793 3157 (Psal.
1834 3102 1878 3151 ι,
1930 3091 2023 3157 ti);
2077 3087 2129 3141 id

2228 1909 2530 1965 bitationem
2574 1906 2763 1966 meum,
2814 1910 2862 1955 et
2911 1900 3062 1970 quasi
3116 1897 3409 1951 balsamum
3454 1909 3558 1946 non
3602 1893 3824 1943 inistuno

2229 2001 2359 2054 odor
2381 2014 2547 2051 meus.
2593 1993 2787 2050 Storax
2816 2008 2938 2048 esse
2968 1992 3141 2046 fertur
3178 1988 3341 2042 arbor
3369 1984 3666 2048 odorifero,
3696 1999 3823 2053 qua:

2228 2089 2371 2144 sicut
2416 2087 2626 2142 arundo
2676 2100 2809 2140 cava
2863 2092 2946 2139 est
2978 2084 3145 2147 intus,
3175 2092 3230 2137 et
3258 2098 3424 2138 succo
3452 2083 3644 2153 plena;
3682 2091 3737 2137 et
3765 2084 3825 2136 in

2228 2181 2472 2244 Christo,
2523 2178 2618 2248 qui
2667 2185 2752 2233 est
2796 2176 3001 2246 lignum
3050 2177 3173 2229 vitae
3214 2176 3567 2238 odoriferum,
3614 2175 3823 2229 habitat

2229 2275 2397 2328 omnis
2426 2272 2695 2343 plenitudo
2734 2270 3043 2325 Divinitatis
3084 2269 3430 2339 corporaliter
3462 2267 3605 2338 (Col.
3652 2284 3717 2330 tt,
3739 2268 3824 2333 9).

2230 2365 2531 2419 Galbanum
2562 2364 2769 2427 dicunt,
2822 2360 3130 2417 confectum
3182 2376 3246 2419 ex
3294 2360 3629 2431 aromaticis.
3676 2360 3739 2412 Et
3769 2358 3823 2411 in

2229 2455 2449 2511 Christo
2471 2465 2552 2509 cst
2573 2454 2815 2507 omnium
2842 2452 3201 2522 spiritualium
3227 2452 3483 2505 virtutum
3508 2452 3749 2505 omnimo
3773 2451 3823 2503 Pa

2230 2547 2525 2618 plenitudo.
2563 2543 2771 2615 Ungula
2801 2559 3017 2614 quoque
3045 2543 3244 2597 dicitur
3268 2543 3338 2596 ab
3364 2554 3656 2613 unguento.
3689 2542 3823 2610 quia

2234 2638 2503 2707 prurcipua
2535 2645 2619 2690 est
2653 2636 2719 2688 ad
2752 2635 3123 2703 unguendum,
3168 2642 3223 2688 ct
3243 2633 3486 2702 designat
3520 2633 3828 2703 spiritale-na

2232 2729 2530 2783 Salvatoris
2578 2728 2911 2791 unctionem,
2962 2727 3035 2779 de-
3074 2742 3179 2794 qua
3228 2724 3468 2780 Joannes
3520 2727 3637 2779 ait:
3672 2724 3822 2779 Sicut

2230 2821 2408 2874 unctio
2459 2819 2574 2890 ejus
2629 2819 2775 2871 docct
2810 2834 2897 2871 eos
2937 2817 3001 2870 de
3036 2816 3274 2870 omnibus
3321 2816 3369 2887 (Ι
3398 2815 3560 2870 Joau.
3590 2832 3653 2879 tt,
3701 2817 3820 2887 27).

2234 2911 2394 2967 Culta
2440 2926 2569 2966 vero
2615 2910 2826 2980 species
2865 2922 2986 2963 esse
3023 2910 3356 2963 medicorum
3406 2908 3723 2979 perhibetur
3752 2909 3827 2963 ad

2236 3011 2503 3057 tumorem
2543 3002 2843 3056 sanandum
2889 3000 3105 3066 idonea,
3149 3011 3202 3054 ct
3228 3003 3294 3052 ad
3328 2999 3738 3068 deprimendum
3770 3008 3830 3054 et

2235 3093 2686 3162 exstinguendum
2720 3106 2984 3144 venenum
3016 3107 3028 3143 :
3061 3098 3117 3144 et
3146 3090 3420 3161 significat
3452 3089 3825 3144 humilitatem

551 3195 655 3251 est,
694 3201 789 3256 per
835 3182 1150 3256 mysterium
1179 3180 1567 3235 incarnationis
1613 3180 1943 3249 eritpositus
1976 3178 2134 3247 juxta

2241 3189 2475 3253 Domini,
2506 3203 2627 3257 qum
2667 3185 3062 3240 mmlieinaliter
3090 3194 3247 3238 sanat
3281 3193 3546 3238 tumorem
3572 3183 3830 3238 elationis

520 3281 733 3351 lapsus
756 3278 1105 3333 detinentium
1138 3274 1483 3344 populorum.
1517 3272 1717 3327 Platcu:
1759 3287 1907 3337 vero,
1947 3272 2131 3326 latitu-

553 3372 709 3428 dines
737 3372 1021 3441 designare
1056 3368 1270 3423 solent:
1318 3366 1370 3421 id
1416 3377 1522 3432 est,
1562 3376 1617 3421 et
1660 3367 1869 3435 amplas
1910 3382 2139 3421 conver-

552 3466 814 3529 sationes,
845 3465 897 3516 in
922 3463 1116 3530 quibus
1145 3461 1449 3530 spatiantur
1478 3459 1568 3527 qui
1605 3459 1711 3512 vita
1747 3450 1885 3512 'sunt
1913 3458 2139 3513 inferio-

553 3570 642 3609 res
663 3564 716 3607 et
744 3552 959 3616 labiles;
996 3560 1054 3603 ut
1074 3566 1213 3618 aqua
1238 3559 1295 3603 et
1317 3550 1502 3602 inundi
1527 3549 1663 3601 latas
1694 3548 1975 3617 regiones:
2008 3546 2136 3616 quia

555 3644 743 3703 Grtcce
766 3646 957 3704 πλατος
984 3643 1180 3695 dicitur
1213 3641 1459 3694 latitudo.

628 3736 883 3804 Sequitur
911 3751 932 3786 ι
956 3731 1103 3786 Sicut
1156 3732 1553 3784 cinnamomum
1594 3738 1640 3783 et
1679 3726 1971 3782 balsamum
2020 3743 2149 3781 aro-

560 3824 821 3880 matisaus
851 3825 1065 3875 odorem
1091 3822 1232 3873 dedi.
1266 3818 1667 3871 Cinnamomum
1698 3818 1895 3871 dicitur
1915 3832 1979 3871 eo
2001 3817 2141 3885 quod

559 3926 750 3971 cortex
769 3916 885 3984 ejus
917 3916 969 3967 in
994 3914 1210 3966 niodutn
1234 3926 1421 3965 eamne
1443 3911 1513 3964 sit
1538 3910 1802 3964 rotundus
1823 3920 1876 3963 et
1900 3909 2139 3979 gracilis.

561 4007 653 4061 Est
684 4006 826 4059 enim
860 4002 1179 4057 brevissima
1202 4000 1486 4054 arbuscula
1516 4000 1695 4070 virgas
1721 3999 2003 4069 proferens
2022 4015 2146 4069 gra-

561 4098 851 4151 cilissimas
876 4111 937 4149 ac
979 4094 1270 4163 pretiosas.
1310 4092 1444 4146 Nam
1475 4091 1525 4145 id
1549 4092 1687 4159 ejus,
1727 4092 1869 4160 quod
1913 4091 1965 4144 in
1996 4106 2147 4144 cras-

558 4189 813 4252 situdine,
844 4187 893 4239 id
920 4196 1003 4240 est
1054 4184 1439 4253 grossituiline,
1482 4182 1815 4248 extenditur,
1867 4181 2145 4251 despectui

560 4289 677 4344 est;
710 4278 851 4347 quod
902 4292 1033 4330 vero
1075 4277 1328 4345 gracilius
1355 4276 1697 4345 prevenerit,
1733 4276 1993 4330 eximimu
2038 4282 2141 4329 est.

562 4369 963 4423 Cinuantomum
1007 4382 1138 4437 ergo
1184 4367 1490 4435 signiﬁcare
1529 4366 1745 4419 videtur
1788 4364 2145 4419 humilitatem

561 4462 786 4527 Christi,
834 4475 995 4528 quam
1039 4459 1332 4528 ρπιεάἰςυιιι
1373 4458 1672 4527 Scriptura;
1718 4472 1909 4521 canna,
1966 4456 2019 4510 id
2063 4464 2146 4510 est

564 4552 804 4617 calamo,
823 4552 999 4612 factae,
1028 4550 1336 4620 qumvirgas
1358 4549 1529 4619 gignit
1551 4549 1941 4618 gracilissimas
1956 4558 2009 4602 et
2025 4564 2147 4618 pre-

566 4646 755 4708 tiosas,
796 4643 847 4696 id
879 4650 982 4707 est,
1026 4650 1241 4696 sanctos
1263 4641 1563 4709 disciplinis
1599 4640 1972 4710 spiritualibus
2000 4647 2149 4693 exte-

566 4744 783 4799 nuatos,
814 4732 908 4803 qui
939 4732 1180 4787 membra
1230 4740 1356 4786 sunt
1382 4730 1520 4799 ejus.
1554 4730 1685 4785 Nam
1715 4730 2023 4800 spirituales
2048 4732 2149 4785 viri

567 4829 620 4884 in
657 4842 721 4882 eo
748 4835 875 4881 sunt
914 4824 1167 4896 pretiosi;
1209 4823 1461 4878 carnales
1489 4832 1670 4877 autem
1712 4823 1985 4877 trahentur
2015 4836 2149 4877 cou-

568 4917 813 4987 temptui.
850 4914 1159 4969 Balsamum
1200 4928 1415 4983 quoque
1465 4912 1914 4982 pretiosissimum
1946 4921 2051 4977 est,
2098 4919 2154 4966 et

567 5017 946 5065 consecratum
989 5006 1051 5060 lit
1075 5006 1335 5067 chrisma,
1380 5020 1489 5074 quo
1513 5018 1705 5058 omnes
1729 5002 2025 5058 Christiani
2053 5019 2153 5056 un-

568 5099 767 5169 gimur.
794 5106 851 5153 et
891 5098 1163 5167 signilieat
1200 5106 1255 5150 et
1280 5094 1559 5151 Christum
1597 5102 1652 5148 et
1694 5094 2005 5148 unctionem
2033 5091 2155 5163 Spi-

572 5191 708 5246 ritus
723 5190 870 5259 cjus;
906 5191 970 5244 de
1000 5205 1106 5259 qua
1130 5188 1366 5244 Joannes
1387 5189 1501 5242 ait:
1541 5184 1644 5241 Vos
1676 5188 1974 5241 unctionem
1997 5186 2156 5240 Imbe-

570 5284 635 5337 tis
658 5299 689 5335 a
721 5293 926 5346 sancto,
959 5291 1004 5335 et
1030 5282 1192 5335 nostis
1216 5281 1391 5335 omnia
1424 5282 1471 5346 (I
1500 5277 1661 5332 Joan.
1698 5293 1758 5340 tt,
1783 5276 1897 5343 2'0).
1938 5275 2157 5331 Utrum-

571 5389 677 5443 que
708 5388 855 5437 vero,
889 5373 941 5427 id
990 5382 1072 5429 est
1100 5382 1158 5427 et
1199 5373 1588 5425 cinnamomum
1622 5380 1668 5424 et
1710 5368 2024 5431 balsamum,
2056 5368 2160 5422 mi-

573 5466 825 5521 rabiliter
853 5468 1087 5531 redolet;
1114 5478 1169 5520 et
1198 5465 1454 5529 niaxime,
1493 5466 1621 5517 dum
1663 5463 1788 5532 quis
1808 5479 1872 5517 eo
1901 5462 2160 5516 aromati-

577 5569 757 5615 zatnr.
817 5560 969 5616 Unde
1026 5577 1168 5615 nunc
1216 5559 1369 5615 odori
1417 5560 1702 5628 utriusque
1751 5556 2159 5611 aromatizantis

576 5654 799 5707 odorem
845 5667 1000 5706 suum
1059 5653 1313 5708 Christus
1372 5651 1699 5704 similatur:
1747 5649 1871 5719 quia
1928 5648 2055 5701 dum
2107 5648 2159 5700 in

575 5741 730 5802 omni
752 5753 911 5814 gente
936 5753 991 5799 ct
1036 5745 1255 5801 natione
1299 5744 1586 5799 credentes
1629 5742 1771 5815 dono
1794 5740 1877 5799 sui
1926 5740 2160 5811 Spiritus

2243 3280 2404 3351 158
2430 3289 2651 3342 nostra),
2705 3287 2760 3333 et
2807 3278 2990 3331 omnia
3040 3276 3295 3331 vitiorum
3330 3292 3537 3330 venena
3579 3273 3830 3344 perimit.

2238 3370 2470 3425 Libauus
2501 3371 2754 3435 estthus,
2803 3377 2851 3422 et
2890 3369 3070 3438 potius
3115 3368 3279 3421 arbor
3325 3366 3502 3420 thuris
3548 3365 3832 3420 Christum

2241 3463 2559 3532 designans,
2596 3463 2686 3532 qui
2740 3461 2943 3531 lignum
2996 3470 3077 3514 cst
3110 3461 3251 3523 vitm,
3299 3468 3355 3514 et
3388 3459 3627 3513 fructum
3659 3459 3832 3528 gignit

2242 3552 2598 3615 odoriferam,
2624 3552 2716 3621 qui
2765 3552 2872 3604 Deo
2904 3560 3177 3605 cremetur
3208 3552 3260 3605 in
3286 3550 3631 3606 sacriﬁcium.
3670 3548 3839 3600 Liba-

2243 3658 2340 3695 nus
2371 3660 2473 3697 non
2506 3645 2737 3707 incisus;
2768 3650 2961 3712 sponte
3013 3642 3222 3712 profert
3272 3658 3337 3698 ex
3385 3657 3443 3696 se
3474 3642 3599 3696 thus
3629 3642 3836 3695 odora-

2245 3733 2370 3796 tius,
2426 3732 2631 3787 incisus
2679 3748 2811 3788 vero
2860 3733 3204 3802 compellitur
3257 3732 3504 3802 proferre
3557 3730 3683 3785 tltus
3723 3745 3837 3785 non

2245 3824 2384 3879 tanti
2418 3826 2651 3879 odo‘ris:
2697 3835 2752 3880 et
2798 3826 3054 3881 Christus
3104 3835 3161 3879 ut
3198 3826 3434 3879 Libanvs
3482 3840 3589 3878 non
3632 3825 3841 3878 incisus

2244 3922 2437 3982 sponte
2470 3914 2641 3968 edidit
2670 3916 2853 3969 omnia
2916 3932 3036 3986 qua:
3082 3916 3133 3970 iu
3168 3931 3333 3970 carne
3365 3918 3551 3987 gessit,
3600 3918 3840 3986 ideotu

2246 4003 2443 4058 melius
2482 4005 2752 4061 redoleas.
2808 4005 2916 4061 Nos
2973 4015 3177 4071 autem,
3226 4017 3285 4061 ut
3332 4008 3537 4065 incisus
3571 4009 3833 4073 Libanus.

2246 4108 2388 4164 sarpe
2424 4096 2671 4163 cogitatur
2702 4096 2858 4149 inviti
2903 4098 3105 4151 liouum
3151 4098 3333 4153 facere
3368 4101 3512 4170 quod
3563 4101 3671 4155 vile
3720 4111 3837 4166 est,

2246 4196 2301 4240 et
2331 4202 2517 4256 parum
2568 4188 2835 4242 redoleas.
2886 4186 3011 4243 llzee
3064 4190 3278 4253 omnia,
3330 4206 3449 4260 quae
3492 4208 3640 4247 nunc
3686 4194 3837 4248 dicta

2248 4287 2394 4340 sunt,
2427 4278 2480 4331 id
2528 4287 2629 4340 est,
2658 4288 2862 4342 storax,
2912 4280 3190 4348 galbanus,
3243 4296 3307 4334 ac
3336 4283 3555 4351 ungula,
3583 4293 3631 4336 et
3662 4300 3733 4352 gn
3760 4295 3837 4348 ta,

2248 4383 2346 4423 nec
2368 4384 2472 4422 non
2501 4379 2556 4423 et
2582 4368 3105 4437 Libauus,optitnunt
3131 4370 3260 4423 dant
3282 4371 3526 4435 odorem,
3552 4382 3607 4426 et
3633 4373 3698 4425 lo.
3722 4391 3840 4439 um,

2179 4495 2224 4551 ι)
2251 4458 2301 4512 in
2332 4474 2440 4527 quo
2467 4468 2621 4525 sunt,
2651 4460 2775 4515 inde
2818 4461 3023 4530 replent
3052 4461 3171 4515 :sic
3194 4471 3249 4516 et
3280 4463 3528 4517 Christus
3565 4464 3736 4519 odore
3776 4482 3845 4521 ac

2249 4547 2431 4603 calore
2451 4564 2553 4603 suo
2593 4558 2823 4620 vaporat
2870 4550 3246 4605 habitationem
3280 4568 3478 4606 suam:
3521 4554 3647 4622 quia
3684 4569 3842 4608 men-

2252 4649 2359 4695 tem
2395 4656 2558 4710 quam
2583 4641 2875 4710 inhabitat,
2905 4642 3087 4697 calore
3109 4658 3222 4698 suae
3245 4642 3553 4699 dilectionis
3582 4654 3639 4699 et
3668 4647 3843 4699 odoro

2251 4748 2361 4787 sua:
2390 4733 2698 4787 sanctitatis
2727 4733 2918 4803 replet.
2966 4733 3118 4789 Mens
3149 4733 3292 4788 enim
3312 4773 3328 4797 ,
3372 4749 3492 4803 qua:
3529 4750 3636 4788 non
3675 4736 3845 4789 sentit

2252 4828 2471 4882 Morem
2502 4826 2665 4881 istum
2689 4836 2746 4882 et
2769 4827 3034 4892 calorem,
3062 4828 3288 4881 necdum
3319 4827 3523 4882 Christi
3552 4837 3639 4882 est
3683 4829 3843 4883 habi-

2255 4914 2514 4969 taculum.
2558 4914 2866 4969 Balsamum
2915 4931 3069 4984 vero,
3098 4918 3185 4971 cui
3222 4917 3402 4986 liquor
3443 4917 3581 4971 alius
3623 4934 3730 4972 non
3762 4932 3846 4974 est

2256 5006 2548 5072 immisms,
2581 5008 2754 5076 magis
2778 5007 2985 5062 redolet
3015 5026 3029 5060 :
3061 5007 3185 5077 quia
3208 5007 3411 5063 Christi
3439 5008 3724 5071 sanctitas,
3754 5010 3849 5064 cui

2255 5096 2459 5151 nullum
2488 5112 2727 5167 unquam
2760 5106 3043 5167 peceatum
3069 5097 3359 5153 immisceri
3396 5099 3593 5167 potuit,
3626 5101 3848 5154 suavio-

2258 5202 2373 5243 rem
2403 5204 2566 5259 quam
2591 5190 2773 5245 cmteri
2806 5190 2981 5243 sancti
3006 5189 3206 5260 przcbct
3230 5191 3481 5245 odorem.

2332 5280 2637 5351 Sequitur:
2668 5279 2783 5351 Ego
2840 5282 2993 5351 quasi
3045 5268 3363 5335 terebinthus
3414 5281 3630 5335 extendi
3671 5299 3852 5337 ranos

2258 5388 2417 5436 meos,
2450 5383 2497 5426 et
2525 5375 2659 5426 rami
2689 5375 2789 5428 mei
2813 5375 3030 5429 honoris
3060 5386 3105 5428 et
3134 5377 3340 5445 gratim.
3388 5374 3728 5430 Tercbiutbus
3765 5386 3852 5433 est

2261 5466 2423 5520 arbor
2449 5481 2663 5535 magna,
2692 5478 2747 5521 et
2779 5468 3023 5537 ingentes
3054 5466 3363 5537 multosque
3393 5482 3575 5521 ramos
3605 5468 3855 5536 undique

2260 5560 2614 5627 protendens,
2638 5574 2758 5627 qtne
2787 5560 3016 5613 resinam
3047 5559 3220 5628 gignit
3254 5558 3608 5613 aromaticam
3637 5566 3692 5611 ct
3734 5575 3856 5612 mes

2262 5648 2575 5711 dicinalem,
2611 5651 2974 5719 omnibusque
3003 5650 3197 5704 resiuis
3223 5651 3345 5705 aliis
3370 5650 3812 5721 praestantiorem
3834 5667 3857 5703 ε

2263 5750 2317 5797 et
2350 5740 2603 5799 Christus
2639 5742 2786 5803 velut
2828 5742 2995 5798 arbor
3023 5743 3309 5811 immensa,
3359 5741 3652 5814 discipulos
3695 5754 3855 5802 suos.
