4076 6288
260 423 376 480 593

1343 421 1651 480 ΗΟΜΙΜᾹΞ
1683 423 1775 480 ΕΤ
1802 423 2408 483 ΕΧΗΟΠΤᾸΉΟΝΕΞ.

3413 439 3523 497 591

259 534 418 610 quasi
451 548 633 590 ramos
660 533 902 589 extendit
926 532 992 617 in
1036 549 1226 592 omnes
1256 539 1440 594 mundi
1474 548 1674 609 partes,
1706 539 1850 595 TltO".
1875 541 1923 603 Α
1951 541 2239 613 consequi;
2290 558 2414 599 cum
2438 536 2443 543 ’
2471 543 2585 616 ipse.
2642 544 2892 605 Christus
2943 550 3016 607 sit
3068 554 3268 613 veritas
3316 565 3371 613 et
3423 560 3533 619 vita

259 644 406 684 mam
454 634 509 682 et
539 627 1000 682 Barthoiommum
1046 626 1100 682 in
1155 627 1389 697 Indiam,
1435 631 1747 689 Matthaaum
1789 634 1846 691 in

258 718 624 788 tEthiopiam,
653 715 917 773 Joannem
951 720 1004 772 in
1050 718 1258 788 Asiam,
1306 719 1576 778 Andream
1615 733 1670 779 et
1720 724 1849 780 Phi-

257 808 463 877 lippum
497 806 549 861 in
583 806 883 878 Scythiam.
914 807 1136 862 Petrum
1175 810 1228 864 in
1272 811 1499 878 ltaliant,
1533 812 1765 869 Paulum
1790 815 1844 871 in

258 896 614 968 Hispaniam,
642 905 698 951 et
732 906 960 954 cazteros
987 899 1040 954 in
1075 909 1303 957 caeteras
1332 903 1480 959 orbis
1511 905 1718 977 plagas.
1750 906 1847 963 Vel

256 989 425 1053 rami,
450 1005 595 1063 quos
628 991 892 1055 extendit,
921 1005 1087 1061 opera
1114 1001 1262 1059 sunt,
1294 1010 1416 1066 quas
1452 995 1504 1050 in
1530 1012 1696 1053 carne
1728 1014 1846 1070 ges-

253 1083 349 1136 sit.
391 1080 459 1136 Et
486 1095 562 1137 ex
594 1081 701 1146 his,
746 1089 803 1135 et
828 1083 1107 1151 operibus,
1154 1084 1241 1140 vel
1280 1086 1585 1158 discipulis,
1636 1088 1849 1161 profert

256 1172 377 1242 ipse
410 1173 649 1229 resinam
681 1172 944 1242 spiritalis
974 1175 1188 1247 gratiae,
1221 1191 1343 1247 quae
1368 1179 1650 1236 medeatur
1671 1182 1850 1238 omni-

255 1266 382 1333 bus,
413 1276 468 1322 et
498 1266 847 1337 praestantior
886 1266 957 1321 sit
995 1269 1266 1325 universis
1289 1271 1768 1341 prazdicationibus
1793 1282 1849 1331 et

254 1361 429 1431 gestis
463 1358 797 1416 Testamenti
843 1357 1075 1415 Veteris.
1105 1361 1174 1416 Et
1216 1363 1349 1417 rami
1375 1362 1493 1431 ejus
1523 1373 1655 1420 sunt
1680 1365 1846 1421 Itono-

253 1452 334 1527 eis
353 1461 412 1506 et
440 1452 666 1521 gratiae:
696 1451 822 1521 quia
836 1460 900 1506 et
921 1451 1165 1522 discipuli
1197 1450 1335 1521 ejus,
1366 1461 1423 1508 et
1460 1461 1615 1510 actus
1641 1453 1838 1523 ipsius,

255 1542 419 1601 Valde
446 1552 573 1598 sunt
600 1542 948 1599 honorabiles
962 1552 1018 1598 et
1044 1544 1309 1613 gratiosi;
1337 1545 1670 1615 quoniamet
1689 1543 1847 1599 laude

257 1632 407 1702 digni
446 1641 592 1700 sunt,
627 1643 682 1688 et
709 1631 844 1688 Novi
884 1633 1221 1691 Testamenti
1267 1636 1498 1708 gratiam
1536 1635 1848 1693 hominibus

256 1725 517 1782 afferunt.
1264 1742 1267 1747 '

328 1819 631 1891 Sequitur:
668 1820 782 1892 Ego
828 1818 983 1891 quasi
1024 1824 1140 1879 uitis
1186 1819 1500 1894 fructi/icavi
1537 1803 1846 1880 suavitatem

253 1911 483 1967 odoris:
518 1926 564 1965 et
592 1912 752 1976 ﬂores
795 1913 895 1966 mei
932 1911 1135 1983 fructus
1183 1886 1398 1969 honoris
1444 1926 1491 1970 et
1539 1916 1844 1971 honestatis.
1876 1886 1923 1947 Β

266 2004 406 2060 Vitis
436 2006 491 2061 in
523 2013 668 2060 terra
697 2005 936 2077 plantata
963 2008 1214 2076 producit
1241 2021 1309 2063 es
1329 2022 1387 2063 se
1412 2008 1680 2078 palmites,
1704 2018 1847 2064 etes

257 2095 352 2152 his
383 2095 618 2151 fructum
645 2112 662 2152 :
692 2080 754 2150 et
777 2096 1028 2152 Christus
1063 2099 1392 2167 resurgendo
1419 2106 1474 2153 et
1510 2097 1848 2154 ascendendo

254 2188 536 2260 plantatus
559 2190 611 2243 in
632 2197 781 2245 terra
803 2188 1120 2256 viventium,
1145 2200 1365 2245 sanctos
1393 2190 1485 2260 qui
1517 2198 1644 2246 sunt
1673 2205 1847 2245 mem-

257 2281 357 2337 bra
384 2281 522 2350 ejus,
554 2281 703 2337 velut
729 2281 978 2352 palmites
1005 2296 1067 2337 ex
1104 2297 1164 2338 se
1192 2281 1385 2354 gignit,
1415 2291 1470 2337 et
1493 2298 1558 2338 ex
1590 2283 1676 2338 his
1703 2284 1755 2338 in
1788 2296 1849 2339 se

257 2371 609 2425 manentibus
637 2369 869 2426 fructum
915 2371 1098 2442 operis
1144 2372 1268 2426 boni
1310 2372 1573 2443 producit.
1604 2370 1757 2428 Unde
1794 2381 1850 2429 et

252 2463 337 2517 ait
365 2461 509 2517 illis:
543 2463 693 2519 Sicut
743 2464 942 2535 palntes
982 2481 1084 2519 non
1130 2475 1295 2535 potest
1347 2465 1484 2534 ferre
1533 2464 1766 2534 fructum
1815 2481 1849 2518 a

255 2560 562 2625 semetipso,
597 2558 700 2612 nisi
742 2558 990 2613 manserit
1036 2560 1090 2613 in
1122 2560 1224 2613 vite
1244 2575 1263 2624 ;
1295 2560 1370 2613 sic
1403 2575 1494 2612 nec
1519 2574 1624 2624 vos,
1658 2558 1758 2611 uisi
1792 2558 1848 2611 in

256 2667 346 2704 me
368 2651 671 2704 ntansen'tis
699 2650 881 2719 (Joau.
914 2666 1005 2716 xv,
1034 2650 1110 2720 4).
1148 2650 1465 2706 Fructilicat
1486 2665 1617 2722 ergo
1648 2650 1700 2703 in
1728 2648 1845 2705 eis:

254 2740 389 2810 quia
427 2740 689 2810 quidquid
711 2741 783 2795 illi
814 2742 951 2796 bene
980 2750 1167 2812 agunt,
1192 2741 1308 2810 ipse
1348 2741 1501 2805 facit,
1538 2749 1595 2795 et
1630 2753 1696 2795 ex
1731 2738 1848 2809 ejus

256 2832 447 2886 radice
474 2832 648 2902 surgit
696 2832 904 2888 fruetus
947 2832 1127 2903 operis
1164 2833 1399 2889 illorum.
1446 2832 1515 2887 Et
1554 2831 1850 2887 fructiﬁcat

251 2923 573 2977 suavitatem
601 2922 782 2977 odoris
812 2938 831 2977 :
869 2922 993 2992 quia
1024 2921 1232 2978 fruetus
1262 2936 1486 2992 operum
1506 2963 1522 2986 ,
1551 2937 1674 2993 qua:
1721 2923 1849 2978 facit

255 3015 311 3070 in
342 3016 446 3078 eis,
478 3015 660 3070 suavis
685 3014 819 3069 odor
847 3024 931 3071 est
950 3013 1106 3069 bonae
1126 3013 1421 3084 apinionis,
1452 3014 1576 3067 dum
1604 3012 1847 3068 videntes

256 3105 380 3161 haec
405 3106 660 3162 homines
689 3106 994 3176 gloriﬁcant
1022 3105 1143 3161 inde
1169 3106 1403 3171 Patrem,
1432 3106 1525 3177 qui
1556 3114 1642 3160 est
1661 3105 1713 3160 in
1742 3119 1849 3161 cte-

254 3194 346 3251 lis.
382 3196 450 3251 Et
469 3198 626 3267 ﬂores
662 3196 778 3265 eius
810 3205 936 3252 sunt
961 3196 1166 3267 fructus
1186 3197 1400 3251 honoris
1436 3204 1486 3250 et
1507 3195 1797 3250 honestatis
1821 3207 1842 3247 :

250 3287 387 3357 quia
412 3301 600 3357 opera,
628 3303 753 3357 qua:
782 3280 833 3340 in
869 3286 953 3342 his
1002 3288 1349 3358 proponendo
1401 3287 1645 3351 inchoat,
1674 3286 1848 3341 hono-

255 3377 514 3432 rabiliter
565 3386 623 3432 et
665 3378 890 3433 honeste
934 3391 1301 3444 consummat;
1360 3379 1726 3446 honoremque
1754 3391 1850 3447 per

256 3468 381 3523 haec
436 3479 493 3523 et
542 3467 885 3523 honestatem
939 3466 1046 3523 illis
1083 3468 1340 3539 grandem
1388 3476 1627 3539 praestat.
1661 3464 1849 3523 Floret

251 3558 407 3612 enim
435 3566 564 3612 sunt
597 3567 723 3612 vota
768 3566 821 3613 et
858 3557 1126 3628 promissa
1156 3577 1170 3612 :
1202 3557 1407 3628 fructus
1436 3567 1617 3615 autem
1662 3557 1851 3628 imple-

251 3650 440 3704 tiones
462 3650 854 3720 promissorum
885 3665 982 3721 per
1016 3650 1406 3706 exhibitionem
1437 3665 1685 3721 operum.
1718 3648 1853 3705 Flo-

252 3758 341 3798 res
396 3756 528 3812 ergo
565 3752 886 3799 sanctorum
943 3751 1067 3799 sunt
1124 3741 1368 3811 fructus:
1421 3742 1549 3812 quia
1603 3739 1849 3797 membra

252 3833 470 3890 Christi
508 3835 651 3905 quod
681 3843 898 3901 vovent,
938 3833 1202 3901 reddunt;
1231 3832 1372 3905 quod
1397 3833 1743 3906 promittunt,
1772 3831 1851 3888 fa-

246 3925 438 3981 ciunt.

327 4015 599 4086 Sequitur
623 4031 639 4071 :
678 4016 789 4087 Ego
812 4027 982 4072 mater
1017 4015 1250 4085 pulchra:
1278 4015 1597 4084 dilectionis,
1623 4026 1673 4072 et
1695 4018 1853 4073 timo-

252 4109 354 4172 ris,
390 4116 440 4161 et
471 4107 758 4177 agnitionis
796 4118 844 4161 et
876 4117 1072 4163 sanctae
1102 4107 1232 4177 spei.
1273 4106 1339 4160 In
1366 4122 1448 4161 me
1475 4108 1647 4177 gratia
1680 4106 1851 4162 omnis

252 4200 381 4253 vitta
420 4206 471 4252 et
502 4198 757 4262 veritatis,
789 4199 848 4254 in
890 4214 970 4253 nte
996 4200 1165 4253 omnis
1195 4214 1309 4267 spes
1358 4195 1482 4269 [al.,
1510 4196 1616 4271 via]
1659 4198 1779 4251 vita:
1801 4207 1851 4253 et

248 4285 492 4340 virtutis.
524 4283 823 4355 Sapientia,
864 4301 984 4356 quae
1012 4296 1096 4343 est
1124 4286 1396 4353 Christus,
1434 4295 1521 4343 est
1551 4298 1718 4342 mater
1734 4286 1853 4358 pul-

250 4379 404 4434 chra
433 4377 770 4435 dilectionis:
800 4379 929 4450 quia
957 4379 1300 4436 dilectionem
1349 4380 1540 4451 gignit,
1588 4396 1695 4435 non
1734 4391 1851 4436 tur-

249 4485 412 4541 pem,
437 4470 531 4524 sed
556 4471 874 4540 pulchram;
901 4486 1006 4526 non
1031 4471 1390 4533 indecentem,
1416 4471 1511 4526 sed
1538 4471 1848 4538 honestam;

248 4577 368 4616 non
396 4558 766 4629 libidinosam,
796 4561 891 4615 sed
920 4570 1148 4617 castam.
1200 4561 1265 4615 Et
1291 4572 1459 4615 mater
1486 4562 1709 4624 timoris,
1740 4562 1848 4616 sci-

248 4650 391 4708 licet
423 4651 605 4707 lilialis
630 4652 711 4706 vel
740 4652 898 4718 casti,
941 4652 1081 4722 quia.
1117 4650 1433 4722 principium
1477 4650 1750 4721 sapientia:
1772 4653 1848 4705 ti-

248 4758 375 4796 mor
409 4740 621 4795 Domini
641 4740 814 4810 (Psal.
835 4757 929 4807 cx,
960 4742 1081 4811 l0);
1134 4751 1191 4796 et
1244 4749 1454 4796 castum
1483 4741 1576 4798 Dei
1600 4741 1849 4798 timorem

247 4832 439 4903 gignit
475 4830 699 4901 pulchra
733 4832 971 4897 dilectio,
1000 4833 1156 4903 cujus
1185 4832 1417 4902 genitrix
1444 4843 1528 4887 est
1556 4833 1845 4903 sapientia.

247 4920 322 4974 ιιι
354 4919 676 4991 agnitionis,
724 4921 852 4990 quia
890 4918 1101 4975 Patrem
1151 4937 1299 4975 nemo
1340 4921 1479 4975 novit
1508 4921 1612 4975 nisi
1657 4917 1850 4989 Filius,

247 5019 299 5066 et
328 5012 429 5066 cui
484 5011 707 5065 voluerit
754 5010 931 5066 Filius
971 5010 1199 5067 revelare
1235 5010 1450 5082 (Matth.
1484 5028 1560 5078 xr,
1587 5012 1702 5084 Ἦ).
1749 5013 1851 5081 Qui

246 5105 394 5160 item
426 5103 566 5158 dixit
593 5122 605 5158 :
636 5102 829 5159 Palam
857 5105 921 5159 de
944 5103 1106 5159 Patre
1133 5104 1458 5159 annuntiabo
1489 5104 1632 5160 vobis
1663 5103 1849 5177 (Joan.

247 5210 371 5262 xvs,
420 5195 541 5263 25).
573 5192 664 5250 Sic
687 5195 830 5251 enim
873 5182 1174 5265 Sapientia,
1207 5209 1327 5263 qur
1358 5202 1441 5249 est
1467 5193 1653 5273 Filius,
1683 5204 1855 5248 mater

242 5298 338 5345 est
365 5288 681 5358 agnitionis.
709 5285 777 5342 Et
798 5300 999 5345 sancta:
1035 5290 1185 5360 spei:
1219 5290 1344 5359 quia
1373 5304 1525 5361 spem
1556 5288 1624 5343 de
1650 5289 1852 5344 Sanctis

247 5381 436 5437 rebus
464 5380 680 5437 nonnisi
705 5379 956 5437 Christus
996 5382 1183 5454 gignit.
1221 5381 1421 5437 Sancta
1451 5382 1594 5438 enim
1622 5395 1747 5451 spes
1770 5386 1856 5435 est

245 5472 607 5546 adipiscendi
642 5488 865 5544 regnum
914 5473 1007 5529 Dei
1032 5483 1089 5530 et
1123 5474 1392 5545 justitiam
1431 5472 1594 5543 ejus:
1631 5482 1688 5528 et
1715 5471 1858 5528 hanc

248 5578 395 5618 vera
428 5560 524 5616 dat
548 5560 836 5632 sapientia,
887 5562 942 5617 in
980 5578 1085 5633 qua
1117 5572 1202 5619 est
1228 5564 1401 5634 gratia
1422 5552 1427 5557 ’
1449 5563 1615 5618 omnis
1661 5563 1778 5618 vita:
1809 5571 1858 5617 et

1950 630 2134 704 (Joan.
2178 650 2308 705 την).
2342 635 2577 708 Ideoque
2621 648 2678 695 et
2724 642 2894 698 omnis
2929 662 3043 714 spes
3088 648 3206 718 uita:
3229 659 3280 705 et
3326 652 3534 711 virtutis

1948 729 2035 776 est
2076 723 2129 777 in
2159 739 2257 789 eo;
2291 726 2416 795 quia
2464 729 2680 785 nonnisi
2712 746 2809 801 per
2854 749 2976 789 eum
3027 737 3148 807 quis
3174 749 3322 797 recte
3351 754 3534 813 sperat

1948 814 2115 868 vitam
2140 814 2375 880 beatam,
2411 828 2466 873 et
2496 819 2922 879 immortalitatis
2960 825 3078 897 ejus
3104 829 3357 886 virtutem
3388 833 3535 891 inve-

1948 903 2085 968 nire,
2113 915 2170 960 et
2208 906 2464 962 virtutem
2494 909 2732 981 aliquam
2780 914 2934 969 boote
2972 920 3404 978 conversationis
3440 923 3534 979 ha-

1945 995 2076 1053 bere
2099 1008 2298 1068 potest.
2857 991 2870 1005 ’

2017 1107 2277 1180 Sequitur
2304 1128 2320 1164 :
2364 1109 2608 1169 Transito
2629 1114 2699 1167 ad
2729 1130 2808 1169 me
2838 1132 3014 1173 omnes
3039 1120 3130 1190 qui
3162 1124 3535 1193 concupiscitis

1946 1215 2048 1266 me,
2070 1212 2119 1256 et
2159 1220 2192 1257 a
2212 1205 2640 1274 generationibus
2665 1208 2799 1262 meis
2824 1208 3134 1278 intplemini.
3170 1213 3420 1271 Nonnulli
3447 1232 3532 1273 sa—

1945 1290 2375 1363 pientiam,quze
2408 1293 2664 1351 Christus
2689 1305 2792 1365 est,
2827 1301 3245 1370 concupiscunt;
3274 1307 3367 1361 sed
3412 1308 3529 1378 qui-

1956 1383 2182 1438 busdam
2213 1385 2554 1441 scccularimn
2588 1403 2769 1443 rerum
2795 1389 3090 1448 obstaculis
3116 1394 3439 1463 retinentur,
3466 1412 3534 1455 ne

1947 1475 2016 1530 ad
2043 1491 2163 1531 eam
2186 1478 2426 1543 veniant,
2466 1493 2699 1550 eamque
2744 1496 2843 1551 per
2886 1482 3191 1553 religiosam
3238 1501 3530 1544 conversa-

1948 1566 2149 1622 tiOnem
2180 1569 2611 1640 apprehendaut.
2639 1570 2792 1642 Sa'pe
2816 1574 2960 1627 enim
2987 1574 3047 1630 lit
3074 1584 3134 1631 ut
3158 1577 3285 1631 dum
3314 1578 3439 1649 quis
3464 1578 3533 1635 ad

1945 1658 2256 1732 teligiosam
2284 1662 2451 1716 vitam
2474 1678 2533 1717 se
2558 1672 2882 1719 convertere
2908 1667 3144 1736 cogitat,
3172 1678 3227 1723 et
3256 1669 3533 1726 Christum

1908 1748 1911 1749 ⁷
1947 1751 2124 1822 sequi,
2165 1751 2396 1807 obsistat
2420 1753 2470 1808 ei
2498 1762 2552 1809 et
2580 1768 2744 1825 prava
2773 1758 3105 1813 consuetudo
3132 1759 3383 1814 vitiorum
3411 1761 3531 1830 qui-

1949 1842 2051 1898 bus
2080 1843 2337 1900 delectari
2367 1844 2523 1913 solet,
2546 1856 2604 1901 et
2631 1862 2784 1904 amor
2810 1859 3119 1920 parentum,
3142 1860 3235 1905 aut
3264 1851 3531 1924 conjugis,

1950 1951 2045 1992 seu
2102 1936 2357 2003 liliorum,
2410 1947 2466 1994 et
2510 1942 2951 2009 possessionum,
3004 1943 3119 1998 sive
3168 1943 3532 2000 blandimenta

1949 2029 2247 2098 carnalium
2306 2030 2651 2097 aulicorum,-
2682 2043 2739 2089 et
2802 2033 2982 2104 aliqua
3031 2034 3360 2104 hujusmodi.
3408 2037 3535 2093 ldeo

1947 2136 2076 2176 vera
2099 2121 2359 2193 sapientia
2381 2121 2536 2190 jubet
2573 2133 2630 2178 ut
2656 2139 2867 2192 omnes,
2917 2125 3010 2194 qui
3037 2140 3157 2180 eam
3191 2136 3371 2182 mente
3405 2142 3533 2182 cono

1949 2213 2258 2283 ettpiscuut,
2300 2222 2584 2270 transeant
2612 2225 2843 2271 cunctos
2886 2215 3194 2287 hujusmodi
3239 2218 3534 2284 obices;et

1948 2305 2016 2359 ad
2039 2305 2234 2375 ipsam,
2270 2305 2395 2360 dum
2428 2306 2574 2373 licet,
2606 2307 2795 2363 venire
2836 2307 3127 2375 festinent;
3161 2317 3216 2364 et
3242 2319 3532 2381 postquam

1949 2398 2016 2452 ad
2044 2412 2167 2453 eam
2197 2397 2464 2465 venerint,
2490 2413 2599 2452 non
2624 2409 2942 2454 remaneant
2967 2399 3534 2471 vacui,sedimplean-

1949 2496 2039 2542 tur
2062 2487 2481 2557 generationibus
2502 2487 2640 2556 ejus,
2677 2487 2727 2542 id
2754 2499 2858 2556 est,
2890 2491 3139 2546 sensibus
3165 2490 3536 2562 intelligentia:

1882 2645 1899 2658 κ
1949 2591 2006 2638 et
2052 2581 2378 2653 prudentiae,
2428 2594 2493 2636 ac
2525 2581 2817 2637 virtutibus
2845 2597 2981 2652 quas
3008 2597 3272 2654 generare
3297 2583 3438 2639 solet
3478 2583 3533 2638 in

1948 2673 2035 2729 his
2062 2671 2152 2742 qui
2179 2672 2248 2727 ad
2278 2686 2338 2727 se
2360 2680 2673 2745 venerunt”

2018 2779 2316 2851 Sequitur:
2357 2777 2587 2847 Spiritus
2609 2778 2745 2832 enim
2777 2794 2920 2832 meus
2943 2793 3099 2847 super
3134 2776 3233 2832 ntel
3258 2777 3449 2842 dulcis,
3477 2787 3528 2833 et

1941 2871 2229 2926 Iurreditas
2262 2885 2377 2923 mea
2404 2883 2563 2937 super
2599 2868 2701 2923 mel
2736 2880 2783 2924 et
2816 2869 3013 2939 favum.
3052 2867 3307 2924 Memoria
3338 2885 3450 2924 mea
3478 2868 3533 2926 in

1946 2961 2304 3030 generationes
2334 2957 2673 3014 strculorum.
2696 2957 2818 3013 ideo
2845 2960 3230 3014 transeundum
3253 2968 3337 3014 est
3356 2959 3424 3013 ad
3444 2960 3532 3016 di-

1948 3037 2126 3106 viuStu
2168 3051 2515 3122 sapientiam,
2552 3049 2777 3107 calcatis
2807 3049 3178 3106 dilllcultatum
3219 3049 3533 3120 obstaculis,

1947 3144 2074 3216 quia
2114 3146 2334 3215 spiritus
2378 3142 2515 3214 ejus,
2549 3159 2710 3214 quem
2757 3143 2989 3214 inspirat
3027 3144 3430 3199 transeuntilms
3467 3143 3533 3199 ad

1873 3244 1916 3302 (Ξ
1948 3253 2030 3303 se,
2059 3246 2142 3293 est
2167 3237 2327 3294 melle
2358 3237 2595 3304 dulcior;
2626 3246 2675 3291 et
2713 3237 2995 3290 Itazretlitns
3040 3235 3383 3305 sempiternae
3407 3235 3535 3289 bea-

1953 3331 2223 3397 titudinis,
2260 3344 2426 3401 quam
2466 3330 2550 3385 eis
2591 3328 2938 3399 praeparavit,
2964 3336 3211 3397 superat
3244 3327 3530 3382 dulcedine

1949 3422 2052 3478 mel
2073 3432 2121 3477 et
2150 3423 2348 3493 favum.
2388 3421 2497 3475 Mel
2545 3419 2703 3488 dicit,
2735 3430 2954 3491 propter
2994 3419 3204 3474 animas
3236 3418 3530 3488 justorum,

1951 3528 2074 3584 qua:
2131 3499 2454 3585 corporibus
2509 3511 2698 3567 soluta:
2742 3509 2854 3580 jam
2909 3508 3170 3565 assistunt
3224 3508 3533 3579 conspectui

1950 3604 2138 3677 gloriae.
2160 3603 2497 3667 Conditoris,
2546 3611 2601 3657 et
2628 3603 2767 3657 datae
2814 3611 2935 3656 sunt
2965 3600 3070 3655 illis
3117 3599 3340 3670 singula:
3384 3598 3533 3654 stole

1950 3695 2084 3751 alba:
2103 3696 2288 3767 (Apoc.
2308 3711 2381 3760 ιτ,
2405 3696 2493 3765 ll)
2519 3708 2537 3748 :
2565 3693 2744 3748 favum
2764 3708 2911 3758 vero,
2935 3701 3153 3764 propter
3168 3690 3392 3756 electos,
3416 3700 3535 3760 post

1954 3790 2408 3845 resurrectionem
2441 3796 2549 3843 tam
2576 3786 2630 3844 in
2674 3786 3019 3857 corporibus,
3044 3801 3203 3855 quam
3233 3785 3286 3839 in
3322 3785 3535 3839 anima-

1952 3880 2057 3935 bus
2091 3881 2145 3934 in
2183 3888 2417 3949 superno
2461 3894 2628 3949 regno
2673 3874 2887 3942 beatos,
2933 3875 3151 3947 quando
3174 3874 3285 3946 jam
3315 3874 3370 3928 in
3392 3883 3534 3927 terra

1952 3989 2050 4027 sua
2087 3970 2324 4042 duplicia
2355 3970 2689 4041 possidebunt
2737 3968 2875 4039 (Isa.
2914 3985 3027 4031 LXI,
3057 3967 3132 4036 7).
3182 3966 3360 4021 Favus
3385 3966 3534 4019 enim

1951 4070 2035 4117 est
2092 4060 2196 4116 mel
2248 4060 2301 4115 in
2352 4074 2509 4126 cera,
2545 4059 2859 4129 signillcans
2909 4057 3147 4112 animam
3192 4056 3245 4111 in
3275 4068 3532 4125 corpore;

1952 4154 2094 4210 sicut
2124 4152 2233 4208 mel
2290 4151 2408 4207 sine
2458 4166 2584 4206 cera
2641 4150 2878 4204 animam
2908 4148 3024 4203 sine
3057 4162 3307 4218 corpore.
3342 4144 3448 4201 Sed
3478 4154 3534 4200 et

1951 4244 2204 4300 memoria
2233 4243 2511 4313 sapientiae
2538 4241 2696 4296 istius
2717 4240 2822 4294 erit
2844 4239 2899 4293 in
2925 4239 3288 4310 generationes
3310 4234 3535 4291 stcculo-

1953 4351 2092 4403 rum,
2124 4335 2249 4405 quia
2280 4333 2398 4388 laus
2438 4332 2556 4401 ejus
2587 4331 2899 4404 perenniter
2942 4332 3012 4386 ab
3060 4329 3251 4385 electis
3279 4330 3537 4385 decanta-

1952 4428 2121 4495 hitur,
2157 4438 2211 4483 et
2238 4426 2585 4482 adhaerentes
2617 4424 2718 4481 sibi
2746 4423 2911 4480 faciet
2939 4423 3179 4495 ejusdem
3204 4422 3378 4478 laudis
3411 4436 3535 4478 esse

1952 4517 2266 4590 participes.
2798 4540 2803 4543 -

1882 4592 1927 4647 D
2025 4629 2321 4700 Sequitur:
2356 4618 2462 4693 Qui
2490 4626 2650 4681 edunt
2699 4641 2802 4694 me,
2858 4625 3033 4679 adhuc
3061 4626 3327 4690 esuriant;
3363 4632 3409 4677 et
3449 4623 3539 4693 qui

1953 4720 2132 4775 bibunt
2160 4736 2261 4783 me,
2288 4719 2460 4773 adhuc
2488 4719 2684 4773 sitient.
2723 4717 2824 4786 Qui
2854 4719 3034 4774 cordis
3065 4731 3161 4772 ore
3192 4717 3530 4771 dulcedinem
3590 4742 3597 4747 -

1952 4825 2097 4866 verte
2128 4809 2407 4881 sapientiae
2455 4817 2694 4880 gustant,
2726 4817 2931 4878 quanto
2978 4807 3094 4876 ejus
3123 4821 3370 4877 saporem
3396 4819 3523 4858 sen-

1957 4902 2117 4967 tiunt,
2151 4909 2301 4956 tanto
2329 4901 2583 4969 magisin
2629 4899 2902 4956 desiderio
2948 4902 3066 4971 ejus
3109 4900 3435 4962 ardescunt;
3478 4908 3540 4953 et

1957 5001 2162 5061 quanto
2193 4995 2315 5062 plus
2340 4991 2406 5045 de
2436 4990 2541 5045 hoc
2567 4999 2695 5062 potu
2739 4988 2952 5053 bibent,
2980 4990 3134 5044 tanto
3173 4985 3383 5041 avidius
3408 5000 3533 5041 eum

1957 5084 2173 5139 sitiunt.
2219 5082 2354 5137 Nam
2387 5082 2700 5153 spirituales
2747 5080 2967 5136 deliciae
2998 5093 3120 5133 cum
3162 5077 3453 5141 habentur,
3483 5076 3538 5131 in

1957 5174 2227 5229 desiderio
2275 5182 2430 5237 sunt;
2473 5181 2734 5241 tantoque
2757 5184 2789 5224 a
2812 5167 3136 5224 comedente
3160 5162 3393 5237 amplius
3406 5177 3542 5220 ‘esu-

1957 5266 2199 5332 riuntur,
2245 5274 2454 5336 quanto
2504 5271 2563 5318 et
2613 5262 2681 5317 ab
2721 5260 2999 5317 esuriente
3058 5254 3293 5328 amplius
3355 5269 3538 5312 come-

1957 5357 2175 5412 duntur.

2029 5469 2327 5541 Sequitur:
2358 5466 2463 5535 Qui
2496 5467 2645 5522 audit
2679 5481 2781 5534 me,
2813 5482 2916 5521 non
2949 5462 3308 5536 confundetur
3374 5471 3424 5520 et
3445 5464 3539 5536 qui

1957 5573 2241 5634 operantur
2262 5560 2318 5615 in
2344 5576 2442 5625 me,
2482 5575 2586 5614 nou
2613 5557 2923 5629 peccabunt.
2963 5556 3068 5623 Qui
3096 5555 3374 5613 Christum
3403 5556 3537 5612 obe-

248 5653 527 5716 untatis,
553 5652 681 5723 quia
725 5652 828 5709 nisi
861 5668 957 5724 per
981 5655 1232 5726 gratiam,
1263 5671 1382 5726 qua:
1407 5664 1493 5711 est
1540 5656 1593 5711 in
1641 5655 1744 5711 hac
1771 5670 1861 5710 sa-
1954 5650 2170 5723 dientcr
2218 5649 2388 5715 audit,
2440 5664 2551 5739 ττοττ
2594 5645 2966 5716 confundetur,
3013 5645 3066 5701 id
3102 5654 3186 5725 est
3250 5660 3359 5701 non
3407 5656 3536 5709 eru-

245 5743 502 5822 pientia,
540 5744 593 5798 id
635 5752 720 5799 est
760 5744 814 5799 in
844 5742 1083 5810 Christo,
1117 5744 1295 5802 nullus
1329 5745 1493 5801 vitam
1542 5754 1857 5815 perpetuam
1957 5740 2175 5801 bescet:
2210 5738 2335 5809 quia
2363 5736 2484 5794 cum
2528 5739 2737 5794 honore
2783 5752 2979 5807 magno
3026 5736 3132 5793 erit
3160 5737 3226 5791 ad
3256 5736 3538 5792 dexteram

247 5850 361 5896 seu
391 5832 684 5892 veritatem
711 5834 1168 5895 incommutabilis
1193 5835 1309 5908 ejus
1344 5835 1695 5892 beatitudinis
1716 5834 1860 5892 valet
1957 5833 2073 5905 ejus
2111 5834 2163 5890 in
2188 5831 2416 5904 judicio.
2453 5832 2517 5888 Et
2555 5831 2643 5905 qui
2690 5841 2978 5904 aperanlur
3008 5831 3061 5886 iu
3094 5844 3180 5899 eo,
3215 5845 3318 5884 non
3354 5844 3537 5901 paceq-
