4076 6288
540 370 648 437 595

902 378 961 434 S.
1000 376 1296 433 ANSELMI
1334 376 1697 434 CANTUAR.
1722 375 2040 433 ARCUIEP.
2071 372 2120 432 Ο)

2218 415 2225 432 .
2259 376 2441 435 PARS
2477 377 2543 434 ll.
2578 407 2616 420 εκ
2671 378 3041 443 PAR/ENET.
3081 380 3171 438 ET
3209 381 3453 441 ASCET.

3696 384 3806 443 395

542 501 671 554 bunt
696 513 718 557 :
754 498 881 570 quia
919 513 1082 554 omne
1126 512 1296 568 opus,
1340 496 1484 568 quod
1531 493 1828 553 secundum
1861 510 1985 551 eum
2037 495 2113 559 iit,
2145 490 2193 556 Α
2225 493 2311 549 tite
2340 494 2482 550 enim
2517 495 2721 564 lumen,
2749 496 3152 564 misericordia;
3189 498 3575 557 misericordias
3608 502 3806 569 virtus,

538 597 693 645 caret
722 597 966 660 peccato.

567 709 574 717 -
611 683 871 753 Sequitur
894 697 909 737 :
948 681 1053 748 Qui
1080 681 1348 737 elucidant
1377 686 1478 748 me,
1502 681 1662 737 uitam
1690 690 1938 736 attentam
1961 678 2122 738 habeo

539 774 689 828 bunt.
728 771 1015 827 Elucidaut
1049 772 1392 842 sapientiam,
1425 773 1517 842 qui
1564 773 1633 827 ob
1684 771 1985 828 saiubriter
2016 770 2116 826 deé

539 860 853 917 clarandam
900 861 1099 918 Christi
1157 862 1405 919 notitiam
1448 862 1762 933 Scripturas
1801 860 2116 932 esplanant,

542 952 634 1021 qui
679 953 851 1023 ipsum
894 951 1171 1010 Christum
1223 954 1312 1024 pie
1340 954 1657 1024 praedicant,
1708 954 1798 1023 qui
1828 969 1949 1009 eum
1997 952 2121 1008 luce

534 1059 763 1100 suorum
794 1059 1019 1115 operum
1052 1044 1393 1114 gloriﬁcant;
1431 1054 1482 1099 et
1533 1045 1655 1101 ideo
1679 1046 1837 1099 vitam
1869 1054 2118 1099 teternam

534 1135 819 1200 habebunt,
851 1135 904 1190 id
933 1144 1013 1191 est
1036 1134 1212 1204 ipsum
1241 1135 1550 1201 Christum;
1580 1135 1708 1205 quia
1740 1133 1831 1189 hic
1850 1142 1934 1189 est
1957 1147 2122 1189 verus

539 1222 707 1290 Deus,
743 1233 800 1280 et
828 1225 938 1281 vita
967 1234 1194 1281 aeterna.

1026 1338 1197 1410 159'
1216 1338 1498 1394 HOMlLlA
1533 1338 1597 1393 ll.

446 1448 449 1451 ’
536 1441 594 1509 is
624 1469 957 1510 EVANGELIUM
996 1447 1269 1510 succubuit
1311 1454 1675 1511 Murus-3031:
1712 1453 1900 1509 Videas
1941 1454 2120 1509 turbas

608 1544 763 1601 Iesus
788 1547 1018 1601 ascendit
1042 1546 1093 1600 in
1111 1558 1357 1601 montem.
1385 1547 1450 1601 Et
1490 1564 1607 1601 cum
1639 1548 1874 1616 sedisset,
1906 1535 2120 1604 docebat

606 1636 889 1707 discipulos
913 1654 1034 1693 suos
1059 1639 1236 1692 dicens
1264 1654 1283 1694 :
1311 1636 1465 1693 Beati
1493 1634 1744 1709 pauperes
1779 1639 1988 1710 spiritu,
2012 1648 2118 1695 etc.

607 1726 825 1797 (Matth.
845 1743 900 1793 v,
934 1726 1015 1799 1.)

537 1818 544 1827 ’
605 1832 760 1891 Beati
791 1853 1044 1907 pauperes
1086 1839 1292 1910 spiritu,
1333 1838 1423 1910 qui
1476 1855 1585 1895 non
1626 1841 1965 1909 necessitate,
2019 1841 2114 1897 sed
2146 1829 2191 1892 Β

498 1976 505 1979 η
534 1932 730 1987 devota
768 1933 1071 1996 voluntate,
1113 1936 1438 2005 contemptis
1473 1934 1743 2001 omnibus,
1771 1935 1878 1991 Deo
1904 1936 2110 1991 vivunt.

534 2020 663 2077 litec
690 2030 980 2095 paupertas
1006 2024 1138 2078 duas
1162 2022 1325 2079 habet
1353 2033 1573 2094 partes:
1597 2024 1993 2081 abdicationem
2024 2040 2113 2082 re-

534 2127 678 2179 rum,
712 2111 811 2168 etsi
844 2112 1146 2169 habeantur
1174 2129 1279 2169 non
1308 2115 1433 2180 sibi,
1465 2117 1558 2171 sed
1593 2117 1661 2171 ad
1696 2133 1832 2187 opus
1857 2119 2109 2188 pietatis;

532 2209 592 2273 et
631 2202 1015 2257 contritionem
1063 2204 1306 2272 spiritus,
1352 2214 1410 2259 ut
1438 2205 1672 2276 seipsum
1706 2206 1950 2264 abdicet.
1989 2208 2113 2267 lltec

532 2293 731 2369 Virtus,
779 2294 988 2350 scilicet
1040 2305 1354 2366 paupertas,
1375 2294 1498 2366 jure
1529 2297 1700 2367 prima
1730 2299 1969 2368 ponitur,
2009 2315 2114 2367 qua

531 2400 643 2441 non
674 2385 1009 2462 praecedente
1032 2401 1136 2441 non
1168 2387 1342 2442 valent
1377 2404 1497 2459 quae
1536 2398 1837 2457 sequuntur
1863 2408 1875 2445 :
1903 2399 1955 2445 et
1991 2392 2117 2463 licet

534 2476 741 2545 absque
766 2475 1118 2545 sequentibus
1146 2477 1440 2547 perfectum
1471 2492 1573 2533 non
1603 2478 1768 2534 faciat
1805 2478 2111 2549 hominem;

532 2578 714 2622 tamen
746 2566 1089 2637 promeretur
1123 2567 1323 2623 auxilio
1358 2569 1555 2624 divinae
1594 2570 1782 2641 gratia:
1826 2570 2117 2628 beatitudi.

531 2673 681 2723 pem.
705 2657 813 2715 Sed
856 2660 980 2732 quia
1029 2669 1212 2730 posset
1258 2661 1460 2717 habere
1507 2678 1727 2717 suarum
1767 2678 1945 2718 rerum
1987 2654 2117 2720 con-4

525 2760 821 2839 templum,
851 2761 905 2808 et
933 2753 1108 2809 adhuc
1156 2769 1223 2809 cx
1270 2753 1564 2828 fragilitate
1593 2757 1775 2813 carnis
1809 2774 2118 2815 commove-

537 2849 690 2895 retur
720 2856 817 2911 per
871 2840 1105 2912 aliquam
1150 2845 1553 2913 comumcliam,
1600 2846 1923 2920 suhjungit:
1964 2847 2118 2908 Beati

531 2934 706 2987 mites.
740 2933 885 3001 Quos
916 2933 1125 2990 scilicet
1180 2935 1259 2991 ira
1303 2937 1387 2992 vel
1432 2937 1631 3008 aliquid
1665 2941 1768 2997 tale
1803 2958 1907 2997 non
1933 2941 2114 3010 allicit,

523 3020 632 3079 πεθά
669 3023 760 3095 qui
794 3024 974 3097 omnia
1015 3025 1390 3095 mquanimiter
1430 3031 1720 3086 sustinent.
1760 3030 1873 3089 liae
1915 3035 2118 3090 virtute

528 3102 785 3169 laudatur
811 3110 1023 3186 Moyses
1054 3134 1066 3170 :
1100 3114 1262 3184 hujus
1294 3120 1446 3187 quasi
1473 3136 1681 3191 magna:
1710 3123 2029 3194 magistrum
2056 3142 2115 3180 se

532 3200 667 3258 facit
690 3202 803 3272 ipse
831 3203 1098 3273 Christus,
1141 3206 1327 3263 dicens
1356 3225 1371 3261 :
1405 3208 1596 3265 Discite
1629 3229 1661 3265 a
1694 3230 1772 3267 me
1801 3214 1926 3285 quia
1972 3216 2113 3270 mitis

530 3288 649 3349 sum
683 3302 731 3350 et
780 3294 994 3352 [mittitis
1025 3298 1179 3353 corde
1202 3300 1417 3369 (Matth.
1444 3318 1520 3369 xx,
1548 3304 1664 3375 29).
1718 3304 1843 3361 Haec
1873 3309 2114 3378 possidet

528 3389 715 3442 'veram
748 3395 965 3443 terram.
994 3387 1129 3444 Nota
1160 3405 1450 3462 congruam
1483 3382 1877 3453 ascensionem.
1901 3390 2112 3456 Primus

528 3476 677 3532 enim
705 3489 786 3534 est
811 3490 1149 3551 contemptus
1173 3483 1374 3549 saeculi,
1399 3486 1484 3540 cui
1506 3486 1629 3555 jure
1656 3497 1856 3543 aeterna
1885 3493 2113 3560 promit-

529 3562 743 3622 tuntur.
768 3566 1016 3624 Secundo
1054 3567 1174 3626 loco
1203 3573 1423 3641 ponitur
1458 3578 1834 3643 mansuetudo,
1873 3596 1992 3651 qua:
2022 3597 2112 3637 ve-

534 3672 652 3712 ram
692 3668 1063 3728 paupertatem
1103 3672 1387 3717 conservat
1407 3671 1463 3719 et
1498 3666 1690 3731 munit,
1716 3684 1784 3723 ne
1813 3686 1920 3742 quo
1956 3674 2113 3727 modo

510 3747 833 3819 inquietari
851 3750 1035 3820 possit.
1067 3748 1252 3806 Tertio
1276 3751 1396 3811 luco
1421 3756 1665 3825 sequitur
1694 3777 1708 3812 :
1740 3758 1894 3814 Beati
1919 3763 2007 3832 qui
2031 3763 2114 3818 Iu-

534 3848 655 3910 gent
686 3852 704 3892 :
735 3849 1016 3912 postquam
1041 3857 1161 3913 qua:
1184 3845 1370 3900 mundi
1401 3856 1525 3901 sunt
1550 3865 1772 3917 prorsus
1798 3851 2108 3920 abiecimus,

534 3944 824 4002 moresque
867 3933 1139 4003 improbos
1187 3939 1599 3995 mansuetudine
1650 3943 2109 4012 temperavimus,

531 4032 702 4079 restat
735 4023 890 4080 nobis
923 4024 1104 4096 lugere
1130 4042 1228 4097 pro
1255 4030 1492 4099 peccatis
1516 4035 1823 4102 przeteritis,
1865 4038 2001 4106 quod
2032 4047 2113 4094 est

520 4106 797 4195 [irriguum
831 4115 1084 4185 inferius;
1110 4126 1163 4174 et
1204 4136 1299 4191 pro
1324 4123 1592 4179 desiderio
1630 4128 1819 4196 patriae
1850 4130 2115 4199 ccelesﬁs,

535 4207 680 4274 quod
704 4216 788 4263 est
813 4208 1071 4279 irriguum
1101 4211 1348 4281 superius
1379 4216 1514 4271 :sed
1549 4215 1776 4273 inferius
1818 4220 2007 4278 sordes
2036 4223 2118 4277 la-

537 4308 628 4353 vat
656 4306 1228 4374 pmseules,superius
1255 4309 1469 4378 quidem
1488 4312 1737 4367 accendit
1765 4312 1888 4369 vita:
1924 4316 2117 4372 futura:

538 4400 830 4447 amatores.

2212 587 2422 660 justitia
2454 596 2558 645 est.
2620 590 2623 591 ⁷

2292 677 2453 735 Beati
2476 679 2671 737 mundo
2700 682 2875 738 corde.
2909 681 3170 739 Munditia
3195 683 3376 739 cordis
3411 694 3566 740 sexto
3586 684 3810 756 ponitur

2216 771 2360 839 loco,
2391 781 2451 828 ut
2480 769 2641 829 homo
2688 783 2844 829 sexto
2875 775 2962 830 die
2990 775 3241 831 conditus
3277 790 3376 845 per
3421 777 3560 832 hanc
3594 778 3809 831 mundi:

2220 863 2348 918 tiam
2377 872 2659 933 recuperat
2685 862 2777 919 Dei
2814 864 3121 934 irntaginem,
3154 880 3314 936 quam
3347 865 3523 936 caligo
3548 866 3809 921 vitiorum

2219 954 2417 1010 delevit
2450 966 2467 1021 ;
2499 964 2558 1010 ut
2584 969 2613 1009 a
2652 955 2882 1026 strepitu
2918 956 3274 1011 humanarum
3302 956 3688 1027 cogitationum
3714 971 3804 1011 se-

2220 1055 2417 1115 motus,
2445 1049 2607 1105 corde
2629 1050 2830 1104 mundo
2855 1056 2911 1103 et
2948 1049 3182 1121 imagine
3211 1048 3304 1105 Dei
3343 1047 3655 1115 reformata,
3686 1063 3809 1118 qua:

2220 1140 2315 1196 Dei
2346 1149 2472 1195 sunt
2513 1146 2721 1194 tantum
2768 1142 2990 1211 cogitet,
3029 1148 3085 1193 et
3127 1139 3325 1193 divinis
3371 1138 3657 1209 praeceptis
3706 1152 3812 1209 per

2219 1229 2400 1285 omnia
2437 1244 2495 1285 se
2525 1228 2780 1300 applicet.
2821 1227 2986 1283 Beati
3007 1228 3237 1299 paciﬁci.
3266 1228 3376 1283 Pax
3419 1229 3545 1299 fure
3574 1230 3809 1298 septimo

2220 1322 2438 1392 ponitur
2461 1321 2599 1377 luco.
2618 1320 2909 1391 Postquam
2943 1319 3087 1376 enim
3119 1322 3282 1376 homo
3309 1322 3376 1375 ad
3407 1321 3508 1375 hoc
3531 1321 3811 1391 promovit

2221 1428 2358 1477 sese,
2375 1421 2433 1466 ut
2461 1414 2783 1483 contemptis
2808 1412 3059 1468 omnibus
3078 1427 3197 1483 qum
3213 1412 3397 1467 mundi
3424 1421 3568 1480 sunt,
3591 1422 3795 1467 aeterna

2222 1517 2429 1565 tantum
2456 1502 2679 1579 diligere
2699 1517 2753 1562 et
2787 1507 3027 1577 cogitare
3057 1506 3248 1577 possit,
3279 1505 3425 1577 quod
3468 1503 3803 1574 contempla-

2223 1598 2453 1655 tivorum
2493 1608 2601 1663 est;
2636 1598 2782 1652 nihil
2816 1597 2959 1651 aliud
3007 1603 3176 1651 restat
3225 1596 3343 1650 nisi
3376 1604 3434 1650 ut
3465 1595 3658 1658 Deum,
3709 1593 3805 1664 qui

2220 1706 2349 1745 vera
2389 1704 2503 1761 pax.
2541 1698 2625 1745 est
2664 1704 2829 1759 quam
2856 1687 3353 1757 contemplabatur,
3385 1687 3667 1757 praemium
3707 1685 3810 1740 ha-

2222 1778 2368 1836 beat.
2410 1796 2413 1799 ·

2290 1870 2386 1927 llis
2407 1871 2571 1943 igitur
2598 1876 2802 1941 septem
2820 1869 3093 1940 praedictis
3114 1867 3373 1923 virtutum
3398 1867 3656 1939 gradibus
3671 1882 3808 1922 con-

2216 1964 2361 2036 gruit
2390 1962 2725 2034 septiformis
2764 1963 3010 2032 operatio
3039 1960 3211 2016 sancti
3252 1960 3488 2029 Spiritus
3515 1958 3583 2014 de
3612 1974 3720 2029 quo
3751 1960 3807 2013 iit

2215 2054 2350 2112 lsaia
2378 2054 2574 2125 legitur
2604 2072 2618 2108 :
2646 2053 2942 2124 Requieseet
2971 2068 3126 2121 super
3160 2067 3276 2106 eum
3322 2051 3535 2121 spiritus
3566 2049 3803 2115 Domini,

2215 2148 2430 2218 Spiritus
2452 2146 2721 2218 sapientia:
2749 2155 2794 2200 et
2817 2143 3130 2212 intellectus,
3154 2144 3368 2214 spiritus
3383 2141 3589 2197 consilii
3615 2150 3665 2195 et
3696 2141 3805 2210 [ora

2216 2237 2473 2300 titudinis,
2506 2237 2722 2306 spiritus
2760 2235 2991 2289 scientia:
3016 2243 3065 2288 et
3102 2234 3332 2299 pietatis.
3356 2241 3403 2286 et
3444 2231 3656 2301 replebit
3685 2246 3806 2285 eum

2215 2329 2430 2400 spiritus
2449 2317 2654 2383 timoris
2677 2324 2887 2380 Domini
2908 2322 3044 2391 (Isa.
3074 2338 3152 2387 χι,
3177 2323 3256 2395 2).
3289 2321 3396 2377 Sed
3418 2320 3507 2374 ille
3528 2334 3558 2375 a
3589 2334 3808 2375 summo

2216 2420 2426 2490 incipit,
2457 2419 2547 2475 hic
2576 2418 2646 2473 ab
2692 2417 2841 2483 imo;
2867 2416 2941 2471 ibi
2985 2417 3212 2471 docetur
3236 2413 3408 2469 Filius
3449 2411 3543 2467 Dei
3575 2413 3643 2466 ad
3694 2411 3806 2465 ima

2218 2513 2599 2575 descensurus,
2621 2510 2711 2566 hic
2732 2510 2897 2564 homo
2924 2508 2992 2562 de
3018 2507 3236 2562 imis-ad
3265 2505 3676 2561 similitudinem
3709 2501 3806 2558 Dei

2217 2608 2574 2660 ascensurus.
2604 2599 2660 2656 ln
2693 2600 2779 2655 his
2809 2598 3066 2671 gradibus
3091 2598 3300 2667 primus
3336 2605 3420 2651 est
3449 2593 3673 2648 'timoris
3699 2593 3809 2660 spia-

2220 2696 2376 2757 ritus,
2402 2693 2495 2763 qui
2527 2691 2669 2747 bene
2697 2687 2995 2744 humilibus
3026 2685 3298 2757 congruit,
3331 2685 3400 2739 de
3427 2685 3626 2755 quibus
3666 2681 3807 2736 dici-

2220 2796 2310 2843 tur
2336 2800 2351 2841 :
2382 2784 2533 2839 Beati
2561 2796 2812 2852 pauperes
2830 2780 3037 2848 spiritu.
3068 2777 3161 2832 Est
3179 2776 3323 2830 enim
3353 2775 3517 2829 timor
3545 2776 3649 2828 iste
3671 2772 3811 2827 tilia»

2223 2876 2313 2940 lis,
2343 2876 2408 2930 de
2433 2889 2542 2944 quo
2562 2873 2760 2927 dicitur
2785 2887 2799 2923 :
2833 2868 3055 2923 Initium
3093 2865 3362 2934 sapientia:
3404 2864 3564 2917 timor
3595 2861 3806 2915 Damius

2223 2965 2400 3039 ('Psal.
2427 2980 2514 3028 cx,
2540 2962 2650 3033 10).
2690 2960 2880 3015 Timor
2913 2957 3123 3013 Domini
3154 2956 3281 3011 facit
3309 2960 3680 3021 contempturus
3707 2950 3809 3004 hnc

2217 3058 2307 3128 jus
2336 3055 2541 3117 mundi,
2577 3064 2632 3109 et
2671 3051 2945 3108 hominem
2973 3045 3279 3102 voluntarie
3307 3057 3599 3114 pauperem
3637 3040 3808 3096 beati-

2142 3167 2188 3230 ε
2220 3152 2400 3208 tudine
2421 3148 2601 3204 ditari.
2633 3145 2787 3202 Unde
2814 3157 3043 3213 superna
3068 3141 3245 3213 gratia
3268 3138 3667 3230 salutinostrar
3683 3149 3802 3230 pro:

2217 3243 2408 3297 videns
2437 3239 2738 3294 orationem
2790 3234 2950 3289 nobis
2978 3231 3237 3295 contulit,
3266 3229 3319 3284 in
3358 3244 3471 3299 qua
3499 3225 3802 3297 septiformi

2214 3336 2376 3406 prece
2428 3331 2677 3402 spiritum
2727 3327 3095 3396 septiformem
3142 3337 3422 3392 possemus
3465 3323 3802 3391 impetrare:

2219 3437 2281 3483 ut
2326 3424 2583 3493 sull‘ragio
2617 3421 2808 3491 gratia:
2843 3416 3176 3488 septiformis
3208 3422 3415 3484 septem
3462 3411 3806 3482 supradictas

2216 3519 2450 3573 virtutes
2502 3524 2877 3581 assequamur,
2927 3517 2981 3563 et
3014 3523 3112 3578 per
3156 3521 3249 3561 eas
3296 3506 3362 3559 ad
3413 3504 3805 3559 beatitudinem

2212 3609 2519 3681 pertingere
2539 3618 2865 3659 mereamur.
2892 3601 3027 3654 Dum
3059 3601 3111 3653 in
3161 3598 3347 3652 ultima
3375 3605 3529 3667 parte
3563 3594 3805 3650 orationi

2212 3698 2507 3756 Dominicze
2532 3696 2791 3764 petimus,
2819 3693 2980 3746 libera
3016 3707 3109 3744 nos
3131 3689 3348 3754 amulo,
3377 3688 3629 3743 videmur
3646 3700 3807 3740 orare

2212 3799 2276 3846 ut
2330 3802 2432 3859 per
2465 3786 2713 3857 spiritum
2778 3783 2993 3838 timoris
3051 3780 3261 3835 Domini
3314 3779 3534 3835 recedat
3565 3793 3594 3831 a
3646 3775 3807 3832 nobis

2216 3880 2396 3937 omnis
2441 3889 2620 3932 tumor
2644 3875 2925 3939 elationis,
2957 3882 3013 3928 ct
3058 3872 3314 3927 succedat
3343 3869 3633 3924 humilitas
3666 3882 3808 3922 seire

2210 3968 2570 4044 paupertatis,
2603 3968 2690 4022 cui
2738 3967 2896 4021 detur
2924 3964 3201 4021 beatitudo
3239 3963 3363 4017 vitae
3388 3961 3651 4016 caelestis.

2285 4059 2571 4117 Secundus
2602 4065 2685 4115 est
2709 4059 2926 4128 spiritus
2948 4057 3176 4127 pietatis,
3217 4054 3308 4124 qui
3355 4052 3580 4109 mitibus
3609 4065 3811 4106 conre—

2222 4153 2344 4208 nit:
2372 4152 2465 4223 qui
2496 4152 2645 4207 enim
2681 4152 2766 4221 pie
2808 4150 2989 4205 vivere
3027 4147 3241 4218 qumrit,
3278 4155 3520 4200 sanctam
3562 4142 3808 4214 Scriptu-

2214 4259 2333 4299 ram
2374 4243 2686 4308 meditatur,
2717 4249 2773 4294 et
2823 4240 2967 4310 quod
3005 4237 3242 4292 nondum
3281 4234 3532 4305 intelligit
3575 4248 3685 4287 non
3731 4246 3810 4286 re-

2215 4332 2518 4405 prehendit,
2543 4343 2709 4400 quare
2730 4343 2828 4383 nec
2869 4327 3071 4383 resistit
3110 4345 3123 4381 :
3153 4325 3296 4396 quod
3328 4335 3412 4380 est
3447 4325 3636 4379 mitem
3668 4322 3808 4376 ﬁeri.

2224 4422 2356 4491 Quae
2383 4422 2558 4476 virtus
2586 4427 2645 4474 ut
2687 4417 2945 4474 continua
2984 4411 3254 4481 Servetur,
3280 4422 3403 4469 orat
3431 4426 3497 4468 ne
3526 4413 3581 4467 in
3633 4411 3811 4466 inten-

608 4503 765 4559 Beati
790 4506 882 4576 qui
901 4508 1138 4564 esuriant
1170 4518 1218 4562 et
1243 4509 1426 4566 sitiunt
1454 4512 1738 4582 justitiam.
1784 4513 1919 4571 Nota
1950 4518 2134 4579 tribus
2155 4506 2201 4562 Ῐ)
2231 4513 2429 4568 limem
2456 4508 2767 4565 Ῐηάυοῧιυτο

540 4595 720 4653 modis
738 4596 1003 4666 justitiam
1027 4599 1243 4656 decerni
1263 4619 1277 4654 :
1295 4618 1417 4658 cum
1444 4615 1651 4660 natura:
1678 4614 1874 4663 nostrai
1895 4625 1990 4665 sua
2012 4625 2126 4667 scr-

544 4703 771 4756 vamus;
795 4704 917 4744 cum
947 4691 1193 4761 proximo
1219 4691 1449 4749 facimus
1474 4697 1616 4764 quod
1639 4698 1795 4754 nobis
1826 4700 1943 4755 ﬁeri
1968 4702 2124 4756 volu-

530 4794 690 4855 mus;
727 4795 850 4835 cum
899 4778 1032 4848 Deo,
1083 4797 1203 4853 quae
1243 4784 1336 4851 Dei
1383 4794 1528 4850 sunt,
1574 4788 1951 4856 persolvimus.
1995 4790 2127 4858 Quae

533 4871 745 4943 justitia
781 4886 887 4928 non
919 4872 1078 4943 plane
1110 4873 1163 4928 in
1203 4874 1360 4930 nobis
1388 4874 1659 4946 impletur,
1689 4879 1861 4935 donec
1889 4880 2031 4936 Deus
2053 4882 2121 4954 sit

541 4964 812 5022 omniain
854 4966 1144 5033 onmibus;
1175 4976 1459 5038 propterea
1495 4969 1677 5038 posuit
1722 4974 1945 5039 esurire,
1993 4989 2121 5038 non,

506 5122 511 5127 _
538 5056 750 5112 satiari.
774 5056 1057 5114 Amatores
1085 5058 1228 5112 enim
1258 5059 1367 5112 veri
1393 5059 1518 5115 boni
1557 5076 1768 5133 semper
1790 5063 1999 5133 sitiunt,
2026 5078 2125 5120 nec

541 5146 622 5201 eis
644 5144 839 5202 sutIicit
872 5146 1013 5217 quod
1046 5146 1181 5217 justi
1209 5156 1355 5202 sunt.

542 5325 824 5391 nascitur;
851 5326 975 5395 quia
1008 5341 1114 5381 non
1162 5335 1247 5382 est
1295 5341 1419 5382 vera
1452 5329 1752 5398 compassio
1778 5330 2121 5397 miserorum,

514 5428 517 5431 π
546 5410 648 5466 nisi
672 5416 1007 5482 praecesserit
1032 5430 1157 5472 vera
1184 5427 1474 5489 paupertas
1495 5433 1731 5487 veraque
1761 5421 2125 5487 humilitas,et

513 5501 649 5556 'nisi
679 5515 1025 5562 mansuescat
1071 5508 1286 5564 animus
1331 5509 1618 5577 subiacens
1649 5510 1848 5566 divinis
1892 5513 2122 5583 legibus,

510 5592 646 5649 ‘nisi
679 5593 903 5664 incipiat
926 5600 1155 5654 aliorum
1199 5616 1358 5657 casus
1388 5601 1587 5659 deﬂere
1620 5612 1674 5657 et
1707 5604 1970 5671 justitiam
2000 5621 2124 5660 esu-

542 5685 654 5742 rire
685 5703 701 5741 :
734 5686 801 5743 de
831 5689 1027 5759 quibus
1055 5692 1305 5747 omnibus
1333 5707 1459 5748 vera
1490 5694 1857 5750 misericordia
1898 5710 2126 5767 genera-

534 5786 649 5836 tur;
668 5777 810 5839 Nota
829 5780 970 5851 quod
993 5782 1132 5837 hanc
1152 5781 1405 5839 virtutem
1426 5782 1631 5854 iustitia
1656 5787 1927 5854 prmrcdit.
1956 5786 2019 5843 Ju
2034 5788 2123 5842 ,ιὶ-

2296 4602 2483 4658 Tertio
2508 4600 2633 4656 loco
2657 4598 2881 4669 ponitur
2908 4596 3126 4665 spiritus
3159 4595 3412 4660 scientiae,
3438 4592 3529 4665 qui
3553 4592 3815 4650 convenit

2225 4694 2552 4767 lugentibus,
2588 4692 2715 4762 quia
2751 4691 2927 4746 sciunt
2952 4690 3062 4760 jam
3091 4688 3288 4758 quibus
3318 4686 3478 4741 malis
3521 4694 3835 4742 teneantur

2224 4787 2431 4851 vincti;
2469 4800 2589 4855 qua:
2625 4791 2915 4853 antequam
2956 4782 3008 4835 in
3039 4778 3340 4850 Scripturis
3367 4777 3611 4847 legerent
3642 4791 3814 4847 appe-

2227 4879 2430 4941 tebant,
2460 4883 2514 4929 et
2545 4876 2664 4929 ideo
2697 4873 2763 4927 ad
2788 4872 3019 4942 patriam
3046 4872 3341 4942 suspirant.
3370 4868 3438 4923 Et
3466 4878 3527 4923 ut
3550 4868 3657 4922 illa
3685 4882 3820 4938 pro—

2225 4970 2331 5026 sint
2358 4969 2636 5039 lacrymte,
2671 4973 2823 5020 orent
2854 4973 2905 5019 et
2942 4964 3126 5018 dicant
3156 4980 3170 5017 :
3204 4962 3418 5016 Dimitte
3452 4960 3598 5015 nobis
3635 4960 3819 5014 debita

2226 5068 2428 5124 nostra,
2458 5065 2684 5128 peccata
2712 5055 2944 5121 scilicet,
2969 5054 3166 5124 quibus
3191 5054 3516 5119 detinemur,
3548 5060 3610 5105 ut
3654 5049 3821 5105 liberi

2198 5159 2205 5162 '
2225 5150 2292 5206 ad
2320 5147 2548 5218 patriam
2587 5146 2897 5203 redeuntes.

612 5234 763 5291 Beati
785 5236 1165 5294 misericordes.
1195 5236 1566 5294 Misericordia
1598 5239 1664 5295 de
1700 5243 2124 5311 praecedentibus
2206 5270 2207 5273 η

2292 5238 2498 5306 Quarto
2524 5237 2643 5292 loco
2667 5237 2912 5293 succedit
2939 5236 3155 5306 spiritus
3189 5233 3533 5304 fortitudinis,
3554 5233 3648 5305 qui
3682 5246 3824 5288 esu-

2224 5332 2491 5388 rientibus
2518 5339 2575 5385 et
2609 5329 2916 5386 sitientibus
2947 5327 3212 5400 justitiam
3252 5326 3533 5398 congruit;
3565 5327 3692 5395 quis
3718 5325 3826 5396 qui

2223 5435 2413 5477 verum
2445 5421 2757 5476 desiderant
2779 5418 3056 5489 gaudium,
3082 5417 3335 5471 laborant
3360 5416 3507 5470 retlci
3535 5416 3683 5472 veris
3708 5415 3828 5472 bo-

2197 5512 2309 5568 nis
2339 5511 2480 5566 unde
2503 5511 2768 5567 esuriant.
2793 5509 2899 5565 Sed
2933 5508 3022 5564 illa
3054 5508 3298 5576 esuries,
3320 5515 3381 5562 ut
3408 5505 3475 5561 ad
3499 5506 3831 5561 satietatem

2223 5604 2518 5674 pertingat,
2555 5601 2777 5657 fulcitur
2805 5601 2996 5673 spiritu
3028 5599 3389 5666 fortitudinis,
3437 5611 3509 5653 nc
3551 5596 3834 5653 lassesat

2225 5696 2278 5751 in
2310 5695 2399 5749 via
2435 5713 2449 5726 ·
2472 5704 2528 5750 et
2558 5694 2679 5749 ideo
2726 5709 2945 5752 oramus
2973 5712 2989 5750 :
3019 5692 3219 5749 Panem
3262 5702 3501 5748 nostrum
3546 5689 3836 5763 quotidia-

2228 5804 2350 5842 num
2373 5787 2441 5841 da
2473 5786 2618 5841 nobis
2646 5786 2821 5843 hodie.
