4076 6288
296 405 399 461 597

1380 388 1689 465 Hollle
1734 402 1819 458 ET
1858 362 2485 462 sxuonrsrto'ussﬁ

3464 380 3583 467 sas

365 520 568 587 Quinto
615 490 735 576 loco
781 518 1001 591 ponitur
1026 520 1241 592 spiritus
1278 520 1505 585 consilii,
1530 521 1622 592 qui
1671 510 1882 602 miseri-
1911 522 1956 580 Α
1986 497 2304 589 proborum,
2338 535 2438 577 nec
2484 522 2551 577 ad
2599 521 3009 579 conversionem
3039 534 3132 577 eas
3180 520 3406 579 ulterius
3456 522 3571 578 mo-

292 612 552 667 cordibns
588 614 862 669 convenit.
912 609 1082 670 Nemo
1124 614 1269 670 enim
1308 612 1724 675 miseretur-nisi
1772 611 1882 682 spi-

290 703 400 773 ritu
431 704 642 759 consilii
691 713 927 777 regatur.
966 704 1121 762 Unde
1170 720 1389 763 oramus
1421 723 1435 761 :
1471 699 1597 760 Fiat
1646 702 1882 760 voluntas

290 805 407 857 tua,
430 797 565 849 sicut
596 795 650 849 in
686 795 814 850 caelo
842 804 888 849 et
930 796 985 849 in
1030 804 1192 849 terra.
1229 798 1507 864 Quatenus
1551 795 1881 851 voluntatem

291 884 388 939 Dei
416 884 783 953 consulentes,
828 884 1192 943 misereamur
1220 887 1304 943 cui
1345 886 1711 944 miserendum
1761 903 1881 945 esse

289 975 607 1033 viderimus.

361 1066 531 1124 Sesto
562 1070 682 1125 loco
726 1070 947 1140 ponitur
974 1070 1293 1137 intellectus,
1320 1072 1411 1143 qui
1463 1072 1679 1129 mundis
1713 1073 1880 1131 corde

284 1161 571 1217 convenit.
607 1161 716 1217 Illis
747 1162 979 1229 scilicet,
1005 1163 1097 1233 qui
1130 1176 1363 1235 purgato
1395 1165 1552 1221 oculo
1581 1166 1760 1222 cordis
1800 1167 1880 1223 vi-

285 1253 419 1308 dent
448 1253 592 1324 quod
623 1269 918 1323 corporeus
945 1256 1133 1311 oculus
1183 1272 1290 1313 non
1332 1258 1509 1329 potuit
1552 1259 1769 1331 videre,
1794 1258 1879 1315 vel

281 1344 440 1400 auris
469 1346 678 1403 audire.
712 1344 826 1403 lloc
863 1357 1046 1407 autem
1078 1349 1338 1404 mundum
1391 1365 1488 1404 cor
1515 1364 1738 1422 regnum
1781 1351 1877 1408 Dei

284 1437 490 1492 dicitur
517 1438 700 1493 videre
730 1454 745 1493 :
778 1454 885 1494 non
916 1440 1044 1493 illud
1072 1443 1213 1512 quod
1250 1443 1580 1513 neciucipit,
1608 1459 1709 1499 nec
1735 1445 1879 1501 desi-

285 1527 397 1593 nit;
436 1529 533 1583 sed
561 1529 704 1599 quod
742 1528 796 1583 in
832 1529 987 1585 nobis
1028 1539 1142 1596 est,
1177 1530 1304 1586 dum
1351 1532 1483 1588 vitia
1533 1542 1588 1588 et
1636 1544 1876 1604 potestas

282 1618 487 1681 diaboli
509 1620 888 1677 excluduntur.
906 1620 1059 1677 Unde
1087 1609 1308 1678 oramus
1337 1641 1350 1677 :
1377 1626 1631 1682 Adveniat
1661 1644 1872 1698 regnum

287 1717 440 1765 tuum
463 1726 482 1765 :
514 1711 693 1779 idest,
723 1713 788 1768 da
810 1722 869 1788 ut
900 1728 998 1782 per
1032 1714 1282 1786 spiritum
1312 1716 1677 1790 intelligentiae
1717 1706 1874 1778 muth

287 1800 538 1857 dicordes
561 1803 833 1875 possimus
853 1819 995 1877 esse,
1019 1816 1074 1861 et
1099 1807 1192 1862 tibi
1221 1808 1273 1862 in
1312 1808 1467 1866 nobis
1488 1826 1709 1884 regnum
1736 1830 1875 1886 prse-

280 1907 503 1966 pararc.
1085 1966 1093 1976 ι

357 1985 637 2057 Septimus
674 1991 895 2061 ponitur
922 1993 1143 2063 spiritus
1188 1996 1476 2065 patientiae,
1505 2000 1597 2070 qui
1630 2002 1871 2072 pacitlcis

280 2080 560 2150 congruit,
587 2081 641 2136 in
671 2084 869 2152 quibus
891 2086 1071 2143 nullus
1102 2096 1280 2144 motus
1302 2100 1385 2158 cst
1414 2092 1652 2161 rebellis,
1675 2104 1733 2150 ut
1764 2111 1869 2153 non

282 2169 594 2242 discrepent
622 2173 675 2227 in
698 2176 1181 2233 sauctiiicationem
1210 2180 1449 2236 nominis
1478 2183 1707 2249 Dei,sed
1736 2187 1868 2255 vita,

281 2258 527 2314 moribus
579 2276 776 2317 nomen
816 2266 988 2335 patris
1035 2267 1088 2321 in
1146 2267 1271 2325 filiis
1320 2271 1665 2329 ostendatur.
1716 2274 1870 2332 Unde

279 2348 549 2417 orandum
579 2369 594 2407 :
633 2352 1012 2423 Sanctiﬁcetur
1030 2375 1219 2415 nomen
1250 2370 1422 2416 tuum.

355 2438 456 2496 Vel
484 2442 559 2497 ita
590 2453 713 2499 nota
752 2449 953 2517 gradus
979 2449 1173 2505 barum
1213 2453 1495 2511 virtutum.
1536 2456 1870 2529 Pauperibus

278 2531 624 2623 promittitur
660 2551 886 2606 regnum
918 2540 1203 2607 cmlorum,
1236 2543 1343 2600 illis
1383 2546 1611 2613 scilicet,
1638 2551 1730 2620 qui
1770 2568 1870 2623 per

282 2621 536 2712 spiritum
571 2625 780 2681 timoris
803 2628 1014 2687 Domini
1054 2635 1236 2689 omnia
1279 2649 1376 2690 sua
1403 2621 1865 2712 contempserunt.

280 2706 505 2766 Mitibns
543 2713 849 2783 bazreditas,
896 2722 1050 2787 quasi
1097 2732 1480 2799 testamentum
1525 2706 1698 2800 patris
1742 2706 1864 2790 cum

279 2802 485 2895 pietate
521 2811 909 2876 qumrentibus.
945 2813 1053 2870 lllis
1078 2818 1171 2887 qui
1203 2817 1389 2890 lugent
1415 2822 1648 2878 scientes
1668 2826 1866 2895 quibus

282 2894 441 2950 malis
471 2899 579 2953 sint
625 2901 871 2969 involuti,-
900 2910 1235 2976 promittitur
1263 2916 1582 2972 consolatio.
1609 2894 1864 2978 Esuriem

282 2984 428 3041 tibus
458 2999 511 3043 et
538 2990 846 3051 sitientibus
871 2999 1153 3056 saturitas.
1189 3001 1627 3065 Misericordibus
1653 3012 1867 3069 miseri-

277 3076 469 3131 cordia
504 3081 861 3151 promittitur,
892 3088 1016 3158 quia
1061 3089 1440 3160 impenderunt
1467 3096 1589 3154 aliis
1636 3101 1865 3159 circum-

280 3165 615 3264 spectionem
642 3173 874 3232 consilii.
920 3175 1132 3233 Mundis
1169 3182 1333 3237 corde
1372 3183 1603 3242 facultas
1648 3191 1862 3247 videndi
1892 3201 1938 3264 ο

278 3254 472 3311 Deum.
502 3257 750 3317 Pacificis
781 3265 940 3337 160
985 3267 1283 3326 similitudo
1329 3274 1443 3337 Dei.
1477 3279 1603 3345 quia
1654 3279 1745 3336 lilii
1772 3283 1865 3340 Dei

278 3348 644 3405 vocabuntur.
675 3350 767 3408 llle
804 3370 1049 3412 summus
1077 3368 1160 3414 est
1193 3362 1282 3430 qui
1330 3366 1513 3420 vocari
1568 3367 1708 3424 [ilius
1738 3387 1863 3442 pros-

279 3446 546 3535 meretur.
573 3440 725 3497 Beati
758 3445 847 3515 qui
876 3450 1288 3516 persecutionem
1333 3457 1620 3526 patiuntur
1654 3440 1870 3535 propter

263 3527 582 3600 justitiam,
636 3538 885 3604 quoniam
940 3541 1172 3610 ipsorum
1225 3558 1301 3601 est
1341 3566 1556 3618 regnum
1619 3527 1868 3613 striarum

276 3618 503 3714 (Matth.
530 3640 586 3714 v,
636 3627 747 3698 10).
794 3628 996 3686 Omnes
1044 3632 1182 3690 beati
1227 3638 1483 3696 dicuntur
1520 3644 1610 3714 qui
1667 3646 1869 3703 habent

273 3709 543 3778 quidquid
570 3714 898 3775 desiderant.
936 3722 1217 3783 Beatitndo
1253 3730 1399 3784 enim
1427 3741 1510 3786 est
1536 3709 1711 3791 status
1733 3752 1867 3793 con—

273 3802 597 3900 gregatione
618 3808 858 3864 omnium
886 3811 1150 3871 bonorum
1177 3819 1626 3889 perfectissimus.
1645 3824 1865 3897 Septem

270 3901 449 3988 ign-tur
475 3903 599 3949 sunt
632 3912 753 3966 qua:
784 3902 1105 3971 perficiunt;
1142 3917 1391 3965 octavum
1441 3921 1546 3982 est,
1585 3917 1728 3985 quod
1760 3918 1870 3988 glo-

273 3981 504 4078 rificat;
526 3988 790 4056 perfectio
832 4011 1064 4066 namque
1102 4000 1222 4055 illos
1262 4003 1352 4071 qui
1390 4003 1485 4059 Dei
1523 3981 1649 4060 Sunt
1674 3981 1867 4078 probat

278 4072 438 4130 Unde
468 4076 727 4167 legitur:
758 4083 1127 4143 Succendatur
1158 4091 1355 4162 [ornas
1389 4104 1444 4149 ut
1481 4072 1731 4167 probetur
1767 4117 1868 4157 an-

274 4184 399 4222 mm
423 4166 584 4240 (sum
613 4190 707 4242 ω’
736 4175 814 4248 ω’
867 4247 1149 4307 nonum
1182 4252 1247 4309 tu

270 4331 331 4387 Is
368 4330 708 4394 evincamus
730 4353 1007 4397 sscvxnuu
1033 4343 1381 4403 Muraena.
1408 4347 1576 4405 Iussit
1604 4351 1762 4408 Iesus
1784 4354 1868 4409 di-

258 4432 261 4435 '
347 4425 577 4496 scipulos
609 4445 730 4484 suos
753 4434 1030 4487 ascendere
1060 4436 1113 4490 in
1147 4439 1465 4509 naviculam,
1499 4452 1547 4496 et
1575 4446 1866 4513 prirccdere

1984 629 2142 679 nens,
2176 614 2270 669 sed
2297 613 2587 683 perditioni
2628 615 2886 687 deserens
2911 614 3163 683 migrabit
3193 614 3340 681 hinc,
3365 624 3567 670 ut-cum

1983 704 2111 783 solis
2152 704 2338 761 electis
2390 706 2504 761 suis
2547 704 2601 760 in
2647 721 2817 777 regno
2844 705 2938 760 sit.
2970 703 3128 760 Unde
3181 703 3565 775 subiungitur:

1981 793 2159 851 Donec
2181 796 2459 851 dimitteret
2500 798 2700 851 turbas.
2735 797 2866 851 Nam
2898 796 2951 851 in
3004 795 3110 851 line
3153 796 3337 851 θεουῆ
3387 796 3568 852 turbas

1983 882 2327 944 inimicorum
2353 888 2609 954 dimittet,
2650 899 2711 943 nt
2748 905 2778 943 a
2807 888 3155 958 dlabolojam
3185 889 3237 943 in
3284 889 3569 958 sempiter-

1884 1004 1897 1008 -
1981 996 2106 1035 nam
2129 980 2527 1035 damnationem
2553 980 2851 1051 rapiantur.
2868 977 2934 1033 Et
2956 980 3176 1034 dimissa
3210 981 3362 1034 turba
3387 997 3567 1035 ascert-

1980 1073 2055 1127 dit
2088 1074 2142 1126 in
2167 1082 2392 1126 montem
2419 1071 2561 1127 solus
2591 1089 2766 1127 orare.
2802 1072 3017 1127 Turbas
3054 1072 3272 1142 quidem
3323 1072 3565 1141 gentium

1980 1162 2151 1233 usque
2180 1161 2244 1217 ad
2276 1160 2436 1217 finem
2465 1161 2648 1217 mundi
2669 1176 2773 1217 non
2798 1162 3036 1217 dimittet
3065 1179 3080 1228 ;
3112 1163 3205 1218 sed
3239 1163 3447 1217 turbam
3473 1161 3566 1218 Ju-

1980 1254 2148 1310 daica:
2174 1252 2347 1324 plebis
2394 1262 2523 1307 tunc
2552 1246 2778 1318 dimisit,
2811 1252 3028 1324 quando
3050 1255 3342 1308 secundum
3370 1254 3563 1309 Isaiam

1980 1343 2256 1397 mandavit
2302 1342 2534 1399 nubibus
2582 1342 2714 1407 suis,
2750 1357 2818 1397 ne
2872 1357 3038 1412 super
3070 1340 3460 1400 infructuosam
3491 1346 3566 1399 vi-

1979 1450 2136 1491 neam
2187 1434 2438 1506 pluerent
2464 1432 2598 1506 (Isa.
2635 1451 2689 1497 v,
2724 1433 2800 1505 6),
2834 1433 2886 1489 id
2930 1444 3045 1499 est,
3101 1436 3359 1504 apostolis
3406 1435 3567 1506 jussit

1978 1538 2047 1579 ne
2082 1521 2282 1579 ludatis
2308 1522 2449 1578 ultra
2495 1524 2871 1597 pnedicarent,
2918 1524 3011 1580 sed
3049 1525 3120 1578 ad
3149 1534 3340 1594 gentes
3369 1539 3565 1596 perge-

1978 1624 2116 1670 rent.
2143 1614 2235 1669 Sie
2262 1629 2390 1686 ergo
2410 1615 2620 1669 turbam
2654 1615 2797 1669 illam
2825 1615 3047 1679 dimisit,
3073 1624 3128 1670 et
3160 1616 3214 1670 in
3242 1627 3487 1680 montem,
3511 1615 3565 1671 id

1977 1716 2057 1760 est
2076 1706 2129 1758 in
2147 1690 2528 1776 apicetn'regni
2559 1704 2822 1769 caelestis,
2847 1705 3112 1768 ascendit,
3136 1705 3201 1759 de
3228 1719 3332 1774 quo
3356 1703 3563 1758 dictum

1976 1796 2154 1852 fuerat
2180 1813 2196 1851 :
2227 1795 2357 1861 Quis
2410 1796 2648 1850 ascendet
2682 1796 2737 1848 in
2779 1805 3006 1849 montem
3037 1794 3267 1857 Domini,
3319 1804 3411 1847 aut
3445 1795 3562 1864 quis

1902 1859 1949 1918 Β
1972 1888 2127 1961 stabit
2157 1888 2211 1941 in
2237 1859 2351 1940 loco
2378 1898 2559 1942 sancto
2584 1885 2698 1955 ejus
2724 1887 2750 1939 ξ’
2773 1884 2944 1956 (Psal.
2972 1883 3220 1953 xxtu,5.)
3247 1883 3397 1937 Mons
3413 1859 3560 1938 enim

1974 1980 2202 2036 altitudo
2225 1987 2331 2045 est,
2369 1988 2421 2033 et
2450 1980 2579 2050 quid
2610 1978 2773 2032 altius
2811 1978 2949 2033 cisio
2982 1976 3161 2031 llllud
3186 1975 3429 2031 ascendit
3450 1975 3563 2029 Duo

1974 2071 2173 2127 minus.
2203 2070 2269 2125 Et
2300 2070 2546 2124 ascendit
2571 2069 2737 2133 solus,
2766 2069 2891 2138 quia
2928 2084 3075 2122 nemo
3101 2069 3331 2122 ascendit
3369 2069 3424 2122 in
3458 2082 3560 2121 ctr-

1971 2162 2103 2228 lum,
2129 2163 2229 2217 nisi
2250 2162 2340 2234 qui
2370 2160 2632 2215 descendit
2657 2162 2721 2214 de
2741 2158 2888 2225 ccio,
2918 2157 3089 2213 Filius
3118 2160 3343 2212 hominis
3361 2160 3451 2229 qui
3474 2166 3559 2212 est

1971 2256 2026 2309 in
2054 2253 2180 2309 cazlo
2207 2253 2389 2324 (Ioan.
2416 2268 2504 2317 ιιι,
2524 2252 2631 2323 l5).
2664 2250 2921 2318 Quamvis
2950 2259 3004 2303 et
3036 2250 3088 2303 in
3122 2249 3228 2304 fine
3249 2265 3371 2304 cum
3398 2261 3559 2304 vene-

1971 2344 2062 2407 rit,
2094 2351 2147 2397 et
2176 2346 2498 2397 omnes"nos
2530 2338 2782 2397 ‘membra
2815 2354 2909 2393 sua
2956 2338 3233 2410 collegerit
3255 2354 3319 2393 ac
3344 2338 3561 2393 levave-

1970 2432 2042 2486 rit
2068 2432 2119 2485 in
2149 2430 2368 2495 emtum,
2400 2431 2562 2485 etiam
2591 2439 2718 2485 tunc
2740 2428 2884 2485 solus
2911 2429 3169 2484 ascendet
3195 2445 3209 2494 ;
3245 2428 3369 2499 quia
3396 2435 3559 2497 caput

1969 2539 2092 2579 cum
2124 2526 2352 2592 corpore
2376 2539 2474 2578 suo
2504 2537 2643 2577 unus
2665 2532 2752 2578 est
2769 2523 3039 2578 Christus.
3075 2521 3227 2577 Nunc
3263 2531 3445 2578 autem
3470 2536 3560 2576 so-

1968 2612 2080 2671 lum
2114 2623 2273 2684 caput
2307 2616 2569 2679 ascendit,
2591 2613 2854 2668 Mediutor
2884 2614 2980 2667 Dei
3004 2624 3054 2668 et
3083 2614 3375 2676 hominum.
3399 2614 3557 2666 homo

1968 2708 2209 2763 Cbristus
2230 2706 2387 2762 Iesus
2412 2705 2462 2777 (1
2487 2707 2622 2762 Tim.
2653 2721 2713 2770 ιι,
2744 2705 2820 2774 5).
2856 2704 2924 2759 Et
2946 2705 3193 2759 ascendit
3216 2719 3397 2769 orare,
3431 2705 3554 2773 quia

1969 2797 2069 2853 ivit
2096 2800 2164 2853 ad
2194 2797 2412 2852 Patrem
2443 2812 2540 2868 pro
2576 2797 2732 2851 nobis
2767 2794 3133 2865 interpellare.
3161 2794 3293 2849 Non
3315 2797 3452 2849 enim
3497 2796 3554 2848 in

1968 2890 2273 2960 manufurta
2304 2868 2752 2943 sanetadutroirit
2770 2929 2784 2952 ,
2808 2885 3126 2955 exemplaria
3162 2901 3396 2941 verorum
3423 2902 3442 2940 :
3466 2886 3558 2940 sed

1966 2981 2021 3035 in
2054 2982 2221 3049 ipsum
2248 2979 2450 3046 coelum,
2475 2988 2528 3033 ut
2558 2988 2805 3049 appareat
2829 2976 2963 3032 nunc
2990 2977 3151 3036 vultui
3176 2976 3271 3031 Dei
3293 2992 3389 3046 pro
3410 2975 3556 3030 nobis

1969 3071 2157 3141 (Hebr.
2189 3070 2391 3140 tx,2l).

2041 3163 2299 3236 Sequitur
2328 3181 2341 3218 :
2387 3162 2792 3233 Vespereautens
2817 3154 2988 3233 facto,
3017 3162 3160 3218 solus
3190 3172 3301 3217 erat
3328 3162 3419 3216 ibi.
3449 3161 3554 3217 Vc-

1973 3268 2101 3323 sper
2129 3254 2582 3326 propinquitatem
2609 3254 2730 3309 linis
2758 3254 2937 3308 steculi
2977 3255 3245 3323 designat,
3272 3254 3338 3307 de
3362 3268 3465 3323 qua
3497 3260 3555 3308 et

1971 3348 2209 3404 Joannes
2231 3349 2349 3402 ait:
2390 3345 2594 3409 b'ilioli,
2621 3346 2900 3399 nouissima
2938 3346 3068 3400 liora
3109 3357 3181 3399 est
3207 3344 3256 3417 (Ι
3281 3344 3449 3399 Joan.
3488 3359 3553 3408 tt,

1973 3441 2087 3510 18).
2123 3437 2336 3509 Vespere
2364 3438 2528 3509 igitur
2544 3440 2706 3507 facta,
2729 3436 2870 3490 solus
2898 3447 3008 3491 erat
3038 3438 3109 3490 ibi
3135 3454 3154 3499 ;
3181 3438 3328 3507 quia,
3356 3451 3555 3506 appreo

1968 3533 2267 3603 pinquantc
2288 3531 2471 3584 mundi
2496 3530 2750 3593 termino,
2781 3528 2927 3583 solus
2952 3530 3015 3583 in
3033 3539 3214 3584 sancta
3241 3535 3550 3587 sanctorum

1970 3631 2030 3678 ut
2061 3637 2221 3678 verus
2268 3620 2517 3677 Pontifex
2570 3622 2813 3687 intravit,
2838 3621 3018 3690 ibique
3057 3631 3133 3676 est
3175 3620 3245 3675 ad
3285 3621 3553 3675 dexteram

1972 3713 2090 3780 Dei,
2115 3723 2162 3767 et
2192 3711 2486 3782 interpellat
2516 3727 2611 3781 pro
2648 3711 2795 3766 nobis
2824 3708 3003 3782 (Rern.
3044 3726 3162 3777 νιιι,
3189 3709 3304 3779 54).
3328 3708 3552 3764 Verum-

1964 3816 2151 3862 tamen
2184 3805 2310 3860 dum
2358 3803 2448 3859 ille
2486 3811 2607 3858 orat
2638 3803 2690 3858 in
2736 3801 2971 3869 excelso,
3018 3801 3260 3857 navicula
3306 3801 3554 3855 turbatur

1968 3896 2221 3951 ﬂuctibus
2250 3897 2301 3950 in
2334 3895 2621 3965 profundo.
2654 3893 2788 3950 Nam
2827 3895 2953 3963 quia
3001 3895 3285 3959 insurgunt
3331 3893 3548 3975 ﬂuctus,

1967 3997 2145 4060 pmest
2179 3988 2282 4042 ista
2312 3987 2557 4041 navicula
2589 3987 2792 4042 turbari
2818 4002 2833 4050 ;
2865 3985 2960 4039 sed
2990 3984 3117 4054 quia
3137 3983 3386 4037 Christus
3405 3991 3547 4045 orat,

1969 4095 2073 4134 non
2111 4087 2291 4148 potest
2330 4078 2523 4149 mergi.

2040 4169 2302 4239 Sequitur
2333 4170 2476 4224 enim
2516 4186 2532 4223 :
2568 4167 2829 4222 Navicula
2874 4174 3045 4221 autem
3083 4167 3136 4219 in
3164 4164 3335 4219 medio
3385 4165 3549 4218 maris

1959 4262 2265 4332 jactabatur
2284 4262 2547 4331 ﬂuctibus.
2578 4260 2707 4315 Erat
2739 4262 2876 4316 enim
2912 4261 2986 4315 eis
3021 4259 3317 4315 contrarius
3347 4268 3548 4315 reatus.

1972 4353 2235 4408 Naricula
2266 4354 2465 4423 quippe
2492 4361 2574 4407 est
2604 4352 2860 4414 Ecclesia,
2879 4369 3023 4407 mare
3051 4350 3327 4415 saeculum,
3357 4352 3549 4423 [luctus

1970 4445 2131 4500 maris
2175 4453 2413 4499 tumores
2454 4444 2632 4499 δεηθειΙί
2682 4454 2737 4499 et
2785 4443 3160 4499 lrilmlationes
3212 4443 3547 4507 mundi,seu

340 4532 462 4570 eum
490 4528 638 4574 trans
673 4520 885 4589 fretum,
902 4526 1066 4580 donec
1098 4527 1380 4585 dimitteret
1416 4533 1617 4589 turbas.
1646 4535 1860 4606 (Matth.
1897 4550 1942 4606 ι)
1968 4535 2327 4590 tentationum
2354 4536 2584 4603 impetus
2600 4534 2749 4589 elati.
2768 4532 2961 4589 Ventus
2988 4535 3307 4602 contrarius,
3329 4534 3549 4602 spiritus

347 4623 465 4674 χεν,
490 4610 603 4681 2‘2).

265 4771 269 4774 ν
344 4699 406 4754 ln
457 4701 563 4758 bac
614 4704 846 4761 lectione
892 4705 1048 4775 juxta
1100 4711 1388 4781 mysticam
1448 4714 1864 4787 intelligentiam

268 4795 593 4848 summatim
642 4795 971 4854 describitur
1009 4800 1264 4858 Ecclesiae
1310 4815 1483 4861 status
1518 4808 1586 4863 ab
1629 4810 1861 4864 adventu

269 4884 581 4943 Salvatoris
604 4904 773 4961 usque
806 4892 858 4945 in
889 4892 1048 4948 tinem
1078 4895 1280 4953 smculi.
1306 4895 1474 4953 Iussit
1500 4901 1643 4955 enim
1681 4900 1866 4957 Domi-

271 4993 379 5032 nus
404 4979 691 5050 discipulos
730 5001 853 5039 suos
894 4988 1174 5042 ascendere
1213 4990 1267 5041 in
1294 4990 1612 5056 navie-uiam,
1647 4997 1863 5063 quando

187 5106 200 5114 .
272 5070 537 5139 apostolis
573 5088 870 5148 eorumque
906 5063 1669 5151 sequacibusgubernandum
1715 5103 1860 5142 com-

271 5160 425 5214 misit
472 5161 791 5222 Ecelesiam.
819 5169 887 5223 Et
933 5171 1006 5225 ita
1044 5172 1333 5240 pra'cedere
1379 5183 1526 5228 trans
1562 5175 1777 5243 fretum,
1807 5177 1859 5233 id

254 5254 358 5335 gest
386 5249 609 5306 tenuiore
647 5256 713 5307 ad
762 5267 974 5324 portum
1020 5258 1263 5315 caelestis
1309 5262 1516 5330 patriae.
1546 5263 1859 5334 priusquam

268 5337 394 5410 ipse
418 5356 481 5395 ex
514 5352 627 5398 toto
662 5346 857 5422 migret
904 5349 973 5403 ab
1016 5350 1118 5405 hoc
1168 5355 1387 5406 mundo.
1427 5351 1560 5408 Nam
1595 5370 1717 5410 cum
1748 5358 1861 5414 suis

272 5429 467 5488 cleCtis
497 5443 551 5488 et
578 5446 799 5506 propter
852 5455 980 5496 suos
1018 5441 1221 5498 electos
1251 5454 1335 5499 est
1386 5445 1499 5517 ipse
1527 5462 1741 5517 semper
1772 5449 1860 5507 bic

269 5533 452 5592 usque
504 5526 570 5579 ad
618 5532 1140 5588 consummationem
1182 5537 1364 5590 szcculi
1404 5546 1502 5593 :et
1550 5539 1860 5609 pruicednnt

270 5611 428 5667 illum
476 5622 630 5671 trans
679 5621 1004 5676 mundanum
1032 5625 1273 5696 pelagus,
1328 5628 1418 5697 qui
1456 5630 1698 5698 quotidie
1729 5631 1857 5688 hinc

268 5717 567 5763 transeunt
588 5710 656 5765 ad
685 5721 883 5768 terram
915 5698 1229 5793 viventium.
1248 5717 1381 5791 Cum
1410 5719 1552 5793 enim
1579 5736 1706 5776 suos
1731 5721 1859 5778 illuc

266 5811 470 5855 omnes
492 5801 834 5872 praemiserit,
864 5815 993 5862 tunc
1025 5806 1332 5878 velioquens
1372 5792 1740 5867 multitudines
1770 5825 1858 5867 re-

1970 4625 2380 4690 dtcmoniorum,
2402 4640 2509 4694 quo
2530 4626 2710 4680 seculi
2741 4634 3031 4695 potestates
3068 4626 3325 4681 adversus
3362 4626 3548 4681 Eccle-
3606 4674 3613 4679 .

1964 4715 2101 4770 Simo
2129 4723 2257 4768 sunt
2290 4716 2592 4778 concitam,
2623 4724 2678 4771 et
2707 4717 2938 4771 mundus
2962 4727 3152 4771 contra
3192 4725 3409 4771 sanctos
3443 4718 3547 4773 fre-

1966 4812 2196 4875 quenter
2216 4812 2536 4868 cetnmotus,
2552 4816 2603 4859 et
2628 4821 2737 4876 quo
2752 4808 2882 4863 vitia
2910 4811 2993 4863 vel
3008 4812 3316 4881 iniquitates
3336 4824 3548 4879 semper

1967 4903 2348 4964 suggeruntur.
2393 4892 2555 4951 Navis
2598 4895 2764 4966 igitur
2791 4899 2842 4951 iu
2867 4899 3034 4952 medio
3066 4900 3227 4952 maris
3250 4897 3548 4961 iactabatur

1964 4987 2231 5057 ﬂuctibus,
2267 4988 2392 5041 dum
2419 4986 2576 5044 Iesus
2604 4989 2655 5043 in
2684 4991 2883 5044 montis
2902 4990 3184 5045 cacumine
3206 5000 3541 5056 moraretur;

1964 5078 2088 5148 quia
2112 5093 2177 5133 ex
2206 5091 2313 5147 quo
2343 5078 2593 5134 Salvator
2618 5081 2670 5134 in
2710 5081 2905 5135 ctelum
2936 5077 3207 5145 aLscendit,
3233 5089 3421 5136 sancta
3453 5081 3548 5137 Ec-

1964 5170 2130 5227 clesia
2178 5171 2389 5241 magnis
2416 5170 2851 5226 tribulationibus
2877 5172 2927 5225 in
2957 5173 3058 5226 boe
3103 5171 3304 5225 mundo
3342 5171 3544 5243 agitata

1962 5243 2068 5325 est,
2095 5269 2150 5315 et
2176 5261 2345 5315 variis
2391 5262 2828 5331 persecutionum
2874 5260 3177 5317 turbinibus
3204 5262 3434 5333 pulsata,
3479 5279 3545 5319 ac

1963 5352 2193 5407 diversis
2220 5353 2483 5405 malorum
2515 5352 2793 5407 hominum
2829 5354 3187 5424 pravitatibus
3215 5365 3430 5420 vexata,
3462 5357 3543 5411 vi-

1964 5444 2160 5513 tiisque
2199 5442 2514 5498 multimodo
2557 5444 2783 5498 tentata.
2828 5442 2960 5499 Erat
2990 5446 3127 5500 enim
3160 5448 3207 5501 ei
3244 5449 3541 5503 contrarius

1959 5548 2160 5602 ventus,
2192 5536 2315 5604 quia
2350 5534 2511 5591 flatus
2548 5534 2903 5606 malignorum
2930 5539 3216 5609 spirituum
3244 5540 3294 5595 ei
3326 5555 3544 5611 semper

1961 5628 2301 5689 adversatur,
2332 5640 2398 5679 ne
2422 5625 2488 5679 ad
2522 5635 2733 5696 portum
2761 5628 2950 5685 salutis
2974 5631 3281 5701 perveniat;
3308 5630 3541 5687 obruere

1960 5735 2076 5774 eam
2125 5717 2316 5772 nititur
2354 5716 2605 5775 ﬂuctibus
2660 5718 3047 5778 adversitatum
3096 5723 3309 5793 strcnli,
3350 5738 3476 5778 omn

1960 5800 2091 5880 quas
2120 5807 2259 5863 valet
2280 5801 2692 5869 contrarietatcs
2715 5812 2762 5867 ei
2783 5804 3142 5877 Commovens,
3450 5826 3455 5831 '
