4076 6288
529 325 640 388 I99

884 326 943 382 3.
974 321 1275 382 ANSELMI
1316 321 1666 381 CANTHAR.
1697 319 2016 379 ARClllEP.
2059 319 2224 377 OPP.-
2250 319 2429 376 PARS
2458 308 2626 375 11.:
2650 318 3024 376 ΡΔΚΕΝΕΤ.
3066 319 3157 377 ΕΤ
3182 318 3428 377 ASCET.

3689 322 3799 379 600

530 482 533 483 ν
598 442 859 514 Sequitur
888 460 902 496 :
934 437 1137 508 Quarta
1161 451 1335 496 autem
1359 440 1537 512 vigilia
1567 441 1732 494 noctis
1756 438 1888 493 venit
1909 436 1977 491 ad
2007 452 2115 501 eos,
2148 439 2193 497 Α
2222 444 2296 490 est
2325 436 2418 495 eis,
2460 436 2637 490 dicens
2662 452 2681 491 :
2711 433 2908 489 Habete
2930 434 3218 503 ﬁduciam;
3262 432 3372 504 Ego
3399 450 3535 500 sum,
3563 436 3725 490 nolite
3749 439 3819 491 ti-

529 532 808 587 nntbulans
830 548 990 601 supra
1018 548 1184 587 mare.
1205 530 1340 586 Cum
1370 548 1476 587 nox
1507 530 1788 587 duodecim
1826 531 1989 585 horas
2014 528 2111 597 ha.-

532 624 674 687 heat,
699 631 754 679 et
793 632 1027 692 quatuor
1048 621 1312 676 militares
1340 622 1574 693 vigilias.
1608 620 1781 676 tribus
1816 618 1967 673 horis
1989 616 2114 670 uni-

528 715 723 784 cuique
761 713 955 784 vigilitc
985 714 1278 782 deputatis,
1293 725 1491 783 quarta
1515 712 1694 783 vigilia
1726 711 1901 765 noctis
1928 719 2111 763 extre-

527 808 693 863 mitas
717 817 801 862 est
831 806 1027 861 noctis.
1061 806 1180 861 Nox
1226 822 1357 861 vero
1397 806 1650 861 tenebras
1703 801 2110 858 tribulatimuun

525 909 582 957 et
603 914 854 955 errorum
880 915 945 954 ac
970 899 1224 954 vitiorum
1253 908 1310 953 et
1336 898 1577 968 pericula
1624 896 1982 952 teutationum
2015 893 2111 947 de-

523 991 718 1060 signat.
756 991 812 1046 ln
846 1000 1033 1061 quarta
1065 1006 1195 1060 ergo
1232 992 1405 1061 vigilia
1447 991 1645 1052 noctis,
1686 991 1787 1044 hoc
1812 998 1897 1044 est
1926 990 1976 1042 in
2015 1002 2112 1042 ex-

525 1081 797 1136 tremitate
824 1082 1238 1151 persecutionis,
1263 1098 1384 1152 qua:
1406 1081 1495 1135 diu
1521 1081 1621 1135 sub
1647 1079 1872 1151 paganis
1895 1079 2111 1148 regibus

524 1171 872 1240 ell'erbuerat,
898 1174 976 1229 vel
998 1174 1144 1230 circa
1184 1174 1345 1231 linem
1379 1172 1664 1241 cujuslibet
1712 1170 1979 1242 grauioris
2015 1170 2112 1226 ad-

523 1264 820 1330 versitatis,
864 1267 1001 1320 venit
1040 1264 1198 1321 Jesus
1236 1266 1303 1321 ad
1362 1280 1508 1320 suos.
1540 1264 1610 1318 Et
1661 1264 1796 1319 venit
1834 1261 2112 1318 ambulans

521 1374 682 1427 supra
718 1374 884 1425 mare,
916 1357 970 1421 id
998 1366 1080 1414 est
1109 1358 1326 1414 calcans
1352 1372 1540 1412 omnes
1579 1356 1985 1410 tribulationum
2012 1352 2113 1409 ﬂu-

520 1437 666 1513 ct'us,
696 1457 753 1503 et
773 1462 965 1502 omnes
996 1456 1236 1503 tumores
1269 1446 1452 1501 nmndi
1492 1445 1593 1501 sub
1624 1445 1852 1516 pedibus
1880 1445 2110 1509 habens,

521 1548 820 1605 omnesque
859 1536 1204 1594 celsitudines
1247 1536 1425 1592 seculi
1474 1550 1745 1607 premens.
1785 1536 1925 1604 Quid
1966 1535 2112 1590 enim

519 1627 691 1682 maris
707 1628 1073 1703 nomine,nisi
1112 1629 1167 1684 in
1196 1629 1459 1685 bonorum
1498 1642 1630 1683 nece
1660 1628 1893 1684 steviens
1927 1627 2109 1683 mundi

519 1716 687 1786 hujus
740 1720 1049 1775 amaritudo
1097 1719 1471 1791 designatur?
1515 1717 1689 1788 Super
1737 1716 1931 1773 ﬂuctus
1981 1732 2113 1788 ergo

2219 540 2377 579 mere.
2407 523 2514 578 Aut
2536 525 2683 580 enim
2710 539 2807 595 per
2847 524 3117 582 internam
3141 524 3553 592 aspirationem,
3601 534 3694 579 aut
3719 539 3823 593 per

2218 617 2553 687 Scripturas,
2584 628 2676 675 aut
2705 635 2804 690 per
2833 618 3218 688 prredicatores
3243 617 3483 688 loquitur
3521 621 3636 674 suis
3660 619 3811 676 talia.

2218 708 2419 773 Nolite,
2454 711 2647 780 inquit,
2699 710 2964 775 diliidere,
2997 710 3091 765 sed
3119 711 3377 777 fiduciam
3412 710 3617 779 habete,
3656 711 3815 769 nolite

2214 816 2598 871 expavescere,
2628 803 2721 856 sed
2741 802 2994 873 impavidi
3022 810 3197 856 estcte
3223 818 3238 855 :
3265 801 3391 870 quia
3416 799 3530 870 Ego
3555 818 3696 865 sum,
3720 800 3817 870 qui

2215 890 2320 945 ista
2348 892 2665 960 praedixi,et
2687 908 2829 948 nunc
2857 908 2918 947 ea
2942 892 3085 947 facio
3112 907 3211 961 pro
3229 892 3429 947 vestris
3451 891 3810 958 utilitatibus;

2214 991 2269 1038 et
2306 982 2425 1037 ideo
2454 998 2676 1039 necesse
2699 992 2784 1037 est
2816 991 2873 1037 ut
2901 982 3052 1037 ﬁant.
3090 981 3206 1053 Ego
3251 998 3393 1045 sum,
3433 981 3527 1052 qui
3555 998 3662 1037 non
3693 997 3824 1036 mur

2215 1083 2318 1139 tor,
2357 1086 2415 1129 et
2456 1074 2613 1144 cujus
2641 1074 2807 1130 verba
2837 1092 2949 1130 non
2980 1083 3290 1140 transeunt,
3325 1074 3420 1137 sed
3464 1082 3808 1144 permanent,

2213 1172 2266 1220 et
2298 1165 2459 1220 rebus
2487 1165 2802 1235 explentur;
2844 1164 2936 1233 qui
2990 1164 3057 1219 ad
3098 1162 3317 1236 Moysen
3351 1164 3459 1219 dixi
3494 1182 3507 1218 :
3538 1162 3651 1233 Ego
3695 1180 3811 1217 ntus

2211 1256 2301 1327 qui
2323 1273 2439 1310 sum
2470 1254 2669 1325 (Exod.
2700 1255 2886 1326 111,14)
2909 1297 2923 1321 ,
2953 1271 3018 1311 ac
3037 1256 3267 1326 praecepi
3288 1256 3338 1309 ei
3371 1273 3384 1308 :
3412 1254 3503 1310 Sic
3524 1255 3665 1308 dices
3684 1254 3814 1322 [iliis

2213 1348 2427 1403 Israel:
2455 1346 2558 1414 Qui
2581 1358 2678 1414 est,
2716 1349 2858 1403 misit
2906 1364 2986 1402 me
3016 1347 3085 1401 ad
3135 1364 3223 1402 vos
3271 1345 3486 1417 (Ibid.).
3519 1346 3626 1401 Res
3665 1346 3809 1401 enim

2212 1438 2487 1509 quaelibet,
2522 1439 2568 1495 si
2610 1438 2890 1497 mutabilis
2918 1447 3024 1502 est,
3071 1453 3179 1493 non
3228 1452 3360 1493 vere
3403 1446 3506 1491 est.
3554 1435 3673 1491 Non
3724 1445 3810 1491 est

2211 1531 2356 1587 enim
2384 1530 2454 1586 ibi
2470 1545 2652 1586 verum
2663 1544 2801 1595 esse,
2824 1530 2913 1585 ubi
2935 1538 3086 1586 estet
3101 1544 3205 1585 non
3228 1544 3366 1584 esse.
3385 1527 3515 1582 Nam
3536 1527 3801 1598 quidquid

2212 1624 2409 1678 mutari
2447 1632 2646 1693 potest,
2685 1632 2977 1685 mutatum,
3029 1631 3239 1677 nonest
3269 1621 3412 1689 quod
3450 1631 3592 1676 erat.
3638 1621 3718 1675 Ac
3750 1620 3813 1674 in

2211 1715 2461 1781 veritate,
2488 1729 2609 1784 qua;
2637 1722 2841 1781 manet,
2885 1714 3115 1768 mutatio
3143 1728 3248 1767 non
3285 1723 3389 1777 est,
3442 1727 3542 1766 nec
3578 1722 3803 1783 przeter-

516 1810 689 1866 maris
738 1811 998 1868 Dominus
1055 1813 1296 1867 ambulat
1334 1812 1543 1882 :quia,
1579 1827 1701 1867 cum
1754 1827 1814 1867 se
1866 1811 2114 1881 procella:
2148 1824 2191 1883 Β
2220 1806 2351 1860 itum
2384 1816 2476 1859 aut
2527 1806 2789 1872 futurum,
2829 1805 2924 1861 sed
2955 1805 3129 1860 solum
3164 1819 3426 1875 praesens,
3472 1813 3528 1859 et
3578 1805 3684 1858 hoc
3724 1804 3808 1858 in-

519 1902 920 1970 persecutiouis
967 1904 1213 1975 erigunt,
1246 1903 1628 1959 miraculorum
1652 1902 1770 1971 ejus
1800 1900 2111 1971 obstupelb-

518 1995 702 2049 ctione
728 1992 1072 2063 franguntur.
1104 1995 1206 2062 Qui
1236 1996 1379 2051 enim
1404 2004 1648 2051 tumores
1681 1996 1931 2049 humanae
1962 2008 2115 2048 vesa-

522 2080 632 2136 nia:
676 2083 909 2154 mitigat,
940 2085 1094 2153 quasi
1119 2095 1331 2139 erectas
1354 2086 1409 2139 in
1445 2084 1661 2140 cmnulo
1708 2086 1881 2139 undas
1915 2084 2107 2139 calcat.

520 2168 657 2225 Nam
682 2186 804 2225 cum
838 2187 1040 2228 morem
1069 2188 1230 2228 suum
1254 2173 1529 2245 gentilitas
1556 2175 1759 2229 destrui
1803 2189 1954 2228 novae
1984 2189 2113 2229 con-

520 2263 848 2319 versationis
896 2264 1281 2333 przcdicatione
1324 2266 1704 2335 conspiceret;
1753 2280 1876 2319 cum
1925 2264 2110 2319 mundi

478 2376 485 2381 κ
519 2353 680 2423 hujus
705 2356 898 2411 divites
918 2356 1137 2412 elationi
1156 2373 1266 2412 suae
1295 2359 1571 2413 contraire
1604 2357 1743 2412 facta
1773 2372 2108 2427 pauperum;

519 2459 646 2500 cum
694 2447 969 2518 sapientes
1034 2449 1222 2504 saeculi
1260 2450 1536 2505 adversari
1586 2449 1688 2504 sibi
1734 2448 2109 2518 imperitorum

517 2539 685 2596 verba
714 2549 1030 2611 pensarent,
1056 2541 1110 2597 in
1163 2542 1554 2612 persecutionis
1606 2550 1981 2610 tempestatem
2027 2550 2112 2595 tu-

517 2644 794 2689 muerunt.
826 2634 931 2689 Sed
959 2635 1051 2704 qui
1081 2620 1366 2689 verborum
1390 2635 1717 2690 adversitatc
1740 2634 2012 2693 commoti.
2040 2632 2110 2688 ad

516 2726 917 2796 persecutionis
958 2726 1227 2796 procellas
1260 2726 1529 2789 insiliunt,
1563 2726 1863 2797 signorum,
1888 2734 1945 2778 ut
1974 2725 2111 2780 dixi-

518 2830 664 2881 mus,
690 2810 1047 2871 admiratioue
1073 2825 1467 2891 temperantur.
1499 2817 1600 2871 Tot
1635 2831 1763 2887 ergo
1802 2818 1856 2871 in
1889 2817 1972 2872 his
2006 2816 2109 2871 llu-

516 2905 698 2961 ctibus
734 2906 993 2961 Dominus
1018 2921 1247 2978 gressus
1271 2907 1603 2978 posuitquot
1645 2908 1892 2978 superbis
1929 2922 2111 2978 persee-

518 2996 802 3050 cutoribus
842 2996 1103 3052 miracula
1142 2997 1399 3052 ostendit.

587 3085 879 3156 Sequitur:
908 3088 973 3142 Et
996 3089 1223 3143 uidentes
1244 3106 1361 3144 eum
1383 3106 1543 3159 supra
1568 3106 1713 3144 mare
1732 3091 2113 3159 ambulantem,

2217 1897 2689 1967 corruptibilitcr:
2724 1897 2868 1967 quod
2914 1897 2968 1951 in
3000 1905 3253 1951 creatura
3295 1911 3400 1951 non
3451 1904 3557 1950 est.
3589 1896 3811 1950 Discute

2215 1988 2358 2043 enim
2403 2003 2585 2044 rerum
2619 1990 2974 2057 mutationes,
3006 1997 3059 2044 et
3107 1989 3389 2043 invenies:
3431 1986 3530 2041 luit
3574 1996 3632 2041 et
3677 1988 3803 2041 erit.

2214 2079 2401 2151 Cogita
2447 2079 2637 2143 Deum.
2677 2089 2733 2135 et
2775 2081 3013 2135 invenies
3044 2092 3156 2134 :est
3195 2078 3283 2132 ubi
3329 2078 3427 2148 fuit
3468 2088 3514 2132 et
3557 2080 3653 2133 erit
3684 2092 3817 2134 esse

2214 2188 2319 2227 nou
2374 2174 2563 2243 possit.
2615 2174 2783 2228 Recte
2831 2188 2961 2244 ergo
3004 2173 3294 2237 Christus,
3328 2171 3546 2241 quiest
3597 2181 3805 2226 aeterna

2216 2274 2271 2319 et
2303 2266 2764 2320 incommutabilis
2804 2266 3045 2329 veritas,
3094 2264 3224 2319 dicit
3251 2263 3364 2319 suis
3405 2263 3543 2318 inter
3571 2263 3805 2318 munda-

2214 2372 2311 2412 nas
2352 2357 2728 2414 tribulationes
2782 2357 3171 2413 (hiemantibus
3210 2375 3225 2411 :
3267 2354 3381 2427 Ego
3428 2372 3579 2421 sum,
3645 2355 3805 2410 nolite

2212 2448 2413 2503 timere.

2284 2538 2579 2610 Sequitur:
2613 2539 2949 2609 Respondeas
2975 2549 3150 2593 autem
3181 2537 3369 2594 Petrus
3393 2581 3409 2606 ,
3454 2538 3588 2593 dixit
3630 2554 3650 2593 :
3694 2538 3807 2592 Do»

2212 2632 2375 2698 mine,
2398 2633 2444 2686 si
2469 2641 2525 2685 tu
2549 2649 2622 2696 es,
2638 2632 2771 2703 jube
2806 2647 2888 2684 me
2915 2632 3087 2685 venire
3126 2629 3195 2684 ad
3236 2641 3285 2685 te
3310 2644 3467 2699 super
3507 2646 3694 2691 aquas.
3726 2629 3803 2684 Ac

2211 2723 2319 2793 ipse
2357 2724 2472 2776 ait:
2519 2720 2663 2777 Veni.
2708 2722 2905 2778 Petrus
2930 2722 3176 2778 ordinem
3215 2723 3635 2793 prmdicalorum
3663 2721 3805 2776 desi-

2212 2824 2373 2885 gnat;
2407 2830 2559 2883 aqua:
2591 2829 2719 2869 vero
2770 2830 2875 2869 non
2916 2814 3090 2869 solum
3144 2814 3523 2868 tribulationes
3550 2854 3566 2877 ,
3615 2814 3713 2868 sed
3743 2822 3799 2869 et

2212 2905 2437 2976 populos
2482 2905 2813 2974 signiﬁcant.
2860 2905 2943 2973 Si,
2986 2905 3178 2976 inquit,
3211 2916 3267 2958 tu
3296 2922 3374 2967 es,
3404 2906 3450 2960 si
3494 2915 3549 2959 tu
3585 2905 3797 2959 incom-

2211 2996 2488 3052 mutabilis
2523 3013 2836 3067 pcrmancs;
2859 2998 3011 3067 jube,
3042 2997 3167 3066 quia
3193 2995 3366 3065 jussio
3406 3007 3493 3051 tua
3524 3005 3610 3051 est
3631 2997 3803 3051 virtus

2216 3086 2491 3154 (alliciens;
2512 3089 2643 3158 jube
2676 3106 2758 3143 me
2791 3106 2951 3159 super
2992 3106 3181 3159 aquas,
3223 3089 3275 3143 id
3302 3098 3389 3144 est
3418 3104 3579 3159 super
3606 3088 3807 3144 ﬂuctus

512 3179 713 3238 turbati
732 3181 1124 3249 sunt,dicentes
1147 3183 1271 3253 quia
1291 3183 1603 3252 phantasma
1618 3192 1691 3237 est
1702 3192 1908 3254 ;etprte
1925 3185 2112 3239 timore
2137 3167 2184 3231 C
2214 3180 2609 3234 mundanarum
2644 3179 3050 3235 tribulationum
3081 3188 3136 3234 et
3159 3194 3322 3248 super
3351 3179 3599 3249 populos,
3627 3180 3809 3234 uenire

512 3271 888 3328 clamauerunt.
910 3270 1070 3329 Iesus
1103 3273 1299 3327 transit
1332 3273 1550 3328 calcans
1580 3272 1798 3337 ﬂuctus;
1829 3284 1885 3329 et
1928 3286 2105 3331 tamen

511 3374 678 3421 tantae
705 3375 830 3421 sunt
863 3367 1261 3434 tribulationes,
1299 3374 1359 3420 ut
1397 3366 1563 3422 etiam
1596 3367 1697 3438 ipsi
1735 3368 1827 3439 qui
1856 3370 2103 3426 credide-

515 3463 648 3508 runt
674 3455 728 3509 in
775 3453 991 3521 .lcsum,
1016 3466 1071 3511 et
1120 3464 1390 3512 conantur
1432 3471 1785 3527 perseverare
1826 3474 1997 3540 usque
2050 3460 2103 3515 in

512 3545 709 3606 tinem.
739 3546 1057 3616 plerumque
1100 3549 1387 3604 turbentur
1410 3557 1466 3603 et
1502 3558 1867 3617 expavescunt
1914 3566 1983 3605 ne
2012 3552 2106 3608 de-

513 3634 731 3689 ﬁciaut:
754 3635 997 3703 Christo,
1026 3636 1271 3705 inquam,
1291 3636 1486 3694 fluctus
1506 3638 1783 3702 caleante,
1810 3639 1865 3694 id
1891 3648 1976 3695 est
2004 3655 2107 3696 sm-

513 3726 626 3783 culi
662 3728 989 3784 ambitiones
1032 3739 1088 3784 et
1124 3730 1440 3787 altitudines
1464 3731 1824 3802 deprimente,
1872 3746 2107 3803 expave-

512 3826 677 3873 scunt
720 3818 1038 3875 Christiani.
1081 3820 1275 3877 Merito
1310 3822 1475 3893 igitur
1502 3822 1736 3879 Domino
1760 3822 1812 3876 in
1851 3820 2107 3879 ﬂuetibus

514 3907 839 3965 ambulante
897 3912 1194 3968 timuerunt
1247 3913 1495 3985 discipuli
1534 3931 1549 3968 :
1583 3915 1712 3985 quia
1765 3913 2105 3982 Christiani,

513 4002 765 4070 quamvis
817 4002 1084 4059 habentes
1110 4020 1263 4075 spem
1293 4006 1353 4060 in
1398 4006 1584 4062 futuro
1631 4006 1858 4073 saeculo,
1887 4008 2107 4077 quando

510 4089 699 4146 vident
746 4092 975 4163 deprimi
1020 4093 1361 4150 altitudinem
1411 4095 1572 4165 hujus
1609 4097 1821 4164 saeculi,
1855 4112 2107 4157 nonnun-

512 4196 682 4251 quam
716 4184 1004 4241 turbantur
1034 4186 1099 4239 de
1126 4186 1456 4242 contritione
1497 4201 1677 4242 rerum
1716 4188 2101 4253 humanarum,

511 4284 617 4324 nec
650 4285 680 4324 a
734 4260 844 4327 Deo
895 4272 1012 4328 ﬁeri
1066 4273 1206 4330 hanc
1255 4277 1625 4345 arbitrantur,
1662 4281 1759 4335 sed
1806 4280 1877 4335 ab
1924 4280 2104 4337 hoste.

512 4354 737 4413 Turbati
753 4370 874 4415 sunt
910 4378 1059 4431 ergo,
1078 4364 1311 4420 dicentes
1332 4367 1457 4437 quia
1491 4369 1803 4436 phantasma
1828 4380 1941 4429 est:
1970 4386 2108 4444 quo-

510 4448 665 4504 niam
693 4449 817 4505 dum
848 4453 1408 4515 considerautmundi
1436 4463 1663 4531 gloriam
1686 4466 1881 4528 sterni,
1918 4475 1972 4520 et
2005 4481 2105 4521 ste-

2208 3271 2278 3324 ad
2314 3282 2399 3338 te;
2431 3278 2488 3325 ut
2518 3280 2575 3325 et
2600 3286 2699 3341 ego
2731 3272 2823 3326 tibi
2857 3270 3281 3327 iucommutabili
3312 3269 3619 3332 adhaerens.
3673 3270 3798 3325 liam

2208 3362 2696 3427 incommutabilis,
2731 3363 3147 3433 participatione
3182 3361 3453 3415 ﬁrmitatis
3480 3371 3605 3415 tum.
3631 3361 3792 3416 Vadit

2207 3455 2349 3508 enim
2373 3469 2535 3523 super
2559 3453 2951 3520 tribulationes,
2974 3454 3066 3525 qui
3095 3468 3200 3506 non
3230 3463 3516 3523 superatur
3537 3463 3629 3506 aut
3658 3468 3803 3507 mec-

2207 3544 2352 3615 gitur
2377 3532 2445 3598 ab
2470 3545 2591 3610 eis,
2617 3544 2711 3598 sed
2741 3544 2915 3599 calcat
2942 3554 2997 3598 et
3041 3553 3263 3613 superat
3310 3559 3404 3597 cas
3443 3560 3458 3598 :
3493 3544 3634 3597 sicut
3670 3542 3800 3613 legi-

2207 3652 2327 3692 mus
2358 3637 2484 3706 quia
2528 3636 2630 3690 sub
2660 3636 2938 3712 Stephauo
2978 3635 3116 3689 facta
3157 3645 3241 3690 est
3271 3635 3358 3689 illa
3402 3634 3720 3699 tribulatio,
3746 3634 3800 3688 in

2207 3745 2313 3799 qua
2344 3730 2458 3799 ipse
2496 3744 2594 3799 pro
2631 3728 2850 3784 Christo
2889 3728 3099 3799 primus
3141 3728 3381 3782 animam
3418 3743 3573 3781 suam
3621 3728 3799 3796 posuit

2208 3820 2344 3891 (Act.
2378 3822 2495 3889 v11).
2534 3820 2639 3875 Sed
2674 3827 2733 3874 ει
2768 3834 2930 3889 super
2959 3818 3185 3889 pupulas
3213 3819 3360 3872 vadit
3386 3818 3454 3872 ad
3494 3818 3794 3880 Christum,

2206 3911 2295 3981 qui
2326 3911 2559 3983 regendo
2598 3909 2969 3965 multitudines
2999 3909 3232 3964 ﬁdelium
3276 3910 3449 3965 tendit
3479 3911 3547 3963 ad
3571 3924 3799 3981 regnum

2206 4001 2490 4056 caelorum.

2278 4094 2536 4165 Sequitur
2563 4113 2577 4148 :
2612 4094 2681 4148 Et
2710 4094 3028 4148 descendens
3064 4092 3249 4147 Petrus
3275 4093 3337 4146 tle
3383 4093 3650 4157 navicula,
3680 4110 3796 4147 am-

2207 4185 2419 4240 bulabat
2448 4204 2605 4256 super
2627 4202 2818 4255 aquas,
2859 4196 2916 4239 ut
2941 4185 3133 4239 veniret
3163 4186 3231 4238 atl
3276 4185 3480 4239 Iesum.
3517 4184 3630 4239 Hoc
3653 4200 3798 4241 com-

2206 4275 2408 4347 pletum
2432 4284 2515 4330 cst
2537 4286 2593 4331 et
2618 4274 2943 4345 completur,
2971 4276 3094 4329 dum
3122 4274 3293 4329 sancti
3328 4274 3712 4343 prmdicatorcs
3732 4274 3803 4329 ad

2206 4376 2423 4424 exteras
2462 4375 2651 4437 gentes
2691 4367 3000 4421 mittuntur.
3045 4365 3235 4421 Petrus
3281 4367 3428 4421 cuitu
3460 4366 3524 4420 de
3555 4366 3800 4421 navicula

2209 4461 2515 4526 descendit,
2544 4457 2759 4529 quoties
2787 4458 3014 4527 quilibet
3037 4469 3256 4511 sanctus
3281 4457 3474 4511 doctor
3498 4457 3565 4511 de
3588 4456 3805 4524 gremio

511 4535 779 4592 cularium
809 4538 1102 4598 elationuzu
1129 4527 1462 4605 altitudines
1479 4551 1669 4621 dejici,
1693 4554 2102 4625 mundanosque
2139 4527 2180 4581 θ
2208 4552 2398 4606 matris
2425 4527 2705 4612 Ecclesiae,
2724 4551 2812 4603 ubi
2848 4548 3025 4603 (uerat
3053 4548 3436 4617 educatus,pia
3466 4550 3796 4603 condescen-

508 4627 711 4685 ﬂuctus
739 4629 969 4700 calcari,
995 4635 1317 4708 plerumque
1352 4641 1643 4697 turbantur
1670 4643 1737 4698 de
1767 4645 1947 4699 mundi
1979 4661 2100 4716 per-

506 4719 901 4778 eussionibus:
941 4726 1071 4795 quia
1124 4729 1364 4784 nondum
1417 4732 1726 4804 intelligunt
1774 4734 1942 4790 Deum
1995 4736 2098 4791 ista

505 4813 713 4882 facere,
745 4817 843 4872 sed
868 4828 1060 4888 putant
1097 4821 1351 4891 spiritum
1381 4824 1542 4891 hujus
1576 4826 1760 4881 mundi
1800 4828 2101 4896 phantasti-

505 4922 655 4977 cum,
688 4908 742 4964 id
787 4918 871 4964 est
909 4910 1192 4967 subdolum
1210 4910 1640 4982 Satanam,talia
1682 4917 1735 4970 in
1765 4917 1965 4972 mundo
2005 4932 2101 4988 ge‘

504 5018 649 5070 rere,
691 5005 850 5077 161
879 5015 928 5060 et
957 5023 1067 5076 pra:
1096 5008 1284 5062 timore
1311 5007 1552 5064 clamant
1573 5010 1772 5063 turbati
1800 5011 1867 5065 ad
1914 5011 2096 5065 Durni-

504 5111 660 5150 num.
694 5095 801 5152 Sed
840 5098 1186 5167 postmodum
1233 5099 1547 5172 diligentius
1584 5101 1925 5158 attendentes
1969 5117 2096 5173 ape-

502 5187 655 5242 riunt
696 5187 1081 5260 Evangelium,
1121 5192 1372 5261 aperiunt
1418 5191 1729 5261 Scripturas
1772 5193 2005 5260 divinas,
2039 5202 2098 5249 et.

504 5283 792 5339 inveniunt
819 5286 889 5340 ibi
919 5288 1018 5342 ista
1049 5288 1231 5341 omnia
1267 5287 1540 5358 praedicta.
1576 5296 1632 5344 et
1661 5286 2097 5343 animadvertunt

500 5374 633 5444 quia
664 5391 769 5431 non
804 5377 984 5434 inanis
1001 5388 1058 5434 et
1080 5380 1383 5436 umbratilis
1407 5380 1500 5436 ille
1520 5382 1763 5451 spiritus,
1794 5381 1885 5450 qui
1907 5395 2093 5435 verum

501 5477 629 5517 esse
660 5465 913 5532 perdidit,
943 5468 1037 5523 sed
1064 5484 1226 5524 verus
1269 5469 1527 5525 Dominus
1577 5469 1705 5525 facit
1746 5469 1881 5534 haec,
1913 5479 1966 5525 ει
1996 5470 2095 5525 de-

500 5552 699 5641 primit
738 5556 1085 5615 celsitudines
1133 5560 1337 5627 saeculi,
1365 5569 1423 5615 ut
1463 5561 1533 5615 ab
1570 5558 1865 5617 humilibus
1890 5558 2095 5631 gloriﬁ-

501 5656 629 5727 ceto
636 5661 683 5701 Ιό

578 5736 737 5796 Unde
782 5749 838 5798 et
868 5750 992 5810 apte
1030 5742 1277 5801 subditur
1306 5742 1649 5817 :Statimque
1683 5743 1839 5801 Iesus
1890 5743 2094 5799 locutus

2206 4645 2356 4698 sione
2377 4646 2611 4713 perrexit
2654 4642 2721 4695 ad
2750 4641 2900 4705 illos,
2931 4641 3021 4710 qui
3056 4640 3188 4694 foris
3213 4650 3409 4705 erant,
3440 4648 3498 4693 ut
3542 4640 3624 4695 eis
3653 4640 3793 4693 viam

2205 4735 2398 4791 salutis
2426 4734 2754 4788 ostenderet.
2783 4732 2850 4786 Et
2870 4731 3165 4786 ambulavit
3186 4747 3343 4799 super
3373 4748 3562 4801 aquas,
3591 4731 3719 4785 dum
3740 4742 3794 4786 et

2207 4825 2587 4879 tribulationes
2636 4823 2945 4893 superando
2994 4822 3268 4888 calcaret,
3316 4832 3370 4875 et
3424 4821 3796 4877 multitudines

2204 4917 2481 4972 hominum
2506 4915 2723 4971 Christo
2745 4914 2968 4969 credere
2992 4914 3197 4969 faciens
3225 4912 3326 4967 sibi
3352 4913 3634 4969 subderet.
3662 4914 3794 4967 Am-

2204 5008 2429 5071 bulavit,
2480 5008 2723 5076 inquam,
2758 5021 2864 5061 non
2913 5005 3065 5059 stetit
3096 5023 3110 5058 :
3147 5005 3271 5073 quia
3327 5020 3545 5073 semper
3569 5020 3633 5060 ea
3675 5021 3796 5076 qua:

2204 5108 2353 5155 retro
2386 5108 2513 5153 sunt
2538 5098 2749 5167 longius
2778 5096 3009 5167 fugiens,
3037 5098 3103 5151 ad
3133 5112 3196 5151 ea
3223 5112 3343 5166 qua:
3376 5106 3503 5151 ante
3533 5112 3591 5152 se
3622 5098 3801 5168 magis

2204 5206 2268 5246 ac
2297 5192 2469 5261 magis
2503 5205 2561 5245 se
2607 5190 2899 5258 promovit,
2925 5198 2981 5244 et
3034 5189 3367 5259 quotidianis
3396 5190 3659 5243 virtutum
3707 5190 3793 5243 iu-

2205 5283 2501 5338 crementis
2540 5281 2794 5352 profecit.
2828 5281 2892 5336 Et
2934 5282 3047 5336 lucc
3075 5282 3257 5337 omnia
3306 5283 3453 5354 egit,
3506 5291 3562 5335 ut
3602 5282 3797 5337 veniret

2202 5376 2273 5429 ad
2302 5375 2483 5430 Jesum
2505 5415 2522 5440 ,
2567 5375 2658 5444 qui
2698 5383 2783 5429 est
2818 5372 3073 5428 Salvator
3100 5382 3155 5428 et
3186 5374 3387 5427 veritas
3435 5373 3799 5428 incommuta-

2200 5467 2363 5532 bilis;
2404 5474 2674 5537 quatenus
2713 5480 2838 5520 cum
2871 5465 3284 5535 apprehendens
3315 5474 3371 5520 et
3407 5464 3456 5518 ei
3499 5465 3801 5529 inhaerens,

2204 5574 2385 5616 veram
2413 5567 2622 5614 teneret
2652 5558 2705 5611 in
2730 5572 2796 5612 eo
2826 5558 3058 5614 salutem
3085 5569 3139 5614 et
3167 5557 3795 5613 incommutabilitatem.

2276 5651 2535 5723 Sequitur
2576 5666 2590 5704 :
2632 5648 2827 5704 Videns
2878 5667 2994 5707 vero
3038 5660 3244 5705 ventum
3283 5650 3539 5717 ualidum,
3579 5649 3797 5712 timuit;

2202 5755 2406 5801 etcum
2457 5742 2685 5813 cepisset
2727 5743 2922 5814 mergi,
2965 5743 3208 5823 clpmarit
3256 5743 3483 5800 dicens:
3525 5743 3751 5799 Domine
3777 5781 3793 5806 ,
