4076 6288
263 369 362 424 σοι

1363 359 1671 422 nomen:
1703 341 1798 421 Er
1838 366 2441 425 exnonm'rtoues.

3426 373 3536 432 σοί

267 482 468 538 saluum
511 496 592 534 me
623 478 729 549 fac.
768 475 988 533 Validus
1016 487 1212 534 ventus
1235 521 1251 552 ,
1297 479 1589 536 vehemens
1628 489 1854 535 conatus
1883 485 1927 544 Α
1957 482 2290 553 singulorum
2319 484 2502 539 evenit
2549 485 2760 555 privata
2809 486 3114 555 calamitas,
3150 498 3276 545 tunc
3319 499 3540 561 putatur

266 575 569 630 daemonum
612 571 790 625 estad
840 571 1123 624 excitanda
1161 571 1323 625 corda
1361 571 1664 639 hominum,
1711 571 1855 627 velut

265 682 437 736 aquas
494 664 659 718 maris
696 664 750 717 in
803 663 1230 734 inquietudinem
1279 665 1671 735 persecutionis
1721 665 1853 720 fide-

264 754 434 819 lium;
476 754 561 807 vel
591 753 656 806 ad
688 751 1025 806 suadendum
1071 751 1288 806 fortiter
1332 753 1556 809 malum.
1580 753 1680 821 Qui
1711 755 1856 810 scili-

263 856 350 900 cet
382 853 578 898 ventus
609 841 762 896 flabit
814 851 938 896 tunc
988 841 1216 906 validus,
1264 844 1480 911 quando
1513 842 1745 901 Satanas
1800 844 1854 898 itt

265 937 379 991 suis
405 935 613 989 viribus
642 942 889 987 extremo
939 942 1180 1001 tempore
1220 941 1408 987 contra
1437 933 1616 1004 justos
1646 934 1858 988 relaxa-

263 1027 433 1083 bitur.
463 1027 616 1094 Quod
643 1027 695 1079 in
723 1026 825 1079 hac
855 1025 1118 1079 sententia
1151 1040 1295 1079 nunc
1321 1025 1592 1096 designari
1623 1025 1853 1090 videtur,

264 1118 392 1188 quia
418 1117 632 1183 Petrus,
670 1117 763 1186 qui
791 1126 873 1172 est
903 1116 1035 1171 ordo
1062 1117 1498 1187 praedicandum,
1541 1118 1716 1173 videns
1739 1133 1859 1172 ren-

266 1219 376 1263 tum
423 1209 650 1263 calidum
680 1209 925 1264 timuisse
968 1208 1224 1264 refertur.
1257 1209 1391 1276 Quis
1439 1210 1586 1264 enim
1617 1208 1702 1264 vel
1736 1224 1860 1282 pere

265 1304 542 1359 feetorum
578 1319 684 1358 non
726 1301 958 1369 timebit,
983 1303 1200 1373 quando
1229 1303 1332 1356 sub
1375 1302 1711 1358 Anticliristo
1753 1301 1859 1356 im-

267 1395 446 1451 tnanis
477 1394 564 1449 illa
591 1395 904 1464 persecutio
929 1394 1128 1463 ubique
1155 1392 1403 1449 fervebit.
1432 1393 1653 1449 Timens
1677 1401 1860 1448 autem

217 1538 219 1540 .
267 1487 495 1554 incipiet
528 1485 926 1552 aliquantulum
979 1485 1150 1556 mergi
1187 1503 1201 1538 :
1251 1485 1377 1556 quia
1411 1493 1632 1556 propter
1667 1485 1862 1540 horro-

267 1593 383 1634 rem
414 1578 715 1633 atrocitatis
764 1576 1176 1648 suppliciorum,
1206 1592 1326 1646 qua:
1375 1577 1579 1632 sanctis
1620 1575 1862 1632 inferen-

269 1681 390 1739 tur,
425 1681 479 1726 et
511 1672 738 1742 propter
767 1671 1181 1726 admirationem
1216 1669 1489 1724 fallacium
1543 1670 1859 1741 signorum,

270 1778 390 1832 qute
421 1778 518 1832 per
545 1750 811 1832 seqttaces
835 1762 1153 1817 Antichristi
1187 1763 1346 1830 lient,
1378 1762 1770 1833 aliquantulum
1806 1762 1859 1819 in

271 1856 436 1910 corde
467 1870 565 1910 suo
587 1854 880 1918 ﬂuctuans,
899 1857 967 1911 ab
993 1856 1230 1911 inferiori
1267 1865 1422 1926 parte
1447 1857 1641 1912 anima:
1664 1858 1862 1914 sentiet

271 1948 498 2018 aliquid,
546 1963 654 2018 quo
701 1947 802 2002 nisi
843 1946 1047 2003 Christi
1079 1949 1301 2003 dextera
1356 1949 1656 2013 levaverit,
1704 1948 1861 2004 facile

275 2054 419 2099 totus
468 2044 708 2116 demergi
754 2045 948 2114 possit.
1003 2043 1110 2098 Sed
1177 2044 1302 2114 quia
1359 2043 1567 2098 electus
1597 2044 1744 2108 erit,
1794 2043 1862 2098 ad

271 2135 548 2191 Christum
577 2137 836 2190 clamabit
865 2152 879 2190 :
920 2135 1165 2200 Domine,
1199 2134 1404 2188 salvum
1446 2153 1527 2189 me
1549 2136 1656 2204 fac,
1694 2145 1749 2190 et
1783 2135 1862 2192 sic

271 2242 334 2282 eo
365 2227 720 2282 subveniente
769 2227 1030 2296 erigetur.
1080 2225 1197 2278 Erit
1248 2226 1386 2279 enim
1427 2235 1549 2279 tunc
1593 2225 1861 2280 tribulatio

272 2339 464 2392 magna
493 2323 667 2393 q'talis
705 2321 927 2391 nonfuit
951 2325 1015 2374 ab
1055 2321 1206 2375 initio
1227 2331 1483 2384 creatum’
1509 2337 1670 2390 usque
1687 2322 1860 2389 modo,

271 2430 433 2484 neque
456 2418 569 2482 fiet.
592 2412 658 2466 Et
688 2413 790 2466 nisi
822 2412 1036 2466 bret'iati
1064 2413 1282 2481 fuissent
1313 2412 1423 2466 dies
1452 2412 1550 2475 illi,
1585 2429 1688 2466 non
1717 2412 1862 2481 ﬁeret

269 2503 413 2559 salva
455 2507 623 2558 omnis
654 2521 776 2558 caro
806 2518 825 2556 :
857 2504 946 2558 sed
975 2515 1185 2574 propter
1231 2503 1446 2572 electos,
1491 2504 1866 2559 breviabuntur

270 2594 378 2647 dies
417 2594 498 2648 an
521 2593 734 2665 (Matth.
763 2611 911 2657 χχιγ,
935 2595 1025 2658 ει,
1063 2594 1177 2664 se).

342 2686 499 2742 Unde
537 2695 591 2740 et
634 2685 723 2740 hic
777 2696 902 2754 apte
951 2685 1201 2754 sequitur
1242 2703 1255 2738 :
1318 2684 1384 2738 Et
1423 2686 1672 2738 continuo
1707 2684 1864 2740 Jesus

270 2778 553 2834 extendens
583 2794 794 2831 manum
820 2777 1155 2847 apprehendit
1184 2786 1384 2841 eum,et
1411 2777 1483 2828 ait
1505 2777 1585 2829 illi
1603 2793 1621 2829 :
1640 2776 1864 2832 Modica:

270 2869 421 2938 ﬁdei,
451 2885 614 2932 quare
633 2868 932 2922 dubitasti?
961 2869 1081 2923 Cito
1109 2868 1257 2921 enim
1293 2867 1546 2921 Salvator
1573 2869 1864 2938 unicuique

273 2971 497 3009 suorum
534 2955 788 3010 extendet
810 2971 1027 3008 manuni
1057 2955 1314 3010 salutaris
1351 2956 1560 3020 auxilii,
1594 2957 1720 3026 quia
1755 2975 1860 3012 non

271 3045 512 3112 patietur
564 3059 658 3098 eos
706 3045 904 3099 tentari
947 3060 1112 3115 supra
1153 3045 1204 3098 id
1240 3045 1383 3114 quod
1416 3043 1559 3098 ferre
1612 3057 1866 3115 poterunt

1955 585 2152 629 ventus
2191 576 2486 642 adversus,
2515 587 2568 632 et
2605 578 2674 632 ibi
2724 589 2944 649 putatur
2993 582 3321 639 invocandus
3357 584 3538 639 Deus:

1957 665 2171 734 quando
2202 675 2381 722 autem
2425 668 2703 738 temporali
2739 669 2998 726 felicitate
3032 672 3288 728 sacculum
3311 675 3534 742 arridet,

1958 756 2112 825 quasi
2142 772 2247 811 non
2291 767 2375 812 est
2402 768 2593 814 ventus
2631 763 2958 816 contrarius.
2990 761 3106 818 Noli
3151 764 3277 820 hinc
3303 766 3538 820 interro-
3623 750 3627 753 1

1958 863 2087 918 gare
2130 850 2388 920 temporis
2432 852 2877 920 tranquillitatem
2922 856 3060 910 :sed
3087 855 3358 928 interroga
3392 866 3541 913 tuam

1959 939 2329 1011 cupiditatem.
2357 939 2492 996 Vide
2523 942 2566 996 si
2603 945 2966 1014 tranquillitas
2994 956 3080 1002 est
3109 946 3162 1001 in
3219 956 3269 1002 te
3300 965 3314 1002 :
3346 949 3465 1003 vide
3494 949 3542 1004 si

1959 1047 2065 1086 non
2089 1040 2140 1086 te
2167 1031 2447 1087 subvertat
2471 1043 2661 1089 ventus
2686 1035 2932 1092 interior.
2959 1037 3167 1109 Magnae
3195 1039 3340 1094 enim
3371 1040 3546 1094 virtu~

1962 1123 2031 1178 tis
2057 1132 2141 1178 est
2169 1139 2292 1180 cum
2316 1123 2575 1180 felicitate
2615 1125 2829 1192 luctari,
2861 1142 2928 1182 ne
2954 1128 3176 1195 illiceat,
3202 1147 3271 1188 ne
3294 1145 3542 1185 corrum-

1959 1220 2078 1284 pat,
2092 1228 2159 1268 ne
2178 1213 2459 1268 subvertet
2481 1215 2569 1268 illa
2586 1215 2832 1272 felicitas.
2855 1216 3011 1273 Disce
3027 1218 3238 1273 calcare
3249 1220 3543 1287 saeculum;

1961 1317 2233 1364 memento
2261 1309 2425 1364 fidere
2453 1309 2506 1363 in
2537 1309 2774 1365 Christo.
2797 1310 2862 1364 Et
2894 1311 2940 1365 si
2973 1320 3152 1367 motus
3173 1321 3255 1366 est
3273 1327 3370 1382 pes
3397 1322 3542 1376 tuus.

1961 1399 2006 1471 si
2042 1399 2258 1463 titubas,
2298 1400 2340 1453 si
2375 1399 2553 1470 aliqua
2601 1416 2706 1454 non
2738 1417 2983 1472 superas,
3014 1403 3059 1457 si
3090 1403 3259 1473 mergi
3308 1402 3500 1471 incipis
3525 1443 3545 1469 ,

1961 1491 2206 1546 exclama
2233 1492 2300 1545 ad
2325 1490 2550 1550 Jesum:
2585 1491 2824 1559 Domine,
2855 1494 3056 1550 salvum
3099 1512 3180 1549 me
3221 1496 3324 1564 fac.
3364 1495 3420 1549 In
3445 1495 3545 1549 Pe-

1965 1589 2049 1638 tro
2109 1582 2290 1651 itaque
2345 1583 2648 1638 communis
2707 1584 2949 1638 omnium
3005 1595 3252 1639 nostrmn
3301 1585 3546 1640 conside-

1963 1672 2132 1726 randa
2168 1671 2412 1726 conditio
2435 1683 2538 1736 est,
2581 1679 2641 1726 ut
2673 1673 2718 1727 si
2770 1689 2868 1728 nos
2894 1674 2947 1727 in
2979 1673 3158 1743 aliquo
3191 1675 3545 1729 tentatiomnn

1963 1769 2154 1816 ventus
2182 1768 2408 1815 conatur
2435 1761 2862 1825 subvertere,ch
2888 1763 3028 1817 unda
3052 1763 3418 1833 submergere,
3439 1763 3549 1816 clan

1891 1827 1937 1887 Β
1965 1867 2176 1906 menius
2203 1853 2269 1906 ad
2304 1852 2599 1908 Christum.
2630 1850 2878 1924 Porriget
2907 1853 2998 1908 ille
3022 1827 3359 1920 manumxet
3392 1861 3548 1908 eruet

1962 1944 2030 2001 de
2052 1943 2341 2014 profundo.

2034 2037 2327 2108 Sequitur:
2354 2036 2419 2090 Et
2458 2054 2576 2092 cum
2606 2038 2922 2093 ascendisset
2972 2039 3030 2093 in
3077 2037 3404 2105 naviculam,
3437 2054 3550 2092 ces-

1961 2131 2094 2185 sarit
2133 2140 2335 2185 ventus.
2370 2131 2424 2186 ln
2458 2132 2545 2188 die
2595 2133 2892 2187 novissimo
2939 2133 3201 2192 ascendet
3253 2133 3306 2186 in
3353 2146 3545 2186 navem

1963 2221 2248 2288 Ecclesiae;
2287 2223 2411 2294 quia
2445 2232 2570 2279 tunc
2599 2225 2807 2280 sedebit
2853 2241 3015 2296 super
3044 2223 3225 2281 sedem
3251 2225 3548 2295 Majestatis

1963 2331 2075 2371 sua:
2099 2314 2315 2382 (Matth.
2348 2316 2470 2384 xxv)
2500 2333 2652 2386 :qua:
2673 2318 2829 2372 sedes
2861 2335 2964 2373 non
2989 2318 3428 2373 inconvenicntcr
3460 2318 3549 2372 in-

1965 2407 2222 2478 telligitur
2251 2406 2512 2462 Ecclesia.
2548 2407 2680 2462 Nam
2717 2411 2874 2480 162
2901 2413 2995 2481 qui
3041 2427 3134 2482 per
3179 2412 3338 2465 fidem
3365 2420 3420 2466 et
3453 2414 3546 2466 bo-

1963 2513 2088 2553 nam
2117 2498 2489 2566 operationem
2524 2514 2666 2552 nunc
2693 2514 2910 2571 seraper
2932 2502 3196 2556 inhabitat
3223 2502 3545 2567 Ecclesium,

1964 2593 2080 2664 ipse
2106 2603 2236 2648 tunc
2272 2608 2368 2663 per
2402 2609 2513 2647 sua:
2535 2593 2722 2664 gloria:
2755 2593 3246 2648 manifestationem
3281 2596 3550 2665 ingredie-

1967 2693 2054 2738 tur
2100 2684 2421 2740 Eeclesiam.
2454 2682 2520 2737 Et
2553 2693 2679 2738 tunc
2722 2683 2958 2738 cessabit
3000 2692 3190 2740 ventus
3221 2703 3232 2737 :
3265 2685 3390 2752 quia
3441 2689 3554 2740 (tte-

1963 2789 2152 2828 mones
2195 2774 2418 2829 ulterius
2460 2791 2566 2830 non
2618 2774 2893 2828 habebunt
2927 2784 3252 2844 potestatem
3305 2775 3553 2831 finitimas

1967 2870 2322 2924 tentationum
2373 2870 2458 2925 Vel
2502 2869 2896 2926 commotiones
2935 2866 3341 2939 tribulationum
3394 2867 3552 2920 emit-

1964 2971 2078 3017 tere
2107 2972 2295 3017 contra
2330 2977 2470 3017 eam.
2503 2962 2656 3018 Tunc
2683 2961 2826 3016 enim
2857 2971 3050 3031 pacata
3075 2961 3124 3015 ei
3159 2969 3317 3015 erunt
3343 2960 3547 3026 oazn’a,

1964 3065 2019 3110 et
2046 3055 2248 3125 quieta.

276 3131 326 3202 (ι
354 3131 479 3186 Cor.
512 3132 588 3202 ι).
622 3132 689 3186 Ει
711 3133 1005 3202 quemlibet
1039 3148 1230 3188 eorum
1260 3133 1522 3189 velociter
1557 3137 1859 3205 apprehen-

2039 3147 2297 3217 Sequitur
2324 3165 2337 3200 :
2372 3145 2478 3214 Qui
2502 3155 2674 3201 autem
2707 3147 2760 3199 in
2811 3144 3050 3199 navicula
3078 3155 3246 3213 erant,
3276 3155 3547 3214 venerunt,

277 3237 388 3302 det,
424 3236 478 3290 id
527 3245 630 3300 est,
672 3235 907 3304 quadam
951 3236 1002 3288 vi
1053 3235 1220 3289 divini
1279 3235 1534 3304 adjutorii
1580 3252 1864 3291 assumens

275 3327 482 3382 tenebit
527 3336 580 3382 et
608 3327 819 3396 eripiet.
855 3325 1101 3391 Modicw,
1135 3328 1327 3394 inquit,
1357 3328 1506 3396 ﬁdei,
1531 3344 1692 3397 quare
1715 3329 1868 3381 dubi-

277 3418 440 3471 tasti?
465 3415 630 3484 Cujus
661 3417 795 3471 fides
837 3418 889 3470 in
929 3416 1014 3471 illa
1049 3416 1397 3472 tribulatione
1429 3434 1535 3472 ιιυιι
1571 3419 1864 3484 titubabit;

278 3509 498 3579 quando
546 3517 774 3579 martyr,
803 3509 894 3578 qui
950 3523 1048 3578 pro
1080 3507 1298 3564 Christo
1347 3509 1666 3580 sanguinem
1709 3527 1865 3565 suum

277 3599 491 3662 fundet,
539 3599 674 3652 nihil
703 3599 980 3669 signorum
1006 3598 1188 3654 facere
1214 3601 1409 3669 poterit
1432 3641 1447 3666 ,
1473 3611 1528 3655 et
1553 3612 1680 3656 ante
1703 3603 1868 3669 ips'ns

278 3689 466 3743 oculos
493 3698 666 3743 tortor
692 3690 857 3758 ipsius
872 3691 1020 3762 signa
1049 3689 1251 3745 faciet?
1277 3692 1569 3749 Pensemus
1593 3711 1722 3764 ergo
1747 3711 1867 3766 qua:

277 3781 382 3836 erit
410 3781 662 3835 humanae
696 3781 892 3836 mentis
923 3781 1011 3836 illa
1062 3783 1308 3839 tentatio.
1343 3783 1511 3852 Cujus
1561 3786 1705 3840 enim
1743 3796 1866 3842 ttmc

276 3872 455 3925 virtus
482 3888 586 3925 non
633 3872 702 3925 ab
752 3871 868 3941 ipso
907 3872 1293 3942 cogitationum
1338 3871 1503 3928 fuitido
1548 3876 1865 3944 quatiatur;

279 3965 498 4033 quando
547 3963 638 4033 qui
701 3962 882 4031 flagris
939 3964 1184 4031 cruciat,
1254 3965 1527 4020 miraculis
1584 3969 1867 4023 coruscat?

230 4113 234 4116 ,
280 4057 454 4111 Tanta
509 4057 706 4127 quippe
762 4066 888 4110 tunc
936 4066 1124 4110 contra
1167 4054 1344 4124 justos
1389 4057 1761 4112 Antichristus
1814 4067 1870 4113 et

280 4148 516 4204 ministri
549 4147 664 4217 ejus
687 4149 968 4217 iniquitate
994 4157 1048 4202 et
1079 4148 1202 4202 dolo
1228 4147 1586 4212 eifrenautur,
1616 4159 1672 4202 ut
1702 4149 1868 4204 etiam

279 4239 580 4295 electorum
613 4241 775 4296 corda
807 4255 911 4294 non
941 4238 1152 4292 modico
1175 4252 1374 4307 pavore
1398 4235 1683 4292 feriantur.
1718 4237 1869 4294 Unde

280 4329 548 4398 scriptum
588 4337 670 4382 est
699 4347 712 4381 :
742 4327 828 4381 Ita
861 4337 913 4380 ut
957 4328 1011 4381 in
1039 4343 1268 4380 errorem
1299 4325 1640 4392 inducantur,
1671 4327 1718 4381 si
1750 4327 1868 4397 ﬁeri

278 4429 468 4488 potest,
496 4419 652 4472 etiam
690 4419 837 4472 electi
862 4417 1077 4487 (Matth.
1106 4433 1252 4484 χειν,
1275 4416 1388 4489 24).
1431 4417 1584 4485 Quod
1621 4419 1870 4474 videlicet

1968 3247 2015 3292 et
2053 3239 2404 3292 adoraverunt
2432 3253 2549 3290 eum
2577 3275 2591 3301 ,
2628 3235 2855 3290 dicentes
2883 3250 2902 3287 :
2938 3235 3069 3290 Vere
3119 3234 3168 3288 F
3171 3237 3293 3290 ilius
3333 3237 3427 3292 Dei
3473 3255 3546 3293 es.

1969 3328 2071 3395 Qui
2105 3329 2157 3382 in
2188 3328 2431 3383 Ecclesia
2463 3327 2694 3382 fideliter
2725 3327 2868 3381 inter
2896 3328 3161 3396 procellas
3193 3329 3550 3383 tentationum

1969 3418 2232 3472 accedent
2277 3418 2577 3487 gaudentes
2626 3417 2694 3471 ad
2727 3431 2872 3482 eum,
2900 3425 2955 3470 et
3001 3432 3123 3470 cum
3166 3417 3282 3486 ipso
3326 3433 3551 3488 regnum

1969 3505 2087 3575 ejus
2122 3506 2385 3560 intrantes
2411 3505 2715 3561 adorabunt
2741 3520 2889 3572 eum,
2921 3521 2987 3560 ac
3025 3508 3411 3576 perpetualiter
3438 3507 3555 3562 Ian-1

1971 3600 2182 3662 dantes,
2226 3598 2420 3653 Filium
2448 3597 2539 3652 Dei
2577 3599 2846 3652 veraciter
2881 3599 3025 3653 hunc
3067 3613 3188 3654 esse
3219 3598 3549 3654 clamabunt.

1970 3691 2122 3747 Tunc
2151 3692 2295 3746 enim
2328 3690 2421 3746 lict
2450 3691 2592 3761 quod
2622 3690 2690 3744 de
2720 3689 2907 3745 electis
2949 3705 2979 3746 τι
3021 3701 3194 3746 morte
3220 3691 3554 3746 resnscitatis

1970 3785 2169 3839 dicitur
2203 3800 2218 3836 :
2262 3781 2435 3837 Veniet
2471 3784 2640 3837 omnis
2678 3799 2826 3848 caro,
2873 3793 2930 3838 ut
2973 3783 3156 3838 adoret
3198 3799 3377 3838 coram
3419 3783 3556 3852 {acie

1968 3891 2104 3936 mea,
2133 3874 2256 3926 dicit
2310 3872 2563 3926 Dominus
2593 3872 2730 3942 (Isa.
2757 3888 2903 3940 uri,
2935 3872 3045 3943 25).
3101 3873 3166 3927 Ει
3194 3874 3319 3928 item
3355 3889 3369 3926 :
3401 3872 3555 3926 Beati

1968 3964 2057 4031 qui
2105 3963 2343 4015 habitant
2390 3962 2444 4014 in
2491 3962 2644 4015 domo
2693 3972 2783 4015 tua
2828 3975 2846 4014 .'
2899 3963 2952 4015 in
3004 3962 3201 4016 sarcula
3238 3962 3555 4016 stvculorum

1969 4051 2261 4104 laudabunt
2301 4060 2350 4104 te
2379 4048 2552 4120 (Psal.
2602 4066 2836 4118 Lxxxm,
2879 4051 2965 4121 5).
3020 4051 3154 4106 Nam
3185 4067 3345 4120 quem
3398 4053 3556 4106 corde

1970 4141 2321 4196 crediderunt
2357 4141 2427 4194 ad
2469 4141 2761 4211 justitiam,
2796 4159 2884 4196 ore
2922 4153 3094 4196 autem
3135 4143 3369 4198 confessi
3425 4151 3556 4197 sunt

1970 4231 2040 4283 ad
2087 4228 2308 4284 salutem
2337 4228 2514 4301 (Rom.
2550 4247 2605 4294 κ,
2635 4231 2750 4300 l0),
2792 4231 2937 4286 hunc
2985 4232 3148 4286 corde
3180 4232 3439 4286 videbunt
3484 4232 3556 4287 ad

1970 4321 2162 4386 vitam,
2185 4331 2240 4376 et
2269 4337 2364 4376 ore
2396 4321 2690 4377 laudabunt
2721 4323 2788 4377 ad
2831 4324 3092 4392 gloriam,
3118 4324 3558 4394 contemplantes

1971 4413 2204 4483 qualiter
2247 4429 2277 4466 a
2310 4413 2470 4468 Patre
2508 4414 2580 4468 sit
2622 4413 2968 4470 iuell'ahiliter
3013 4416 3248 4486 genitus,
3279 4430 3402 4470 cum
3446 4429 3559 4485 quo

281 4509 503 4571 dicitur,
549 4525 654 4563 non
678 4511 802 4579 quia
829 4509 984 4563 electi
1011 4509 1189 4564 casuri
1216 4510 1346 4572 sint,
1383 4511 1475 4564 sed
1503 4510 1630 4579 quia
1658 4511 1866 4580 magnis

1975 4503 2110 4556 vivit
2142 4513 2328 4574 regnat
2379 4504 2432 4557 in
2489 4504 2694 4559 unitate
2739 4505 2974 4574 Spiritus
3009 4506 3182 4560 sancti
3229 4507 3403 4574 Deus,
3458 4510 3561 4576 per

287 4602 591 4659 terroribus
624 4603 772 4659 velut
817 4602 1020 4668 casuri,
1050 4603 1159 4657 sint
1192 4603 1537 4673 trepidaturi.
1568 4603 1870 4660 Notandum

281 4692 450 4746 etiam
483 4692 607 4760 quia
639 4691 752 4746 lucc
781 4689 1037 4746 ﬂuctuum
1078 4693 1390 4758 commotio,
1419 4702 1471 4746 ct
1495 4689 1639 4746 Petri
1678 4692 1873 4747 tituba-

284 4784 385 4850 tio,
417 4783 502 4836 vel
535 4784 821 4837 mersionis
857 4784 1160 4850 inchoatio,
1207 4783 1369 4836 etiam
1402 4792 1586 4836 nostro
1633 4794 1874 4851 tempere

278 4875 436 4944 juxta
468 4874 802 4943 spiritualem
833 4889 1049 4928 sensum
1073 4875 1314 4944 quotidie
1343 4876 1542 4945 agitur.
1571 4874 1873 4944 Unicuique

284 4971 432 5025 enim
491 4986 586 5024 sua
638 4971 922 5040 cupiditas,
963 4979 1044 5024 est
1097 4978 1405 5038 tempestas.
1454 4968 1619 5022 Amas
1678 4969 1871 5032 Deum,

285 5061 536 5117 ambulas
565 5077 727 5132 super
751 5078 920 5128 mare,
945 5063 1044 5116 sub
1069 5061 1293 5131 pedibus
1326 5065 1429 5115 tuis
1455 5060 1636 5116 saeculi
1668 5069 1870 5114 tumor.

283 5155 453 5208 Amas
483 5152 739 5208 sxecnlum
764 5193 780 5217 ,
829 5153 1082 5207 absorbet
1110 5161 1161 5206 te
1195 5169 1208 5206 :
1244 5163 1516 5207 amatores
1560 5152 1703 5207 enim
1748 5166 1874 5206 suos

285 5260 482 5300 vorare
514 5247 684 5309 novit,
713 5261 818 5300 non
843 5255 1082 5316 portare.
1115 5243 1222 5299 Sed
1249 5260 1370 5298 cum
1401 5245 1624 5299 fluctuat
1668 5243 1874 5314 cupidi-

287 5347 402 5390 tate
449 5351 543 5390 cor
575 5345 746 5400 tuum,
783 5346 840 5389 ut
868 5337 1053 5390 vincas
1085 5347 1232 5390 tuam
1270 5337 1641 5406 cupiditatem,
1683 5333 1873 5388 invoca

285 5427 494 5484 Christi
529 5428 899 5482 Divinitatem.
945 5427 1111 5484 Putas
1149 5429 1295 5483 enim
1330 5438 1456 5482 tunc
1482 5438 1701 5483 ventum
1754 5441 1876 5482 esse

286 5519 646 5582 contrarium,
677 5524 894 5589 quando
923 5517 1079 5588 hujus
1129 5519 1308 5574 seculi
1351 5519 1522 5590 surgit
1552 5518 1872 5582 adversitas,

287 5615 344 5662 et
391 5622 499 5661 non
551 5609 714 5662 etiam
763 5611 978 5679 quando
1024 5610 1297 5666 blanditur
1347 5611 1694 5681 prosperitas.
1740 5609 1873 5663 Nam

286 5697 511 5766 quando
558 5697 696 5753 bella
725 5739 740 5765 ,
792 5700 1009 5771 quando
1065 5701 1344 5767 tumultus,
1392 5704 1608 5772 quando
1660 5700 1872 5768 fames,

285 5789 514 5862 quando
555 5791 885 5867 pestilentia,
917 5793 1133 5867 quando
1161 5795 1354 5866 cuique
1400 5791 1676 5850 hominum
1711 5793 1870 5849 etiam
1907 5799 1924 5808 ‘

1973 4595 2154 4648 omnia
2181 4594 2376 4650 saecula
2401 4594 2742 4650 saiculorum.
2768 4596 2964 4650 Amen.

2564 4685 2843 4741 llOlllLlA
2890 4685 2980 4742 ιν.

1939 4823 1946 4832 .
1974 4774 2028 4829 lu
2065 4789 2399 4829 EVANGELIUI
2432 4789 2705 4830 secuxnuu
2746 4776 3071 4832 MATTIUEUI
3101 4793 3116 4830 :
3153 4773 3278 4830 Post
3307 4776 3417 4828 dies
3441 4790 3556 4837 sex,

2045 4868 2326 4934 assumpsit
2363 4866 2518 4920 Iesus
2569 4867 2806 4929 Petrum,
2847 4878 2894 4920 et
2925 4867 3184 4920 Jacobum
3214 4876 3261 4919 et
3293 4864 3559 4919 Joannem

2045 4960 2260 5030 fratrem
2311 4959 2424 5030 ejus
2456 4975 2474 5012 :
2522 4971 2570 5015 et
2608 4963 2754 5014 duxit
2789 4960 2906 5014 illos
2937 4961 2989 5012 in
3028 4970 3249 5012 montem
3293 4957 3558 5012 excelsum

2045 5069 2309 5117 seorsum;
2335 5063 2381 5106 et
2409 5048 2812 5123 transﬁguratus
2833 5061 2906 5105 est
2936 5062 3056 5105 ante
3104 5067 3212 5104 eos.
3237 5050 3304 5105 Et
3331 5048 3559 5118 reliqua.

2047 5145 2262 5217 (Matth.
2301 5149 2456 5217 xvn.)

2047 5236 2182 5304 Quia
2212 5236 2462 5290 Salvator
2499 5243 2685 5290 noster
2712 5235 2924 5290 electos
2953 5248 3081 5288 suos
3110 5247 3208 5304 per
3239 5229 3403 5299 hujus
3434 5231 3558 5285 vita:

1975 5328 2192 5383 labores
2221 5330 2286 5384 ad
2316 5328 2492 5392 illam,
2522 5342 2641 5397 qua:
2671 5325 2909 5380 laborem
2943 5325 3132 5388 nescit,
3168 5324 3332 5378 vitam
3358 5321 3562 5377 futurae

1975 5422 2322 5479 beatitudinis
2357 5421 2699 5475 introducere
2735 5418 3031 5488 disposuit;
3059 5419 3218 5473 modo
3255 5431 3353 5488 per
3382 5415 3560 5470 Evam-

1977 5517 2174 5588 gelium
2227 5529 2384 5568 suum
2437 5513 2665 5567 sudores
2714 5512 3073 5567 cet'tan'iiuutn
3135 5508 3558 5582 temporalium,

1977 5607 2136 5663 modo
2160 5606 2392 5677 palmam
2421 5601 2762 5674 przemiorum
2787 5601 3044 5657 describit
3087 5610 3411 5656 teternorum
3435 5639 3449 5661 ,
3477 5605 3556 5658 ut.

1978 5700 2204 5764 scilicet,
2239 5697 2437 5751 auditis
2465 5711 2695 5766 agonum
2725 5695 3172 5761 necessitatibus,
3210 5691 3562 5767 meminerint

1979 5791 2077 5847 sibi
2100 5789 2344 5861 requiem
2364 5787 2417 5844 in
2449 5787 2556 5844 hac
2583 5788 2692 5845 vita
2725 5803 2830 5846 non
2869 5782 2989 5844 esse
3017 5783 3300 5858 petendam
3322 5795 3346 5852 ;‘
3375 5780 3560 5839 audito
