4076 6288
517 356 625 444 eos

836 381 895 439 S.
937 378 1236 437 ANSELMI
1270 374 1619 434 CANTUAR.
1660 371 1980 429 ARCHIEP.
2018 367 2169 426 OPP.
2211 367 2389 425 PARS
2427 366 2487 423 ll.
2519 398 2586 408 —-
2621 362 2993 422 PARJENET.
3026 361 3114 419 ET
3140 362 3383 421 ASCE'I'.

3671 332 3782 423 eoi

519 512 736 556 rursum
764 493 1043 551 dulcedine
1082 491 1273 545 futura!
1301 488 1442 544 beati
1454 487 1682 549 tudinis.
1717 486 1891 541 levius
1927 484 2102 540 ferant
2132 484 2174 543 Α
2204 491 2278 537 est
2305 492 2477 536 autem
2509 490 2622 551 post
2646 480 2756 535 haec
2780 478 2930 534 verba
2955 479 3064 549 fere
3102 478 3212 534 dies
3239 489 3379 546 octo,
3408 487 3455 533 et
3502 468 3788 550 assumpsit

523 592 664 648 mala
700 587 1030 646 transeuntis
1052 626 1067 650 ,
1099 600 1218 654 qua:
1249 583 1407 637 bouis
1454 590 1810 652 speraverunt
1843 592 2102 632 renume-

520 684 691 740 rando
717 679 1011 752 perpetuis.
1034 675 1169 734 Cum
1208 674 1353 729 enim
1393 689 1518 728 suas
1540 685 1869 740 suorumque
1898 669 2101 741 passio-

524 791 620 832 nes
646 773 804 843 paulo
852 769 1100 841 superius
1127 765 1562 837 prmuuntiasset,
1606 764 1681 819 ait
1714 780 1729 818 :
1764 761 1937 815 Filius
1965 761 2100 814 enim

520 854 744 921 hominis
773 872 1020 917 uenturus
1046 870 1120 914 est
1148 859 1203 912 in
1230 857 1399 928 gloria
1429 856 1603 910 Patris
1637 854 1721 909 sui
1757 869 1874 907 cum
1906 849 2103 922 angelis

522 958 633 1010 suis
660 969 677 1007 :
708 966 755 1009 et
788 963 911 1007 tunc
940 952 1117 1006 reddet
1165 948 1445 1020 unicuique
1474 946 1759 1001 secundum
1798 960 1953 1013 opera
1988 942 2104 1012 ejus

523 1044 741 1117 (Matth.
780 1060 854 1108 vi,
885 1042 999 1112 27).
1032 1039 1135 1096 Ubi
1174 1047 1422 1109 poterant
1454 1035 1700 1106 discipuli
1733 1034 1785 1088 in
1817 1033 1929 1088 suis
1958 1029 2107 1101 cogi.

524 1135 819 1191 tatiouibus
842 1135 1022 1190 dicere
1048 1146 1063 1186 :
1095 1130 1436 1186 Occisiouem
1460 1136 1507 1183 et
1544 1135 1769 1182 mortem
1804 1139 1943 1179 nunc
1968 1122 2106 1177 dicis

522 1243 642 1283 esse
663 1236 979 1287 venturam;
1021 1222 1162 1294 quod
1197 1230 1374 1276 autem
1399 1218 1669 1290 promittis
1699 1214 2007 1271 adfuturum
2054 1222 2106 1268 te

518 1318 577 1372 in
621 1317 791 1387 gloria
834 1312 1014 1369 Patris
1062 1328 1184 1367 cum
1215 1311 1528 1382 angelorum
1563 1306 1879 1363 ministeriis
1906 1315 1961 1360 et
2005 1320 2104 1374 po-

520 1415 725 1463 testate
778 1400 1159 1477 judicis,'boc
1213 1403 1266 1457 in
1324 1412 1560 1472 tempora
1606 1399 1766 1468 longa
1806 1396 2104 1452 diﬂ‘eretur.

521 1496 834 1553 Prtevidens
866 1496 1029 1568 igitur
1056 1494 1394 1550 occultorum
1438 1490 1685 1563 cognitor
1732 1488 1861 1560 quid
1891 1495 2110 1557 possent

521 1588 781 1658 obiicere,
811 1598 1135 1660 prtesentem
1171 1585 1419 1640 timorem
1460 1581 1713 1654 przcsenti
1739 1579 2108 1649 compensavit

522 1682 764 1752 praemio.
809 1678 1099 1747 Subjunxit
1147 1677 1292 1732 enim
1348 1694 1363 1730 :
1408 1674 1575 1729 Amen
1621 1674 1738 1728 dico
1774 1671 1947 1737 vobis,
1988 1680 2107 1725 sunt

519 1772 734 1843 quiJam
762 1772 825 1826 de
865 1771 947 1826 h'c
976 1769 1254 1835 stantibus,
1280 1768 1369 1838 qui
1407 1785 1511 1822 non
1540 1766 1819 1838 gustabunt
1864 1774 2104 1826 mortem,

2203 568 2441 640 Petrum,
2467 582 2513 625 et
2542 570 2801 625 Joannem
2827 579 2875 623 ct
2901 567 3183 634 Iacobum,
3213 579 3261 623 et
3290 568 3520 623 ascendit
3555 569 3611 623 in
3642 585 3791 623 mon-

2203 670 2311 717 tem,
2336 673 2388 716 ut
2418 671 2589 715 oraret
2616 660 2769 731 (Luc.
2799 676 2875 726 is,
2900 660 3015 730 ‘28).
3043 657 3351 714 Secundum
3381 673 3540 732 quem
3583 655 3791 717 Lucam

2202 762 2393 808 octava
2429 753 2514 807 die
2559 751 2818 807 Dominus
2845 753 3166 822 promissam
3198 749 3392 805 futura:
3438 750 3794 805 beatitudinis

2205 845 2430 917 gloriam
2463 844 2742 914 discipulis
2767 844 2889 899 ideo
2921 842 3310 908 manifestavit,
3345 851 3404 896 ut
3434 852 3653 897 ostensa
3684 858 3795 897 cas-

2204 936 2358 993 lestis
2404 936 2535 991 vita:
2588 934 2874 992 dulcedine
2924 944 3241 990 cunctorum
3286 934 3376 1004 qui
3428 934 3793 1003 bancaudire

2206 1037 2462 1101 possent,
2494 1029 2658 1085 corda
2708 1028 3004 1094 refoveret,
3032 1036 3088 1082 et
3133 1025 3417 1082 octonario
3443 1025 3653 1081 dierum
3687 1044 3800 1081 nit--

2206 1136 2359 1176 mero
2388 1137 2572 1175 verum
2596 1121 2848 1191 gaudium
2874 1129 3114 1191 tempore
3140 1114 3554 1175 resurrectionis
3574 1122 3794 1178 doceret

2206 1230 2329 1273 esse
2354 1224 2660 1269 venturum.
2682 1212 2814 1268 Nam
2838 1223 2888 1269 el
2932 1214 3047 1283 ipse
3070 1223 3262 1271 octava
3285 1212 3396 1279 die,
3426 1213 3530 1268 boc
3560 1223 3644 1268 est
3668 1222 3793 1283 post

2208 1315 2415 1361 sextam
2447 1305 2693 1370 Sabbati,
2734 1320 2838 1375 qua
2859 1320 3075 1361 crucem
3106 1305 3382 1370 ascendit;
3417 1319 3481 1359 ac
3504 1305 3792 1376 septimam

2209 1399 2455 1466 Sabbati,
2486 1414 2591 1468 qua
2627 1398 2677 1453 in
2728 1397 2976 1469 sepulcro
3021 1398 3248 1469 quievit,
3287 1413 3318 1453 a
3351 1396 3580 1452 mortuis
3610 1411 3793 1451 resur-

2209 1491 2350 1546 rexit
2379 1509 2393 1545 :
2422 1501 2477 1545 et
2502 1506 2603 1546 nos
2635 1499 2755 1560 post
2790 1506 2884 1545 sex
2920 1488 3082 1559 hujus
3110 1489 3293 1545 sazculi
3338 1497 3549 1556 aetates,
3585 1489 3639 1543 in
3672 1489 3793 1558 qni-

2209 1584 2310 1639 bus
2360 1599 2458 1653 pro
2492 1581 2722 1638 Domino
2771 1581 2981 1637 labores
3042 1581 3356 1648 toleramus,
3387 1595 3452 1635 ac
3501 1580 3792 1651 septimana

2208 1676 2525 1731 ‘sabbatismi
2556 1675 2880 1738 animarum,
2905 1689 3026 1743 qua:
3075 1673 3293 1743 interim
3338 1671 3390 1727 in
3425 1670 3533 1727 alia
3562 1672 3670 1725 vita
3701 1685 3795 1741 ge-

2210 1767 2368 1830 ritur,
2394 1777 2584 1821 octava
2610 1764 2854 1835 profecto
2876 1742 3039 1819 aetate
3080 1742 3446 1832 resurgemus.
3472 1742 3607 1815 Nam
3648 1761 3794 1832 quod

522 1862 687 1916 donec
721 1862 923 1916 rideam
966 1859 1136 1929 [illum
1166 1858 1391 1913 hominis
1423 1856 1704 1911 venientem
1750 1856 1803 1908 in
1834 1869 1989 1924 regno
2012 1868 2106 1906 suo
2141 1824 2183 1883 Β
2213 1860 2514 1922 Malum-us,
2546 1858 2630 1913 vel
2662 1857 2829 1913 etiam
2858 1855 3091 1917 Marcus,
3116 1855 3402 1927 Dominum
3426 1864 3540 1926 post
3561 1871 3656 1908 sex
3681 1855 3794 1908 dies

521 1952 739 2022 (Matth.
757 1951 998 2019 XVI,‘28).
1022 1950 1099 2005 Ac
1125 1950 1169 2006 si
1193 1949 1395 2005 diceret
1416 1947 1632 2017 :Qualis
1660 1955 1919 2002 venturus
1948 1953 2028 2000 est
2055 1944 2107 1998 in

520 2043 648 2105 ﬁne.
679 2046 804 2100 talis
830 2046 898 2099 ob
941 2042 1378 2101 incredulitatem
1410 2049 1645 2096 vestram
1686 2037 1936 2108 praesenti
1972 2045 2109 2092 tcm-

524 2154 656 2209 pore
681 2138 1161 2203 demoustrabitur,
1177 2137 1482 2193 videntibus
1505 2130 1974 2209 [al.,viventibus]
2001 2129 2106 2196 bis,

521 2230 615 2301 qui
665 2232 753 2286 bic
793 2232 1077 2286 assistunt.
1110 2229 1243 2284 Nam
1288 2230 1412 2298 quia
1447 2229 1712 2283 incertum
1742 2234 1825 2281 est
1859 2223 2109 2278 omnibus

526 2329 743 2390 tempus
768 2321 1089 2376 universalis
1116 2319 1327 2390 judicii,
1370 2319 1687 2387 incertaque
1718 2313 1945 2384 singulis
1973 2314 2106 2368 liora

524 2410 609 2464 sui
640 2410 843 2474 exitus,
884 2421 937 2466 et
970 2420 1184 2481 poterat
1210 2409 1365 2479 longa
1406 2408 1575 2462 videri
1608 2422 1846 2478 praesens
1890 2403 2109 2459 alliictio

523 2502 896 2558 nescientibus
932 2502 1150 2573 quando
1176 2502 1389 2572 requies
1428 2505 1693 2572 promissa
1738 2499 1969 2553 veniret.
1999 2495 2105 2551 Vo-

521 2595 625 2650 luit
672 2596 792 2665 pius
840 2595 1097 2667 Magister
1142 2595 1410 2668 aliquibus
1442 2594 1827 2663 discipulorum
1881 2604 2104 2645 suorum

518 2686 705 2741 adhuc
736 2685 788 2739 in
814 2693 956 2741 terra
988 2686 1307 2757 degentibus
1337 2694 1552 2742 :etcrua:
1574 2682 1949 2754 promissionis
1979 2695 2113 2754 gau-

521 2774 613 2827 dia
659 2783 1114 2845 prsemonstrare;
1149 2784 1419 2846 quatenus
1448 2783 1505 2831 et
1544 2774 1672 2844 ipsi,
1706 2773 1796 2844 qui
1822 2771 2106 2835 vidissent,

523 2874 580 2918 et
605 2879 795 2920 omnes
816 2866 906 2935 qui
938 2867 1123 2922 audire
1154 2866 1588 2938 possent,levius
1613 2866 1838 2919 adversa
1870 2877 2109 2934 praesen-

523 2953 602 3007 tis
650 2953 973 3022 tolerarent,
1012 2957 1235 3010 reducto
1271 2958 1469 3024 smpius
1509 2956 1578 3009 ad
1628 2963 1866 3009 mentem
1915 2952 2109 3007 lutum

528 3042 902 3098 retributionis
942 3060 1187 3111 munere,
1230 3045 1374 3116 quod
1410 3053 1809 3115 exspectarent.
1844 3044 2003 3108 Sunt,
2030 3043 2109 3097 in-

2212 1953 2658 2023 transﬁguratum
2708 1950 2860 2013 dicit,
2891 1964 2990 2006 nec
3004 1949 3216 2004 mdine
3247 1948 3526 2018 temporis,
3575 1961 3679 2001 nec
3708 1962 3798 2000 ra-

2210 2043 2357 2099 tione
2388 2042 2630 2113 myslerii
2663 2041 2935 2112 discrepat
2957 2056 2987 2093 a
3013 2038 3159 2095 Luca
3190 2038 3281 2109 qui
3310 2049 3425 2093 octo
3473 2039 3585 2093 dies
3616 2038 3792 2109 ponit.

2210 2135 2347 2204 Quia
2380 2135 2665 2189 Mattlncus
2704 2142 2893 2187 narrat
2922 2132 3130 2187 medios
3164 2140 3369 2186 tantum
3403 2129 3538 2198 dies,
3568 2129 3712 2185 unde
3737 2138 3797 2186 et
3886 2126 3893 2130 ’

2211 2227 2455 2283 absolute
2502 2237 2616 2298 post
2653 2242 2745 2281 sea:
2787 2225 2896 2280 dies
2950 2223 3152 2279 factum
3207 2231 3639 2285 commemorat;
3704 2223 3796 2279 hic

2209 2328 2388 2374 autem
2419 2318 2675 2389 primum,
2708 2332 2815 2388 quo
2851 2316 2964 2371 lucc
2994 2315 3251 2370 Dominus
3274 2314 3557 2387 promisit;
3587 2323 3646 2369 et
3669 2313 3799 2367 ulti-

2210 2423 2501 2478 mum,quo
2522 2424 2615 2463 sua
2634 2406 2897 2477 promissa
2925 2406 3237 2476 complevit,
3271 2403 3533 2476 adjungit,
3561 2404 3797 2475 ideoque

2212 2502 2569 2571 temperatius
2609 2500 2837 2570 loquens
2877 2499 2986 2570 fere
3014 2499 3125 2556 dies
3153 2508 3267 2554 octo
3289 2498 3460 2571 ponit.
3492 2497 3559 2553 Et
3604 2497 3659 2552 in
3700 2513 3794 2551 ra-

2210 2594 2358 2650 tione
2388 2594 2638 2667 mystica,
2670 2593 2758 2648 ille
2784 2603 2898 2662 post
2928 2609 3021 2648 sea:
3050 2592 3232 2647 mundi
3256 2600 3441 2647 aetates
3475 2590 3681 2645 sanctis
3722 2590 3794 2645 ab

2211 2686 2357 2743 omni
2391 2687 2575 2741 labore
2614 2685 3021 2757 quiescendum,
3071 2683 3159 2739 hic
3195 2693 3377 2739 autem
3413 2692 3608 2738 octavo
3653 2690 3797 2739 tem-

2210 2793 2343 2850 pore
2363 2778 2610 2848 designat
2639 2792 2761 2832 esse
2798 2775 3206 2845 resurgendum.
3249 2773 3383 2829 Tres
3410 2784 3592 2827 autem
3630 2771 3797 2827 disci-

2210 2871 2367 2942 pulos
2413 2868 2674 2924 Dominus
2724 2866 3049 2938 assumpsit,
3101 2865 3299 2935 quibus
3341 2864 3797 2935 gloriﬁcationem

2212 2978 2363 3017 suam
2393 2960 2728 3023 ostenderet,
2761 2958 2843 3014 vel
2877 2958 3003 3028 quia
3044 2958 3139 3025 qui
3174 2971 3317 3011 nunc
3379 2953 3540 3009 [idem
3586 2962 3796 3009 sancta:

2212 3052 2500 3108 Trinitatis
2521 3051 2573 3105 iu
2612 3050 2878 3106 cltaritate
2903 3057 3219 3119 operantem
3255 3054 3478 3102 servant
3500 3045 3799 3116 integram,

525 3135 663 3205 quit,
694 3135 859 3206 aliqui
890 3138 974 3191 hic
1017 3147 1247 3206 stantes,
1279 3139 1367 3210 qui
1406 3155 1508 3193 non
1537 3137 1820 3209 gustabunt
1864 3144 2105 3201 mortem,

2215 3155 2343 3199 tunc
2393 3143 2460 3195 de
2489 3142 2607 3211 ejus
2659 3137 2895 3195 revelata
2937 3138 3148 3193 visione
3194 3136 3506 3208 perenniter
3536 3135 3792 3200 lietatur;

525 3229 692 3283 donec.
712 3230 917 3284 uideant
938 3230 1108 3300 ﬁlium
1143 3232 1368 3285 hominis
1395 3231 1677 3284 venientem
1706 3229 1761 3282 in
1793 3243 1948 3298 regno
1990 3243 2106 3280 suo.

532 3318 835 3377 Venientem
864 3323 1060 3393 quippe
1097 3323 1151 3378 ir:
1196 3339 1352 3393 regno
1379 3337 1475 3376 suo
1512 3321 1763 3376 viderunt
1789 3335 1911 3373 eum
1948 3319 2111 3373 disci-

524 3410 638 3482 puli
673 3415 776 3475 sui,
816 3414 906 3482 qui
958 3414 1011 3468 iu
1052 3429 1114 3469 ea
1164 3413 1412 3469 claritate
1443 3412 1697 3467 viderunt
1731 3410 2021 3481 fulgentem
2054 3409 2108 3464 in

527 3511 731 3567 monte,
760 3503 815 3555 in
843 3519 946 3572 qua
979 3513 1198 3573 peracto
1214 3502 1420 3572 judicio
1448 3502 1515 3558 ab
1541 3501 1795 3557 omnibus
1822 3501 2027 3556 sanctis
2056 3500 2111 3555 in

527 3607 691 3662 regno
725 3609 821 3646 suo
850 3594 1143 3649 videbitur.

604 3679 862 3751 Sequitur
892 3683 1037 3738 enim
1060 3685 1112 3739 in
1142 3684 1450 3754 evangelica
1475 3684 1790 3741 narratione
1825 3683 1879 3738 id
1908 3684 1974 3739 de
2003 3698 2111 3754 quo

522 3770 678 3842 'iequi
713 3772 960 3830 volumus
985 3792 998 3827 :
1026 3774 1094 3829 Et
1121 3785 1238 3845 post
1258 3776 1369 3829 dies
1391 3792 1500 3843 sex,
1529 3776 1808 3844 assumpsit
1828 3774 1987 3829 Iesus
2012 3761 2112 3830 Pe-

533 3879 695 3931 rrunt,
725 3874 775 3918 et
798 3865 1089 3931 Iacobum,
1118 3877 1165 3921 et
1191 3866 1449 3921 Joannem
1480 3867 1698 3938 fratrem
1726 3866 1865 3936 ejus,
1885 3876 1933 3920 et
1962 3866 2113 3921 duxit

526 3952 650 4009 illos
683 3955 737 4009 in
762 3967 986 4010 montem
1012 3957 1268 4011 excelsum
1292 3956 1713 4024 seorsum.Quod
1739 3966 1852 4026 post
1867 3956 1977 4010 dies
1998 3971 2108 4020 sex,

534 4060 602 4099 ex
634 4036 742 4115 quo
787 4047 1037 4116 promisit
1066 4047 1345 4117 discipulis
1390 4047 1696 4103 claritatem
1748 4062 1860 4102 sua:
1886 4047 2113 4102 visionis

530 4134 796 4192 Dominus
822 4137 1083 4205 ostendit,
1128 4139 1395 4209 signiﬁcat
1442 4147 1662 4195 sanctos
1700 4139 1754 4194 in
1797 4139 1883 4194 die
1922 4137 2112 4207 iudicii

543 4243 772 4297 regnum
816 4240 1187 4301 percepturos,
1243 4231 1384 4303 quod
1437 4233 1517 4288 eis
1565 4233 1825 4303 promisit,
1873 4233 1964 4302 qui
2008 4248 2114 4286 non

531 4322 802 4388 mentitur,
851 4321 1014 4388 Deus,
1044 4333 1165 4378 ante
1202 4334 1435 4392 tempora
1476 4324 1755 4378 swcularia
1803 4323 1930 4397 (Tit.
1961 4338 2002 4389 t,
2030 4324 2111 4394 2).

532 4408 792 4478 Tempora
821 4414 1019 4482 quippe
1068 4413 1345 4468 stecularia
1368 4454 1383 4477 ,
1418 4428 1512 4469 sex
1556 4415 1809 4469 aetatibus
1838 4423 2109 4471 constant.

531 4498 742 4567 Quibus
783 4503 1075 4571 completis
1098 4542 1114 4568 ,
1147 4504 1370 4558 audient
1402 4519 1431 4557 a
1464 4505 1692 4561 Domino
1724 4522 1737 4558 :
1781 4503 1986 4569 Venite,
2029 4505 2112 4558 be-

534 4592 728 4647 nedicti
754 4593 932 4651 Patris
955 4597 1085 4661 mei;
1106 4598 1364 4666 possidete
1381 4607 1625 4669 paratum
1654 4597 1795 4652 vobis
1835 4615 2048 4669 regnum
2079 4617 2111 4654 a

529 4688 902 4742 constitutione
928 4688 1112 4742 mundi
1132 4687 1347 4760 (Matth.
1375 4705 1501 4755 xxv,
1528 4688 1640 4761 54).
1684 4688 1916 4745 Possunt
1944 4690 2110 4747 etiam

530 4796 624 4835 sex
653 4780 763 4835 dies
804 4780 1084 4850 promissa:
1109 4770 1402 4837 Dominica:
1425 4782 1649 4839 visionis
1672 4795 1723 4838 et
1756 4783 1960 4854 glorias,
1991 4801 2115 4855 per-

524 4868 824 4927 lectionem
870 4874 1136 4928 bonorum
1182 4889 1406 4944 operum
1434 4874 1741 4946 designare,
1770 4876 1888 4931 sine
1916 4878 2114 4947 quibus

529 4963 601 5018 ad
628 4965 1101 5034 contemplandam
1125 4967 1436 5022 Conditoris
1476 4968 1558 5022 sui
1592 4968 1929 5038 majestatem
1963 4969 2116 5038 quis-

523 5068 634 5128 que
662 5073 771 5114 non
819 5058 968 5114 valet
1009 5059 1314 5128 pervenire.
1364 5058 1501 5128 Quia
1544 5062 1690 5117 enim
1722 5062 1981 5117 Dominus
2017 5076 2113 5116 sex

527 5149 722 5206 diebus
753 5167 935 5207 rerum
978 5161 1284 5207 creaturam
1326 5152 1620 5219 formavit,
1652 5162 1707 5209 et
1753 5156 1981 5224 septima
2033 5170 2115 5209 re-

529 5243 737 5312 quievit
760 5245 829 5298 ab
857 5245 1114 5311 operibus
1159 5245 1273 5300 suis
1303 5243 1456 5315 (Gen.
1494 5263 1534 5312 ι,
1583 5250 1678 5319 ιι);
1726 5255 1875 5302 recte
1902 5262 2001 5317 per
2023 5264 2116 5303 sea:

528 5338 641 5391 dies
671 5353 834 5409 opera
867 5339 1030 5405 bona,
1064 5341 1261 5410 quibus
1287 5339 1353 5393 ad
1399 5340 1643 5410 requiem
1683 5341 1968 5410 pervenire
2021 5340 2116 5394 dc-

526 5427 745 5494 bemus,
789 5431 1190 5500 exprimuntur.
1219 5430 1284 5484 Et
1309 5430 1434 5502 quia
1473 5432 1565 5501 qui
1610 5429 1782 5485 Deum
1815 5429 2029 5497 videre,
2058 5437 2113 5485 et

529 5519 598 5573 ad
638 5519 863 5588 gloriam
909 5521 1083 5578 beata:
1115 5523 1531 5579 resurrectionis
1575 5522 1885 5593 pertingere
1915 5537 2115 5578 concu-

528 5610 717 5681 piscit,
753 5610 910 5667 debet
933 5628 1095 5683 agere
1121 5615 1260 5671 bona
1303 5630 1423 5687 quae
1466 5598 1645 5681 novit;
1681 5624 1827 5671 recte
1862 5624 1977 5683 post
2003 5616 2113 5671 dies

528 5716 647 5786 seat,
695 5702 921 5775 gloriam
953 5706 1036 5761 sui
1085 5707 1234 5777 regni
1284 5721 1446 5778 quam
1490 5706 1775 5778 spopondit
1813 5705 2112 5778 discipulis,

532 5790 787 5851 Salvator
809 5795 1062 5855 ostendit.
1092 5796 1266 5856 Lucas
1296 5808 1475 5855 tamen
1506 5799 1583 5856 sic
1610 5799 1858 5869 scripsit:
1886 5796 2108 5856 Factum

2215 3236 2296 3292 vel
2343 3236 2468 3305 quia
2513 3243 2623 3287 tres
2660 3240 2784 3287 sunt
2837 3230 3054 3285 ordines
3109 3226 3346 3284 ﬁdelium
3399 3226 3453 3281 in
3505 3224 3793 3290 Ecclesia,

2212 3326 2302 3398 qui
2338 3326 2436 3382 Soli
2481 3325 2547 3380 ad
2572 3325 2711 3379 lianc
2738 3323 3002 3377 visionem
3032 3320 3318 3391 pervenire
3349 3326 3685 3381 mereantur,
3714 3316 3795 3369 vi-

2213 3419 2427 3485 delicet,
2458 3415 2754 3487 praepositi.
2790 3423 2846 3468 et
2896 3413 3257 3475 continentes,
3299 3420 3462 3480 atque
3495 3406 3791 3478 coniugati.

2212 3508 2468 3579 Quisquis
2513 3507 2657 3562 enim
2705 3506 2757 3560 in
2812 3504 2993 3574 aliquo
3039 3502 3201 3559 trium
3246 3503 3473 3556 istorum
3526 3499 3792 3568 graduum

2215 3603 2466 3658 inventus
2489 3615 2597 3654 non
2626 3598 2818 3660 fuerit,
2853 3597 2919 3651 ad
2958 3596 3214 3667 gaudium
3243 3593 3470 3648 visionis
3500 3592 3661 3661 hujus
3689 3603 3791 3643 non

2213 3694 2523 3766 pertinebit.
2554 3691 2746 3745 Petrus
2771 3704 3024 3759 namque,
3053 3698 3276 3759 propter
3289 3686 3590 3757 primatum
3613 3698 3795 3751 suum,

2213 3784 2471 3856 praelatos
2526 3780 2783 3837 Ecclesia:
2832 3780 3078 3849 designat
3114 3777 3393 3832 :Joanues
3430 3787 3614 3831 autem
3642 3816 3658 3840 ,
3703 3774 3797 3845 qui

2213 3874 2577 3948 permansisse
2625 3873 2778 3945 virgo
2826 3871 3179 3943 perhibetur,
3231 3868 3454 3923 caelibes
3495 3882 3561 3922 ac
3611 3863 3796 3921 mundi

2204 3977 2620 4039 contemptores
2648 3974 3030 4036 praemonstrat
3057 3981 3071 4019 :
3095 3961 3329 4017 Iacobus
3360 3976 3513 4024 vero,
3543 3958 3635 4028 qui
3665 3973 3795 4031 sup.

2214 4056 2488 4129 plantator
2508 4056 2726 4118 dicitur,
2753 4054 3065 4124 coniugatus
3098 4063 3153 4107 et
3183 4052 3382 4107 mundo
3409 4050 3555 4105 licite
3583 4058 3799 4103 utentes

2217 4147 2505 4217 signiﬁcat.
2523 4146 2618 4200 llic
2634 4161 2765 4216 ergo
2789 4144 2960 4198 tribus
2978 4142 3274 4212 discipulis.
3301 4156 3396 4214 per
3406 4155 3543 4212 quos
3558 4137 3797 4195 universi

2218 4241 2565 4310 designantur
2590 4237 2768 4305 electi,
2801 4236 3059 4291 Dominus
3088 4235 3315 4307 gloriam
3353 4249 3507 4289 suam
3547 4242 3799 4288 ostensu-

2217 4349 2310 4389 rus
2334 4334 2386 4386 in
2415 4343 2638 4385 montem
2669 4346 2764 4385 eos
2792 4330 2935 4383 ducit
2961 4327 3240 4391 excelsum,
3284 4335 3343 4381 ut
3374 4327 3565 4380 doceat
3605 4340 3799 4381 oumes

2217 4424 2306 4494 qui
2352 4423 2489 4477 lianc
2519 4421 2702 4476 videre
2741 4420 3071 4483 desiderant,
3115 4434 3220 4472 non
3276 4416 3328 4471 iu
3362 4416 3566 4471 inlimis
3610 4415 3797 4487 jacere

2145 4521 2191 4577 ι)
2219 4511 2603 4582 voluptatibus.
2637 4527 2742 4565 non
2791 4509 3063 4565 illecebris
3088 4509 3294 4563 servire
3319 4507 3627 4563 carnalibus
3648 4547 3666 4573 ,
3694 4523 3796 4562 non

2220 4603 2453 4657 terrenis
2509 4602 2787 4656 atllizerere
2838 4599 3255 4671 cupiditatibus;
3309 4597 3406 4653 'sed
3465 4606 3796 4652 aeternorum

2215 4711 2401 4751 amore
2427 4696 2491 4749 ad
2523 4710 2757 4765 superna
2800 4709 3016 4765 semper
3062 4692 3222 4763 erigi,
3252 4700 3305 4746 et
3348 4690 3612 4759 angelica)
3642 4686 3798 4760 163

2215 4787 2514 4864 munditiae,
2548 4787 2783 4856 pietatis,
2816 4796 2870 4864 et
2900 4784 3049 4854 pacis
3083 4794 3137 4840 et
3160 4781 3487 4847 dilectionis,
3510 4790 3567 4836 et
3586 4781 3798 4836 bonita-

2216 4879 2310 4943 tis,
2338 4891 2389 4934 et
2410 4860 2637 4950 Iustitia:
2668 4860 2860 4943 vitam,
2887 4885 3148 4947 quantum
3194 4873 3511 4930 mortalibus
3544 4872 3800 4941 possibile

2215 4979 2320 5038 est,
2357 4986 2570 5041 semper
2607 4970 2807 5024 imitari
2857 4969 3087 5031 debere,
3130 4968 3286 5039 juxta
3339 4964 3469 5019 illud
3503 4963 3747 5034 Apostuli
3777 4976 3796 5014 :

2219 5059 2420 5115 Nostra
2465 5070 2637 5115 autem
2686 5060 3009 5114 conversatio
3045 5058 3098 5111 in
3140 5057 3281 5111 cazlis
3309 5065 3406 5111 est.
3452 5052 3602 5108 Unde
3641 5053 3797 5106 etiam

2215 5154 2528 5209 salvatorem
2574 5162 2929 5222 exspectamus
2987 5148 3267 5203 Dominum
3329 5158 3563 5202 nostrum
3615 5144 3797 5199 Iesum

2216 5244 2505 5311 Christum,
2533 5242 2625 5314 qui
2669 5241 2970 5310 reformabit
3001 5255 3188 5308 corpus
3231 5236 3545 5291 humilitatis
3585 5244 3794 5295 nostris,

2216 5335 2597 5406 con/iguramm
2612 5334 2817 5403 corpori
2831 5330 3087 5386 claritatis
3100 5346 3210 5384 stuc
3221 5327 3467 5401 (Philipp.
3486 5344 3546 5382 ιιι
3559 5324 3792 5394 ,20,12).

2216 5425 2545 5483 Ostensurus
2569 5423 2796 5494 gloriam
2825 5436 2936 5476 suae
2968 5419 3284 5488 Majestatis,
3307 5419 3362 5472 in
3385 5428 3611 5471 montem
3641 5413 3794 5469 disci-

2216 5519 2371 5592 pulos
2397 5518 2560 5582 ducit,
2586 5523 2642 5569 ut
2666 5514 2878 5570 discant
2920 5512 3041 5584 ipsi,
3069 5512 3279 5567 discant
3304 5522 3494 5564 omnes
3520 5507 3614 5577 qui
3660 5507 3794 5560 bane

2213 5612 2413 5683 ;videre
2442 5609 2651 5675 sitiunt,
2683 5622 2789 5663 non
2838 5621 2956 5661 eam
2995 5603 3095 5659 sibi
3134 5604 3187 5658 in
3235 5600 3393 5671 bujus
3437 5598 3620 5655 szeculi
3670 5610 3792 5669 pro-

2221 5701 2406 5768 tundo,
2440 5699 2534 5756 sed
2569 5700 2621 5755 in
2655 5712 2818 5770 regno
2849 5710 3098 5769 superum
3133 5692 3486 5750 beatitudinis
3507 5705 3628 5748 esse
3650 5702 3793 5760 quas-

2223 5795 2466 5864 rendam,
2492 5800 2549 5851 et
2572 5793 2823 5850 studeant
2858 5789 3005 5862 digiti
3037 5788 3149 5845 ﬁeri
3182 5786 3474 5846 ascendere
3493 5787 3549 5841 in
3577 5792 3791 5841 monte.
