4076 6288
252 400 365 464 ωδ

1336 396 1645 458 1⁵10311,ιῶ
1689 393 1786 458 ΕΤ
1816 400 2417 463 EXHORTATIONES.

3420 406 3528 470 ϐω

253 512 500 581 Bantia".
536 518 595 569 θα
626 519 778 569 tum?
805 510 861 566 θη
885 508 1002 566 Ῑοίο
1027 519 1210 567 MM“?
1242 513 1381 583 εἰιωὲ
1406 513 1475 568 Et
1503 513 1643 569 bene
1683 529 1846 568 evan:
1871 519 1924 576 Α
1949 516 2244 586 dcbautur;
2293 523 2386 577 sed
2432 537 2500 578 co
2554 533 2791 579 montem
2833 532 3071 597 petente,
3114 540 3257 584 novo
3290 533 3529 585 candore

253 607 475 679 gelista,
504 620 634 661 cum
676 602 906 660 dixisset
952 603 1081 674 quia
1137 603 1292 658 duxit
1344 604 1465 659 illos
1509 607 1570 660 in
1616 617 1843 660 utentem

252 698 539 762 excelsum,
582 696 789 752 addidit
823 712 1061 751 seorsum
1087 711 1109 749 ε
1137 696 1262 766 quia
1302 695 1436 766 justi
1461 707 1517 752 et
1561 710 1692 753 tunc
1719 712 1846 753 cum

253 804 552 863 pravorum
579 788 777 844 vicinia
812 796 1154 859 premuntur,
1201 789 1384 844 animo
1426 799 1607 845 tamen
1638 799 1752 845 toto
1779 805 1848 846 ac

253 882 463 941 mentis
488 880 810 945 intentione,
851 889 910 935 et
943 894 1167 950 operum
1217 882 1565 937 exsecutione
1605 882 1845 953 separati

257 983 387 1031 sunt
414 974 487 1030 ab
514 973 643 1040 illis,
678 982 735 1029 et
764 973 818 1027 in
845 971 1028 1029 futuro
1074 987 1300 1044 prorsus
1340 972 1505 1028 etiam
1536 976 1761 1044 corpore
1789 982 1848 1030 et

254 1063 378 1119 loco
430 1063 862 1135 segregabuutur
894 1062 967 1117 ab
1006 1062 1123 1126 eis,
1163 1062 1381 1133 quando
1419 1062 1703 1118 abscundet
1757 1078 1847 1119 eos

256 1156 518 1213 Dominus
542 1157 599 1210 in
637 1155 819 1210 abdito
847 1153 1022 1209 vultus
1065 1156 1150 1210 sui
1181 1172 1215 1208 a
1251 1154 1648 1210 conturbatione
1676 1155 1849 1209 nomi-

258 1264 407 1315 uum,
432 1257 481 1303 et
502 1256 731 1318 proteget
770 1247 828 1301 in
858 1245 1199 1301 tabernaculo
1226 1262 1345 1300 suo.
1388 1245 1516 1313 Qui,
1541 1246 1693 1316 juxta
1740 1246 1849 1301 Lu-

257 1356 405 1407 cam,
430 1339 680 1394 ascendit
711 1339 767 1393 iu
813 1353 937 1393 mon
948 1347 1057 1393 tem
1085 1346 1370 1402 oraturus,
1393 1349 1451 1394 et
1480 1339 1559 1394 sic
1583 1337 1848 1394 transfor-

258 1430 494 1486 mandus
521 1447 541 1485 :
563 1430 698 1499 quia.
717 1430 774 1484 in
809 1428 932 1485 cteii
962 1438 1235 1485 secretam
1265 1429 1635 1495 altitudinem,
1660 1439 1721 1485 ut
1755 1444 1847 1486 ven

260 1538 357 1581 rus
393 1521 643 1578 Pontifex
672 1562 688 1587 ,
745 1522 994 1579 ascendit
1051 1535 1148 1592 pro
1199 1521 1313 1577 suis
1364 1521 1846 1591 interpellaturus,

259 1628 527 1686 suamque
577 1616 807 1686 gloriam
858 1615 944 1670 eis
994 1614 1071 1670 ibi
1135 1612 1623 1681 manifestaturus;
1674 1624 1730 1670 et
1786 1622 1849 1669 ut

261 1708 575 1762 ostenderet
596 1706 730 1776 quia
765 1706 858 1776 qui
901 1706 1118 1762 beatam
1147 1705 1619 1764 .resurrectionem
1649 1720 1848 1776 exspeo

262 1804 440 1861 ctant,
485 1805 542 1851 et
569 1811 750 1866 regem
797 1796 852 1851 in
900 1796 1096 1853 decore
1127 1811 1230 1852 suo
1266 1796 1452 1853 videre
1490 1794 1797 1852 desiderant
1827 1836 1847 1864 ,

1944 612 2401 685 rel'tilsere:quia,
2428 617 2566 672 sicut
2590 616 2828 674 Joannes
2879 620 3134 692 loquitur,
3152 638 3290 675 nunc
3313 618 3527 693 quidem

1943 703 2042 774 ﬁlii
2077 704 2172 759 Dei
2204 722 2412 769 smnus,
2459 708 2553 762 sed
2582 709 2816 763 accidunt
2858 712 3101 782 apparuit
3133 712 3263 782 quid
3286 710 3481 766 erimus
3503 726 3529 766 :

1944 796 2139 851 scimus
2163 807 2338 851 autem
2367 798 2640 869 quia,cmn
2664 803 2991 870 apparuerit,
3023 803 3223 857 similes
3238 804 3287 857 ei
3303 803 3525 868 erimus,

1945 888 2196 959 quoniam
2245 889 2529 943 videbimus
2575 907 2695 944 cum
2732 892 2888 946 sicuti
2931 905 3007 947 est
3037 893 3089 965 (I
3141 893 3302 949 Joan.
3337 910 3421 959 m,
3445 895 3528 964 2).

1947 978 2103 1036 Unde
2132 980 2270 1035 bene
2311 979 2524 1036 Marcus
2566 982 2631 1037 de
2664 976 2872 1038 eisdem
2915 985 3252 1041 vestimentis
3292 986 3368 1039 ait
3402 987 3528 1055 quia

1944 1071 2087 1142 facta
2113 1080 2236 1125 sunt
2265 1070 2619 1138 splendentia,
2654 1074 2985 1144 candidaque
3029 1076 3206 1139 nimis,
3239 1074 3375 1129 velut
3406 1066 3526 1140 nix,’

1943 1162 2124 1234 qualia
2160 1162 2292 1232 fullo
2312 1176 2470 1233 super
2500 1172 2694 1219 terram
2749 1180 2851 1219 non
2888 1175 3052 1233 potest
3089 1167 3317 1221 candida
3357 1166 3531 1236 facere

1949 1254 2151 1327 (Marc.
2192 1270 2346 1317 xvm,
2377 1255 2456 1323 2).
2503 1255 2639 1323 Quia
2680 1257 2820 1327 quod
2856 1259 3109 1313 erunibus
3159 1266 3331 1328 patet,
3372 1274 3532 1312 nemo

1946 1356 2031 1402 est
2058 1348 2147 1416 qui
2171 1346 2292 1402 sine
2315 1347 2671 1417 corruptione
2691 1359 2746 1404 et
2769 1349 2958 1404 dolore
2987 1349 3169 1405 vivere
3189 1350 3357 1417 possit
3379 1364 3535 1417 super

1947 1447 2163 1503 terram,
2190 1455 2351 1494 nemo
2377 1448 2463 1495 est
2507 1440 2600 1510 qui
2632 1441 2751 1497 sine
2806 1450 3013 1497 attactu
3053 1441 3279 1511 alicujus
3321 1441 3533 1509 peccati

1947 1531 2132 1587 vivere
2156 1540 2322 1601 queat
2374 1547 2534 1602 super
2575 1542 2790 1587 terram.
2836 1532 2948 1588 Sed'
2984 1533 3127 1603 quod
3174 1531 3328 1602 fullo,
3372 1532 3426 1586 id
3453 1538 3536 1585 cst

1948 1622 2140 1678 doctor
2159 1622 2492 1687 animarum,
2517 1623 2633 1677 sive
2653 1624 2940 1679 mundator
2952 1624 3147 1693 aliquis
3171 1624 3252 1679 sui
3288 1623 3535 1693 corporis

1947 1714 2204 1780 eximius,
2222 1730 2382 1784 super
2401 1724 2620 1779 terram,
2644 1730 2750 1769 non
2779 1724 2967 1785 potest,
3006 1714 3267 1770 Dominus
3288 1714 3449 1769 faciet
3479 1714 3535 1768 in

1951 1803 2110 1870 cmlo,
2142 1804 2435 1859 emundans
2475 1803 2790 1870 Ecclesiam,
2830 1813 3033 1860 vestem
3081 1805 3533 1868 videlicet‘suanr,

262 1902 448 1949 mente
497 1892 549 1947 in
584 1892 818 1948 excelsis
870 1892 1142 1960 habitare,
1169 1908 1237 1949 ac
1280 1891 1557 1950 continuis
1594 1891 1851 1963 precibus
1878 1881 1923 1941 Β
1951 1896 2016 1951 ab
2043 1896 2187 1951 omni
2223 1896 2620 1967 inquinamento
2654 1897 2830 1952 carnis
2863 1908 2910 1951 et
2955 1898 3190 1967 spiritus,
3234 1897 3456 1965 insuper
3480 1904 3538 1951 et

265 1982 517 2038 insistere
542 1983 793 2040 debeant.
1569 2028 1575 2042 .-

338 2072 601 2142 Sequitur
634 2096 648 2132 -.
681 2074 749 2130 Et
794 2074 1206 2145 transﬁguratus
1250 2085 1328 2130 est
1365 2085 1489 2131 ante
1508 2092 1621 2131 eos.
1660 2075 1735 2130 Et
1768 2092 1853 2130 re-

263 2164 543 2233 splenduit,
562 2164 730 2235 [acies
757 2165 874 2235 ejus
895 2166 1028 2221 sicut
1052 2167 1164 2232 sol;
1199 2168 1500 2222 vestimenta
1528 2179 1705 2221 autem
1733 2168 1851 2237 ejus

266 2257 409 2326 facta
430 2267 551 2311 sunt
582 2257 729 2322 alba,
761 2259 894 2312 sicut
927 2259 1038 2312 nix.
1074 2258 1244 2314 Lucas
1269 2273 1398 2313 vero
1424 2258 1556 2313 dicit
1578 2257 1679 2312 :Et
1708 2258 1853 2326 facta

251 2354 366 2412 est,
393 2345 522 2399 dum
548 2357 745 2412 oraret,
766 2346 961 2415 species
996 2345 1167 2401 uultus
1195 2348 1309 2415 ejus
1340 2348 1529 2413 altera,
1558 2358 1606 2401 et
1636 2349 1851 2401 vestitus

266 2438 381 2507 ejus
435 2438 593 2499 albus
637 2439 901 2509 refulgens
943 2437 1096 2510 (Luc.
1147 2455 1220 2501 nt,
1275 2439 1388 2510 29).
1423 2438 1854 2510 Transﬁguratns

271 2540 452 2589 autem
480 2531 743 2588 Dominus
771 2542 901 2588 ante
947 2530 1262 2604 discipulos,
1295 2542 1352 2589 et
1378 2534 1433 2588 in
1471 2533 1642 2588 altera
1674 2534 1855 2604 specie

273 2622 457 2679 vultus
487 2637 779 2693 apparens,
810 2637 914 2678 non
945 2620 1175 2678 fortium
1208 2624 1429 2678 humani
1449 2622 1697 2693 corporis
1720 2623 1858 2677 ami~

270 2716 367 2781 sit,
415 2716 511 2770 sed
534 2730 707 2770 .suam
735 2729 1068 2785 suorumque
1097 2715 1545 2788 gloriﬁcationem
1581 2730 1856 2785 praemon-

270 2806 489 2862 stravit.
514 2804 685 2860 Facta
725 2814 800 2860 est
827 2806 971 2862 enim
1001 2808 1194 2876 species
1223 2806 1396 2861 vultus
1436 2806 1555 2877 ejus
1582 2806 1774 2871 altera,
1803 2808 1855 2861 id

269 2910 377 2966 est,
420 2897 645 2955 alterius
683 2897 903 2969 glorise,
942 2898 1159 2968 quando
1202 2897 1519 2968 resplenduit
1576 2899 1713 2953 sicut
1752 2896 1853 2953 sol.

270 2988 462 3058 Cujus,
489 2988 721 3053 scilicet,
751 2987 1054 3059 Splendoris
1077 2997 1133 3044 et
1161 2987 1345 3059 gloriae
1371 2988 1590 3044 claritas
1616 2989 1684 3043 ad
1703 2997 1860 3042 natu.

270 3098 391 3138 ram
436 3092 704 3151 susceptas
754 3081 1108 3136 humanitatis
1162 3080 1473 3150 specialiter
1526 3079 1855 3150 pertinebat.

270 3171 407 3230 Nam
435 3173 582 3227 illam
611 3172 779 3241 ipsius
805 3171 1111 3226 Diviuitatis
1132 3170 1456 3226 ineﬁ'abilem
1483 3179 1538 3225 ct
1564 3171 1858 3226 inaccessi—

1949 1995 2155 2044 teterna
2181 1990 2366 2043 carnis
2387 1998 2439 2043 et
2463 1989 2689 2059 spiritus
2717 1988 3014 2044 beatudine
3030 2004 3095 2042 ac
3118 1989 3238 2045 luce
3262 1986 3551 2042 reﬁciens.~

2021 2078 2277 2149 Sequitur
2301 2095 2318 2134 :
2342 2079 2409 2135 Et
2431 2096 2548 2135 ecce
2573 2090 2926 2150 apparuerunt
2947 2080 3053 2134 illis
3080 2079 3289 2149 Moyses
3309 2089 3355 2132 et
3386 2077 3538 2131 Elius

1951 2184 2073 2224 cum
2105 2184 2166 2223 eo
2199 2169 2488 2239 loquentes.
2536 2168 2716 2224 Lucas
2745 2168 2861 2222 haec
2895 2165 3438 2238 pleniuse’xposuit:
3468 2163 3537 2218 Et

1951 2275 2069 2315 ecce
2102 2260 2209 2314 duo
2237 2260 2332 2314 viri
2361 2259 2713 2330 loquebantur
2739 2276 2858 2314 cum
2880 2259 2995 2315 illo.
3031 2258 3197 2313 Erant
3249 2256 3458 2327 Moyses
3487 2262 3540 2309 et

1955 2348 2109 2406 Elius
2138 2352 2232 2405 uisi
2282 2352 2338 2405 in
2381 2351 2678 2420 majestate,
2705 2361 2753 2405 et
2796 2351 3040 2406 dicebant
3088 2366 3357 2405 excessum
3400 2346 3539 2417 ejus,

1954 2457 2105 2512 quem
2130 2441 2483 2509 completurus
2505 2453 2619 2497 erat
2640 2445 2695 2497 in
2722 2441 3184 2511 Jerusalent(Luc.
3212 2458 3290 2504 rx,
3317 2439 3538 2508 50,5”.

1957 2531 2169 2603 Moyses
2191 2541 2249 2587 et
2279 2532 2444 2596 Elias,
2475 2534 2566 2602 qui
2613 2532 2780 2590 locuti
2819 2544 2946 2587 sunt
2976 2534 3041 2587 in'
3062 2542 3246 2591 monte
3279 2542 3403 2586 eum
3434 2531 3542 2584 Dos

1956 2619 2128 2688 mino,
2148 2630 2197 2674 et
2228 2621 2467 2675 dicebant
2496 2636 2764 2676 excessum
2810 2621 2948 2691 ejus,
2991 2636 3146 2691 quem
3189 2620 3542 2689 completuras

1957 2720 2067 2781 erat
2099 2710 2153 2764 in
2180 2710 2497 2772 Jerusalem,
2530 2711 2583 2764 id
2615 2719 2723 2776 est,
2753 2710 3062 2780 passionem
3086 2723 3150 2763 ac
3176 2706 3539 2764 resurrectio-

1957 2815 2082 2869 nem
2111 2799 2246 2866 ejus,
2270 2800 2489 2856 oracula
2530 2801 2662 2872 legis
2697 2816 2762 2856 ac
2813 2801 3203 2872 prophetarum
3229 2798 3539 2867 designant,

1958 2907 2078 2962 qua:
2105 2892 2159 2945 in
2187 2891 2418 2947 Domino
2437 2892 2728 2962 completa,
2757 2901 2810 2947 et
2858 2908 3001 2947 nunc
3039 2891 3213 2947 doctis
3239 2891 3542 2960 quibusque

1956 2989 2166 3051 patent,
2215 2990 2270 3034 et
2320 2982 2374 3036 in
2425 2982 2610 3037 futuro
2650 2981 2993 3038 manifestius
3045 2981 3311 3051 patebunt.
3350 2978 3543 3033 electis

1959 3073 2240 3128 omnibus.
2261 3073 2362 3141 Qui
2385 3072 2542 3129 bene
2571 3074 2671 3129 nisi
2703 3074 2769 3129 in
2805 3072 3080 3142 majestate
3112 3070 3383 3133 dicuntur,
3415 3067 3542 3137 quia

1963 3169 2090 3216 tunc
2135 3162 2375 3230 apertius
2424 3161 2695 3217 videbitur
2728 3172 2930 3232 quanta
2981 3160 3231 3216 veritatis
3279 3158 3543 3227 dignitate

269 3260 433 3318 bilem
456 3220 879 3330 Vasioncm,qu:c
899 3261 955 3315 in
972 3269 1232 3316 aeternam
1255 3260 1421 3314 vitam
1449 3260 1625 3315 beatis
1650 3261 1853 3314 mundo
1884 3220 1930 3282 Ο
1963 3252 2142 3317 omnis
2188 3252 2495 3307 divinorum
2536 3252 2875 3321 eloquiorum
2919 3266 3025 3305 non
3081 3249 3254 3303 solum
3311 3262 3545 3328 sensus,

272 3352 437 3408 corde
471 3360 744 3417 servatur,
773 3351 924 3406 nullo
949 3351 1110 3406 modo
1156 3349 1407 3420 discipuli
1436 3350 1649 3405 mortali
1677 3350 1856 3404 adhuc

275 3458 445 3500 carne
488 3442 815 3498 circumdati
884 3450 1137 3513 poterant
1187 3441 1408 3497 intueri.
1470 3441 1533 3495 ln
1576 3443 1677 3496 hac
1724 3457 1858 3511 ergo

274 3535 761 3607 transﬁguratione
787 3524 1070 3591 'Dominus
1115 3544 1172 3590 et
1215 3535 1301 3589 sui
1343 3535 1587 3604 corporis
1630 3534 1856 3603 gloriam

278 3641 384 3698 qua
416 3642 517 3697 per
544 3628 1004 3683 resurrectionem
1035 3637 1155 3681 crat
1179 3625 1555 3681 illustrandum
1584 3642 1857 3697 praemon-

272 3718 496 3782 stravit,
523 3728 580 3774 et
602 3717 899 3774 electorum
929 3717 1172 3772 omnium
1200 3724 1419 3786 quantas
1442 3717 1708 3772 claritatis
1737 3725 1860 3786 post

274 3810 730 3865 resurrectionem
754 3807 933 3861 futura
958 3809 1067 3862 sint
1095 3822 1326 3877 corpora
1348 3808 1695 3876 prmmouuit.
1722 3805 1859 3863 Nam

273 3909 326 3957 ct
357 3901 424 3955 de
452 3900 558 3954 illis
584 3900 719 3955 alias
748 3900 823 3954 ait
856 3919 871 3955 :
906 3900 1052 3954 Tunc
1086 3899 1223 3968 justi
1263 3899 1533 3969 fulgebunt
1569 3901 1704 3953 sicut
1746 3899 1860 3965 sal,

274 3991 333 4045 in
356 4006 519 4060 regno
545 3988 725 4044 Patris
759 3988 1205 4059 commutauit.
1238 4004 1358 4053 sm,
1400 3989 1518 4059 45).
1564 3989 1632 4043 Et
1677 3990 1767 4044 hic
1806 3991 1860 4044 in

273 4080 586 4151 exetuplum
610 4080 805 4137 futura:
848 4081 1258 4138 clarilicatiouis
1309 4080 1505 4150 ipsius,
1543 4079 1863 4150 resplenduit

273 4172 440 4242 facies
465 4172 581 4242 ejus
607 4173 739 4227 sicut
768 4172 869 4227 sol.
897 4171 1015 4227 Non
1045 4172 1169 4241 quia
1203 4171 1417 4235 Domni,
1459 4182 1516 4226 et
1550 4179 1862 4229 sanctorum

275 4278 424 4334 ejus,
449 4263 677 4334 aequalis
704 4265 876 4334 possit
899 4279 1018 4320 esse
1049 4263 1272 4319 claritas
1295 4273 1350 4319 et
1379 4262 1584 4334 gloria;
1615 4264 1709 4318 sed
1737 4265 1866 4335 quia

275 4354 416 4412 nihil
444 4355 559 4409 sole
596 4354 801 4411 clarius
840 4355 1028 4410 videre
1071 4355 1323 4410 novimus
1356 4369 1372 4408 :
1408 4370 1514 4409 non
1550 4354 1724 4411 solum
1755 4354 1867 4411 Do-

275 4445 444 4511 mini,
474 4445 568 4501 sed
605 4454 662 4501 et
688 4456 1001 4502 sanctorum
1036 4446 1089 4501 in
1114 4445 1511 4501 resurrectione
1534 4445 1706 4516 gloria
1738 4446 1868 4503 solis

1960 3344 2052 3398 sed
2078 3354 2133 3398 et
2158 3359 2339 3399 sermo
2362 3344 2523 3397 fuerit
2548 3343 2806 3412 prolatus.
2832 3341 3125 3396 Possumus
3136 3353 3402 3393 excessum
3428 3336 3544 3406 ejus

1961 3431 2264 3502 intelligere
2291 3431 2597 3501 specialiter
2618 3430 3001 3486 exaltationem
3030 3425 3382 3484 humanitatis
3401 3425 3542 3496 ejus,

1960 3539 2068 3594 qua
2094 3524 2333 3578 excessit
2362 3523 2567 3588 omnia,
2597 3523 2738 3577 sicut
2764 3522 2921 3577 docet
2949 3517 3241 3591 Apostolus
3263 3517 3451 3572 dicens
3478 3516 3545 3571 de

1961 3616 2163 3671 Putre:
2203 3613 2270 3669 Ut
2312 3615 2493 3669 sciatis
2536 3630 2652 3685 qutc
2686 3615 2756 3669 sit
2808 3611 3194 3684 supereminens
3238 3608 3545 3680 magnitudo

1963 3707 2167 3763 virtutis
2213 3706 2352 3776 ejus,
2397 3722 2557 3776 quam
2602 3715 2851 3775 operatur
2897 3704 2952 3759 in
2993 3701 3237 3767 Christo,
3283 3703 3545 3756 suscitans

1961 3796 2112 3855 illum
2136 3812 2168 3850 a
2196 3798 2440 3861 atortuis,
2468 3805 2516 3851 et
2544 3796 2867 3868 constituens
2914 3794 2985 3849 ad
3022 3796 3290 3849 dexteram
3316 3809 3469 3848 suam
3486 3792 3545 3846 in

1962 3890 2276 3955 caelestibus,
2304 3906 2464 3960 supra
2495 3905 2695 3944 ontncm
2728 3889 3106 3959 principatum,
3127 3898 3176 3942 et
3198 3895 3545 3956 potestatem,

1962 3988 2009 4034 et
2042 3980 2308 4042 virtutem,
2347 3989 2393 4032 et
2422 3978 2858 4041 dominationem,
2882 3986 2930 4031 et
2971 3993 3123 4030 omne
3170 3992 3359 4030 nomen
3401 3972 3541 4044 quod

1963 4070 2282 4137 nominatur,
2310 4086 2412 4123 non
2441 4068 2610 4122 solum
2635 4068 2689 4121 in
2708 4070 2807 4122 hoc
2822 4067 3041 4131 sa’culo,
3063 4067 3152 4120 sed
3181 4075 3227 4119 et
3257 4066 3314 4120 in
3343 4065 3548 4133 futuro;

1961 4171 2010 4224 et
2046 4161 2222 4215 omnia
2250 4160 2467 4230 subjecit
2492 4159 2587 4213 sub
2625 4158 2841 4230 pedibus
2879 4157 2997 4227 ejus
3023 4155 3239 4227 (Ep/tes.
3267 4170 3306 4217 1,
3333 4152 3544 4219 18-21).

1965 4254 2067 4311 Hic
2088 4266 2175 4310 est
2195 4268 2455 4310 excessus
2481 4252 2792 4309 Mediatoris
2814 4250 2905 4305 Dei
2929 4261 2984 4304 et
3008 4249 3284 4305 hominum
3297 4245 3548 4322 jnominis

1965 4346 2090 4403 Jesu
2123 4345 2349 4401 Christi.
2383 4343 2556 4411 Quem
2607 4358 2888 4398 excessum
2934 4342 3061 4397 licet
3089 4339 3250 4395 Pater
3293 4345 3549 4408 cperatus

1967 4439 2067 4502 sit,
2102 4439 2216 4508 ipse
2239 4446 2417 4491 tamen
2471 4433 2770 4490 secundum
2810 4434 3109 4488 divinitatis
3138 4431 3432 4502 potentiam
3467 4427 3553 4495 nig-

278 4538 526 4609 aspectui
551 4546 919 4609 comparatur,
951 4538 1080 4608 quia
1112 4537 1314 4593 clarius
1336 4538 1450 4594 sole
1475 4539 1703 4610 aliquid,
1724 4540 1864 4594 unde
1892 4572 1942 4632 Β
1971 4531 2262 4587 hilominus
2282 4536 2541 4632 operatus
2560 4536 2665 4593 est,
2688 4536 2852 4632 atque
2876 4525 3183 4632 complevit:
3212 4522 3550 4632 Quicunque

276 4630 589 4701 exemplum
614 4631 835 4686 daretur
869 4630 1203 4697 hominibus,
1235 4631 1461 4686 minime
1504 4631 1683 4700 potuit
1717 4631 1866 4686 inve.

274 4722 408 4779 uiri.
452 4721 756 4778 Possumus
792 4723 958 4778 etiam
992 4736 1090 4792 per
1147 4721 1345 4793 faciem
1382 4720 1519 4788 eius
1564 4720 1865 4789 intelligere

279 4824 609 4886 prmsentem
637 4822 694 4869 et
732 4813 1075 4869 manifestam
1105 4814 1473 4884 cognitionem
1516 4812 1867 4867 humanitatis

278 4908 477 4978 ipsius.
505 4906 845 4977 Resplenduit
867 4921 998 4974 ergo
1020 4909 1154 4961 sicut
1179 4906 1260 4961 sol
1281 4907 1444 4975 [acies
1472 4907 1629 4974 ejus:
1657 4892 1780 4973 quia
1813 4903 1865 4957 in

279 4994 378 5051 illo
408 5009 665 5066 superna:
687 4994 1041 5060 beatitudinis
1065 5008 1240 5063 regno
1261 4994 1468 5069 sanctis
1512 4993 1765 5048 omnibus
1793 4991 1867 5045 ita

278 5090 651 5162 resplendebit
675 5090 837 5144 unico
859 5103 926 5144 ac
968 5088 1230 5158 singulari
1257 5088 1546 5158 splendere
1566 5085 1866 5141 clarissima

280 5182 448 5238 etiam
476 5181 841 5236 humanitatis
865 5180 985 5250 ejus
1012 5180 1417 5250 contemplatio,
1443 5180 1575 5234 sicut
1603 5176 1683 5232 sol
1711 5177 1867 5231 unica

278 5280 339 5330 et
373 5272 637 5343 singulari
680 5271 935 5327 claritate
962 5279 1183 5340 superat
1214 5271 1400 5325 omnia
1450 5286 1572 5340 qua:
1591 5270 1869 5338 corporeis

281 5364 454 5421 octtlis
482 5364 659 5420 lucida
687 5364 959 5419 videntur.
998 5362 1317 5417 Vestimenta
1356 5372 1529 5416 autem
1563 5362 1704 5432 ejus,
1749 5377 1869 5432 qua:

280 5458 417 5512 sicut
446 5458 540 5511 nia:
581 5456 834 5513 albedine
873 5456 1159 5521 refulsere,
1212 5471 1318 5510 non
1361 5456 1655 5526 incongrue
1689 5454 1866 5510 sancti

276 5547 404 5618 ejus
425 5547 725 5619 ﬁguraliter
746 5547 1411 5619 intelliguntur,Apostolo
1425 5548 1637 5602 dicente
1664 5565 1678 5601 :
1704 5546 1871 5613 Quot-

279 5650 409 5712 quot
434 5640 687 5710 baptisati
712 5642 1144 5707 estis,Christum
1171 5642 1417 5695 induistis
1435 5638 1631 5711 (Colat.
1659 5640 1865 5708 ut,9.7).

271 5729 440 5798 Quae,
490 5731 722 5799 scilicet,
771 5733 1104 5799 uestimenta,
1155 5732 1272 5802 ipso
1333 5733 1477 5788 inter
1528 5732 1773 5787 homines
1816 5732 1869 5786 iu

279 5822 455 5880 terris
478 5832 863 5893 conversante,
894 5826 1149 5897 despecta
1177 5824 1518 5895 aliorumque
1568 5816 1762 5879 similia
1788 5823 1870 5879 vi-

1967 4624 2109 4681 enim
2136 4622 2295 4676 Pater
2307 4621 2506 4691 fecerit,
2520 4621 2632 4674 lucc
2642 4629 2689 4673 et
2706 4617 2752 4671 F
2754 4619 2878 4672 ilius
2903 4616 3143 4672 similiter
3153 4615 3281 4686 facit
3295 4614 3476 4687 (Joan.
3491 4628 3547 4678 v,

1968 4716 2076 4784 19).
2099 4714 2163 4775 Et
2180 4712 2461 4783 complevit
2477 4712 2623 4766 illum
2640 4712 2692 4765 in
2714 4726 2947 4780 superna
2962 4708 3285 4772 Jerusalem,
3298 4707 3388 4760 ubi
3405 4719 3548 4769 seme

1968 4822 2064 4877 per
2076 4808 2249 4861 viuetu
2259 4820 2283 4856 r
2297 4821 2402 4875 pas:
2419 4804 2532 4869 Dei,
2546 4821 2663 4873 qua?
2673 4813 2947 4874 exsuperat
2961 4817 3163 4857 omnem
3176 4814 3381 4854 sensum
3396 4796 3549 4869 (Plii-

1967 4897 2095 4968 lipp.
2111 4899 2242 4969 tv,7)
2259 4897 2363 4953 Sed
2378 4906 2431 4953 et
2450 4897 2502 4951 in
2517 4899 2720 4953 sanctis
2734 4895 2847 4951 suis
2861 4905 3112 4959 tnaguum
3128 4903 3393 4946 excessum
3407 4900 3552 4941 como

1966 4994 2379 5067 plebit,quando
2395 5004 2511 5065 post
2520 4994 2781 5063 judicium
2797 5006 2893 5045 vos
2911 5002 3081 5058 usque
3094 4985 3160 5039 ad
3173 4981 3547 5039 celsitudinem

1970 5098 2211 5158 paternae
2236 5085 2460 5141 visionis
2489 5082 2743 5139 elevabit.
2776 5081 2932 5136 Hunc
2962 5078 3145 5145 itaque
3169 5087 3432 5128 excessum
3454 5085 3549 5125 ca-

1968 5178 2102 5249 pitis
2128 5186 2182 5232 et
2224 5178 2594 5233 membrorum
2639 5173 2694 5227 in
2728 5170 2949 5226 civitate
2980 5164 3160 5238 magni
3214 5162 3357 5233 regis
3397 5176 3549 5217 com-

1970 5267 2230 5340 plendum
2272 5266 2483 5337 Moyses
2529 5272 2585 5319 et
2640 5262 2788 5316 Elias
2844 5259 3081 5313 dicebant
3108 5276 3123 5315 :
3154 5256 3279 5328 quia
3323 5252 3550 5325 gloriam

1973 5361 2324 5415 exaltatiouis
2349 5355 2550 5411 Christi
2581 5362 2636 5407 et
2667 5350 2921 5406 Ecclesia:
2955 5348 3323 5419 prtedixerunt
3349 5343 3554 5416 jugiter

1968 5452 2058 5509 lex
2102 5464 2158 5508 et
2196 5449 2492 5520 pr0phetae.
2521 5442 2810 5513 Suhjungit
2836 5450 3018 5495 autem
3054 5439 3158 5494 hoc
3209 5437 3330 5492 loco
3376 5436 3553 5491 Lucas

1965 5546 2150 5607 solus,
2163 5544 2383 5598 dicens:
2406 5536 2590 5592 Petrus
2614 5544 2814 5597 vero,et
2849 5533 2936 5602 qui
2961 5547 3078 5585 cum
3111 5528 3202 5584 illo
3229 5535 3399 5592 erant,
3429 5540 3552 5595 gra-

1974 5636 2080 5693 uati
2112 5642 2260 5687 erant
2285 5645 2485 5684 somno.
2517 5626 2581 5680 Et
2610 5623 2913 5695 euigilantes
2955 5624 3194 5677 riderunt
3224 5618 3551 5690 majestatetu

1970 5729 2108 5799 ejus,
2132 5736 2180 5781 et
2206 5725 2339 5778 duos
2368 5724 2503 5779 viros
2527 5720 2619 5794 qui
2644 5720 2858 5776 stabant
2886 5734 3003 5774 cum
3031 5716 3121 5770 illo
3150 5714 3304 5787 (Luc.
3324 5727 3402 5776 IX,
3435 5707 3550 5777 32).

1973 5819 2233 5883 Namisle
2262 5815 2432 5884 solus,
2456 5814 2550 5887 qui
2577 5813 2753 5871 octavi
2778 5813 2881 5871 diei
2911 5810 3243 5869 mentionem
3266 5801 3550 5880 prtemisit,
