4076 6288
539 324 642 378 6οἹ

896 325 954 381 S.
994 325 1290 380 ANSELMI
1328 324 1679 383 CANTUAR.
1714 328 2031 385 ARCIIIEP.
2076 316 2227 381 OPP.
2274 325 2453 385 PARS
2488 326 2552 384 li.
2576 362 2641 371 —-
2668 331 3038 391 PARENET.
3085 337 3173 392 ΕΤ
3207 339 3453 399 ASCET.

3713 349 3820 408 608

540 459 683 497 nunc
715 442 950 513 speciem
979 443 1387 498 resurrectionis
1415 445 1690 500 describit.
1723 447 1856 501 Nam
1882 448 1934 501 iu
1963 448 2124 502 Petro
2154 445 2198 503 Α
2230 443 2418 499 bealus
2436 444 2651 514 Petrus,
2692 448 2831 504 ineo
2867 453 3009 521 quod
3034 456 3245 511 caalesti
3290 463 3697 519 conversationi
3735 476 3823 520 ta.

540 543 596 588 et
627 534 792 588 sociis
823 532 961 601 ejus,
987 544 1039 587 ut
1075 550 1235 604 supra
1260 535 1463 591 dictum
1491 547 1592 603 est,
1624 556 1812 595 onmes
1834 541 2121 610 designan—

540 632 630 677 tur
679 624 857 688 eleeti,
907 625 997 693 qui
1041 639 1340 695 gravantur
1408 646 1640 695 somno,
1695 632 1820 686 dum
1893 648 2118 702 corpora

539 731 725 769 eorum
754 719 805 771 in
837 720 1058 771 tumulis
1091 738 1267 789 usque
1297 724 1362 776 ad
1397 725 1554 778 linem
1582 726 1760 780 s:rcnli
1791 727 2068 781 dormiunt
2102 741 2117 781 :

537 807 630 861 sed
664 807 714 860 in
742 808 828 862 die
860 812 1280 867 resurrectionis
1301 815 1718 885 evigilabunt,et
1747 818 1810 869 ad
1835 819 2117 872 videndam

536 912 796 968 perpetuo
844 902 1069 971 gloriam
1115 904 1416 970 maiestatis
1475 909 1590 978 ejus
1654 909 2114 964 sublimabnntur.

534 989 641 1048 Sed
669 1001 722 1044 et
756 992 892 1046 duos
923 995 1069 1048 viros
1098 1004 1311 1052 stantes
1366 1014 1489 1053 cum
1544 1014 1608 1053 eo
1640 1000 1915 1065 videbunt,
1953 1003 2002 1055 id
2033 1012 2117 1058 est

533 1085 819 1139 veritatem
858 1102 1048 1142 sensus
1088 1088 1222 1159 legis
1250 1099 1301 1144 et
1343 1092 1749 1161 prophetarum,
1793 1109 1911 1161 qua:
1958 1094 2115 1148 istam

534 1176 975 1233 clariﬁcationem
1024 1184 1545 1249 prtenuntiavernnt.
1600 1183 1691 1237 Vel
1736 1201 1917 1237 somno
1967 1196 2116 1240 erant

532 1272 731 1336 gravati
755 1285 773 1322 :
798 1272 922 1340 quia
946 1272 1199 1343 splendor
1224 1275 1783 1345 incomprehensibilis
1810 1277 2117 1335 divinitatis

534 1362 732 1429 premit
766 1365 1000 1428 quodam
1034 1365 1179 1421 velut
1208 1368 1355 1437 gravi
1384 1369 1620 1437 pondere
1643 1385 1836 1425 sensus
1869 1373 2116 1440 corporis

534 1453 725 1506 nostri.
744 1453 821 1514 ,Et
853 1457 1151 1525 evigilantes
1179 1460 1416 1513 viderunt
1442 1462 1767 1530 majestatem
1806 1463 1920 1532 ejus
1946 1479 1967 1519 :
1989 1468 2115 1534 quia

533 1545 624 1612 qui
679 1561 926 1600 somnum
972 1552 1215 1618 corporis
1260 1566 1289 1604 a
1333 1567 1432 1606 suo
1483 1554 1647 1608 corde
1702 1558 2017 1624 escutinut,
2061 1568 2117 1613 et

533 1648 713 1689 mente
740 1639 927 1708 vigiles
956 1640 1114 1708 ﬁunt,
1140 1644 1205 1699 ad
1249 1645 1425 1701 lucem
1455 1662 1705 1719 supernae
1750 1651 1977 1706 visionis
2006 1654 2116 1709 ele-

530 1737 743 1784 vanlnr.

2224 534 2512 591 bernacula
2545 538 2789 595 facienda
2823 544 3048 611 putavit,
3089 549 3369 604 nesciebat
3416 554 3546 622 quid
3593 556 3819 611 diceret.

2223 626 2278 680 In
2310 627 2395 681 illa
2422 645 2655 699 namque
2680 632 2919 689 cmlestis
2945 637 3067 691 vita:
3092 639 3261 708 gloria
3290 644 3482 699 domus
3503 651 3824 706 necessaria

2222 735 2328 774 non
2358 725 2482 786 erit,
2522 725 2611 777 ubi
2641 766 2654 789 ,
2695 727 2891 782 divina:
2939 734 3417 802 contemplationis
3470 738 3590 795 luce
3630 744 3820 799 omnia

2223 813 2564 880 paciﬁcante,
2594 832 2726 869 aura
2758 819 3107 876 adversitatis
3137 824 3365 893 alicujus
3392 829 3628 885 timenda
3666 832 3821 888 nulla

2222 906 2542 969 remanebit,
2594 916 2827 964 testante
2858 913 3119 981 Apostolo
3160 915 3392 983 Joanne,
3424 920 3511 991 qui
3566 923 3821 993 ejusdem

2222 1009 2470 1065 supernae.
2519 999 2761 1055 civitatis
2805 1003 3112 1060 claritatem
3166 1010 3481 1067 describens
3540 1015 3616 1069 ait
3666 1018 3823 1073 inter

2221 1086 2325 1139 alia
2366 1106 2379 1141 :
2419 1086 2486 1141 Et
2532 1092 2780 1157 templum
2833 1111 2935 1147 non
2972 1098 3075 1149 vidi
3122 1100 3174 1151 in
3223 1117 3318 1162 ea;
3374 1101 3634 1158 Dominus
3670 1109 3820 1161 enim

2220 1178 2541 1246 omnipotens
2557 1179 2803 1249 templum
2817 1183 2959 1237 illius
2973 1196 3072 1251 est,
3090 1196 3137 1239 et
3155 1188 3334 1259 Agnus
3360 1191 3543 1260 (Apoc.
3562 1209 3675 1259 ut,
3690 1196 3816 1266 2‘2).

2220 1267 2504 1325 Nesciebat
2532 1286 2664 1341 ergo
2697 1275 2824 1343 quid
2856 1278 3072 1340 diceret,
3114 1280 3205 1349 qui
3255 1294 3434 1337 mente
3460 1298 3815 1354 excesserat;

2219 1360 2345 1429 quia
2374 1360 2426 1414 in
2459 1362 2619 1416 domo
2647 1363 2842 1431 Patris,
2867 1382 2987 1436 qua:
3013 1369 3066 1422 iu
3101 1372 3255 1426 caelis
3285 1383 3390 1437 est,
3425 1376 3617 1431 domus
3644 1395 3816 1434 manu

2220 1450 2359 1506 laeta
2403 1456 2709 1509 necessaria
2758 1474 2863 1511 non
2923 1459 3014 1513 sit.
3057 1460 3348 1519 Nesciebat
3401 1468 3529 1535 quid
3588 1470 3814 1533 diceret.

2219 1545 2309 1613 qui
2351 1545 2631 1601 Christum
2663 1549 2715 1603 in
2768 1550 2854 1603 illa
2899 1552 3147 1609 claritate
3197 1572 3414 1626 semper
3462 1560 3534 1615 ibi
3569 1564 3818 1619 retinuere

2218 1639 2424 1705 volens,
2493 1657 2600 1696 non
2651 1644 2925 1714 cogitabat
2980 1651 3106 1719 quia
3163 1650 3361 1707 salvari
3422 1646 3653 1711 mundus
3701 1660 3812 1713 nisi

2221 1742 2395 1787 morte
2415 1732 2615 1789 Christi
2633 1752 2736 1790 non
2754 1748 2988 1808 poterat.
3020 1741 3303 1799 Nesciebat
3330 1748 3459 1816 quid
3478 1750 3693 1813 diceret,
3712 1755 3811 1822 qui

606 1821 892 1890 Sequitur:
908 1823 1237 1893 Respondeas
1257 1840 1426 1884 autem
1447 1832 1654 1899 Petrus,
1672 1836 1802 1889 dixit
1816 1837 1885 1889 ad
1897 1837 2104 1893 Jesum:

2220 1824 2419 1879 ohlLtus
2469 1834 2554 1881 est
2604 1844 2825 1899 regnum
2870 1832 3127 1887 sanctisa
3160 1833 3389 1891 Domino
3442 1854 3549 1893 non
3605 1840 3813 1897 alicui]

529 1910 771 1973 Domine.
797 1914 987 1970 bonum
1015 1930 1089 1971 est
1122 1937 1214 1973 nos
1236 1922 1320 1974 llic
1341 1939 1471 1977 esse.
1512 1924 1571 1979 Si
1601 1927 1693 1991 vis,
1746 1928 2005 1996 faciamus
2028 1932 2112 1985 llic

529 2004 631 2057 tria
664 2004 1024 2074 tabernacula,
1069 2012 1163 2065 tibi
1195 2031 1376 2077 unum,
1422 2016 1595 2087 Moysi
1644 2036 1825 2085 unum,
1880 2032 1927 2074 et
1976 2020 2111 2076 Elia:

533 2082 695 2149 unum
728 2111 747 2149 :
777 2098 842 2152 Et
889 2100 1001 2156 lucc
1043 2105 1205 2159 etiam
1244 2105 1436 2172 Lucas,
1480 2125 1601 2164 cum
1656 2111 1721 2166 de
1750 2113 1956 2168 duobus
1983 2115 2112 2170 viris

532 2185 868 2257 loqueretur,
898 2195 976 2246 sic
1002 2194 1078 2248 ait
1109 2214 1121 2249 :
1156 2196 1221 2249 Et
1257 2198 1455 2266 factum
1484 2210 1588 2264 est,
1627 2219 1746 2255 cum
1790 2205 2110 2260 discederent

528 2278 594 2331 ab
622 2279 732 2343 illo,
764 2282 836 2334 ait
871 2282 1055 2338 Petrus
1077 2287 1145 2339 ad
1179 2286 1361 2342 Jesum
1394 2304 1412 2341 :
1450 2290 1774 2361 Prteceptor,
1810 2294 2001 2349 bonum
2035 2306 2109 2349 est

528 2372 729 2425 uos/tie
769 2390 912 2439 esse;
953 2376 1213 2444 faciamus
1250 2380 1353 2433 tria
1378 2383 1735 2446 tabernacula,
1779 2403 1939 2440 unum
1983 2389 2105 2456 tibi,

527 2479 691 2517 unum
746 2465 935 2539 Moysi,
984 2479 1031 2522 et
1085 2487 1247 2524 unum
1300 2472 1474 2531 Elite:
1503 2477 1733 2530 nesciens
1757 2479 1882 2545 quid
1917 2478 2107 2533 diceret

527 2553 676 2621 (Luc.
697 2572 773 2622 ix,
792 2557 901 2628 35).
919 2559 1184 2616 Discessio
1200 2562 1396 2634 Moysis
1408 2576 1457 2619 et
1480 2566 1604 2621 Elim
1617 2582 1645 2619 a
1660 2567 1893 2631 Christo,
1910 2585 2107 2625 secun-

528 2645 657 2697 dtnn
685 2647 813 2701 illud
844 2650 1188 2721 intelligenda
1219 2666 1322 2718 est,
1353 2657 1511 2729 164
1530 2661 1673 2727 quod
1706 2661 2104 2730 aitApostolns,

524 2738 648 2806 quia
674 2757 790 2793 cum
815 2746 1003 2797 venerit
1025 2748 1165 2815 quod
1183 2750 1468 2817 perfectum
1493 2762 1589 2813 est,
1616 2755 1950 2807 evacuabitur
1968 2756 2108 2824 quod

522 2845 589 2883 ea:
611 2843 758 2899 parte
784 2845 856 2886 est
878 2834 926 2901 (I
952 2834 1073 2890 Cor.
1101 2853 1199 2891 xm
1220 2879 1233 2901 ,
1263 2839 1369 2906 10).
1407 2840 1645 2895 Recedet
1682 2844 1826 2897 enim
1862 2847 2104 2901 doctrina

523 2919 661 2988 legis
711 2932 765 2976 et
815 2927 1224 2994 prophetarum,
1264 2930 1352 2983 ubi
1402 2932 1769 2986 manifestatio
1800 2935 1992 2989 divina:
2024 2936 2103 2989 vi-

524 3012 694 3067 sionis
738 3016 944 3070 sanctis
994 3021 1327 3086 apparuerit.
1374 3019 1564 3076 Petrus
1595 3039 1723 3078 vero
1770 3027 1954 3091 adea,
1989 3044 2106 3097 qua:

523 3108 797 3173 cernebat,
827 3112 1102 3178 respondit
1125 3111 1359 3167 :Bonum
1379 3125 1452 3168 est
1483 3133 1574 3169 nos
1601 3117 1685 3170 hic
1706 3135 1836 3183 esse,
1856 3120 2106 3191 virosque

515 3195 630 3265 jam
662 3197 1000 3257 discedentes
1024 3203 1276 3273 cupiebat
1309 3206 1378 3259 ibi
1417 3207 1655 3263 retinere
1678 3225 1815 3264 nova
1851 3211 2106 3267 taberna-

521 3288 765 3343 culorum
802 3295 1226 3350 constructione.
1260 3295 1394 3351 Nam
1423 3299 1545 3367 quia
1573 3316 1680 3370 quo
1704 3303 1934 3371 amplius
1955 3303 2107 3373 quis.

520 3394 626 3447 que
652 3378 772 3434 vita:
804 3382 1041 3438 coalestis
1086 3385 1423 3442 dulcedinem
1465 3390 1734 3458 degustat,
1778 3408 1843 3446 eo
1871 3395 2104 3464 amplius

520 3469 729 3549 fastidit
752 3475 929 3528 omnia
958 3492 1075 3544 qua:
1098 3478 1383 3548 placebant
1416 3482 1467 3534 in
1495 3482 1692 3538 intimis
1717 3502 1729 3536 :
1758 3486 1951 3539 merito
1991 3487 2105 3555 ipse

522 3577 666 3615 nunc
693 3564 802 3617 visa
836 3566 1046 3621 Domini
1074 3578 1128 3623 et
1168 3582 1477 3626 sanctorum
1514 3573 1628 3641 ejus
1679 3576 1980 3644 majestate,
2022 3593 2103 3631 re-

521 3660 681 3717 pente
717 3662 909 3706 cuneta
952 3669 1072 3724 qnze
1114 3668 1338 3713 noverat
1374 3669 1591 3716 terrena
1637 3662 1992 3725 obliviscitur,
2050 3674 2105 3720 et

522 3738 651 3793 solis
682 3741 765 3796 his
808 3758 929 3811 quae
973 3745 1185 3801 videbat
1234 3749 1533 3806 delectatur
1581 3755 1886 3819 adlnnrere;
1922 3757 2102 3826 ibique

518 3848 640 3884 cum
672 3832 797 3888 Jesu
826 3845 973 3905 optat
1002 3837 1265 3903 habitare,
1295 3842 1381 3895 ubi
1414 3845 1754 3899 mzntil‘estata
1781 3849 1897 3917 cjns
1927 3849 2098 3917 gloria

518 3921 749 3993 l;ctatur,
780 3928 966 3983 dicens
1006 3945 1020 3983 :

517 4014 651 4082 Quia
682 4033 869 4073 revera
911 4022 1085 4076 solum
1139 4024 1371 4078 hominis
1423 4027 1622 4080 bonum
1665 4042 1749 4082 est
1797 4028 1998 4084 intrare
2046 4034 2101 4084 in

516 4109 769 4176 gaudium
797 4110 1005 4166 Domini
1040 4113 1144 4175 sui,
1175 4124 1228 4169 et
1265 4116 1389 4170 huic
1418 4118 1831 4188 contetnplando
1859 4119 1909 4173 in
1941 4128 2102 4175 teter-

516 4212 645 4252 mun
671 4203 949 4257 assistere.
985 4203 1134 4259 Unde
1167 4207 1359 4261 merito
1390 4209 1523 4262 nihil
1556 4226 1791 4277 unquam
1824 4212 1935 4265 veri
1974 4213 2100 4268 boni

518 4287 775 4344 habuisse
802 4293 1074 4360 putandus
1101 4304 1202 4360 est,
1227 4296 1333 4360 cui,
1365 4306 1515 4351 reatu
1545 4313 1644 4352 suo
1673 4300 1944 4369 exigente,
1972 4318 2101 4357 con-

515 4378 677 4449 tingit
721 4397 990 4449 nunquam
1039 4385 1120 4438 sui
1155 4385 1348 4441 faciem
1401 4389 1587 4442 videre
1618 4390 1909 4447 Creatoris.
1944 4393 2097 4460 Quod

518 4470 563 4523 si
594 4470 781 4526 beatus
815 4473 1006 4529 Petrus
1053 4477 1408 4546 glorificatam
1458 4480 1662 4535 Christi
1704 4482 2095 4540 humanitatem

516 4564 914 4634 contemplatus
953 4578 1101 4622 tanto
1138 4569 1368 4625 allieitur
1416 4574 1633 4643 gaudio,
1692 4584 1750 4629 nt
1792 4577 2095 4633 nullatenus

516 4651 585 4705 ab
609 4652 725 4719 ejus
767 4655 960 4709 intuitu
1006 4659 1127 4712 velit
1156 4664 1364 4715 secerni
1426 4682 1437 4717 :
1490 4665 1617 4733 quid
1676 4678 1928 4733 putamus
1972 4685 2091 4725 esse

514 4745 871 4813 beatitudinis
908 4748 973 4803 iis
1008 4752 1095 4820 qui
1149 4753 1455 4810 Diviuitatis
1488 4755 1605 4825 ejus
1634 4758 1972 4815 altitudinem
2013 4764 2095 4817 vi-

514 4838 642 4892 dere
668 4842 1000 4895 meruerint?
1040 4843 1105 4898 Et
1137 4846 1179 4898 si
1221 4862 1341 4901 cmn
1375 4848 1583 4903 duobus
1632 4861 1835 4905 tantum
1865 4855 2089 4920 sanctis,

513 4930 696 5002 Moyse
748 4934 954 4989 scilicet
995 4946 1062 5012 et,
1099 4938 1245 5005 Elia,
1304 4941 1739 5010 transﬁguratam
1794 4944 1861 5003 in,
1905 4956 2087 5002 monte

510 5023 747 5079 hominis
788 5027 988 5083 Christi
1041 5032 1278 5100 speciem
1328 5034 1513 5089 videre
1561 5036 1759 5089 bonum
1800 5038 2093 5095 maximum

512 5114 685 5179 duxit,
726 5119 846 5188 quis
912 5137 1093 5176 sermo
1143 5125 1416 5195 explicare
1466 5136 1521 5181 et
1563 5129 1685 5196 quis
1734 5143 1925 5184 sensus
1957 5134 2096 5187 valet

511 5212 971 5277 comprehendere
1003 5224 1204 5284 quanta
1255 5218 1365 5271 sint
1402 5221 1597 5290 gaudia
1624 5218 1917 5287 justorum,
1970 5241 2093 5279 cmn

512 5301 803 5354 accesserit
832 5304 901 5355 ad
932 5301 1059 5358 Sion
1087 5317 1337 5370 montem,
1373 5319 1427 5361 et
1476 5312 1542 5363 ad
1580 5312 1839 5366 civitatem
1883 5314 1981 5368 Dei
2024 5316 2097 5369 vi-

512 5390 698 5452 ventis,
718 5389 1010 5448 Jerusalem
1039 5398 1312 5463 cazlestem,
1341 5410 1385 5453 et
1414 5401 1698 5457 multorum
1732 5404 1952 5458 millium
1984 5408 2093 5459 An-

512 5476 747 5545 gelorum
778 5480 1119 5551 frequentiam
1154 5486 1340 5556 (llebr.
1368 5505 1469 5551 xu,
1500 5491 1625 5559 2‘2);
1664 5493 2096 5563 ipsumqnecivi-

514 5566 647 5621 tatis
687 5565 929 5634 ejusdem
984 5576 1248 5631 artiﬁcem
1299 5589 1353 5631 et
1384 5581 1718 5637 conditorem
1760 5582 1947 5649 Deum,
1990 5601 2094 5639 non

511 5672 614 5732 per
646 5661 924 5729 speculum
957 5676 1011 5720 et
1049 5667 1100 5719 in
1138 5668 1424 5733 arnigmate
1455 5670 1593 5726 sicut
1635 5689 1798 5740 nunc,
1834 5676 1927 5728 sed
1960 5674 2097 5730 facie

513 5768 582 5807 aa
634 5750 831 5808 faciem
862 5757 1282 5825 conspexetint?
1323 5758 1373 5827 (1
1417 5758 1539 5817 Cor.
1585 5778 1702 5829 xm,
1752 5762 1860 5832 l2.)
1893 5764 2093 5821 Tamen

1060 3931 1302 3995 Domine,
1348 3934 1536 3988 bonum
1581 3947 1655 3989 est
1704 3953 1797 3992 nos
1848 3940 1930 3992 hic
1969 3957 2098 3995 esse.
2168 3994 2173 3997 .

2214 1923 2501 1982 terrarum,
2531 1921 2623 1973 sed
2646 1920 2698 1974 in
2728 1921 2881 1976 caelis
2908 1937 3028 1977 esse
3056 1927 3379 1994 promissum
3411 1945 3425 1982 :
3461 1945 3561 1985 nec.
3596 1947 3801 1987 recor-

2212 2006 2370 2061 datus
2419 2020 2503 2063 est
2539 2025 2598 2064 se
2643 2026 2878 2083 suosque
2936 2017 3277 2084 coapostolos
3337 2021 3549 2075 mortali
3601 2025 3786 2079 adhuc

2212 2114 2376 2153 carne
2415 2100 2809 2173 circmnseptos
2854 2104 3175 2163 immortalis
3224 2110 3350 2165 vita:
3390 2120 3590 2167 statmn
3619 2116 3811 2170 subire

2213 2203 2317 2242 non
2360 2204 2541 2258 posse.

2282 2278 2576 2349 Sequitur:
2603 2283 2789 2338 Adhuc
2832 2302 2892 2339 eo
2942 2286 3205 2356 loquente,
3254 2308 3372 2344 ecce
3415 2293 3579 2347 nubes
3622 2294 3806 2353 lucida

2211 2368 2532 2424 obumbravit
2555 2388 2661 2426 eos.
2692 2373 2759 2427 Et
2791 2392 2905 2429 ecce
2937 2394 3034 2431 τοι
3053 2379 3119 2432 de
3146 2380 3301 2444 nube,
3332 2383 3510 2438 dicens
3544 2398 3564 2435 .°
3596 2384 3700 2439 Hic
3724 2399 3806 2442 est

2210 2458 2385 2515 Filius
2417 2479 2562 2517 meus
2588 2465 2830 2531 dilectus,
2891 2470 2942 2521 in
2983 2487 3086 2540 quo
3128 2474 3254 2525 milii
3300 2474 3423 2527 bene
3457 2481 3801 2546 complacui;

2210 2553 2379 2622 ipsum
2404 2557 2601 2611 audite.
2632 2556 2807 2613 Lucas
2841 2561 3002 2613 etiam
3036 2562 3104 2615 ita
3134 2581 3146 2614 :
3180 2563 3309 2618 lla'c
3349 2578 3523 2620 autem
3584 2569 3676 2623 illo
3717 2572 3805 2624 lo-

2208 2658 2414 2714 quente,
2439 2648 2581 2716 facta
2609 2660 2684 2702 est
2713 2650 2893 2712 nubes,
2923 2662 2969 2705 et
2996 2654 3318 2709 obumbravit
3348 2674 3468 2719 eos;
3522 2669 3569 2712 et
3617 2661 3805 2716 timue-

2211 2745 2331 2788 runt
2375 2737 2690 2793 intrantibus
2721 2739 2826 2793 illis
2870 2741 2923 2794 in
2959 2742 3166 2796 nubent.
3217 2743 3285 2797 Et
3333 2762 3429 2799 vox
3454 2747 3597 2813 facta
3627 2762 3704 2802 est
3730 2752 3801 2805 de

2211 2829 2364 2893 nube,
2394 2830 2573 2884 dicens
2606 2849 2624 2885 :
2664 2831 2765 2885 Hic
2796 2844 2869 2886 est
2915 2833 3087 2887 Filius
3130 2853 3275 2891 meus
3323 2838 3567 2904 dilectus,
3620 2842 3798 2909 ipsum

2210 2919 2388 2971 audite
2414 2919 2565 2989 (Luc.
2602 2937 2677 2983 ix,
2702 2922 2813 2990 54).
2840 2922 2975 2989 Quia
3006 2924 3203 2980 Petrus
3237 2928 3583 2984 tabernacula
3611 2930 3795 2986 facere

2210 3012 2504 3077 quaerebat,
2547 3012 2763 3067 obtecta
2819 3014 3009 3070 lncidze
3049 3018 3205 3071 nubis
3241 3028 3324 3073 est
3379 3021 3689 3077 admonitus
3743 3025 3796 3077 in

2214 3100 2300 3155 illa
2335 3105 2454 3157 vita:
2492 3104 2728 3159 ctelestis
2781 3106 3115 3163 habitatione
3170 3112 3360 3165 domos
3409 3128 3514 3166 non
3556 3112 3674 3168 fore
3704 3130 3800 3169 ne-

2213 3198 2499 3260 cessarias,
2532 3197 2633 3251 ubi
2684 3199 2865 3252 omnia
2925 3200 3190 3257 Dominus
3228 3213 3429 3258 teterna
3479 3221 3593 3260 sua:
3654 3206 3795 3263 lucis

2210 3288 2624 3345 obtunbratione
2654 3292 2917 3360 protegit;
2961 3294 3049 3361 qui
3080 3293 3248 3348 lucem
3277 3296 3475 3349 habitat
3506 3299 3795 3353 inaccessi.~

2208 3379 2360 3432 bilem
2407 3380 2473 3450 (,I
2520 3380 2653 3434 Tim.
2681 3397 2731 3435 vr
2766 3425 2780 3448 ,
2836 3383 2952 3452 16).
2995 3383 3120 3439 [hoc
3176 3384 3320 3439 enim
3378 3388 3538 3441 nubes
3585 3390 3790 3455 lucida,

2207 3487 2327 3540 quae
2360 3489 2502 3527 nunc
2536 3488 2698 3544 super
2725 3475 3017 3545 discipulos
3042 3477 3187 3545 facta
3212 3488 3310 3542 est,
3365 3489 3412 3531 et
3462 3481 3794 3535 obumbravit

2206 3583 2313 3630 eos,
2338 3576 2423 3621 est
2449 3567 2537 3620 illa
2571 3568 2658 3621 lux
2687 3569 3098 3631 inaccessibilis,
3142 3570 3195 3625 in
3231 3587 3337 3640 qna
3372 3571 3513 3625 Dens
3551 3572 3788 3626 habitat.

2206 3655 2334 3721 Qum
2368 3658 2761 3713 inaccessibilis
2787 3669 2870 3713 est
2900 3659 3107 3714 viribus
3132 3664 3355 3725 nostris,
3388 3662 3479 3715 sed
3510 3663 3793 3717 acceditur

2205 3748 2271 3801 ad
2326 3764 2444 3801 cam
2480 3750 2796 3802 muneribus
2835 3750 3047 3804 divinis.
3120 3750 3326 3819 Moyses
3371 3752 3517 3805 enim
3568 3754 3791 3804 accessit

2204 3839 2273 3891 ad
2321 3839 2593 3907 caliginem
2648 3839 2701 3892 in
2745 3856 2849 3909 qua
2900 3851 3013 3893 erat
3062 3839 3199 3893 Deus
3245 3840 3461 3909 (Exod.
3512 3857 3619 3904 xx,
3664 3841 3783 3910 21).

2203 3925 2336 3981 Nam
2368 3928 2453 3981 illa
2479 3929 2671 3996 ealigo,
2700 3939 2755 3983 et
2786 3929 2884 3983 ista
2919 3930 3112 3997 nubes,
3162 3940 3326 3999 atque
3372 3931 3459 3983 illa
3499 3931 3612 3995 lux,
3642 3932 3784 3984 idem

2202 4028 2345 4073 sunt.
2370 4020 2504 4087 Quia
2535 4030 2590 4075 et
2617 4022 2795 4075 omnis
2838 4022 3003 4075 etiam
3050 4038 3313 4091 corporea
3371 4022 3483 4085 lux,
3517 4039 3641 4092 qua:
3670 4038 3785 4092 pra:

2202 4109 2481 4165 nimietate
2530 4110 2792 4166 claritatis
2849 4128 2981 4166 non-
3017 4121 3197 4182 potest
3244 4113 3439 4182 aSpiei,
3481 4122 3627 4165 recte
3681 4127 3780 4166 ca-

2201 4200 2307 4273 ligo
2337 4213 2391 4257 et
2419 4204 2806 4259 inaccessibilis
2840 4205 2944 4259 dici
2982 4213 3180 4276 potest,
3232 4206 3373 4259 sicut
3419 4214 3473 4258 et
3501 4203 3783 4258 oculorum

2202 4304 2507 4350 nostrorum
2542 4298 2908 4351 reverberatio
2962 4299 3155 4369 probat
3191 4299 3243 4352 in
3284 4305 3503 4367 aspectu
3538 4297 3690 4351 solis.
3714 4297 3785 4350 De

2201 4387 2306 4442 hac
2345 4390 2485 4443 nube
2539 4399 2592 4442 et
2636 4389 2756 4445 lnee
2790 4391 2992 4444 dictum
3049 4402 3132 4445 est
3175 4392 3225 4445 in
3268 4391 3454 4444 Exodo
3506 4390 3779 4459 mystice:

2203 4477 2417 4547 Operuit
2447 4479 2606 4533 nubes
2631 4480 3025 4534 tabernaculum
3057 4482 3359 4545 testimonii,
3396 4491 3444 4534 et
3476 4480 3645 4550 gloria
3674 4479 3781 4533 Do.

2199 4573 2327 4625 mini
2356 4570 2581 4641 implevit
2610 4572 2762 4634 illud.
2795 4590 2886 4627 nec
2912 4584 3112 4644 poterat
3132 4572 3338 4642 Moyses
3366 4573 3569 4639 ingredi
3592 4581 3781 4625 tectum

2198 4664 2427 4733 foederis,
2452 4666 2583 4718 nube
2608 4667 2866 4734 aperiente
2903 4667 3095 4723 omnia.
3139 4676 3185 4718 et
3239 4666 3515 4734 majestate
3559 4663 3773 4717 Domini

2196 4766 2501 4808 coruscante
2532 4756 2728 4825 (Exod.
2764 4773 2852 4810 ιιι..
2886 4757 2977 4823 3‘2,
3006 4757 3118 4825 33).
3147 4757 3221 4809 De
3253 4756 3353 4810 hac
3376 4756 3630 4809 similiter
3650 4765 3703 4809 et
3728 4756 3779 4807 in

2200 4849 2357 4903 tertio
2413 4848 2614 4917 [legum
2666 4849 2802 4902 libro
2844 4849 3105 4918 scriptmn
3157 4858 3235 4902 cst
3273 4866 3285 4901 :
3323 4848 3530 4901 Nebula
3557 4848 3781 4915 implerit

2197 4940 2408 4992 domum
2444 4939 2650 4991 Domini
2703 4950 2749 4991 et
2796 4956 2895 4991 non
2941 4951 3184 5009 poterant
3224 4940 3522 4991 sacerdotes
3553 4951 3697 4991 stare
3735 4947 3781 4989 et

2198 5030 2497 5082 ministrare
2531 5038 2741 5097 propter
2773 5028 3015 5080 nebulam
3049 5048 3067 5083 :
3101 5028 3404 5096 impleverat
3443 5029 3582 5079 enim
3616 5027 3783 5113 gloria

2198 5121 2411 5174 Domini
2444 5121 2655 5172 domum
2678 5118 2911 5171 Domini.
2936 5117 3079 5172 Tunc
3104 5121 3178 5172 ait
3204 5116 3454 5172 Salomon
3476 5133 3496 5169 :
3525 5116 3779 5170 Dominus

2197 5214 2330 5266 dixit
2360 5223 2413 5265 ut
2444 5212 2701 5265 habitaret
2728 5214 2781 5264 in
2812 5211 2997 5264 nebula
3020 5210 3137 5280 (Ill
3158 5210 3287 5280 Reg.
3311 5226 3430 5271 vin,
3454 5210 3541 5273 10,
3563 5210 3672 5277 12).
3708 5208 3783 5261 De

2200 5304 2300 5358 hac
2325 5311 2380 5357 et
2410 5304 2747 5357 venerandus
2764 5302 2926 5356 Pater
2954 5302 3243 5373 DiOnysins
3274 5302 3371 5364 ait,
3397 5302 3539 5355 sicut
3568 5311 3625 5353 et
3654 5300 3781 5352 alibi

2201 5396 2583 5453 meminimus:
2622 5396 2810 5450 Divina
2854 5396 3031 5465 caligo
3074 5404 3158 5449 est
3192 5394 3571 5449 inaccessibile
3602 5393 3783 5446 lumen

2201 5491 2253 5543 in
2277 5504 2385 5559 quo
2410 5489 2657 5543 habitare
2687 5488 2827 5542 Dens
2852 5486 3403 5552 dicitur,etiuvisibili
3431 5501 3498 5539 eo
3515 5486 3787 5539 existente

2201 5590 2424 5651 propter
2453 5580 2949 5650 supereminentem
2980 5579 3317 5641 claritatem,
3343 5587 3394 5631 et
3423 5571 3783 5631 titaecessibili

2200 5673 2389 5727 eodem
2422 5686 2517 5742 per
2548 5671 3087 5741 superexcellentiam
3111 5668 3583 5740 superessentialis
3632 5665 3785 5721 lumi-

2203 5783 2329 5821 num
2365 5764 2712 5820 manationis.
2756 5762 2811 5817 in
2839 5764 2942 5819 hoc
2980 5762 3050 5819 sit
3088 5762 3263 5818 omnis
3319 5761 3488 5817 Deum
3541 5758 3683 5816 scire
3725 5765 3782 5811 οι
