4076 6288
287 308 392 368 ιοο

1379 299 1685 362 ιιοδιιυιε
1727 299 1812 355 ΕΤ
1853 295 2460 354 EXIlORTATlONES.

287 422 478 477 videre
501 420 718 491 dignus,
765 432 887 474 eum
944 433 1049 473 non
1088 417 1321 474 videndo
1349 431 1526 487 neque
1575 428 1863 484 cognosco,
1898 418 1945 477 Α
1976 412 2210 467 ηιῖητὺιιε
2238 412 2374 466 dixit
2417 429 2431 466 :
2475 410 2700 466 Pccnitet
2732 427 2812 465 me
2835 410 3019 482 fecisse
3046 410 3196 475 (Cen.
3227 425 3304 477 vr,
3340 413 3397 484 7)
3439 429 3554 480 eos,

286 527 418 568 vere
440 527 602 575 super
627 510 887 564 visionem
911 516 966 564 et
989 509 1351 580 cognitionem
1377 507 1550 562 factus
1571 508 1671 562 hoc
1696 508 1869 575 ipsum

286 617 642 673 cognoscens,
673 601 797 670 quia
825 610 948 670 post
971 600 1151 654 omnia
1179 608 1262 654 est
1292 598 1566 654 sensibilia
1595 607 1648 652 et
1678 593 1872 650 intelli-

287 693 501 763 gibilia,
531 701 581 746 et
605 692 901 762 prophetia:
934 693 1142 753 videns,
1161 689 1418 744 Mirabilis
1441 690 1580 760 facta
1605 697 1677 742 est
1699 687 1870 741 scien-

287 784 363 835 tia
395 793 486 835 tua
510 798 574 836 ea:
614 799 694 835 me
719 795 737 833 .'
764 782 1062 850 confortatu
1091 791 1186 845 est,
1210 791 1256 834 et
1305 797 1407 835 non
1447 791 1624 848 potero
1647 778 1716 831 ad
1757 793 1873 830 eam

289 867 470 936 (I’sal.
497 871 851 939 cxxxvut,6).
870 871 962 925 llis
991 869 1132 924 beati
1159 869 1398 939 Dionysii
1433 878 1538 921 tam
1557 865 1873 937 ponderosis

287 962 470 1016 verbis
500 973 762 1018 consonat
792 974 845 1016 et
871 962 1040 1016 David
1066 963 1254 1017 dicens
1285 962 1351 1016 de
1387 959 1618 1014 Domino
1643 975 1656 1011 :
1686 952 1870 1026 Caligo

289 1051 388 1103 sub
408 1052 624 1121 pedibus
646 1052 835 1121 ejus,et
851 1052 1084 1106 ascendit
1105 1067 1262 1120 super
1277 1049 1560 1109 cherubim,
1578 1059 1622 1100 et
1649 1047 1872 1102 volavit:

286 1142 475 1196 rolarit
499 1159 657 1210 super
675 1160 869 1213 pennas
895 1153 1182 1197 ventorum.
1211 1140 1276 1194 Et
1305 1142 1480 1210 posuit
1519 1141 1758 1194 tenebras
1787 1137 1873 1192 lu-

286 1234 512 1288 tibulum
533 1251 686 1288 suum
709 1235 881 1305 (Psal.
910 1252 1039 1295 xvu.
1068 1235 1158 1299 10,
1184 1236 1269 1300 Η,
1296 1234 1406 1302 12).
1428 1233 1611 1304 Caligo
1641 1247 1874 1302 namque

286 1334 374 1379 est
399 1326 449 1380 ei
502 1327 600 1380 sub
653 1325 894 1396 pedibus,
947 1329 1074 1397 quia
1109 1344 1215 1382 non
1257 1343 1322 1382 ca
1355 1327 1600 1382 claritate
1627 1327 1695 1380 ab
1732 1325 1874 1380 infe-

285 1418 527 1474 tioribus
563 1420 829 1484 cernitur,
883 1436 989 1489 qua
1035 1420 1087 1474 in
1127 1421 1498 1489 superioribus
1543 1419 1872 1489 dominatur.

283 1505 532 1561 Ascendit
577 1509 720 1563 enim
762 1525 920 1579 super
959 1509 1223 1563 cherubim
1263 1519 1310 1563 et
1336 1509 1522 1563 volavit
1548 1523 1565 1562 :
1589 1507 1871 1562 Cherubim

284 1596 490 1666 quippe
545 1597 824 1667 plenitudo
877 1599 1120 1654 scientia:
1170 1599 1404 1663 dicitur;
1439 1598 1666 1668 proinde
1712 1613 1877 1667 super

285 1685 677 1758 plenitudinem
711 1689 953 1744 scientia:
984 1689 1302 1745 ascendisse
1334 1689 1650 1759 perhibetur
1679 1698 1734 1743 et
1766 1704 1869 1743 vo-

1974 502 2128 580 quasi
2169 501 2488 572 sibimetipsi
2537 503 2811 572 displicuit
2862 503 2914 557 iu
2979 504 3375 572 peccatoribus,
3418 520 3555 574 quos

1974 603 2286 648 creaverat.
2319 594 2372 648 lu
2403 593 2518 649 solo
2541 604 2718 649 autem
2747 593 3038 665 Uuigenito
3066 595 3164 650 sibi
3189 596 3552 666 complacuit:

1979 684 2136 756 165
2163 687 2286 756 quia
2337 687 2478 740 hunc
2534 687 2676 740 inter
2718 687 2965 741 homines
3020 687 3294 742 hominem
3338 703 3556 742 creasse

1974 787 2097 826 eum
2129 791 2236 827 non
2283 775 2534 842 pteuituit
2586 776 2730 828 omni
2777 779 2955 838 modo,
3015 777 3068 830 in
3117 792 3226 846 quo
3270 787 3555 846 peccatum

1975 863 2178 917 nullum
2236 865 2460 928 invenit,
2508 878 2734 934 propter
2784 868 2927 934 quod
2983 881 3042 920 se
3102 866 3553 936 reprehenderet,

1975 953 2126 1022 quasi
2177 967 2274 1023 per
2315 954 2722 1024 pumilentiam;
2785 956 2878 1010 sed
2934 955 3320 1025 plenitudinem
3392 956 3558 1011 totius

1974 1043 2308 1112 sanctitatis,
2368 1059 2488 1113 qua:
2529 1044 2634 1099 sibi
2687 1044 2846 1100 valde
2902 1046 3249 1114 complacuit.
3301 1046 3368 1100 Et
3414 1047 3557 1116 quod

1975 1135 2241 1203 adjunxit,
2271 1137 2440 1204 ipsum
2482 1137 2684 1202 audite,
2740 1137 3016 1190 admonuit
3047 1154 3168 1192 eum
3202 1153 3322 1194 esse
3353 1139 3420 1193 de
3451 1155 3558 1208 quo

1975 1228 2322 1298 supradictus
2356 1227 2565 1300 Moyses
2599 1228 2877 1299 populum,
2907 1230 2992 1284 cui
3027 1229 3196 1299 legem
3226 1231 3392 1293 dedit,
3418 1247 3558 1298 prte-

1975 1321 2252 1384 mouebat,
2301 1321 2426 1390 quia
2476 1322 2783 1391 prophetam
2824 1321 2962 1375 vobis
3000 1322 3270 1376 suscitabit
3307 1323 3560 1376 Dominus

1979 1411 2116 1465 Deus
2143 1423 2304 1467 vester
2323 1413 2387 1466 de
2422 1412 2677 1481 fratribus
2734 1416 2916 1468 vestris
2959 1425 3210 1486 tauquam
3245 1431 3347 1478 me,
3387 1415 3557 1483 ipsum

1975 1501 2201 1554 audietis
2227 1501 2387 1571 juxta
2425 1503 2600 1557 omnia
2633 1519 2954 1573 qutecunque
2991 1503 3198 1558 locutus
3237 1505 3398 1575 fuerit
3423 1505 3560 1558 robis

1977 1591 2158 1663 (Deut.
2185 1609 2341 1657 xvut,
2377 1595 2487 1665 15).
2530 1593 2716 1665 Neque
2743 1597 2886 1650 enim
2926 1597 3149 1668 Moysen
3178 1608 3231 1652 et
3279 1599 3474 1664 Eliam,
3509 1599 3561 1653 id

1977 1695 2063 1738 est
2089 1684 2259 1756 legem
2302 1695 2355 1740 et
2389 1688 2708 1758 prophetas,
2743 1688 2916 1742 audiri
2965 1699 3142 1755 velat;
3175 1691 3268 1744 sed
3309 1690 3560 1745 oumibzts

283 1775 454 1843 lasse,
505 1780 632 1849 quia
683 1778 984 1847 majestatis
1035 1779 1154 1850 ejus
1209 1779 1588 1836 celsitudinem
1646 1779 1872 1834 scientia
1903 1775 1948 1836 Β
1978 1774 2063 1829 bis
2089 1777 2423 1832 auditionem
2469 1777 2617 1844 Filii,
2653 1779 2745 1849 qui
2792 1779 2962 1850 legem
2999 1790 3055 1835 et
3095 1781 3386 1851 prophetas
3417 1781 3562 1835 venit

285 1871 435 1924 nulla
466 1874 894 1942 comprehendit.
950 1873 1153 1929 Volarit
1205 1888 1370 1942 ergo,
1415 1873 1542 1944 quia
1601 1872 1758 1943 longe
1815 1872 1871 1927 in

285 1961 455 2016 altum
482 1965 550 2018 ab
603 1965 879 2020 intellectu
920 1976 1105 2020 nostro
1155 1981 1214 2021 se
1241 1964 1442 2035 rapuit.
1485 1963 1691 2019 Volavit
1715 1980 1874 2034 super

283 2068 484 2122 pennas
508 2065 795 2121 remorum,
827 2057 950 2126 quia
981 2057 1263 2113 scientiam
1310 2057 1643 2112 transcendit
1667 2059 1873 2112 anima-

285 2157 428 2196 rum.
466 2143 534 2196 Et
555 2146 726 2214 posuit
776 2147 1013 2200 tenebras
1043 2146 1321 2200 latibulum
1364 2164 1542 2211 suum,
1581 2149 1704 2216 quia
1743 2148 1870 2201 dum

285 2234 517 2302 caligine
570 2247 771 2292 nostrae
795 2238 1129 2293 inﬁrmitatis
1171 2239 1550 2304 obscurantur,
1579 2254 1676 2307 per
1715 2238 1871 2308 igno-

286 2325 519 2379 rantiam
546 2336 786 2381 nostram
813 2326 966 2381 nobis
987 2327 1354 2392 absconditur,
1387 2343 1455 2382 ne
1481 2343 1510 2380 a
1537 2328 1691 2381 nobis
1713 2328 1872 2380 modo

288 2413 340 2467 in
371 2426 580 2468 mterna
609 2425 664 2469 et
705 2416 893 2470 intima
939 2416 1190 2471 claritate
1224 2419 1477 2471 videatur
1500 2456 1515 2470 .
1563 2414 1748 2470 Posuit
1790 2427 1868 2470 te-

288 2506 475 2559 nebras
520 2505 798 2560 latibulum
841 2524 1017 2570 suum,
1050 2506 1174 2576 quia
1204 2507 1256 2560 iu
1289 2506 1404 2576 ejus
1445 2507 1753 2576 cognitione
1778 2521 1872 2560 ea-

292 2594 425 2665 ligat
456 2597 604 2651 acies
642 2599 839 2653 meulis
862 2599 1127 2653 universa:
1154 2598 1434 2654 rationalis
1457 2609 1742 2665 creatur-.c,
1777 2614 1874 2668 pa-

288 2701 516 2756 rumque
540 2687 680 2741 videt
704 2703 823 2743 esse
846 2689 1107 2759 quidquid
1129 2689 1196 2742 de
1217 2704 1281 2743 eo
1304 2689 1445 2742 valet
1473 2703 1787 2760 agnoscere,
1805 2688 1873 2742 ad

289 2779 755 2848 comparationem
782 2793 971 2833 eorum
1011 2795 1131 2850 qua:
1169 2782 1236 2834 de
1277 2780 1393 2848 ipso
1433 2795 1490 2834 se
1517 2779 1684 2834 sentit
1716 2779 1870 2848 igno-

285 2886 432 2925 rare.
483 2867 662 2923 Nubes
703 2879 750 2922 et
795 2869 965 2939 caligo
1007 2873 1061 2924 in
1109 2871 1334 2924 circuitu
1379 2869 1687 2940 ej.:s:quia
1739 2869 1874 2923 latet

287 2960 341 3014 in
388 2961 620 3029 quadam
677 2959 1011 3014 obscuritate
1041 2960 1706 3030 iueomprehensibilitatis
1734 2975 1866 3023 sum,

287 3064 386 3102 nec
439 3048 658 3118 agnosci
705 3057 882 3118 potest
927 3065 957 3102 a
1001 3059 1272 3113 creatura,
1321 3049 1425 3104 nisi
1455 3059 1714 3118 quantum
1760 3049 1873 3103 vult

1974 1867 2288 1938 adimplere,
2313 1870 2988 1940 pracferendaurinsiuuat,
3017 1876 3334 1943 cunctisque
3358 1874 3560 1928 veteris

1971 1958 2319 2016 instrumenti
2350 1963 2490 2033 typis
2511 1974 2564 2017 et
2593 1964 2977 2035 :euigmatihus
3020 1965 3197 2021 lucem
3227 1967 3559 2036 evangeliea:

1974 2049 2220 2105 veritatis
2250 2054 2688 2121 anteponendam
2723 2055 2957 2109 intimat.

2045 2140 2301 2210 Sequitur
2339 2144 2485 2199 solus
2532 2144 2816 2200 Matthteus
2843 2187 2858 2213 ,
2916 2147 3139 2202 dicens:
3176 2147 3243 2200 Et
3291 2148 3562 2203 audientes

1973 2229 2216 2299 discipuli
2272 2235 2567 2290 ceciderunt
2631 2238 2684 2292 in
2729 2239 2918 2306 [aciem
2979 2255 3129 2292 suam
3179 2249 3224 2292 et
3279 2240 3560 2294 timuerunt

1975 2320 2145 2374 valde.
2188 2321 2433 2378 Humana
2487 2325 2749 2395 fragilitas
2797 2339 3144 2398 conspectum
3188 2331 3409 2400 tnajoris
3447 2332 3564 2401 glo-

1976 2408 2070 2462 riae
2125 2409 2266 2465 ferre
2315 2428 2420 2466 non
2467 2416 2727 2480 sustinet,
2785 2425 3006 2486 totoque
3062 2419 3243 2473 animo
3301 2435 3363 2474 ac
3434 2435 3558 2474 eur-

1973 2516 2106 2571 pore
2156 2505 2578 2561 contremiscens
2627 2509 2692 2562 ad
2740 2519 2939 2564 terram
2988 2513 3208 2567 decidit.
3255 2515 3562 2584 Omnesque

1975 2593 2179 2659 sancti,
2212 2609 2332 2648 cum
2359 2595 2411 2648 iu
2449 2596 2541 2650 Dei
2573 2598 2779 2653 visione
2809 2601 3136 2670 proﬁciunt,
3160 2616 3364 2672 qtlattlo
3390 2607 3563 2676 magis

1975 2683 2286 2738 Diviuitalis
2309 2684 2523 2740 interna
2554 2689 2895 2759 conspiciunt
2921 2733 2935 2758 ,
2977 2701 3124 2746 tanto
3149 2694 3322 2764 magis
3349 2711 3406 2749 se
3429 2696 3562 2749 nihil

1974 2787 2094 2827 esse
2126 2787 2474 2844 cognoscent.
2525 2778 2721 2834 Audita
2763 2795 2892 2852 ergo
2945 2781 3038 2837 Dei
3091 2799 3260 2850 voce,
3291 2785 3481 2842 Petrus
3510 2796 3566 2842 et

1975 2865 2106 2918 socii
2144 2865 2259 2920 eius
2281 2869 2332 2920 in
2365 2866 2555 2936 facient
2581 2886 2730 2923 suam
2763 2873 3092 2936 reciderunt,
3137 2875 3261 2942 quia
3313 2877 3562 2946 quamvis

1976 2953 2138 3008 homo
2167 2955 2233 3008 ad
2265 2955 2609 3027 intelligenda
2640 2959 2888 3014 sublimia
2923 2961 3164 3026 levetur,
3213 2980 3278 3018 ex
3317 2976 3565 3019 contem-

1975 3043 2212 3113 platiuue
2239 3055 2420 3100 tamen
2453 3046 2752 3116 majestatis
2783 3050 2877 3106 Dei
2910 3053 3276 3109 inﬁrmitatem
3309 3072 3419 3111 sum
3439 3072 3568 3112 Cott-

287 3140 553 3194 revelare.
594 3139 652 3194 lu
719 3141 860 3194 hanc
908 3139 1090 3209 itaque
1151 3143 1339 3194 nubem
1411 3141 1680 3196 intrantes
1746 3131 1944 3210 apo-C
1977 3134 2196 3190 ditionis
2225 3136 2494 3207 intelligit.
2549 3139 2611 3192 Et
2634 3142 2788 3209 quasi
2826 3152 3026 3197 statum
3074 3159 3180 3198 non
3235 3144 3434 3210 habet,
3472 3146 3566 3217 qui

286 3230 408 3284 stoli
475 3231 785 3296 timuerunt,
815 3231 941 3300 quia
985 3231 1293 3301 quicunque
1353 3232 1421 3285 ad
1480 3232 1573 3286 Dei
1621 3241 1868 3286 content-

284 3317 579 3389 plationem
639 3318 716 3373 sic
775 3319 1086 3389 proﬁciunt,
1157 3328 1218 3373 ut
1268 3335 1392 3374 eum
1459 3321 1512 3374 in
1562 3321 1870 3388 hujusmodi

289 3412 438 3465 nube
476 3412 826 3467 obscuritatis
888 3427 1213 3466 arcanorum
1264 3411 1379 3479 ejus
1429 3413 1672 3479 videant,
1746 3427 1870 3468 cum

286 3518 488 3572 magno
521 3513 663 3557 metu
715 3503 1031 3558 reverentia:
1090 3503 1141 3557 id
1190 3503 1418 3557 faciunt.
1468 3502 1620 3558 Uude
1682 3511 1740 3558 et
1785 3519 1874 3559 se-

287 3595 536 3664 raphim,
584 3594 674 3664 qui
719 3609 842 3648 eum
889 3593 1048 3662 primi
1090 3601 1452 3664 cognoscunt,
1525 3594 1717 3648 faciem
1756 3593 1873 3662 ejus

288 3695 344 3741 et
381 3686 548 3755 pedes
574 3685 775 3751 velant,
806 3694 861 3739 et
897 3685 1088 3740 mediis
1123 3685 1222 3740 alis
1250 3685 1473 3740 volant:
1509 3695 1567 3739 ut
1606 3685 1754 3740 iutell
1778 3703 1873 3756 ga-

287 3790 410 3828 mus
435 3774 559 3841 quia
587 3784 642 3828 et
667 3784 775 3828 tatu
803 3773 1053 3830 sublimis
1082 3779 1216 3831 ordo
1245 3776 1683 3831 beatissimorum
1714 3777 1873 3847 spiri-

288 3876 441 3920 tuum
467 3866 684 3920 tiutidus
708 3877 790 3921 est
825 3869 969 3921 circa
1000 3867 1226 3924 celsiora
1265 3878 1317 3922 et
1343 3867 1696 3938 prol'uudiora
1729 3869 1872 3922 divi-

286 3973 482 4013 narum
514 3957 800 4023 visionum,
833 3969 888 4013 et
910 3959 1256 4014 mediocriter
1281 3962 1348 4014 ad
1371 3961 1594 4015 deiticas
1619 3962 1876 4015 scientias

286 4050 574 4106 attollitur.
607 4051 679 4104 De
721 4054 979 4122 praedicta
1027 4067 1155 4106 vero
1187 4053 1320 4106 nube
1347 4054 1497 4107 venit
1524 4071 1624 4108 vox
1673 4053 1872 4120 Patris,

287 4144 478 4197 dicens
506 4144 573 4198 de
597 4143 816 4198 Christo
846 4161 860 4198 :
902 4143 1002 4196 llic
1028 4153 1100 4197 est
1135 4141 1310 4197 Filius
1335 4160 1499 4208 meus,
1524 4146 1649 4215 quia
1675 4146 1742 4199 de
1773 4146 1875 4200 im-

283 4248 477 4288 mensa
550 4234 881 4289 obscuritate
955 4234 1148 4288 divina:
1216 4234 1877 4304 iucomprehensibilitatis

285 4324 538 4395 procedit
567 4324 633 4379 ad
662 4341 761 4380 nos
790 4325 900 4378 alta
932 4325 1121 4379 notitia
1153 4325 1520 4394 generationis
1557 4327 1874 4397 sempiterni

285 4415 411 4471 Filii
435 4415 551 4480 Dei,
578 4417 629 4471 iu
653 4433 813 4488 quam
843 4431 944 4472 nec
980 4417 1193 4488 genitor
1226 4426 1310 4471 est
1341 4417 1523 4489 genito
1559 4419 1728 4490 prior,
1771 4435 1873 4475 nec

296 4509 513 4578 genitus
544 4510 786 4578 genitore
807 4509 1076 4579 posterior
1106 4527 1118 4562 :
1143 4509 1268 4580 quia
1313 4488 1526 4564 constat
1561 4488 1627 4564 et
1659 4509 1874 4566 Patrem
1905 4488 1952 4548 θ

288 4600 622 4669 sempiterue
634 4600 1178 4671 genuisse,etFilium
1196 4601 1720 4672 sempiternenatum
1736 4618 1874 4658 esse.
1896 4653 1902 4658 .

298 4691 408 4748 Sed
425 4693 578 4762 cujus
591 4693 848 4764 fulgorem
865 4694 1062 4749 mentis
1073 4695 1218 4749 acies
1234 4695 1471 4750 nondum
1486 4697 1648 4764 capit,
1661 4713 1879 4764 genera-

287 4784 481 4839 tionem
497 4785 611 4855 ejus
626 4787 742 4856 quis
763 4787 1026 4841 enarrabit
1043 4787 1067 4841 ἲ
1087 4786 1225 4859 (Isa.
1254 4803 1370 4853 Lm,
1388 4787 1469 4859 8.)
1493 4786 1629 4855 Quia
1649 4803 1776 4843 vero
1795 4803 1878 4843 re-

289 4877 672 4947 splendentem
696 4879 815 4933 Filii
842 4879 1076 4934 hominis
1097 4879 1291 4935 facient
1310 4879 1533 4950 apostoli
1549 4881 1876 4936 cernerede-

289 4970 625 5037 siderahaut,
643 4971 815 5026 adluit
837 4971 1061 5026 Paterin
1085 4987 1238 5037 voce,
1256 4972 1459 5027 docens
1481 4971 1728 5027 eumdem
1755 4986 1876 5028 esse

290 5059 494 5117 Filium
521 5078 679 5118 suum
706 5063 990 5131 dilectum;
1024 5073 1083 5119 ut
1108 5065 1379 5121 discerent
1425 5064 1494 5119 ab
1523 5065 1878 5121 humanitatis

285 5155 409 5226 ejus
437 5155 630 5224 gloria,
684 5171 849 5226 quam
891 5157 1170 5225 videbant,
1217 5158 1286 5213 ad
1338 5155 1643 5213 divinitatis
1681 5157 1874 5227 ipsius,

287 5261 413 5316 qua:
438 5249 663 5319 aequalis
689 5258 743 5304 et
764 5249 1239 5305 consubstantialis
1266 5258 1350 5305 est
1375 5249 1472 5317 illi,
1506 5249 1874 5320 contemplan-

288 5339 418 5393 dam
471 5341 749 5412 suspirare
813 5342 1179 5411 praesentiam.
1237 5341 1392 5408 Quod
1443 5352 1627 5398 autem
1682 5342 1761 5396 ait
1809 5342 1876 5397 de

285 5427 448 5492 Filio,
475 5429 530 5483 in
553 5447 656 5499 quo
683 5431 808 5485 mihi
839 5431 966 5484 bene
989 5430 1303 5500 romplacui,
1332 5431 1434 5486 hoc
1461 5441 1546 5486 est
1565 5433 1707 5502 quod
1733 5431 1872 5486 idem

284 5518 462 5575 Filius
503 5521 628 5575 alibi
676 5532 936 5577 testatur:
971 5521 1073 5588 Qui
1128 5538 1208 5576 me
1249 5523 1388 5577 misit
1416 5540 1620 5578 mecum
1676 5534 1772 5592 est,
1827 5533 1876 5578 et

283 5627 395 5667 non
430 5611 675 5683 relinquit
709 5630 788 5667 me
829 5612 1020 5677 soluat,
1063 5615 1186 5684 quia
1232 5630 1325 5684 ego
1361 5631 1480 5684 qua:
1515 5615 1716 5684 placita
1750 5623 1872 5670 sunt

279 5705 341 5764 ei
366 5707 510 5779 facio
530 5723 732 5775 semper
757 5705 942 5779 (Joan.
975 5721 1094 5775 vut,
1117 5705 1229 5777 29).
1269 5705 1402 5761 Nam
1440 5709 1658 5778 quando
1683 5709 1746 5764 de
1779 5709 1878 5763 ho-

1976 3241 2035 3280 se
2065 3238 2191 3282 ante
2222 3227 2312 3282 Dei
2344 3229 2530 3285 oculos
2557 3247 2678 3286 esse
2710 3233 2985 3302 pulverem
3033 3245 3086 3289 et
3121 3237 3356 3292 cinerem
3395 3238 3562 3294 videt.

1972 3317 2278 3372 Audierant
2306 3322 2450 3373 enim
2485 3336 2670 3376 vocem
2699 3322 2875 3378 Patris
2898 3366 2914 3391 ,
2962 3326 3088 3394 quia
3117 3343 3180 3380 ex
3209 3326 3324 3394 ejus
3357 3329 3567 3384 revela-

1976 3404 2122 3460 tione
2153 3419 2522 3477 cognoverunt
2544 3409 2740 3464 Filium
2763 3411 2808 3464 ei
2825 3427 3047 3482 prorsus
3070 3415 3352 3484 wqualetu,
3379 3419 3560 3473 omnia

1975 3504 2246 3552 tenentem
2271 3540 2288 3566 ,
2321 3501 2500 3554 omnia
2528 3501 2838 3572 itnpleulem
2859 3545 2872 3568 ,
2901 3505 3082 3559 omnia
3108 3489 3564 3579 circumplecteuo

1976 3598 2114 3655 tem,
2144 3593 2326 3646 omnia
2349 3597 2898 3662 superexcedentem,
2953 3599 3136 3654 omnia
3175 3601 3564 3670 sustinentem,

1973 3681 2173 3751 ubique
2203 3691 2404 3752 totum,
2436 3686 2966 3758 iucireumscriptum
2994 3729 3010 3756 ,
3042 3700 3096 3745 et
3149 3693 3566 3764 incomprehen-

1975 3774 2188 3829 sibilem
2217 3793 2230 3829 :
2261 3787 2308 3830 et
2339 3778 2632 3832 ceciderunt
2662 3779 2715 3833 in
2743 3779 2932 3849 [aciem
2959 3821 2975 3846 ,
3004 3783 3128 3851 quia
3162 3794 3312 3840 tanto
3337 3788 3475 3855 apud
3509 3802 3570 3842 se

1975 3865 2028 3920 in
2061 3867 2173 3920 suis
2218 3869 2637 3937 cogitationibus
2680 3875 3018 3930 consternati
3059 3886 3221 3944 sunt,
3253 3889 3457 3947 quanto
3487 3881 3570 3936 eis

1977 3957 2104 4012 illud
2129 3958 2296 4013 altum
2319 3971 2437 4016 erat
2463 3963 2605 4032 quod
2631 3963 2944 4020 audiebant.
2997 3967 3074 4022 Ac
3101 3979 3349 4022 naturam
3385 3982 3440 4024 et
3469 3986 3568 4028 ex-

1976 4048 2280 4104 cellentiam
2312 4049 2582 4129 Unigeuiti
2625 4053 2718 4108 Dei
2769 4057 3072 4125 cogitantes
3115 4070 3476 4128 expaveruut,
3509 4071 3566 4117 et

1975 4139 2103 4194 vilia
2131 4140 2197 4196 de
2225 4157 2284 4196 se
2313 4153 2599 4198 senserunt
2627 4144 2679 4198 iu
2712 4159 2778 4200 eo
2809 4147 2951 4216 quod
2992 4151 3565 4218 comprehendebant,

1977 4231 2108 4287 dum
2146 4234 2398 4303 superuis
2427 4233 2768 4290 intenderent
2793 4276 2808 4302 ,
2835 4252 2954 4307 qua:
2983 4238 3051 4292 ab
3070 4239 3152 4293 eis
3181 4240 3563 4310 COIIljll't‘llelldi

1978 4335 2082 4378 non
2114 4333 2386 4394 poterant.
2418 4325 2554 4381 lliuc
2578 4335 2632 4381 et
2657 4325 2910 4382 Ezechiel
2939 4328 3005 4382 de
3031 4329 3282 4398 pennatis
3317 4331 3566 4389 animalia

1976 4416 2077 4471 bus
2099 4416 2210 4470 ait:
2264 4415 2394 4471 Cum
2435 4419 2580 4487 [ieret
2627 4435 2727 4473 vox
2758 4436 2914 4490 super
2941 4420 3370 4489 ﬁrmamentum,
3421 4425 3562 4495 quod

1979 4519 2090 4561 erat
2115 4525 2270 4578 super
2291 4519 2446 4579 caput
2485 4526 2664 4564 eorum
2688 4550 2702 4574 ,
2736 4511 2964 4577 stabant,
2992 4521 3039 4565 et
3062 4512 3428 4567 submittebant
3448 4515 3562 4567 alus

1981 4615 2105 4652 suas
2136 4597 2354 4670 (Ezech,
2388 4615 2438 4664 ι,
2473 4599 2589 4669 25).
2622 4601 2889 4656 Animalia
2921 4618 3154 4673 namque
3177 4616 3396 4660 sanctos
3424 4606 3569 4660 desi-

1981 4700 2167 4761 gnant.
2203 4691 2266 4744 Et
2292 4691 2615 4746 ﬁrmamenti
2648 4694 2864 4749 nomine
2891 4695 3217 4765 exprimitur
3249 4681 3564 4750 incarnatus

1984 4779 2335 4852 Uuigeuitus,
2379 4797 2476 4850 per
2526 4781 2629 4835 hoc
2673 4785 2819 4852 quod
2865 4784 2918 4838 in
2962 4800 3030 4840 eo
3056 4795 3248 4838 natura
3282 4796 3466 4839 nostra
3493 4785 3563 4838 ad

1981 4874 2344 4928 teteruitatem
2380 4873 2592 4926 ﬁrmata
2619 4883 2720 4928 est.
2776 4873 2862 4928 Fit
2905 4891 3036 4945 ergo
3071 4891 3168 4929 vos:
3197 4891 3354 4944 super
3375 4876 3563 4942 ﬁrma-

1980 4975 2244 5029 mentum,
2275 4980 2395 5018 eutn
2437 4963 2598 5019 Pater
2644 4965 2711 5019 de
2757 4965 2974 5020 Christo
3029 4965 3196 5020 dicit:
3231 4964 3333 5018 llic
3360 4973 3434 5018 est
3469 4961 3564 5016 Fi-

1979 5059 2082 5112 lius
2136 5074 2280 5112 meus
2346 5057 2602 5127 dilectus,
2653 5059 2706 5112 in
2752 5075 2853 5130 quo
2906 5060 3032 5112 mihi
3069 5059 3193 5113 bene
3246 5057 3560 5128 complacui.

1978 5148 2049 5204 Et
2077 5158 2201 5203 tunc
2242 5149 2494 5202 animalia
2537 5158 2708 5215 stant,
2771 5149 2992 5220 alasque
3038 5148 3404 5204 submittunt:
3433 5149 3562 5217 quia

1978 5247 2152 5302 sancti
2200 5248 2404 5303 intenta
2457 5256 2636 5302 mente
2683 5247 2930 5315 supernis
2987 5245 3306 5312 intendunt,
3354 5255 3409 5300 et
3458 5245 3566 5298 vir-

1957 5349 2132 5410 ntutes
2195 5355 2322 5395 suas
2385 5339 2687 5394 humiliant.
2742 5338 2902 5393 Stant
2947 5337 3132 5404 enim,
3165 5336 3562 5408 quandocum,

1985 5434 2077 5504 qui
2123 5449 2279 5502 super
2313 5441 2502 5502 caput,
2543 5430 2596 5484 id
2625 5439 2709 5485 est
2759 5446 2920 5500 super
2951 5442 3181 5500 mentes,
3217 5447 3398 5485 eorum
3445 5439 3562 5495 est,

1959 5527 2190 5590 intenta
2249 5524 2700 5594 contemplatione
2753 5525 3142 5600 considerant;
3206 5534 3258 5582 et
3305 5526 3420 5578 alas
3471 5524 3568 5578 de-

1981 5621 2229 5685 mittunt,
2266 5617 2391 5687 quia
2447 5633 2558 5672 sua:
2613 5620 2837 5672 virtutes
2891 5619 2972 5672 eis
2995 5618 3277 5682 vilescunt,
3308 5619 3433 5672 dtuu
3453 5614 3565 5670 alia

1983 5725 2230 5780 superna:
2262 5708 2926 5777 ineoqui-cheusibihtatis
2948 5710 3239 5782 aspiciunt.
3286 5709 3392 5766 Sed
3425 5717 3480 5763 et
3508 5707 3564 5762 iu
