4076 6288
493 343 591 401 611

864 341 923 399 S.
964 337 1263 397 ANSLLMI
1303 335 1658 394 CANTUAR.
1690 331 2014 390 ARClllEl’.
2044 329 2087 387 Ο

2188 372 2196 384 .
2239 301 2416 384 mas
2448 304 2513 386 ιι.
2545 303 2997 386 -ιέΑιιΑεΝεπ
3027 328 3115 387 nr
3143 329 3389 388 ASCET.

3671 327 3780 389 6l2

492 476 560 517 eo
611 458 752 531 quod
780 457 976 512 dicitur
1002 474 1015 509 :
1045 453 1146 509 llic
1173 461 1247 507 est
1278 448 1454 504 Filius
1481 493 1495 519 ,
1544 449 1600 503 in
1638 465 1738 519 quo
1788 446 1914 500 mihi
1954 444 2078 499 bene
2106 446 2153 504 Α
2181 443 2356 512 lisque
2386 440 2587 512 Spiritu
2621 451 2811 498 sancto
2840 441 3134 512 apostolis,
3170 443 3465 514 praedicata
3493 452 3610 509 est;
3646 460 3785 513 qua-

494 547 788 620 complacui
811 588 826 614 ,
856 542 968 600 alas
1000 544 1341 606 submittunt,
1384 543 1508 612 quia
1551 541 1602 595 in
1630 539 1745 607 ejus
1764 536 2077 593 innocentia

493 648 550 692 et
579 636 866 691 sanctitate
901 634 1081 689 videat
1131 633 1183 687 in
1216 631 1434 702 quantis
1484 630 1583 700 ipsi
1633 626 2079 699 quotidiedelin-

494 736 705 797 quant,
735 733 789 780 et
818 738 977 795 quam
1026 737 1220 793 parum
1271 722 1335 775 de
1387 718 1722 791 perfectione
1771 716 2081 772 sanctitatis

495 817 768 880 habeant;
800 822 853 869 et
883 829 1099 869 onmem
1133 814 1199 868 de
1222 810 1334 867 suis
1361 812 1568 866 viribus
1602 808 2079 881 praesumptionem

492 908 789 976 deponunt.

566 999 830 1069 Sequitur
872 998 1053 1060 adhuc
1101 996 1419 1060 Matthteus,
1457 995 1682 1050 dicens:
1736 992 1804 1047 Et
1861 991 2079 1047 accessit

491 1089 648 1144 Iesus
679 1100 726 1144 et
751 1087 914 1157 tetigit
944 1103 1031 1140 eos
1061 1128 1077 1154 ,
1115 1086 1350 1155 dixitque
1379 1084 1453 1137 eis
1475 1100 1493 1137 :
1526 1081 1734 1153 Surgite
1757 1122 1772 1148 ,
1825 1090 1872 1134 et
1923 1080 2082 1132 nolite

492 1180 692 1233 timere.
743 1177 824 1231 Ad
856 1175 1149 1245 discipulos
1181 1174 1233 1228 in
1274 1173 1605 1228 inﬁrmitatis
1625 1187 1735 1226 sua!
1759 1169 2081 1226 confusione

488 1268 733 1338 jacentes
761 1268 975 1323 accessit
1002 1284 1096 1337 per
1124 1266 1354 1338 gratiam
1376 1306 1390 1329 ,
1421 1276 1467 1319 et
1491 1265 1654 1333 tetigit
1687 1281 1771 1318 eos
1797 1278 1892 1331 per
1914 1262 2083 1314 virtu-

496 1373 602 1417 tem
626 1401 641 1425 ,
669 1359 942 1430 iussitque
968 1368 1021 1412 ιιι
1045 1359 1112 1412 ad
1139 1373 1302 1426 opera
1321 1357 1479 1410 fortia
1503 1363 1819 1425 surgerent;
1851 1363 1905 1407 et
1931 1354 2084 1407 timo-

496 1468 610 1507 rem
644 1466 805 1521 quem
835 1450 1075 1504 (-haritas
1126 1447 1311 1518 ejicit,
1366 1445 1682 1516 abjicerent.
1719 1443 1989 1507 Accessit,
2034 1452 2082 1496 et

495 1542 661 1611 tetigit
690 1581 705 1601 .
734 1541 858 1609 quia
888 1539 1210 1593 illuminavit
1236 1547 1292 1591 et
1315 1535 1540 1607 adjuvit.
1573 1534 1820 1598 Accedit,
1860 1535 1955 1589 sed
1976 1551 2083 1589 non

497 1632 699 1699 tangit;
726 1628 1161 1707 quandoquidem
1184 1641 1281 1697 per
1296 1625 1415 1695 ejus
1429 1628 1662 1696 gratiam
1690 1625 2025 1701 illuminaqu
2035 1641 2082 1691 r,

495 1719 593 1774 sed
616 1719 963 1790 exigentibus
987 1717 1190 1773 nostris
1213 1716 1422 1772 meritis
1453 1732 1557 1771 non
1583 1716 1925 1786 adjuvantur.
1959 1713 2079 1768 Ple-

2182 542 2336 588 tenus
2357 548 2546 587 omnes
2568 533 2657 602 qui
2690 532 3049 587 sacramentis
3069 529 3186 601 ejus
3210 531 3415 587 initiari
3442 532 3780 597 voluissent,

2180 640 2291 680 non
2352 623 2525 678 solum
2583 621 2836 677 effectum
2898 622 3315 678 resurrectionis
3367 626 3629 690 credere,
3685 625 3783 680 sed

2181 718 2345 773 etiam
2405 717 2621 771 modum
2672 715 3092 771 resurrectionis
3150 715 3393 787 ejusdem
3442 714 3513 770 ab
3553 716 3643 770 his
3687 714 3784 786 qui

2180 807 2461 869 viderant,
2496 805 3093 873 potuissentediscere;
3132 819 3232 858 nec
3276 800 3382 857 non
3410 804 3780 859 aeternitatem

2092 916 2099 919 ·
2188 899 2376 955 divinae
2402 897 2700 951 nativitatis
2720 938 2734 962 ,
2765 910 2930 965 quam
2955 912 2983 948 a
3008 893 3172 949 Patre
3201 895 3518 960 audierant,
3563 897 3784 950 cunctis

2182 990 2391 1061 pariter
2433 988 2757 1044 credendam
2805 995 2859 1040 et
2902 986 3187 1048 amandum
3244 986 3345 1056 ipsi
3393 987 3781 1056 praedicarent.

2184 1083 2281 1137 llis
2313 1098 2443 1138 vero
2469 1083 2535 1137 de
2589 1079 2821 1134 lectione
2846 1076 3167 1149 Evattgelica
3218 1078 3379 1133 dictis
3401 1118 3417 1142 ,
3470 1078 3783 1132 addendum

2184 1170 2397 1230 videtur
2427 1174 2551 1244 quia
2584 1172 2728 1227 sicut
2764 1171 2815 1224 iu
2841 1185 2903 1224 ea
2932 1169 3144 1239 Moyses
3197 1176 3252 1223 et
3302 1168 3447 1223 Elias
3499 1167 3678 1239 legem
3728 1176 3787 1222 ct

2182 1263 2557 1334 prophetiam,
2609 1259 2689 1315 sic
2733 1258 2992 1313 Dominus
3037 1255 3194 1312 Jesus
3225 1256 3578 1325 Erangelium
3631 1257 3783 1310 desi-

2183 1366 2352 1422 gnare
2378 1360 2551 1421 potest
2575 1365 2589 1415 ;
2618 1360 2671 1404 ct
2706 1357 2884 1402 tamen
2912 1348 2954 1402 si
2995 1362 3057 1402 ea
3088 1388 3102 1411 ,
3133 1362 3255 1417 quae
3284 1347 3487 1400 suntin
3516 1344 3784 1413 lectione,

2183 1443 2463 1514 potuerint
2487 1439 2685 1495 alicubi
2715 1439 2892 1493 minus
2929 1446 3116 1508 aperte
3145 1438 3212 1492 de
3241 1436 3409 1491 verbo
3447 1428 3789 1506 evangelica

2150 1524 2588 1605 »pr:edicationis
2615 1530 2878 1600 intelligi,
2909 1529 3190 1584 refermtda
3247 1536 3375 1584 sunt
3420 1529 3489 1584 ad
3537 1529 3784 1584 Verbum

2187 1627 2333 1698 quod
2373 1640 2501 1681 caro
2552 1624 2753 1679 factum
2802 1632 2884 1678 est
2927 1630 2983 1678 et
3037 1621 3305 1676 habitavit
3354 1621 3409 1676 in
3463 1622 3643 1677 nobis.
3691 1621 3792 1677 Ait

2186 1736 2356 1789 ergo:
2399 1715 2532 1771 Sunt
2559 1715 2773 1787 quidam
2816 1714 2879 1769 de
2931 1714 3015 1768 hic
3057 1713 3349 1779 stantibus,
3395 1715 3488 1785 qui
3529 1730 3637 1768 non
3687 1729 3795 1783 gn-

494 1824 727 1881 rntuque
751 1810 892 1865 enint
924 1810 1171 1865 videmus
1196 1827 1317 1880 qua:
1348 1811 1555 1880 agenda
1595 1818 1763 1876 sunt,
1820 1807 1910 1862 sed
1966 1808 2081 1862 haec
2113 1809 2157 1868 Β
2187 1809 2399 1864 stabunt
2463 1819 2680 1860 mortem
2706 1846 2720 1869 ,
2778 1805 2943 1858 donec
3020 1805 3225 1858 videant
3282 1800 3483 1856 Filium
3553 1802 3791 1857 hominis

494 1915 659 1971 opere
681 1918 786 1956 non
825 1901 1064 1956 valemus
1091 1888 1335 1968 implere.
1364 1899 1617 1964 Nitimur,
1643 1908 1698 1953 et
1720 1898 2082 1952 inlirmamnr.

493 1988 688 2046 Mentis
710 1990 972 2058 judicium
1009 1990 1386 2045 rectitudinetu
1417 1989 1704 2058 conspicit,
1730 1989 1823 2042 sed
1849 1988 1913 2041 ad
1946 1988 2086 2042 hanc

495 2081 678 2150 Operis
707 2078 966 2134 fortitudo
995 2079 1319 2134 succumbit.
1383 2077 1518 2144 Quia
1579 2078 1836 2133 nimirum
1879 2076 1989 2145 jam
2021 2077 2087 2132 de

496 2186 655 2242 paena
682 2170 889 2239 peccati
929 2179 1045 2235 est,
1075 2180 1135 2225 ut
1162 2185 1228 2224 ex
1260 2171 1399 2224 dono
1430 2170 1647 2239 quidem
1679 2169 1852 2239 possit
1882 2169 2084 2223 bonum

495 2262 767 2332 conspici;
793 2262 886 2317 sed
913 2270 1090 2316 tamen
1122 2263 1189 2316 ab
1217 2278 1313 2326 eo,
1362 2263 1505 2332 quod
1552 2261 1918 2330 conspicitur,
1959 2275 2089 2313 con-

497 2353 667 2422 tingat
702 2366 798 2421 per
834 2351 1085 2407 meritum
1117 2351 1324 2421 repelli.
1351 2350 1458 2406 Sed
1490 2351 1557 2404 ad
1585 2359 1887 2421 prostratos
1912 2366 2090 2403 acces-

496 2444 561 2497 sit
595 2444 878 2510 Dominus,
906 2458 1093 2508 eosque
1122 2444 1323 2512 tetigit,
1363 2453 1416 2498 et
1440 2451 1497 2496 ut
1522 2454 1804 2511 surgerent
1852 2441 2089 2511 impera-

495 2535 571 2586 vit
598 2550 614 2586 :
646 2534 771 2603 quia
799 2548 922 2588 cum
956 2548 1055 2587 nos
1094 2533 1465 2591 inﬁrmitatem
1513 2542 1766 2588 nostram
1811 2532 2088 2587 subtiliter

496 2633 851 2694 agnoscentes
872 2623 1429 2693 butuiliterjacenuts,
1466 2633 1593 2679 tunc
1616 2626 1817 2680 virtute
1846 2623 2088 2695 Spiritus

496 2716 667 2771 sancti
696 2715 995 2787 tangimur,
1025 2709 1079 2770 et
1115 2716 1180 2770 ad
1215 2717 1434 2771 robuSta
1483 2730 1647 2786 opera
1697 2730 1921 2786 surgere
1953 2731 2090 2786 prae-

498 2808 730 2877 cipimur
753 2849 767 2873 ,
811 2822 931 2877 qua:
958 2823 1062 2861 non
1090 2822 1188 2876 per
1218 2808 1488 2874 timorem,
1511 2810 1606 2863 sed
1627 2822 1723 2878 per
1760 2807 2088 2862 charitatem

498 2897 786 2953 faciamus.
1120 2894 1137 2903 “

571 2989 826 3058 Sequitur
864 2991 1147 3045 Mattlueus
1173 3007 1186 3043 :
1221 2987 1472 3043 Levantes
1497 2997 1672 3043 autem
1715 2989 1894 3045 orulos
1917 3008 2040 3046 suos
2067 3031 2083 3058 ,

502 3080 757 3134 neminem
788 3082 1046 3146 viderunt,
1087 3082 1187 3135 nisi
1209 3081 1377 3135 solum
1398 3078 1602 3135 Iesum.
1635 3080 1787 3148 Quod
1814 3093 1869 3136 et
1889 3082 2087 3152 Lucas,

501 3170 627 3223 dum
653 3171 718 3226 de
750 3170 926 3226 Patris
957 3187 1086 3227 voce
1136 3174 1478 3242 loqueretur,
1519 3172 1598 3226 sic
1627 3174 1703 3226 ait
1737 3189 1750 3225 :
1788 3171 1901 3227 Vox
1918 3156 2092 3231 Patris

502 3261 650 3333 facta
667 3274 743 3317 est
760 3263 824 3317 de
850 3264 1002 3330 nube,
1036 3265 1247 3318 dicens:
1270 3263 1367 3317 Hic
1383 3275 1456 3317 est
1486 3261 1658 3317 Filius
1694 3281 1859 3330 meus,
1884 3274 1988 3320 etc.
2022 3265 2091 3320 Et

500 3352 624 3405 dum
645 3352 790 3421 ﬁeret
815 3370 931 3420 ros,
964 3356 1201 3409 inventus
1228 3365 1301 3409 est
1333 3355 1487 3409 Iesus
1516 3355 1660 3408 solus
1699 3354 1849 3428 (Luc.
1870 3373 1948 3422 Ix,
1982 3356 2084 3425 55,

499 3442 620 3513 56),
647 3454 986 3500 evanuerunt
1007 3447 1256 3501 servi:ut
1281 3446 1646 3502 indubitanter
1674 3463 2093 3518 aguosceremus

502 3550 572 3603 qu
587 3536 634 3589 ia
663 3542 805 3590 solus
844 3536 997 3591 Iesus
1025 3550 1097 3592 est
1127 3539 1390 3594 naturalis
1443 3550 1497 3594 et
1534 3540 1726 3594 unicus
1754 3541 1846 3594 Dei
1876 3540 2048 3595 Fifius
2073 3580 2090 3608 ,

501 3643 609 3682 non
637 3626 841 3698 Moyses
880 3639 972 3683 aut
1002 3630 1170 3685 Etias.
1227 3631 1328 3698 Qui
1362 3630 1526 3700 igitur
1571 3633 1625 3685 in
1656 3633 2092 3687 consideratione

503 3735 615 3774 sua:
639 3720 969 3775 inﬁrmitatis
994 3723 1179 3777 oculos
1210 3723 1438 3787 mentis,
1480 3723 1607 3776 dum
1644 3721 1889 3791 jacerent
1915 3764 1931 3790 ,
1963 3725 2093 3779 deli-

502 3820 730 3878 xerunt,
758 3813 859 3883 ipsi
889 3823 1174 3885 surgentes
1202 3813 1518 3869 levaverunt
1560 3818 1783 3871 eosdem
1816 3816 2091 3886 spiritales

501 3903 686 3960 oculos
712 3907 779 3961 ad
804 3906 1025 3961 altiores
1061 3905 1256 3961 divinae
1301 3907 1794 3977 contemplationis.
1848 3907 1914 3962 Et
1962 3917 2090 3965 tunc

503 3995 756 4049 neminem
784 3996 1018 4051 viderunt
1048 4037 1063 4063 ,
1095 3997 1195 4051 nisi
1229 3997 1397 4051 solum
1440 3997 1621 4052 Iesum
1651 4015 1669 4057 :
1726 4000 1854 4069 quia
1912 4000 2092 4056 nullus

502 4098 587 4141 est
616 4089 665 4142 iu
690 4089 860 4159 gloria
887 4088 981 4143 Dei
1006 4088 1216 4156 Patris,
1248 4090 1351 4144 nisi
1374 4089 1800 4146 DominusIesus
1821 4091 2087 4158 Christus,

500 4190 557 4233 et
578 4181 643 4234 ad
665 4181 782 4249 ejus
809 4184 1270 4252 comparationem
1296 4182 1474 4237 nullus
1505 4193 1817 4239 sanctorum
1868 4193 1951 4238 est
1994 4184 2091 4238 ali-

503 4271 672 4340 quid;
705 4287 1028 4345 cessantque
1065 4289 1226 4330 voces
1276 4275 1411 4345 legis
1445 4286 1500 4330 et
1530 4277 1914 4347 prophetarum
1944 4316 1962 4343 ,
1999 4276 2090 4331 ubi

506 4358 667 4413 l’atcr
705 4376 836 4416 voce
861 4366 1075 4433 propria
1106 4364 1344 4418 declarat
1373 4354 1719 4435 Unigenittun
1751 4379 1931 4419 suum.
2063 4368 2066 4372 λ

579 4451 838 4521 Sequitur
865 4471 879 4507 :
912 4454 978 4507 Et
1016 4455 1441 4509 descendentibus
1482 4456 1590 4509 illis
1613 4456 1678 4509 de
1707 4465 1880 4510 monte
1904 4495 1921 4518 ,
1949 4473 2089 4526 prte-

508 4547 639 4614 cepit
683 4544 755 4598 eis
775 4545 950 4613 Iesus,
1002 4546 1218 4600 dicens:
1252 4544 1465 4599 Nemini
1515 4548 1755 4601 dixeritis
1802 4549 2089 4616 uisionem,

507 4619 681 4689 donec
697 4633 871 4689 Filius
901 4638 1125 4691 hominis
1147 4654 1179 4690 a
1206 4638 1425 4691 mortuis
1442 4647 1698 4708 resurgat.
1722 4637 1897 4694 Lucas
1911 4649 2090 4695 autem

507 4727 908 4782 observantiam
934 4725 1089 4796 hujus
1112 4727 1365 4797 praecepti
1401 4726 1597 4795 refert,
1633 4729 1819 4783 dicens
1848 4747 1861 4782 :
1897 4728 1966 4784 Et
1992 4732 2093 4800 ipsi

507 4826 825 4883 tacuerunt,
855 4827 903 4872 et
928 4818 1123 4872 nemini
1164 4817 1412 4872 dixerunt
1456 4819 1509 4873 in
1559 4820 1665 4873 iiiis
1700 4820 1881 4875 diebus
1928 4822 2092 4891 quid-

507 4924 670 4985 quam
698 4925 764 4962 ea:
796 4908 874 4963 Itis
923 4922 1040 4980 qua:
1091 4908 1326 4963 viderant
1378 4907 1531 4980 (Luc.
1562 4925 1649 4976 Ix,
1689 4910 1804 4981 56).
1835 4912 2092 4967 Dominus

2198 1901 2482 1955 venientem
2535 1899 2590 1951 in
2649 1913 2806 1966 regno
2858 1913 2974 1950 suo.
3022 1895 3192 1951 Filius
3246 1894 3484 1950 hominis
3540 1910 3650 1949 non
3688 1894 3793 1949 ab-

2145 2029 2151 2035 ρ
2190 1992 2352 2047 surde
2403 1989 2718 2061 intelligitur
2763 1987 3105 2059 evangelicus
3152 2002 3365 2051 sermo,
3407 1987 3533 2057 quia
3578 1985 3795 2040 Media-

2189 2096 2273 2139 tor
2296 2084 2391 2137 Dei
2416 2093 2462 2137 et
2494 2082 2761 2136 hominum
2787 2081 2941 2135 Itomo
2965 2078 3205 2134 Christus
3224 2079 3379 2133 Iesus
3408 2078 3461 2149 (Ι
3492 2075 3791 2148 Tim.tt,5),

2188 2190 2314 2231 eum
2370 2173 2577 2243 genuit,
2606 2173 2709 2227 hoc
2762 2179 2887 2235 est,
2950 2186 3017 2225 ex
3077 2185 3134 2225 se
3182 2168 3426 2241 protulit.
3473 2166 3608 2235 Qui,
3676 2167 3792 2222 sci-

2189 2265 2345 2330 licet,
2380 2277 2559 2317 sermo
2602 2262 2815 2315 videtur
2869 2260 2923 2313 in
2972 2276 3130 2330 regno
3179 2276 3308 2325 suo,
3349 2259 3476 2312 dum
3523 2258 3711 2312 clarus
3732 2266 3796 2312 et

2188 2367 2379 2427 potens
2409 2363 2665 2424 apparet,
2697 2363 2756 2407 ut
2782 2362 2837 2407 et
2867 2367 2964 2422 per
2988 2353 3293 2407 claritatem
3331 2350 3598 2405 illuminat
3633 2366 3795 2404 meno

2192 2453 2273 2501 tes
2295 2444 2630 2500 audientium
2651 2485 2667 2511 ,
2692 2453 2747 2498 et
2773 2457 2869 2512 per
2891 2441 3187 2513 potentiam
3213 2440 3428 2494 virtutis
3452 2438 3628 2495 sancti
3662 2437 3795 2509 Spi-

2191 2542 2329 2597 ritus
2353 2556 2447 2597 eas
2469 2542 2819 2606 corroboret,
2851 2549 3122 2610 quatenus
3149 2538 3217 2594 ab
3245 2540 3324 2594 eis
3361 2548 3417 2593 et
3450 2537 3796 2610 intelligatur

2190 2642 2245 2688 et
2266 2647 2432 2703 opere
2455 2630 2810 2702 compleatur.
2874 2630 2984 2685 Nec
3012 2639 3236 2702 gustant
3292 2640 3521 2685 mortem
3547 2671 3564 2696 ,
3611 2630 3796 2686 donec

2190 2738 2314 2777 eum
2340 2723 2502 2778 talem
2539 2723 2791 2787 videant,
2825 2722 2916 2793 qui
2959 2722 3272 2792 priusquam
3304 2721 3497 2776 mortis
3540 2719 3796 2775 debitum

2191 2812 2423 2878 solvant,
2447 2812 2513 2867 ad
2541 2828 2792 2884 magnam
2815 2810 2931 2881 ejus
2951 2812 3323 2882 provehuntur
3344 2809 3793 2882 intelligentiam,

2192 2917 2248 2960 et
2276 2921 2468 2977 magna
2498 2920 2623 2960 eum
2653 2906 2854 2960 virtute
2876 2920 3099 2975 operum
3127 2904 3439 2975 adimplent.
3466 2901 3578 2958 Nec
3607 2903 3799 2958 omni-

2192 3002 2298 3057 bus
2323 3001 2541 3057 Christo
2568 3000 2951 3057 assistentibus
2976 3040 2992 3065 ,
3032 3001 3138 3054 hoc
3166 3006 3286 3063 est,
3331 2998 3389 3067 in
3437 2997 3541 3052 title
3580 2995 3798 3051 Christi

2195 3090 2567 3156 manentibus,
2598 3089 2650 3143 id
2686 3089 3009 3160 promissum
3054 3095 3135 3142 est
3175 3097 3232 3141 et
3271 3088 3477 3151 datum,
3526 3085 3623 3140 sed
3668 3085 3801 3155 qui-

2118 3150 2164 3213 Ο
2198 3183 2454 3255 busdam.
2487 3150 2623 3239 Huic
2676 3150 2859 3237 autem
2899 3180 3180 3237 sententia:
3225 3180 3516 3234 verborum
3571 3150 3796 3232 Domini

2195 3273 2378 3330 subdit
2414 3273 2744 3344 evangelista
2779 3291 2790 3324 :
2826 3271 2892 3325 Et
2925 3283 3038 3342 post
3066 3269 3175 3324 dies
3197 3286 3321 3335 sex,
3362 3269 3646 3344 assumpsit
3694 3267 3797 3321 Ie-

2191 3380 2282 3418 sus
2347 3342 2595 3428 Petrutn‘,
2647 3374 2696 3417 et
2741 3361 3039 3425 Iacobum,
3101 3370 3148 3414 et
3186 3342 3479 3425 Joannem,
3529 3370 3578 3413 et
3632 3358 3799 3411 duxit

2192 3457 2312 3510 illos
2364 3456 2419 3510 in
2469 3466 2697 3509 montem
2752 3456 3012 3509 excelsum
3065 3469 3319 3507 seorsum.
3367 3450 3459 3506 Vel
3505 3449 3801 3505 :Fac.‘um

2192 3557 2266 3603 est
2321 3550 2435 3617 post
2486 3546 2598 3601 quc
2656 3545 2811 3600 verba
2869 3546 2980 3597 dies
3045 3552 3200 3608 octo,
3255 3550 3305 3596 ει
3357 3542 3640 3610 assumpsit
3692 3537 3804 3592 Pe-

2199 3650 2339 3692 trum
2359 3679 2373 3703 ,
2404 3649 2450 3692 et
2475 3636 2768 3701 Ioannem,
2805 3646 2854 3691 et
2877 3633 3172 3701 Iacobum,
3217 3645 3263 3688 et
3296 3633 3528 3688 ascendit
3561 3634 3618 3687 in
3641 3648 3803 3685 mon-

2192 3740 2329 3795 tem,
2380 3741 2437 3783 ut
2477 3740 2647 3783 oraret
2701 3725 2853 3799 (Luc.
2887 3743 2977 3787 ιχ.
3028 3726 3145 3798 28).
3184 3725 3340 3780 Iesus
3390 3739 3552 3791 vero,
3602 3724 3656 3777 id
3712 3737 3804 3779 est

2193 3817 2444 3873 Salvator
2481 3828 2536 3872 et
2585 3816 2876 3884 salutaris,
2931 3824 3017 3870 est
3066 3830 3245 3871 sermo
3288 3813 3663 3884 evangelicus,
3729 3814 3804 3870 de

2194 3924 2303 3978 quo
2333 3908 2531 3963 dicitur
2556 3925 2569 3960 :
2600 3906 2859 3975 Suscipite
2888 3907 3095 3961 verbum
3144 3906 3359 3959 insitum
3390 3944 3406 3967 .
3450 3904 3593 3974 quod
3619 3912 3801 3972 potest

2192 4001 2396 4055 sttlvare
2419 4000 2622 4054 animas
2645 4010 2839 4054 vestras
2860 3997 3067 4071 (Iacob.
3093 4013 3133 4064 t,
3155 3997 3272 4069 2|);
3301 4007 3356 4053 et
3380 4015 3394 4051 :
3422 3995 3623 4049 Nomm
3647 3996 3801 4050 vobis

2194 4088 2334 4159 facio
2363 4088 2734 4159 Euangelium,
2772 4089 2931 4160 166
2955 4087 3095 4159 quod
3116 4088 3402 4157 prwdicavi
3426 4087 3571 4141 vobis
3600 4126 3615 4152 ,
3654 4087 3799 4157 [uad

2192 4192 2240 4236 et
2264 4181 2558 4251 accepistis,
2580 4182 2635 4235 in
2657 4198 2759 4251 quo
2779 4183 2953 4246 statis,
2964 4197 3056 4250 per
3066 4180 3205 4251 quod
3220 4195 3263 4234 et
3288 4178 3567 4234 salvamini
3590 4178 3643 4249 (1
3660 4180 3799 4234 Cor.

2194 4287 2284 4337 xv,
2304 4272 2355 4336 l,
2371 4270 2449 4341 2).
2473 4271 2571 4325 llic
2586 4286 2715 4342 ergo
2744 4270 2995 4326 salutaris
3013 4279 3067 4326 et
3089 4270 3328 4324 salvator
3350 4284 3532 4324 sermo
3551 4270 3802 4339 gratiam

2196 4364 2249 4419 in
2276 4378 2335 4419 se
2370 4364 2543 4419 sancti
2567 4364 2801 4433 Spiritus
2843 4361 3129 4418 continens
3152 4402 3167 4428 ,
3201 4362 3481 4431 assumpsit
3524 4358 3754 4414 Petrum
3775 4402 3793 4428 ,

2197 4457 2288 4525 qui
2320 4454 2521 4509 dicitur
2553 4471 2879 4524 agnoscens;
2923 4465 2969 4509 et
2995 4454 3281 4518 Ioannem,
3329 4452 3484 4520 cujus
3525 4453 3806 4525 interpre-

2203 4546 2334 4600 tatio
2360 4554 2513 4600 sonat
2538 4585 2553 4611 ,
2578 4546 2633 4598 in
2664 4561 2760 4618 quo
2787 4554 2861 4599 est
2883 4545 3054 4617 gratia
3077 4562 3097 4609 ;
3121 4554 3169 4597 et
3190 4542 3479 4610 Iacobum,
3506 4545 3600 4613 qui
3623 4545 3805 4599 inzer-

2199 4649 2443 4710 pretatur
2469 4639 2835 4710 supplantator
2857 4656 2876 4705 ;
2912 4648 2959 4692 et
2978 4640 3257 4708 assumpsit
3283 4652 3378 4692 eos
3389 4647 3501 4708 post
3527 4635 3643 4690 dies
3667 4652 3802 4700 sex,

2199 4731 2284 4785 vel
2315 4741 2452 4786 octo.
2486 4730 2619 4786 Nam
2647 4732 2773 4801 quia
2821 4746 2914 4786 sex
2961 4731 3152 4786 diebus
3202 4746 3368 4800 opera
3416 4728 3605 4783 mundi
3662 4738 3805 4784 sunt.

2200 4830 2379 4878 creata
2402 4862 2419 4889 ,
2447 4836 2543 4892 per
2564 4838 2656 4877 sex
2683 4821 2795 4876 dies
2822 4823 3079 4876 mundum
3106 4829 3163 4876 et
3195 4834 3360 4891 opera
3386 4810 3515 4888 ejus.
3533 4818 3805 4891 intelligi-

2199 4930 2359 4981 mus;
2392 4922 2448 4967 et
2476 4914 2601 4983 quia
2642 4923 2767 4969 octo
2800 4913 2888 4969 die
2936 4912 3081 4969 facta
3130 4920 3213 4968 e‘st
3260 4912 3634 4975 resurrectio,
3696 4926 3807 4981 per

506 5016 638 5055 vero
660 5001 921 5055 visionem
967 5010 1200 5053 ostensa:
1246 5013 1358 5054 sua:
1414 4998 1716 5067 majestatis
1770 5001 1838 5054 ad
1885 5010 2098 5073 tempus
2194 5018 2311 5059 octo
2335 5005 2445 5059 dies
2473 5006 2647 5077 gratia
2675 5006 3095 5060 resurrectionis
3120 5004 3471 5075 exprimitur.
3523 5002 3630 5070 Qui
3658 5018 3805 5075 ergo

508 5091 677 5146 taceri
703 5088 896 5157 jussit,
929 5102 996 5144 ne
1033 5088 1077 5142 si
1107 5088 1281 5158 palam
1312 5087 1625 5160 vulgaretur
1654 5089 1708 5143 in
1734 5090 1981 5161 populos,
2006 5100 2100 5146 aut
2192 5109 2355 5165 supra
2379 5094 2638 5149 mundum
2666 5095 3038 5162 ascenderint,
3093 5103 3149 5150 et
3197 5094 3357 5165 lmjus
3393 5093 3576 5149 szcculi
3624 5104 3806 5163 Opera

508 5181 967 5251 dispensationem
995 5181 1263 5251 passionis
1302 5181 1445 5236 illius
1478 5181 1619 5237 idem
1666 5182 1849 5252 populi
1887 5184 2095 5253 princi-

507 5271 667 5340 pilius
698 5273 1045 5343 repugnando
1084 5273 1429 5344 impedirent,
1452 5282 1507 5328 et
1526 5273 1606 5328 sic
1631 5273 1882 5327 humana:
1905 5273 2094 5329 salutis

507 5360 777 5430 etfectus,
835 5365 927 5434 qui
974 5378 1072 5434 per
1124 5364 1439 5435 sanguinem
1478 5363 1600 5435 ejus
1652 5376 1789 5420 erat
1829 5373 2093 5422 venturus

510 5455 924 5509 retardaretur:
965 5465 1058 5511 aut
1090 5467 1239 5513 certe
1264 5458 1351 5524 hi,
1387 5458 1480 5528 qui
1531 5458 1778 5513 eamdem
1825 5457 2091 5512 visionem

514 5549 793 5604 audientes
817 5551 1204 5617 credidissent,
1242 5554 1356 5607 viso
1396 5552 1576 5608 crucis
1605 5553 1896 5624 approbrio
1932 5554 2093 5608 scan—

512 5638 897 5694 dalizarentur.
930 5640 1298 5712 Opportunius
1333 5654 1514 5701 autem
1549 5645 1813 5717 completa
1839 5646 2091 5716 passione

512 5747 577 5789 ac
606 5734 1002 5792 resurrectione
1037 5746 1094 5794 et
1114 5737 1428 5795 ascensione
1453 5739 1569 5811 ejus
1596 5740 1647 5796 in
1670 5740 1887 5808 malum,
1913 5740 2090 5812 reple-

2196 5188 2653 5255 transcenderiut,
2680 5202 2744 5243 ac
2759 5186 2955 5244 futura:
2979 5187 3399 5243 resurrectionis
3420 5184 3805 5243 immortalem

2198 5278 2432 5334 fructum
2462 5282 2601 5334 bona
2631 5281 2965 5336 conscientia
2999 5278 3475 5350 exspectaverint,
3507 5278 3561 5333 hi
3599 5286 3808 5349 potue-

2197 5382 2326 5426 rnnt
2349 5388 2379 5427 a
2409 5374 2574 5428 verbo
2607 5373 2882 5444 Evangelii
2919 5374 2977 5427 in
3013 5381 3241 5426 montem
3282 5370 3536 5427 sublimis
3587 5369 3806 5424 intelli-

2196 5464 2391 5532 gentia:
2417 5465 2579 5530 duci;
2621 5474 2675 5519 et
2703 5478 2971 5529 seorsum,
3005 5471 3062 5517 ut
3094 5477 3123 5516 a
3160 5461 3396 5517 tumultu
3449 5468 3807 5517 terrenarum

2199 5556 2587 5622 cogitationum
2638 5557 2745 5611 sint
2773 5555 2967 5611 remoti
2995 5595 3011 5621 ,
3049 5555 3230 5626 ibique
3273 5553 3579 5610 claritatem
3622 5553 3808 5623 ipsius

2196 5648 2361 5704 Verbi
2398 5649 2451 5705 in
2498 5649 2791 5720 gloriosum
2841 5659 3120 5722 aspectum
3162 5648 3536 5705 transformati
3582 5649 3804 5704 videre.

2207 5738 2264 5794 In
2309 5756 2498 5814 quem,
2543 5743 2779 5813 scilicet,
2835 5754 3060 5802 utentem
3115 5744 3347 5800 ascendit
3382 5752 3594 5801 orare:
3662 5742 3808 5815 quia
