4076 6288
286 274 393 333 613

1404 276 1709 336 llOMlLl/E
1748 275 1837 335 ΕΤ
1878 276 2480 336 EXIIORTATlONES.
2562 338 2565 341 ,

3451 291 3554 350 614

281 390 459 462 ipsum
485 387 670 460 gratitc
709 386 944 444 Verbum
970 429 984 453 ,
1050 388 1178 442 dum
1231 402 1416 443 coram
1464 389 1636 444 oculis
1670 396 1867 444 nostra:
1896 396 1944 454 Α
1974 388 2165 444 reddit.
2183 389 2247 444 Et
2267 390 2569 462 evigilantes
2594 392 2830 449 viderunt
2860 362 3552 470 majestatemejus,“duos

279 478 482 535 mentis
517 478 570 532 in
612 476 779 532 altum
823 475 1070 534 celsioris
1105 485 1158 533 et
1193 477 1442 534 clarioris
1497 478 1868 550 intelligentia:

279 571 657 642 progreditur,
692 568 982 639 interpellat
1011 568 1408 640 quodammodo
1427 586 1521 638 pro
1550 570 1716 632 nobis,
1740 586 1871 641 quo-

280 659 427 715 niam
467 658 737 728 spiritales
762 674 858 714 nos
914 658 1077 722 facit,
1134 667 1190 714 et
1238 658 1347 714 Deo
1385 659 1864 714 commendabiles.

279 751 651 808 Ascendamus
679 767 808 821 ergo
830 766 951 805 cum
981 748 1159 805 Verbo
1183 750 1234 803 in
1266 761 1501 804 montem
1532 768 1548 804 :
1582 760 1641 805 ut
1670 751 1721 805 in
1745 766 1868 821 spes

282 834 368 898 cie
392 852 446 899 et
480 843 881 914 pulchritudine
910 859 1005 898 sua
1036 844 1191 899 nobis
1213 853 1501 915 appareat,
1529 853 1581 897 et
1610 859 1868 914 prospere

275 935 537 1007 procedat
569 945 623 991 et
659 944 867 1006 regnet.
897 934 1032 989 Nam
1054 934 1207 1004 juxta
1232 933 1449 991 modum
1475 947 1673 1016 nostra:
1705 952 1867 1006 capa-

276 1027 461 1082 citatis
487 1024 721 1082 Verbnm
756 1027 929 1098 ipsum
964 1028 1120 1083 nobis
1153 1036 1208 1083 et
1239 1028 1501 1082 minuitur
1526 1041 1581 1083 et
1624 1029 1860 1093 crescit;

273 1127 333 1173 et
364 1118 469 1173 nisi
511 1118 756 1173 celsioris
806 1119 1106 1189 prudentiae
1156 1135 1416 1175 cacumen
1463 1120 1818 1175 ascendamus
1848 1160 1864 1186 ,

275 1223 385 1263 non
454 1209 609 1264 nobis
657 1219 883 1281 apparet
935 1210 1236 1281 sapientia,
1294 1226 1397 1265 non
1449 1213 1605 1267 nobis
1642 1218 1867 1283 apparet

274 1298 659 1369 mysteriorum
714 1298 976 1367 cognitio,
1033 1316 1138 1353 non
1194 1300 1351 1355 nobis
1408 1309 1630 1370 apparet
1661 1309 1862 1371 quanta

275 1389 346 1443 sit
397 1388 604 1459 gloria,
660 1399 895 1459 quantus
942 1390 1106 1445 decor
1181 1391 1233 1445 in
1295 1391 1606 1460 evangelieo
1663 1391 1859 1456 verbo,

274 1480 371 1535 sed
420 1481 662 1550 quaedam
719 1479 897 1537 vilitas
953 1490 1008 1537 et
1064 1482 1546 1553 contemptibilitas
1600 1483 1755 1538 nobis
1806 1482 1860 1537 in

273 1586 343 1626 eo
401 1572 633 1626 videtur.
698 1570 1130 1644 Trans/iguratus
1181 1584 1256 1627 est
1297 1584 1417 1627 ante
1474 1590 1591 1636 eos,
1659 1574 1858 1643 inquit,

270 1670 321 1714 et
356 1660 496 1731 facta
547 1671 621 1715 est
646 1661 837 1731 species
882 1662 1053 1717 vultus
1092 1663 1206 1733 ejus
1247 1661 1411 1717 altera
1454 1663 1600 1735 (Luc.
1633 1679 1711 1728 ιχ,
1741 1662 1854 1734 ἳ9),

1971 476 2107 531 viros
2125 479 2215 548 qui
2231 481 2583 536 stabautcum
2610 482 2718 547 illo,
2739 484 2866 554 quia
2886 502 3010 541 cum
3040 503 3195 544 mens
3216 488 3554 548 fortiterelu-

1973 577 2116 621 ctata
2141 582 2410 639 torporem
2439 572 2777 644 negligentia:
2804 585 2857 630 et
2882 592 3127 632 somnum
3152 579 3435 650 imperitia:
3465 599 3556 639 su-

1968 664 2274 730 peraverit,
2308 673 2482 735 potest
2511 664 2694 719 videre
2740 667 3066 736 majestatem
3113 687 3367 728 sensuum
3400 677 3547 731 sacri

1969 747 2207 821 eloquii,
2249 763 2304 807 et
2351 753 2521 824 legem
2562 770 2627 810 ac
2664 757 3001 826 praphetiam
3031 761 3387 831 persistentes
3424 782 3552 822 cum
3584 746 3591 751 “

1975 844 2142 898 verbo
2172 844 2360 914 gratiae
2389 845 2684 918 Evangelii.
2709 848 2879 904 Aliter
2908 867 2920 902 :
2948 848 3138 906 Petrus
3180 866 3235 909 et
3271 856 3402 911 socii
3434 840 3553 925 ejus

1968 943 2117 986 erant
2142 949 2323 987 somno
2345 937 2567 1004 gravati.
2606 934 2809 992 Somno
2830 949 3127 1008 gravantur
3166 944 3336 999 sancti
3364 985 3379 1011 ,
3418 945 3548 1002 dum

1966 1020 2035 1076 ab
2057 1022 2269 1077 actione
2294 1033 2504 1079 terrena
2541 1034 2593 1080 et
2628 1027 2696 1082 ab
2734 1044 2917 1083 amore
2945 1032 3316 1101 temporalium
3362 1051 3550 1091 rerum

1967 1115 2249 1182 quiescunt
2274 1154 2291 1182 ,
2333 1123 2389 1169 et
2430 1115 2499 1170 ab
2530 1117 2769 1185 appetitu
2815 1117 3105 1173 visibilium
3139 1122 3335 1177 mentis
3366 1108 3553 1179 ocu'os

1966 1205 2243 1260 claudunt.
2274 1206 2373 1273 Qui
2400 1206 2603 1263 idcirco
2637 1224 2741 1264 non
2791 1210 3105 1280 simpliciter
3143 1214 3381 1270 dormire
3407 1258 3422 1280 ,
3451 1216 3551 1273 sed

1965 1310 2156 1351 somno
2183 1297 2395 1367 gravari
2418 1296 2699 1367 dicuntur,
2738 1300 2861 1370 quia
2911 1316 3015 1355 non
3050 1302 3166 1357 sine
3207 1307 3444 1374 pondere
3470 1304 3554 1361 la;

1964 1388 2114 1444 boris
2140 1390 2318 1460 agitur
2346 1389 2650 1458 hujusmodi
2679 1392 2954 1446 dormitio.
3006 1391 3191 1448 Sancti
3237 1396 3380 1448 enim
3411 1395 3547 1465 viri,

1964 1480 2055 1550 qui
2081 1497 2108 1533 a
2141 1481 2324 1534 mundi
2348 1482 2603 1550 operibus
2626 1497 2731 1535 non
2761 1491 2977 1552 torpore
2998 1485 3091 1538 sed
3118 1484 3313 1541 virtute
3334 1487 3555 1557 sopiun-

1963 1577 2071 1637 tur,
2106 1568 2431 1626 laboriosius
2463 1570 2756 1637 dormiunt,
2781 1587 2943 1640 quam
2970 1572 3191 1643 vigilare
3225 1584 3547 1645 potuerunt;

1960 1662 2086 1731 quia
2129 1661 2182 1715 in
2223 1676 2289 1717 eo
2334 1661 2476 1731 quod
2523 1662 2764 1717 actiones
2811 1663 2969 1733 hujus
3007 1665 3188 1720 saeculi
3236 1667 3551 1723 deserentes

270 1752 400 1822 quia
449 1752 559 1821 ipse
602 1752 692 1808 Dei
731 1768 911 1809 sermo
955 1754 1007 1808 in
1052 1753 1211 1807 aliam
1256 1755 1490 1824 speciem
1524 1752 1859 1809 admiranda:
1890 1762 1934 1818 Β
1961 1759 2254 1821 superant,
2282 1752 2507 1806 robusto
2553 1752 2801 1806 conllictu
2845 1753 3087 1823 quotidie
3138 1770 3325 1810 contra
3349 1767 3552 1813 semet-

269 1843 690 1913 puleln'itudiuis
715 1844 1134 1901 transformatur
1178 1846 1229 1901 in
1272 1845 1444 1915 oculis
1467 1862 1686 1915 eormn,
1722 1864 1857 1917 quos

268 1933 536 1999 assumit,
579 1935 631 1990 id
666 1945 747 1990 est
777 1935 933 1992 docet
958 1954 971 1991 :
997 1938 1125 1993 etin
1152 1948 1388 1994 montem
1420 1939 1752 1995 sublimioris
1777 1940 1859 1995 in-

270 2024 587 2095 telligentia:
610 2027 783 2091 ducit,
810 2044 971 2098 quam
997 2029 1209 2084 videtur
1229 2031 1309 2085 eis
1332 2070 1347 2096 ,
1393 2046 1530 2100 quos
1564 2031 1617 2086 in
1643 2031 1859 2088 inﬁrmo

267 2130 436 2172 sensu
461 2119 711 2174 deorsum
755 2120 1032 2190 relinquit.
1080 2118 1150 2175 Et
1196 2120 1358 2190 facies
1401 2123 1556 2193 ejus,
1607 2125 1739 2177 sicut
1779 2122 1858 2178 sol

268 2208 592 2276 resplemluit
611 2251 626 2273 ,
662 2209 712 2265 id
735 2220 850 2276 est,
896 2212 1044 2266 nitor
1064 2222 1280 2282 aspectu
1304 2213 1720 2283 pulchritudinis
1741 2213 1858 2281 ejus

265 2299 686 2370 incomparabili
729 2316 793 2355 ac
835 2301 1093 2372 singulari
1137 2301 1386 2357 claritate
1438 2300 1667 2358 refulsit.
1714 2303 1857 2358 Nihil

264 2390 415 2443 enim
442 2400 564 2444 sunt
590 2431 603 2454 ,
629 2390 682 2444 in
707 2390 822 2459 ejus
844 2392 1276 2462 comparatione,
1322 2392 1536 2462 eloquia
1567 2393 1858 2464 singularis

263 2473 554 2536 doctrinm.
592 2478 904 2538 Vestimenta
929 2499 1057 2538 vero
1078 2485 1191 2554 ejus
1231 2483 1372 2554 facta
1404 2495 1524 2539 sunt
1563 2485 1681 2539 alba
1722 2486 1855 2539 sicut

261 2570 362 2624 nia:
384 2585 401 2624 :
426 2580 482 2626 et
504 2573 711 2625 vestitus
734 2572 848 2642 ejus
871 2573 1020 2627 albus
1045 2572 1675 2645 refulgens.‘Vestimenta
1701 2574 1857 2629 Citri—

258 2660 334 2715 SIi
357 2700 371 2724 ,
400 2661 563 2715 verba
592 2670 717 2715 sunt
743 2662 1169 2731 Scripturarum,
1192 2673 1246 2718 et
1272 2663 1326 2719 in
1347 2663 1518 2719 oculis
1543 2663 1648 2719 alta
1668 2678 1854 2735 peten-

259 2753 403 2808 tium
429 2752 709 2810 albescunt
736 2764 794 2810 ut
819 2756 934 2819 nias,
982 2766 1038 2811 et
1086 2755 1352 2827 refulgent
1395 2772 1676 2812 sermones
1715 2757 1853 2812 divi-

256 2860 466 2900 narum
497 2846 807 2902 lectionum.
849 2848 984 2903 Cum
1021 2856 1200 2904 autem
1252 2853 1346 2903 nix
1398 2849 1688 2914 ceciderit,
1729 2865 1855 2905 aves

258 2937 393 2992 coeli
426 2923 528 2991 non
569 2939 768 2993 habent
796 2939 883 2995 ubi
909 2938 1248 3005 inhabitent,
1281 2949 1336 2995 et
1357 2940 1531 2995 laetior
1556 2941 1715 2995 solito
1756 2941 1854 2995 tri-

257 3029 361 3083 tici
383 3038 646 3098 proventu
681 3028 897 3102 [nomen
929 3029 1139 3101 aliquod
1177 3030 1438 3084 omittitur
1459 3067 1476 3095 ,
1502 3040 1558 3083 ut
1581 3045 1738 3099 eges,
1771 3028 1853 3084 vel

1963 1841 2111 1911 ipsos
2148 1851 2415 1914 pugnant,
2462 1857 2529 1896 ne
2573 1857 2727 1897 mens
2754 1857 2852 1913 per
2881 1844 3261 1915 negligentiam
3296 1856 3547 1917 torpeat,

1960 1941 2015 1988 et
2042 1948 2110 1988 ne
2135 1934 2569 2003 concupiscentia
2601 1935 2781 1988 carnis
2823 1935 3079 1991 adversus
3119 1951 3239 1991 eam
3283 1939 3335 1992 in
3368 1939 3550 2010 aliquo

1958 2022 2281 2092 praevaleat,
2310 2032 2365 2079 et
2393 2039 2460 2079 ne
2483 2024 2583 2093 ipsi
2612 2039 2642 2077 a
2680 2023 2823 2078 bono
2846 2041 3010 2094 opere
3038 2034 3092 2081 et
3114 2039 3144 2079 a
3166 2026 3375 2082 caelesti
3405 2029 3551 2084 desi-

1959 2115 2111 2170 derio
2143 2115 2281 2185 pigri
2333 2116 2485 2169 liaut.
2540 2115 2608 2169 Et
2654 2115 2993 2185 evigilan:es,
3042 2117 3249 2188 inquit,
3308 2119 3549 2174 viderunt

1958 2206 2283 2276 majestatem
2308 2207 2455 2278 ejus,
2503 2208 2630 2276 quia
2666 2208 2758 2277 qui
2798 2209 3193 2277 exterioribus,
3233 2219 3293 2264 ut
3344 2212 3548 2268 dictum

1958 2305 2040 2350 est
2065 2336 2080 2362 ,
2107 2296 2483 2362 obdormiunt,
2502 2307 2559 2351 et
2580 2297 2632 2351 in
2653 2298 3002 2355 interioribus
3023 2302 3304 2371 evigilant,
3332 2303 3550 2359 interna

1959 2386 2340 2457 mysteriorum
2365 2395 2673 2456 penetrant.
2694 2387 2830 2443 Hinc
2861 2400 2943 2444 est
2965 2394 3106 2462 quod
3142 2408 3336 2463 sponsa
3367 2393 3502 2449 dicit
3529 2409 3548 2447 :

1959 2479 2073 2549 Ego
2102 2479 2306 2532 dormio
2326 2520 2341 2544 ,
2375 2488 2422 2532 et
2447 2494 2538 2531 cor
2573 2494 2746 2532 meum
2776 2479 2953 2550 vigilat
2988 2479 3164 2553 (Cant.
3196 2499 3259 2550 ν,
3289 2483 3371 2555 2).
3400 2476 3548 2540 Ac'si

1957 2570 2103 2624 dieat
2133 2586 2147 2622 :
2182 2570 2317 2624 Dum
2348 2568 2650 2623 exteriores
2678 2584 2871 2624 sensus
2897 2571 2966 2625 ab
2997 2571 3159 2641 hujus
3185 2573 3311 2629 vitae
3346 2574 3549 2630 sollici-

1960 2660 2235 2715 ludinibus
2260 2659 2443 2731 sapiu,
2476 2669 2703 2715 vacante
2731 2668 2911 2716 mente
2937 2661 3179 2717 vivacius
3208 2664 3420 2718 interna
3449 2680 3546 2720 co-

1957 2765 2179 2824 gnosco.
2197 2752 2321 2819 Agit
2343 2750 2486 2806 enim
2513 2751 2635 2806 talis
2659 2751 2841 2805 anima
2864 2762 2923 2805 ut
2944 2751 3104 2820 hujus
3133 2753 3316 2809 mundi
3342 2754 3547 2825 inquie-

1960 2851 2068 2896 tam
2091 2836 2589 2912 concupiscentiam
2621 2856 2653 2896 a
2676 2856 2735 2897 se
2765 2841 2982 2911 penitus
3020 2840 3233 2909 eiiciat,
3285 2854 3339 2899 et
3373 2852 3548 2901 terre-

1955 2948 2149 2988 narum
2214 2933 2601 3002 cogitationum
2660 2932 2947 3003 strepitum
3000 2917 3252 3001 deserat;
3332 2953 3396 2991 ac
3447 2953 3548 3007 per

1955 3024 2153 3094 quietis
2177 3025 2416 3080 studium
2464 3024 2755 3080 virtutibus
2797 3024 3006 3079 intenta
3059 3025 3285 3095 vigilans
3320 3028 3542 3083 dormit.

257 3115 507 3190 annona]
530 3120 808 3173 exuberat.
841 3117 938 3174 Cui
964 3120 1039 3174 rei
1086 3119 1248 3174 verba
1294 3117 1697 3189 Scripturarum
1728 3128 1850 3187 apte
1877 3123 1922 3183 C
1952 3115 2139 3185 Neque
2173 3116 2317 3170 enim
2364 3117 2432 3170 ad
2478 3115 2889 3187 contemplanda
2934 3116 3145 3170 interna
3187 3117 3543 3185 perducitur,

259 3219 686 3278 comparantur,
717 3225 836 3281 qua:
862 3210 926 3265 de
948 3208 1084 3266 ctelo
1106 3211 1269 3265 missa
1292 3219 1419 3265 sunt
1446 3212 1499 3264 in
1534 3219 1733 3264 terram
1751 3251 1766 3277 ,
1798 3219 1853 3264 et

251 3296 448 3370 jejuna
478 3311 782 3355 nostrorum
809 3309 1087 3371 pectorum
1115 3316 1242 3355 arva
1288 3300 1718 3355 lecunilaverunt
1744 3339 1759 3367 ,
1787 3315 1851 3356 ac

258 3389 551 3461 spiritibus
589 3390 764 3446 aereis
817 3401 1072 3463 tanquam
1115 3391 1305 3447 avibus
1340 3391 1637 3447 immundis
1670 3389 1851 3446 locum

256 3496 373 3536 non
402 3479 753 3550 reliquerunt.

334 3571 595 3641 Sequitur
649 3589 665 3626 :
712 3571 777 3627 Et
846 3588 963 3628 ecce
1029 3581 1386 3645 apparuerunt
1447 3571 1554 3627 illis
1600 3568 1847 3644 Moyses,

254 3671 307 3717 et
361 3659 512 3716 Elius
557 3678 674 3716 cum
723 3678 781 3717 eo
827 3662 1113 3734 loquentes.
1160 3662 1252 3719 Vel
1282 3682 1294 3716 :
1323 3661 1460 3718 Ecce
1506 3663 1610 3718 duo
1649 3665 1745 3718 viri
1768 3664 1848 3719 Io-

256 3757 561 3823 quebantur
613 3769 731 3806 cum
777 3751 887 3807 illo.
922 3749 1090 3807 Erant
1139 3768 1313 3807 autem
1359 3752 1568 3825 Moyses
1613 3763 1660 3809 et
1698 3753 1849 3809 Elius

255 3843 363 3898 visi
396 3845 449 3895 in
478 3843 771 3913 majestate,
825 3854 872 3898 et
921 3843 1158 3898 dicebant
1207 3861 1471 3898 excessum
1513 3846 1630 3914 ejus
1654 3885 1670 3911 ,
1696 3862 1849 3916 quem

253 3934 615 4005 completurus
659 3945 772 3989 erat
832 3935 886 3988 in
933 3932 1229 3988 Jerusalem
1282 3932 1436 4005 (Luc.
1480 3950 1555 3999 Ix,
1598 3933 1688 4001 50,
1731 3935 1845 4006 51).

253 4025 475 4095 Moyses
511 4036 557 4079 et
600 4024 748 4079 Elius
788 4035 1143 4094 apparuerunt
1183 4025 1236 4078 in
1259 4034 1431 4079 monte
1453 4041 1572 4079 cum
1598 4025 1845 4093 Domino,

251 4118 527 4188 loquentes
555 4134 671 4172 cum
701 4134 759 4172 eo
785 4158 800 4183 ,
832 4114 957 4188 q'uia
982 4116 1068 4172 lex
1090 4128 1144 4171 et
1172 4118 1449 4188 prophetae.
1494 4119 1547 4172 in
1595 4117 1705 4172 alto
1733 4117 1846 4173 cel-

250 4210 422 4266 sioris
448 4209 810 4279 intelligentiae
833 4218 1129 4264 cernuntur
1153 4222 1274 4263 cum
1298 4208 1609 4279 Evangelia,
1632 4224 1696 4265 ac
1716 4223 1847 4264 con-

250 4300 491 4357 cordant
516 4302 570 4355 in
595 4301 752 4357 dictis
782 4302 896 4357 suis
924 4317 1046 4356 cum
1084 4316 1170 4355 eo.
1220 4302 1327 4355 Sed
1366 4311 1421 4359 et
1470 4303 1525 4356 in
1570 4302 1847 4373 majestate

247 4410 381 4447 cum
429 4408 488 4446 eo
538 4392 633 4447 visi
680 4403 843 4448 sunt:
878 4397 1005 4463 quia
1033 4393 1362 4462 sapientibus
1391 4401 1445 4449 et
1474 4394 1848 4464 spiritualibus

1951 3205 2054 3260 nisi
2079 3204 2146 3260 ab
2183 3206 2268 3261 his
2299 3220 2419 3276 quae
2444 3206 2689 3261 exterius
2715 3206 3025 3276 implicant,
3058 3206 3298 3261 studiose
3329 3206 3547 3261 subtra-

1950 3296 2131 3351 hatur.
2167 3296 2353 3366 Itaque
2381 3297 2472 3366 qui
2494 3310 2686 3351 somno
2713 3297 3098 3367 gravabantur,
3125 3297 3541 3366 evigilaverunt,

1950 3402 2016 3442 ac
2066 3386 2395 3456 majestatern
2446 3388 2563 3456 ejus
2610 3388 2847 3442 viderunt
2879 3403 2898 3441 :
2956 3388 3082 3456 quia
3134 3390 3224 3457 qui
3273 3391 3341 3443 ab
3381 3388 3544 3459 hujus

1949 3476 2133 3531 mundi
2162 3475 2310 3531 curis
2335 3475 2678 3531 obdormiunt
2701 3517 2717 3542 ,
2750 3485 2805 3531 et
2842 3478 3092 3548 supernis
3133 3478 3325 3532 studiis
3368 3480 3536 3551 evigi-

1948 3566 2105 3634 lant,
2158 3567 2487 3637 majestate»:
2536 3568 2678 3623 sacri
2724 3568 2924 3639 eloquii
2979 3568 3448 3641 contemplantur,
3486 3580 3544 3627 et

1949 3656 2225 3728 spiritales
2246 3656 2482 3713 visiones
2506 3658 2797 3727 aspiciunt.
2832 3658 3087 3725 Domine,
3120 3659 3296 3730 inquit
3323 3661 3538 3730 Petrus,

1949 3749 2142 3802 bonum
2170 3755 2375 3802 estnos
2418 3749 2504 3802 hic
2550 3764 2692 3815 esse,
2740 3749 2793 3803 id
2843 3759 2927 3803 est
2977 3749 3030 3803 in
3076 3751 3540 3821 contemplatione

1947 3838 2247 3907 majestatis
2268 3840 2565 3911 evangelici
2608 3843 2876 3896 sermonis
2918 3844 3233 3909 innuerari,
3282 3853 3338 3900 et
3368 3845 3540 3917 legem

1945 3929 2106 3985 simul
2139 3942 2202 3984 ac
2229 3932 2543 4000 prophetias
2566 3932 2620 3984 in
2649 3930 2898 3986 claritate
2920 3934 3182 4001 spiritalis
3225 3934 3541 4006 intelligen-

1947 4020 2039 4077 tiae
2079 4022 2347 4076 contueri.
2401 4022 2608 4089 Quem,
2661 4022 2867 4077 scilicet
2903 4039 3211 4078 sermonem
3238 4065 3254 4090 ,
3308 4029 3542 4083 vocabat

1946 4112 2223 4167 dominum
2262 4120 2317 4166 et
2354 4121 2739 4183 praeceptorem
2768 4130 2782 4166 :
2814 4112 2938 4183 quia
2983 4116 3271 4184 praeceptis
3312 4116 3429 4185 ejus
3469 4131 3538 4172 ex

1946 4205 2211 4260 charitate
2231 4205 2435 4260 servire
2458 4214 2679 4275 paratus
2701 4212 2821 4260 erat
2847 4245 2864 4271 ,
2904 4214 2959 4261 et
2987 4207 3105 4276 ejus
3128 4205 3389 4263 doctrinis
3412 4223 3542 4264 eru-

1948 4292 2050 4351 diri
2088 4295 2319 4351 volebat.
2345 4295 2451 4351 Sed
2476 4297 2528 4350 in
2557 4311 2623 4352 eo
2653 4296 2797 4367 quod
2825 4298 2930 4351 tria
2966 4297 3307 4352 tabernacula
3349 4299 3535 4356 facere

1952 4390 2128 4445 tribus
2152 4390 2433 4460 quaesivit,
2481 4390 2758 4446 nesciebat
2787 4391 2912 4462 quid
2942 4392 3132 4446 diceret
3159 4405 3180 4445 :
3219 4407 3340 4447 cum
3372 4411 3537 4450 unum

247 4483 516 4555 effulgent
550 4500 671 4538 cum
722 4484 813 4539 illo
869 4484 923 4539 in
964 4484 1132 4556 gloria
1163 4484 1358 4540 divinae
1400 4484 1764 4550 excellentiae,
1793 4493 1850 4540 et
1878 4470 1929 4532 Ι)
1954 4479 2027 4534 sit
2053 4478 2456 4534 tabernaculum
2482 4479 2792 4552 Evangelii,
2837 4483 2890 4535 in
2917 4496 3024 4551 quo
3051 4481 3135 4537 lex
3178 4492 3233 4537 et
3261 4485 3538 4555 propheta:

246 4576 501 4630 dicebant
526 4575 783 4630 excelsum
807 4576 961 4646 ejus,
1021 4592 1174 4646 quem
1219 4576 1570 4646 completurus
1619 4582 1735 4632 erat
1786 4576 1845 4632 in

244 4665 601 4721 Jerusalem:
635 4665 762 4737 quia
811 4660 1294 4738 pronuntiaverunt
1341 4667 1577 4723 futuram
1622 4666 1843 4722 celsitu-

244 4759 439 4813 dinem
469 4757 635 4827 ipsius
660 4757 955 4829 evangelici
982 4758 1271 4823 sermonis,
1299 4773 1408 4828 quo
1430 4758 1641 4813 scilicet
1666 4757 1841 4829 digni-

243 4860 371 4909 tate
391 4859 446 4908 et
474 4852 711 4923 potentia
736 4851 875 4908 foret
896 4867 1218 4908 excessurus
1246 4849 1426 4908 omnia
1453 4852 1506 4906 in
1535 4850 1668 4906 urbe
1691 4851 1842 4920 pacis

240 4952 475 4998 aeternae
497 4979 513 5007 ,
543 4956 607 4996 ac
636 4955 924 4997 mansurus
948 4940 1150 5011 absque
1172 4940 1298 4995 line.
1325 4939 1461 4996 Hinc
1483 4949 1536 4993 et
1553 4936 1841 4995 Psalmista

242 5030 456 5090 cecinit
484 5047 498 5085 :
532 5028 599 5084 In
627 5041 876 5086 internum
904 5071 921 5098 ,
951 5029 1193 5096 Domine,
1223 5028 1428 5084 verbum
1458 5037 1606 5082 tuam
1631 5043 1842 5100 perma-

239 5132 335 5178 net
401 5122 461 5175 in
503 5120 629 5175 calo
673 5118 844 5192 (Psal.
883 5137 1048 5177 cxvnt
1076 5161 1091 5189 ,
1144 5120 1256 5192 89).
1315 5118 1577 5199 Dominus
1624 5133 1842 5192 quoque

239 5214 433 5272 dixit:
468 5210 666 5266 Calain
689 5223 738 5267 et
768 5223 909 5268 terra
939 5213 1266 5280 transibunt,
1316 5212 1469 5268 verba
1508 5216 1685 5268 autem
1726 5217 1842 5267 ’mea

236 5323 359 5361 non
386 5305 683 5359 transibunt
715 5302 866 5377 (Luc.
895 5321 988 5360 nt
1008 5344 1024 5370 ,
1053 5304 1167 5375 '53).
1798 5312 1803 5321 '

319 5397 523 5451 Petrus
535 5412 652 5452 vero
664 5408 709 5451 et
721 5397 810 5468 qui
823 5412 941 5451 cum
960 5395 1052 5451 illo
1069 5402 1238 5464 erant,
1252 5397 1457 5468 gravati
1472 5403 1618 5451 erant
1638 5388 1839 5451 somno:

235 5491 381 5564 quia
396 5506 585 5557 corpus
597 5477 735 5561 quod
749 5489 1099 5560 corrumpitur
1119 5499 1367 5560 aggravat
1392 5490 1622 5543 animam
1646 5502 1665 5541 :
1690 5500 1736 5544 et
1751 5489 1843 5544 de-

233 5583 435 5656 primit
489 5591 691 5635 terrena
724 5580 1033 5635 inhabitatio
1068 5596 1277 5635 sensum
1318 5580 1484 5635 multa
1524 5580 1837 5651 cogitantem

233 5668 411 5743 (δαν.
435 5668 640 5744 18,15),
654 5686 717 5730 ac
732 5669 877 5726 velut
892 5684 1081 5728 somno
1102 5669 1334 5743 quodam
1361 5670 1606 5742 corporis
1627 5671 1836 5742 pigrum

1951 4580 2254 4627 morantur.
2288 4570 2422 4625 Nam
2450 4581 2504 4627 et
2530 4586 2701 4641 usque
2742 4587 2887 4627 nunc
2939 4573 3224 4645 imperitia:
3274 4585 3533 4642 notatur,

1947 4662 2194 4733 quisquis
2227 4662 2505 4733 evangelio
2524 4673 2579 4717 et
2601 4661 2703 4734 legi
2737 4678 2802 4719 ac
2826 4665 3105 4735 prophetis
3147 4665 3249 4720 tria
3288 4670 3536 4722 taberna-

1946 4755 2066 4809 cula
2097 4754 2277 4810 facere
2295 4756 2480 4825 cupit;
2523 4771 2648 4811 cum
2688 4757 2805 4813 haec
2845 4758 2914 4813 ab
2954 4758 3188 4814 invicem
3232 4759 3535 4813 nullatenus

1950 4846 2170 4899 valeant
2197 4846 2466 4914 separari,
2499 4860 2665 4901 unum
2694 4845 2951 4903 habentia
2994 4844 3437 4910 tabernaculum,
3480 4845 3535 4900 id

1945 4946 2029 4991 εει
2061 4935 2360 4991 Ecclesiam
2389 4935 2507 4991 Dei.

2022 5026 2318 5096 Sequitur:
2347 5027 2533 5082 Adhuc
2570 5045 2630 5083 eo
2659 5027 2900 5100 loquente
2923 5066 2938 5092 ,
2990 5040 3105 5080 ecce
3148 5024 3308 5078 nubes
3356 5022 3535 5079 lucida

1955 5118 2281 5175 obumbravit
2312 5136 2419 5175 eos.
2449 5118 2519 5175 Et
2552 5138 2668 5176 ecce
2709 5136 2812 5175 vos:
2869 5121 2934 5175 de
2977 5119 3136 5184 nube,
3177 5118 3354 5171 dicens
3376 5133 3397 5172 :
3430 5112 3535 5171 Hic

1959 5223 2034 5269 est
2092 5211 2281 5268 Filius.
2313 5231 2461 5269 meus
2494 5199 2499 5205 ’
2527 5214 2782 5278 dilectus,
2837 5212 2892 5267 in
2919 5227 3022 5282 quo
3052 5210 3182 5265 mihi
3226 5210 3352 5264 bene
3388 5225 3535 5262 como

1951 5306 2173 5378 placui,
2229 5301 2400 5377 ipsum
2457 5307 2655 5361 audite.
2714 5303 2850 5373 Quia
2914 5303 3284 5375 imprudenter
3327 5302 3532 5368 tribus,

1942 5397 2097 5467 quasi
2160 5397 2381 5469 paribus
2441 5410 2507 5451 ac
2537 5394 2746 5463 divisis,
2795 5394 2899 5450 tria
2946 5391 3286 5449 tabernacula
3337 5388 3533 5447 ollere.

1943 5489 2068 5556 bat,
2101 5491 2251 5545 venit
2280 5488 2437 5543 nubes
2458 5487 2664 5553 lucida,
2710 5488 2762 5543 id
2792 5496 2875 5543 est
2912 5486 3292 5558 mysteriorum
3323 5483 3529 5539 incom-

1922 5579 2382 5651 prehensibilitas
2404 5593 2524 5649 quae
2550 5587 2605 5634 et
2644 5578 2890 5650 Splendet
2935 5587 2993 5631 et
3035 5575 3355 5641 obumbrat,
3400 5573 3529 5644 quia

1943 5683 1998 5729 et
2042 5678 2277 5729 mentem
2326 5670 2588 5726 illuminat
2619 5672 2928 5730 ostensione
2974 5671 3313 5739 divinorum,
3365 5676 3420 5726 et
3461 5681 3529 5723 cx
