  <div class='ocr_page' id='page_1' title='image "/cluster/home/n/w/nwhite01/storage/ocr_20150623/158/hvd.32044024236689/363.png"; bbox 0 0 4076 6288; ppageno 0'>
   <div class='ocr_carea' id='block_1_1' title="bbox 543 280 2141 373">
    <p class='ocr_par' dir='ltr' id='par_1_1' title="bbox 543 309 2141 372">
     <span class='ocr_line' id='line_1_1' title="bbox 543 309 2141 372; baseline -0.004 0"><span class='ocrx_word' id='word_1_1' title='bbox 543 318 651 372; x_wconf 69' lang='lat' dir='ltr'><strong>MS</strong></span> <span class='ocrx_word' id='word_1_2' title='bbox 912 316 971 372; x_wconf 83' lang='lat' dir='ltr'><strong>S.</strong></span> <span class='ocrx_word' id='word_1_3' title='bbox 1011 315 1308 371; x_wconf 69' lang='lat' dir='ltr'><strong>AXSELMI</strong></span> <span class='ocrx_word' id='word_1_4' title='bbox 1346 312 1697 370; x_wconf 70' lang='lat' dir='ltr'><strong>CANTUAR.</strong></span> <span class='ocrx_word' id='word_1_5' title='bbox 1741 310 2060 368; x_wconf 74' lang='lat' dir='ltr'><strong>AﬂClllEP.</strong></span> <span class='ocrx_word' id='word_1_6' title='bbox 2115 309 2141 365; x_wconf 77' lang='grc' dir='ltr'>ε</span> 
     </span>
    </p>
   </div>
   <div class='ocr_carea' id='block_1_2' title="bbox 2246 280 3826 373">
    <p class='ocr_par' dir='ltr' id='par_1_2' title="bbox 2252 280 3826 373">
     <span class='ocr_line' id='line_1_2' title="bbox 2252 280 3826 373; baseline 0.006 -10"><span class='ocrx_word' id='word_1_7' title='bbox 2252 349 2268 363; x_wconf 93' lang='grc'><strong>.</strong></span> <span class='ocrx_word' id='word_1_8' title='bbox 2306 306 2488 363; x_wconf 67' lang='lat' dir='ltr'><strong>rans</strong></span> <span class='ocrx_word' id='word_1_9' title='bbox 2524 306 2588 361; x_wconf 88' lang='lat' dir='ltr'><strong>tt.</strong></span> <span class='ocrx_word' id='word_1_10' title='bbox 2620 336 2693 349; x_wconf 79' lang='grc'><strong><em>-</em></strong></span> <span class='ocrx_word' id='word_1_11' title='bbox 2723 306 3099 363; x_wconf 61' lang='lat' dir='ltr'><strong>eameam.</strong></span> <span class='ocrx_word' id='word_1_12' title='bbox 3143 308 3231 364; x_wconf 80' lang='lat' dir='ltr'><strong>ET</strong></span> <span class='ocrx_word' id='word_1_13' title='bbox 3259 310 3498 370; x_wconf 69' lang='lat' dir='ltr'><strong>ascer.</strong></span> <span class='ocrx_word' id='word_1_14' title='bbox 3720 280 3826 373; x_wconf 74' lang='lat' dir='ltr'><strong>oio</strong></span> 
     </span>
    </p>
   </div>
   <div class='ocr_carea' id='block_1_3' title="bbox 549 410 3829 496">
    <p class='ocr_par' dir='ltr' id='par_1_3' title="bbox 549 410 3829 496">
     <span class='ocr_line' id='line_1_3' title="bbox 549 410 3829 496; baseline -0 -8"><span class='ocrx_word' id='word_1_15' title='bbox 549 444 665 491; x_wconf 92' lang='lat' dir='ltr'><strong>toto</strong></span> <span class='ocrx_word' id='word_1_16' title='bbox 695 433 862 490; x_wconf 90' lang='lat' dir='ltr'><strong>Deum</strong></span> <span class='ocrx_word' id='word_1_17' title='bbox 899 448 1005 487; x_wconf 90' lang='lat' dir='ltr'><strong>non</strong></span> <span class='ocrx_word' id='word_1_18' title='bbox 1052 430 1400 493; x_wconf 87' lang='lat' dir='ltr'><strong>manifestat;</strong></span> <span class='ocrx_word' id='word_1_19' title='bbox 1455 427 1546 481; x_wconf 87' lang='lat' dir='ltr'><strong>sed</strong></span> <span class='ocrx_word' id='word_1_20' title='bbox 1586 426 1651 480; x_wconf 90' lang='lat' dir='ltr'><strong>de</strong></span> <span class='ocrx_word' id='word_1_21' title='bbox 1693 441 1757 480; x_wconf 88' lang='lat' dir='ltr'><strong>eo</strong></span> <span class='ocrx_word' id='word_1_22' title='bbox 1803 426 1956 496; x_wconf 90' lang='lat' dir='ltr'><strong>plura</strong></span> <span class='ocrx_word' id='word_1_23' title='bbox 2005 424 2135 495; x_wconf 87' lang='lat' dir='ltr'><strong>tegit</strong></span> <span class='ocrx_word' id='word_1_24' title='bbox 2164 428 2211 483; x_wconf 76' lang='grc' dir='ltr'><strong>Α</strong></span> <span class='ocrx_word' id='word_1_25' title='bbox 2236 422 2404 476; x_wconf 87' lang='lat' dir='ltr'><strong>solum</strong></span> <span class='ocrx_word' id='word_1_26' title='bbox 2448 420 2656 486; x_wconf 78' lang='lat' dir='ltr'><strong>Iesum,</strong></span> <span class='ocrx_word' id='word_1_27' title='bbox 2707 421 2761 476; x_wconf 88' lang='lat' dir='ltr'><strong>id</strong></span> <span class='ocrx_word' id='word_1_28' title='bbox 2804 431 2889 477; x_wconf 88' lang='lat' dir='ltr'><strong>est</strong></span> <span class='ocrx_word' id='word_1_29' title='bbox 2926 422 3133 478; x_wconf 71' lang='lat' dir='ltr'><strong>Novum</strong></span> <span class='ocrx_word' id='word_1_30' title='bbox 3164 410 3595 483; x_wconf 78' lang='lat' dir='ltr'><strong>Testamentum.</strong></span> <span class='ocrx_word' id='word_1_31' title='bbox 3632 431 3829 488; x_wconf 75' lang='lat' dir='ltr'><strong>Ablata</strong></span> 
     </span>
    </p>
   </div>
   <div class='ocr_carea' id='block_1_4' title="bbox 549 515 2133 597">
    <p class='ocr_par' dir='ltr' id='par_1_4' title="bbox 549 515 2133 597">
     <span class='ocr_line' id='line_1_4' title="bbox 549 515 2133 597; baseline -0.009 -15"><span class='ocrx_word' id='word_1_32' title='bbox 549 544 712 597; x_wconf 87' lang='lat' dir='ltr'><strong>quam</strong></span> <span class='ocrx_word' id='word_1_33' title='bbox 743 525 961 582; x_wconf 87' lang='lat' dir='ltr'><strong>revelat.</strong></span> <span class='ocrx_word' id='word_1_34' title='bbox 1000 522 1151 577; x_wconf 70' lang='lat' dir='ltr'><strong>Venit</strong></span> <span class='ocrx_word' id='word_1_35' title='bbox 1171 563 1185 585; x_wconf 91' lang='lat'><strong>,</strong></span> <span class='ocrx_word' id='word_1_36' title='bbox 1220 522 1437 591; x_wconf 86' lang='lat' dir='ltr'><strong>inquam</strong></span> <span class='ocrx_word' id='word_1_37' title='bbox 1460 560 1475 583; x_wconf 93' lang='lat'><strong>,</strong></span> <span class='ocrx_word' id='word_1_38' title='bbox 1528 517 1833 586; x_wconf 84' lang='lat' dir='ltr'><strong>hujusmodi</strong></span> <span class='ocrx_word' id='word_1_39' title='bbox 1864 517 2023 571; x_wconf 82' lang='lat' dir='ltr'><strong>nubes</strong></span> <span class='ocrx_word' id='word_1_40' title='bbox 2054 515 2133 569; x_wconf 85' lang='lat' dir='ltr'><strong>lu-</strong></span> 
     </span>
    </p>
   </div>
   <div class='ocr_carea' id='block_1_5' title="bbox 549 608 2133 682">
    <p class='ocr_par' dir='ltr' id='par_1_5' title="bbox 549 608 2133 682">
     <span class='ocr_line' id='line_1_5' title="bbox 549 608 2133 682; baseline -0.007 -11"><span class='ocrx_word' id='word_1_41' title='bbox 549 619 672 672; x_wconf 80' lang='lat' dir='ltr'><strong>cida</strong></span> <span class='ocrx_word' id='word_1_42' title='bbox 702 658 717 682; x_wconf 93' lang='lat'><strong>,</strong></span> <span class='ocrx_word' id='word_1_43' title='bbox 748 626 793 670; x_wconf 89' lang='lat' dir='ltr'><strong>et</strong></span> <span class='ocrx_word' id='word_1_44' title='bbox 819 613 1137 669; x_wconf 74' lang='lat' dir='ltr'><strong>obumbravit</strong></span> <span class='ocrx_word' id='word_1_45' title='bbox 1174 622 1384 664; x_wconf 89' lang='lat' dir='ltr'><strong>mentes</strong></span> <span class='ocrx_word' id='word_1_46' title='bbox 1407 625 1595 665; x_wconf 88' lang='lat' dir='ltr'><strong>eorum</strong></span> <span class='ocrx_word' id='word_1_47' title='bbox 1620 610 1847 663; x_wconf 86' lang='lat' dir='ltr'><strong>obscura</strong></span> <span class='ocrx_word' id='word_1_48' title='bbox 1874 608 1991 663; x_wconf 93' lang='lat' dir='ltr'><strong>luce</strong></span> <span class='ocrx_word' id='word_1_49' title='bbox 2013 624 2133 662; x_wconf 85' lang='lat' dir='ltr'><strong>sua.</strong></span> 
     </span>
    </p>
   </div>
   <div class='ocr_carea' id='block_1_6' title="bbox 550 690 2134 778">
    <p class='ocr_par' dir='ltr' id='par_1_6' title="bbox 550 690 2134 778">
     <span class='ocr_line' id='line_1_6' title="bbox 550 690 2134 778; baseline -0.008 -14"><span class='ocrx_word' id='word_1_50' title='bbox 550 711 609 765; x_wconf 88' lang='lat' dir='ltr'><strong>ln</strong></span> <span class='ocrx_word' id='word_1_51' title='bbox 634 690 791 778; x_wconf 82' lang='lat' dir='ltr'><strong>quam</strong></span> <span class='ocrx_word' id='word_1_52' title='bbox 820 708 1084 760; x_wconf 92' lang='lat' dir='ltr'><strong>intrantes</strong></span> <span class='ocrx_word' id='word_1_53' title='bbox 1111 705 1403 758; x_wconf 89' lang='lat' dir='ltr'><strong>timuerunt</strong></span> <span class='ocrx_word' id='word_1_54' title='bbox 1428 742 1443 767; x_wconf 94' lang='lat'><strong>,</strong></span> <span class='ocrx_word' id='word_1_55' title='bbox 1477 712 1695 772; x_wconf 84' lang='lat' dir='ltr'><strong>propter</strong></span> <span class='ocrx_word' id='word_1_56' title='bbox 1728 700 2134 769; x_wconf 86' lang='lat' dir='ltr'><strong>incomprehen-</strong></span> 
     </span>
    </p>
   </div>
   <div class='ocr_carea' id='block_1_7' title="bbox 551 792 2136 867">
    <p class='ocr_par' dir='ltr' id='par_1_7' title="bbox 551 792 2136 867">
     <span class='ocr_line' id='line_1_7' title="bbox 551 792 2136 867; baseline -0.008 -10"><span class='ocrx_word' id='word_1_57' title='bbox 551 804 727 858; x_wconf 82' lang='lat' dir='ltr'><strong>sibilia</strong></span> <span class='ocrx_word' id='word_1_58' title='bbox 760 800 852 854; x_wconf 90' lang='lat' dir='ltr'><strong>Dei</strong></span> <span class='ocrx_word' id='word_1_59' title='bbox 878 797 1113 867; x_wconf 89' lang='lat' dir='ltr'><strong>judicia,</strong></span> <span class='ocrx_word' id='word_1_60' title='bbox 1151 806 1207 849; x_wconf 93' lang='lat' dir='ltr'><strong>et</strong></span> <span class='ocrx_word' id='word_1_61' title='bbox 1234 804 1453 865; x_wconf 84' lang='lat' dir='ltr'><strong>propter</strong></span> <span class='ocrx_word' id='word_1_62' title='bbox 1480 803 1711 857; x_wconf 61' lang='lat' dir='ltr'><strong>cetera,</strong></span> <span class='ocrx_word' id='word_1_63' title='bbox 1756 808 1876 862; x_wconf 70' lang='lat' dir='ltr'><strong>qum</strong></span> <span class='ocrx_word' id='word_1_64' title='bbox 1902 792 1952 845; x_wconf 90' lang='lat' dir='ltr'><strong>in</strong></span> <span class='ocrx_word' id='word_1_65' title='bbox 1988 792 2136 845; x_wconf 90' lang='lat' dir='ltr'><strong>Scri-</strong></span> 
     </span>
    </p>
   </div>
   <div class='ocr_carea' id='block_1_8' title="bbox 552 880 2137 964">
    <p class='ocr_par' dir='ltr' id='par_1_8' title="bbox 552 880 2137 964">
     <span class='ocr_line' id='line_1_8' title="bbox 552 880 2137 964; baseline -0.006 -19"><span class='ocrx_word' id='word_1_66' title='bbox 552 892 725 964; x_wconf 88' lang='lat' dir='ltr'><strong>pturis</strong></span> <span class='ocrx_word' id='word_1_67' title='bbox 776 898 955 944; x_wconf 83' lang='lat' dir='ltr'><strong>mente</strong></span> <span class='ocrx_word' id='word_1_68' title='bbox 1004 886 1365 955; x_wconf 87' lang='lat' dir='ltr'><strong>nequiverunt</strong></span> <span class='ocrx_word' id='word_1_69' title='bbox 1412 883 1893 953; x_wconf 78' lang='lat' dir='ltr'><strong>comprehendere.</strong></span> <span class='ocrx_word' id='word_1_70' title='bbox 1966 881 2031 934; x_wconf 85' lang='lat' dir='ltr'><strong>Et</strong></span> <span class='ocrx_word' id='word_1_71' title='bbox 2070 880 2137 935; x_wconf 88' lang='lat' dir='ltr'><strong>de</strong></span> 
     </span>
    </p>
   </div>
   <div class='ocr_carea' id='block_1_9' title="bbox 552 973 2139 1053">
    <p class='ocr_par' dir='ltr' id='par_1_9' title="bbox 552 973 2139 1053">
     <span class='ocr_line' id='line_1_9' title="bbox 552 973 2139 1053; baseline -0.008 -15"><span class='ocrx_word' id='word_1_72' title='bbox 552 993 704 1038; x_wconf 86' lang='lat' dir='ltr'><strong>tanta</strong></span> <span class='ocrx_word' id='word_1_73' title='bbox 729 981 1111 1053; x_wconf 84' lang='lat' dir='ltr'><strong>mysteriorum</strong></span> <span class='ocrx_word' id='word_1_74' title='bbox 1157 975 1807 1046; x_wconf 88' lang='lat' dir='ltr'><strong>ineomprcheusibilitate</strong></span> <span class='ocrx_word' id='word_1_75' title='bbox 1851 973 1994 1027; x_wconf 93' lang='lat' dir='ltr'><strong>venit</strong></span> <span class='ocrx_word' id='word_1_76' title='bbox 2040 988 2139 1026; x_wconf 75' lang='lat' dir='ltr'><strong>eoa:</strong></span> 
     </span>
    </p>
   </div>
   <div class='ocr_carea' id='block_1_10' title="bbox 554 1063 2137 1139">
    <p class='ocr_par' dir='ltr' id='par_1_10' title="bbox 554 1063 2137 1139">
     <span class='ocr_line' id='line_1_10' title="bbox 554 1063 2137 1139; baseline -0.006 -11"><span class='ocrx_word' id='word_1_77' title='bbox 554 1076 647 1130; x_wconf 88' lang='lat' dir='ltr'><strong>Dei</strong></span> <span class='ocrx_word' id='word_1_78' title='bbox 672 1074 901 1130; x_wconf 88' lang='lat' dir='ltr'><strong>dicentis</strong></span> <span class='ocrx_word' id='word_1_79' title='bbox 924 1073 988 1127; x_wconf 92' lang='lat' dir='ltr'><strong>de</strong></span> <span class='ocrx_word' id='word_1_80' title='bbox 1011 1084 1262 1125; x_wconf 88' lang='lat' dir='ltr'><strong>sermone</strong></span> <span class='ocrx_word' id='word_1_81' title='bbox 1290 1067 1591 1139; x_wconf 43' lang='lat' dir='ltr'><strong>.Evangelii</strong></span> <span class='ocrx_word' id='word_1_82' title='bbox 1615 1067 1739 1137; x_wconf 87' lang='lat' dir='ltr'><strong>quia</strong></span> <span class='ocrx_word' id='word_1_83' title='bbox 1760 1066 1843 1119; x_wconf 84' lang='lat' dir='ltr'><strong>hic</strong></span> <span class='ocrx_word' id='word_1_84' title='bbox 1866 1074 1937 1119; x_wconf 87' lang='lat' dir='ltr'><strong>cst</strong></span> <span class='ocrx_word' id='word_1_85' title='bbox 1965 1063 2137 1119; x_wconf 83' lang='lat' dir='ltr'><strong>Filius</strong></span> 
     </span>
    </p>
   </div>
   <div class='ocr_carea' id='block_1_11' title="bbox 552 1154 2139 1232">
    <p class='ocr_par' dir='ltr' id='par_1_11' title="bbox 552 1154 2139 1232">
     <span class='ocr_line' id='line_1_11' title="bbox 552 1154 2139 1232; baseline -0.006 -11"><span class='ocrx_word' id='word_1_86' title='bbox 552 1183 696 1221; x_wconf 84' lang='lat' dir='ltr'><strong>meus</strong></span> <span class='ocrx_word' id='word_1_87' title='bbox 740 1166 993 1228; x_wconf 76' lang='lat' dir='ltr'><strong>dilectus,</strong></span> <span class='ocrx_word' id='word_1_88' title='bbox 1037 1163 1091 1215; x_wconf 89' lang='lat' dir='ltr'><strong>in</strong></span> <span class='ocrx_word' id='word_1_89' title='bbox 1138 1177 1237 1232; x_wconf 88' lang='lat' dir='ltr'><strong>quo</strong></span> <span class='ocrx_word' id='word_1_90' title='bbox 1299 1160 1428 1212; x_wconf 88' lang='lat' dir='ltr'><strong>mihi</strong></span> <span class='ocrx_word' id='word_1_91' title='bbox 1476 1160 1599 1213; x_wconf 83' lang='lat' dir='ltr'><strong>bene</strong></span> <span class='ocrx_word' id='word_1_92' title='bbox 1647 1156 1958 1227; x_wconf 86' lang='lat' dir='ltr'><strong>contplacui.</strong></span> <span class='ocrx_word' id='word_1_93' title='bbox 2009 1154 2139 1211; x_wconf 80' lang='lat' dir='ltr'><strong>Pto-</strong></span> 
     </span>
    </p>
   </div>
   <div class='ocr_carea' id='block_1_12' title="bbox 551 1247 2135 1322">
    <p class='ocr_par' dir='ltr' id='par_1_12' title="bbox 551 1247 2135 1322">
     <span class='ocr_line' id='line_1_12' title="bbox 551 1247 2135 1322; baseline -0.005 -11"><span class='ocrx_word' id='word_1_94' title='bbox 551 1257 718 1311; x_wconf 88' lang='lat' dir='ltr'><strong>cessit</strong></span> <span class='ocrx_word' id='word_1_95' title='bbox 740 1256 882 1310; x_wconf 90' lang='lat' dir='ltr'><strong>enim</strong></span> <span class='ocrx_word' id='word_1_96' title='bbox 906 1271 969 1309; x_wconf 83' lang='lat' dir='ltr'><strong>ex</strong></span> <span class='ocrx_word' id='word_1_97' title='bbox 999 1254 1105 1308; x_wconf 88' lang='lat' dir='ltr'><strong>Deo</strong></span> <span class='ocrx_word' id='word_1_98' title='bbox 1132 1294 1147 1319; x_wconf 96' lang='lat'><strong>,</strong></span> <span class='ocrx_word' id='word_1_99' title='bbox 1201 1261 1254 1306; x_wconf 93' lang='lat' dir='ltr'><strong>ct</strong></span> <span class='ocrx_word' id='word_1_100' title='bbox 1279 1267 1373 1322; x_wconf 90' lang='lat' dir='ltr'><strong>per</strong></span> <span class='ocrx_word' id='word_1_101' title='bbox 1397 1253 1562 1306; x_wconf 90' lang='lat' dir='ltr'><strong>Deum</strong></span> <span class='ocrx_word' id='word_1_102' title='bbox 1590 1252 1931 1305; x_wconf 88' lang='lat' dir='ltr'><strong>inearnatum</strong></span> <span class='ocrx_word' id='word_1_103' title='bbox 1974 1247 2135 1303; x_wconf 90' lang='lat' dir='ltr'><strong>datus</strong></span> 
     </span>
    </p>
   </div>
   <div class='ocr_carea' id='block_1_13' title="bbox 552 1338 2139 1415">
    <p class='ocr_par' dir='ltr' id='par_1_13' title="bbox 552 1338 2139 1415">
     <span class='ocr_line' id='line_1_13' title="bbox 552 1338 2139 1415; baseline -0.007 -13"><span class='ocrx_word' id='word_1_104' title='bbox 552 1358 634 1403; x_wconf 89' lang='lat' dir='ltr'><strong>est</strong></span> <span class='ocrx_word' id='word_1_105' title='bbox 676 1348 815 1401; x_wconf 89' lang='lat' dir='ltr'><strong>idem</strong></span> <span class='ocrx_word' id='word_1_106' title='bbox 862 1347 1049 1415; x_wconf 77' lang='lat' dir='ltr'><strong>gratia:</strong></span> <span class='ocrx_word' id='word_1_107' title='bbox 1090 1360 1301 1409; x_wconf 91' lang='lat' dir='ltr'><strong>sermo;</strong></span> <span class='ocrx_word' id='word_1_108' title='bbox 1375 1355 1700 1411; x_wconf 89' lang='lat' dir='ltr'><strong>omnemque</strong></span> <span class='ocrx_word' id='word_1_109' title='bbox 1753 1338 2139 1410; x_wconf 78' lang='lat' dir='ltr'><strong>perfectionem</strong></span> 
     </span>
    </p>
   </div>
   <div class='ocr_carea' id='block_1_14' title="bbox 548 1428 2133 1509">
    <p class='ocr_par' dir='ltr' id='par_1_14' title="bbox 548 1428 2133 1509">
     <span class='ocr_line' id='line_1_14' title="bbox 548 1428 2133 1509; baseline -0.006 -18"><span class='ocrx_word' id='word_1_110' title='bbox 548 1437 803 1509; x_wconf 74' lang='lat' dir='ltr'><strong>justitize,</strong></span> <span class='ocrx_word' id='word_1_111' title='bbox 829 1453 990 1506; x_wconf 88' lang='lat' dir='ltr'><strong>quam</strong></span> <span class='ocrx_word' id='word_1_112' title='bbox 1024 1428 1276 1489; x_wconf 72' lang='lat' dir='ltr'><strong>mortales</strong></span> <span class='ocrx_word' id='word_1_113' title='bbox 1316 1448 1512 1502; x_wconf 84' lang='lat' dir='ltr'><strong>capere</strong></span> <span class='ocrx_word' id='word_1_114' title='bbox 1552 1440 1781 1502; x_wconf 88' lang='lat' dir='ltr'><strong>possunt</strong></span> <span class='ocrx_word' id='word_1_115' title='bbox 1809 1471 1821 1492; x_wconf 87' lang='lat'><strong>,</strong></span> <span class='ocrx_word' id='word_1_116' title='bbox 1870 1430 2133 1495; x_wconf 86' lang='lat' dir='ltr'><strong>continet;</strong></span> 
     </span>
    </p>
   </div>
   <div class='ocr_carea' id='block_1_15' title="bbox 553 1522 2142 1599">
    <p class='ocr_par' dir='ltr' id='par_1_15' title="bbox 553 1522 2142 1599">
     <span class='ocr_line' id='line_1_15' title="bbox 553 1522 2142 1599; baseline -0.006 -13"><span class='ocrx_word' id='word_1_117' title='bbox 553 1542 609 1586; x_wconf 88' lang='lat' dir='ltr'><strong>et</strong></span> <span class='ocrx_word' id='word_1_118' title='bbox 630 1547 789 1586; x_wconf 89' lang='lat' dir='ltr'><strong>omne</strong></span> <span class='ocrx_word' id='word_1_119' title='bbox 817 1530 910 1584; x_wconf 91' lang='lat' dir='ltr'><strong>Dei</strong></span> <span class='ocrx_word' id='word_1_120' title='bbox 935 1528 1326 1599; x_wconf 88' lang='lat' dir='ltr'><strong>beneplacitum</strong></span> <span class='ocrx_word' id='word_1_121' title='bbox 1352 1525 1611 1580; x_wconf 76' lang='lat' dir='ltr'><strong>declarat.</strong></span> <span class='ocrx_word' id='word_1_122' title='bbox 1665 1524 1895 1593; x_wconf 81' lang='lat' dir='ltr'><strong>Propter</strong></span> <span class='ocrx_word' id='word_1_123' title='bbox 1920 1522 2061 1592; x_wconf 89' lang='lat' dir='ltr'><strong>quod</strong></span> <span class='ocrx_word' id='word_1_124' title='bbox 2087 1530 2142 1577; x_wconf 88' lang='lat' dir='ltr'><strong>et</strong></span> 
     </span>
    </p>
   </div>
   <div class='ocr_carea' id='block_1_16' title="bbox 549 1613 2145 1691">
    <p class='ocr_par' dir='ltr' id='par_1_16' title="bbox 549 1613 2145 1691">
     <span class='ocr_line' id='line_1_16' title="bbox 549 1613 2145 1691; baseline -0.007 -13"><span class='ocrx_word' id='word_1_125' title='bbox 549 1622 621 1678; x_wconf 87' lang='lat' dir='ltr'><strong>de</strong></span> <span class='ocrx_word' id='word_1_126' title='bbox 656 1638 720 1677; x_wconf 92' lang='lat' dir='ltr'><strong>co</strong></span> <span class='ocrx_word' id='word_1_127' title='bbox 743 1621 898 1688; x_wconf 86' lang='lat' dir='ltr'><strong>dicit,</strong></span> <span class='ocrx_word' id='word_1_128' title='bbox 941 1622 997 1673; x_wconf 85' lang='lat' dir='ltr'><strong>in</strong></span> <span class='ocrx_word' id='word_1_129' title='bbox 1034 1636 1134 1691; x_wconf 88' lang='lat' dir='ltr'><strong>quo</strong></span> <span class='ocrx_word' id='word_1_130' title='bbox 1176 1619 1303 1671; x_wconf 88' lang='lat' dir='ltr'><strong>mihi</strong></span> <span class='ocrx_word' id='word_1_131' title='bbox 1353 1616 1477 1670; x_wconf 84' lang='lat' dir='ltr'><strong>bene</strong></span> <span class='ocrx_word' id='word_1_132' title='bbox 1524 1614 1834 1684; x_wconf 83' lang='lat' dir='ltr'><strong>complacui.</strong></span> <span class='ocrx_word' id='word_1_133' title='bbox 1896 1613 2048 1668; x_wconf 88' lang='lat' dir='ltr'><strong>Unde</strong></span> <span class='ocrx_word' id='word_1_134' title='bbox 2090 1620 2145 1668; x_wconf 83' lang='lat' dir='ltr'><strong>et</strong></span> 
     </span>
    </p>
   </div>
   <div class='ocr_carea' id='block_1_17' title="bbox 550 1705 2141 1782">
    <p class='ocr_par' dir='ltr' id='par_1_17' title="bbox 550 1705 2141 1782">
     <span class='ocr_line' id='line_1_17' title="bbox 550 1705 2141 1782; baseline -0.005 -15"><span class='ocrx_word' id='word_1_135' title='bbox 550 1712 844 1782; x_wconf 82' lang='lat' dir='ltr'><strong>Apostolus</strong></span> <span class='ocrx_word' id='word_1_136' title='bbox 884 1711 961 1764; x_wconf 91' lang='lat' dir='ltr'><strong>ait</strong></span> <span class='ocrx_word' id='word_1_137' title='bbox 999 1728 1013 1763; x_wconf 90' lang='lat'>:</span> <span class='ocrx_word' id='word_1_138' title='bbox 1076 1708 1390 1779; x_wconf 84' lang='lat' dir='ltr'><strong>Reprobatio</strong></span> <span class='ocrx_word' id='word_1_139' title='bbox 1432 1708 1638 1776; x_wconf 83' lang='lat' dir='ltr'><strong>quidem</strong></span> <span class='ocrx_word' id='word_1_140' title='bbox 1678 1705 1737 1773; x_wconf 84' lang='lat' dir='ltr'><strong>ﬁt</strong></span> <span class='ocrx_word' id='word_1_141' title='bbox 1800 1705 2141 1773; x_wconf 76' lang='lat' dir='ltr'><strong>prtecedentis</strong></span> 
     </span>
    </p>
   </div>
   <div class='ocr_carea' id='block_1_18' title="bbox 2236 512 3831 586">
    <p class='ocr_par' dir='ltr' id='par_1_18' title="bbox 2236 512 3831 586">
     <span class='ocr_line' id='line_1_18' title="bbox 2236 512 3831 586; baseline 0.006 -19"><span class='ocrx_word' id='word_1_142' title='bbox 2236 512 2383 567; x_wconf 87' lang='lat' dir='ltr'><strong>enim</strong></span> <span class='ocrx_word' id='word_1_143' title='bbox 2433 513 2594 577; x_wconf 90' lang='lat' dir='ltr'><strong>nube,</strong></span> <span class='ocrx_word' id='word_1_144' title='bbox 2637 519 2691 565; x_wconf 91' lang='lat' dir='ltr'><strong>et</strong></span> <span class='ocrx_word' id='word_1_145' title='bbox 2724 513 3175 568; x_wconf 75' lang='lat' dir='ltr'><strong>evanescentibus</strong></span> <span class='ocrx_word' id='word_1_146' title='bbox 3206 514 3388 586; x_wconf 81' lang='lat' dir='ltr'><strong>Moyse</strong></span> <span class='ocrx_word' id='word_1_147' title='bbox 3413 527 3468 571; x_wconf 90' lang='lat' dir='ltr'><strong>et</strong></span> <span class='ocrx_word' id='word_1_148' title='bbox 3498 519 3637 584; x_wconf 81' lang='lat' dir='ltr'><strong>Elia,</strong></span> <span class='ocrx_word' id='word_1_149' title='bbox 3672 521 3831 579; x_wconf 63' lang='lat' dir='ltr'><strong>Chrio</strong></span> 
     </span>
    </p>
   </div>
   <div class='ocr_carea' id='block_1_19' title="bbox 2237 604 3831 681">
    <p class='ocr_par' dir='ltr' id='par_1_19' title="bbox 2237 604 3831 681">
     <span class='ocr_line' id='line_1_19' title="bbox 2237 604 3831 681; baseline 0.008 -22"><span class='ocrx_word' id='word_1_150' title='bbox 2237 613 2351 659; x_wconf 91' lang='lat' dir='ltr'><strong>stus</strong></span> <span class='ocrx_word' id='word_1_151' title='bbox 2408 604 2557 658; x_wconf 91' lang='lat' dir='ltr'><strong>solus</strong></span> <span class='ocrx_word' id='word_1_152' title='bbox 2605 604 2879 669; x_wconf 89' lang='lat' dir='ltr'><strong>cernitur;</strong></span> <span class='ocrx_word' id='word_1_153' title='bbox 2949 605 3076 674; x_wconf 86' lang='lat' dir='ltr'><strong>quia</strong></span> <span class='ocrx_word' id='word_1_154' title='bbox 3135 606 3269 675; x_wconf 87' lang='lat' dir='ltr'><strong>legis</strong></span> <span class='ocrx_word' id='word_1_155' title='bbox 3323 619 3379 663; x_wconf 87' lang='lat' dir='ltr'><strong>et</strong></span> <span class='ocrx_word' id='word_1_156' title='bbox 3437 613 3831 681; x_wconf 86' lang='lat' dir='ltr'><strong>prophetarum</strong></span> 
     </span>
    </p>
   </div>
   <div class='ocr_carea' id='block_1_20' title="bbox 2237 695 3831 774">
    <p class='ocr_par' dir='ltr' id='par_1_20' title="bbox 2237 695 3831 774">
     <span class='ocr_line' id='line_1_20' title="bbox 2237 695 3831 774; baseline 0.008 -26"><span class='ocrx_word' id='word_1_157' title='bbox 2237 695 2427 749; x_wconf 89' lang='lat' dir='ltr'><strong>umbra</strong></span> <span class='ocrx_word' id='word_1_158' title='bbox 2458 695 2793 759; x_wconf 88' lang='lat' dir='ltr'><strong>discedente,</strong></span> <span class='ocrx_word' id='word_1_159' title='bbox 2837 711 3021 751; x_wconf 85' lang='lat' dir='ltr'><strong>verum</strong></span> <span class='ocrx_word' id='word_1_160' title='bbox 3054 696 3259 762; x_wconf 85' lang='lat' dir='ltr'><strong>lumen,</strong></span> <span class='ocrx_word' id='word_1_161' title='bbox 3291 713 3624 757; x_wconf 87' lang='lat' dir='ltr'><strong>coruscantc</strong></span> <span class='ocrx_word' id='word_1_162' title='bbox 3651 706 3831 774; x_wconf 85' lang='lat' dir='ltr'><strong>gratia</strong></span> 
     </span>
    </p>
   </div>
   <div class='ocr_carea' id='block_1_21' title="bbox 2240 787 3832 867">
    <p class='ocr_par' dir='ltr' id='par_1_21' title="bbox 2240 787 3832 867">
     <span class='ocr_line' id='line_1_21' title="bbox 2240 787 3832 867; baseline 0.008 -26"><span class='ocrx_word' id='word_1_163' title='bbox 2240 788 2542 857; x_wconf 78' lang='lat' dir='ltr'><strong>Evangelii,</strong></span> <span class='ocrx_word' id='word_1_164' title='bbox 2600 787 2865 856; x_wconf 90' lang='lat' dir='ltr'><strong>splendet.</strong></span> <span class='ocrx_word' id='word_1_165' title='bbox 2922 788 3025 844; x_wconf 83' lang='lat' dir='ltr'><strong>Ubi</strong></span> <span class='ocrx_word' id='word_1_166' title='bbox 3077 791 3219 844; x_wconf 89' lang='lat' dir='ltr'><strong>enim</strong></span> <span class='ocrx_word' id='word_1_167' title='bbox 3271 791 3405 862; x_wconf 81' lang='lat' dir='ltr'><strong>legis</strong></span> <span class='ocrx_word' id='word_1_168' title='bbox 3442 803 3497 849; x_wconf 90' lang='lat' dir='ltr'><strong>et</strong></span> <span class='ocrx_word' id='word_1_169' title='bbox 3526 799 3832 867; x_wconf 69' lang='lat' dir='ltr'><strong>prephctia:</strong></span> 
     </span>
    </p>
   </div>
   <div class='ocr_carea' id='block_1_22' title="bbox 2238 877 3831 948">
    <p class='ocr_par' dir='ltr' id='par_1_22' title="bbox 2238 877 3831 948">
     <span class='ocr_line' id='line_1_22' title="bbox 2238 877 3831 948; baseline 0.01 -18"><span class='ocrx_word' id='word_1_170' title='bbox 2238 877 2428 931; x_wconf 89' lang='lat' dir='ltr'><strong>umbra</strong></span> <span class='ocrx_word' id='word_1_171' title='bbox 2455 879 2684 942; x_wconf 84' lang='lat' dir='ltr'><strong>recedit,</strong></span> <span class='ocrx_word' id='word_1_172' title='bbox 2712 894 2832 948; x_wconf 67' lang='lat' dir='ltr'><strong>quae</strong></span> <span class='ocrx_word' id='word_1_173' title='bbox 2863 894 2962 933; x_wconf 91' lang='lat' dir='ltr'><strong>suo</strong></span> <span class='ocrx_word' id='word_1_174' title='bbox 2991 879 3254 934; x_wconf 89' lang='lat' dir='ltr'><strong>velamine</strong></span> <span class='ocrx_word' id='word_1_175' title='bbox 3284 893 3495 940; x_wconf 90' lang='lat' dir='ltr'><strong>mentes</strong></span> <span class='ocrx_word' id='word_1_176' title='bbox 3546 886 3831 946; x_wconf 86' lang='lat' dir='ltr'><strong>hominum</strong></span> 
     </span>
    </p>
   </div>
   <div class='ocr_carea' id='block_1_23' title="bbox 2241 969 3831 1043">
    <p class='ocr_par' dir='ltr' id='par_1_23' title="bbox 2241 969 3831 1043">
     <span class='ocr_line' id='line_1_23' title="bbox 2241 969 3831 1043; baseline 0.008 -20"><span class='ocrx_word' id='word_1_177' title='bbox 2241 969 2482 1040; x_wconf 80' lang='lat' dir='ltr'><strong>tegebat,</strong></span> <span class='ocrx_word' id='word_1_178' title='bbox 2535 979 2768 1039; x_wconf 88' lang='lat' dir='ltr'><strong>utraque</strong></span> <span class='ocrx_word' id='word_1_179' title='bbox 2821 971 3088 1040; x_wconf 75' lang='lat' dir='ltr'><strong>reperitur</strong></span> <span class='ocrx_word' id='word_1_180' title='bbox 3126 973 3177 1025; x_wconf 92' lang='lat' dir='ltr'><strong>in</strong></span> <span class='ocrx_word' id='word_1_181' title='bbox 3209 973 3515 1043; x_wconf 80' lang='lat' dir='ltr'><strong>Evangelia.</strong></span> <span class='ocrx_word' id='word_1_182' title='bbox 3547 976 3681 1032; x_wconf 82' lang='lat' dir='ltr'><strong>Nam</strong></span> <span class='ocrx_word' id='word_1_183' title='bbox 3703 996 3831 1036; x_wconf 82' lang='lat' dir='ltr'><strong>cum</strong></span> 
     </span>
    </p>
   </div>
   <div class='ocr_carea' id='block_1_24' title="bbox 2243 1060 3831 1137">
    <p class='ocr_par' dir='ltr' id='par_1_24' title="bbox 2243 1060 3831 1137">
     <span class='ocr_line' id='line_1_24' title="bbox 2243 1060 3831 1137; baseline 0.008 -24"><span class='ocrx_word' id='word_1_184' title='bbox 2243 1068 2351 1114; x_wconf 91' lang='lat' dir='ltr'><strong>tres</strong></span> <span class='ocrx_word' id='word_1_185' title='bbox 2392 1069 2597 1125; x_wconf 87' lang='lat' dir='ltr'><strong>essent,</strong></span> <span class='ocrx_word' id='word_1_186' title='bbox 2645 1076 2784 1115; x_wconf 91' lang='lat' dir='ltr'><strong>unus</strong></span> <span class='ocrx_word' id='word_1_187' title='bbox 2825 1070 2911 1115; x_wconf 91' lang='lat' dir='ltr'><strong>est</strong></span> <span class='ocrx_word' id='word_1_188' title='bbox 2941 1060 3137 1115; x_wconf 85' lang='lat' dir='ltr'><strong>factus.</strong></span> <span class='ocrx_word' id='word_1_189' title='bbox 3169 1062 3305 1117; x_wconf 85' lang='lat' dir='ltr'><strong>Tres</strong></span> <span class='ocrx_word' id='word_1_190' title='bbox 3345 1064 3395 1118; x_wconf 93' lang='lat' dir='ltr'><strong>in</strong></span> <span class='ocrx_word' id='word_1_191' title='bbox 3428 1068 3695 1137; x_wconf 90' lang='lat' dir='ltr'><strong>principio</strong></span> <span class='ocrx_word' id='word_1_192' title='bbox 3725 1071 3831 1127; x_wconf 87' lang='lat' dir='ltr'><strong>visi</strong></span> 
     </span>
    </p>
   </div>
   <div class='ocr_carea' id='block_1_25' title="bbox 2240 1150 3833 1224">
    <p class='ocr_par' dir='ltr' id='par_1_25' title="bbox 2240 1150 3833 1224">
     <span class='ocr_line' id='line_1_25' title="bbox 2240 1150 3833 1224; baseline 0.008 -21"><span class='ocrx_word' id='word_1_193' title='bbox 2240 1159 2389 1216; x_wconf 84' lang='lat' dir='ltr'><strong>sunt,</strong></span> <span class='ocrx_word' id='word_1_194' title='bbox 2423 1167 2565 1204; x_wconf 76' lang='lat' dir='ltr'><strong>unus</strong></span> <span class='ocrx_word' id='word_1_195' title='bbox 2586 1150 2638 1204; x_wconf 89' lang='lat' dir='ltr'><strong>in</strong></span> <span class='ocrx_word' id='word_1_196' title='bbox 2676 1152 2799 1206; x_wconf 89' lang='lat' dir='ltr'><strong>line.</strong></span> <span class='ocrx_word' id='word_1_197' title='bbox 2831 1150 2965 1218; x_wconf 87' lang='lat' dir='ltr'><strong>Quia</strong></span> <span class='ocrx_word' id='word_1_198' title='bbox 3001 1151 3107 1215; x_wconf 71' lang='lat' dir='ltr'><strong>lex,</strong></span> <span class='ocrx_word' id='word_1_199' title='bbox 3150 1162 3203 1206; x_wconf 85' lang='lat' dir='ltr'><strong>et</strong></span> <span class='ocrx_word' id='word_1_200' title='bbox 3236 1156 3543 1224; x_wconf 81' lang='lat' dir='ltr'><strong>prophetia,</strong></span> <span class='ocrx_word' id='word_1_201' title='bbox 3570 1167 3625 1213; x_wconf 89' lang='lat' dir='ltr'><strong>ct</strong></span> <span class='ocrx_word' id='word_1_202' title='bbox 3649 1159 3833 1214; x_wconf 80' lang='lat' dir='ltr'><strong>Evan-</strong></span> 
     </span>
    </p>
   </div>
   <div class='ocr_carea' id='block_1_26' title="bbox 2241 1242 3833 1317">
    <p class='ocr_par' dir='ltr' id='par_1_26' title="bbox 2241 1242 3833 1317">
     <span class='ocr_line' id='line_1_26' title="bbox 2241 1242 3833 1317; baseline 0.005 -20"><span class='ocrx_word' id='word_1_203' title='bbox 2241 1243 2466 1313; x_wconf 86' lang='lat' dir='ltr'><strong>gelium,</strong></span> <span class='ocrx_word' id='word_1_204' title='bbox 2523 1243 2740 1313; x_wconf 78' lang='lat' dir='ltr'><strong>quando</strong></span> <span class='ocrx_word' id='word_1_205' title='bbox 2787 1242 3083 1297; x_wconf 87' lang='lat' dir='ltr'><strong>secundum</strong></span> <span class='ocrx_word' id='word_1_206' title='bbox 3133 1244 3326 1300; x_wconf 72' lang='lat' dir='ltr'><strong>littera:</strong></span> <span class='ocrx_word' id='word_1_207' title='bbox 3372 1247 3715 1317; x_wconf 83' lang='lat' dir='ltr'><strong>superficiem</strong></span> <span class='ocrx_word' id='word_1_208' title='bbox 3746 1259 3833 1305; x_wconf 84' lang='lat' dir='ltr'><strong>at-</strong></span> 
     </span>
    </p>
   </div>
   <div class='ocr_carea' id='block_1_27' title="bbox 2243 1336 3845 1406">
    <p class='ocr_par' dir='ltr' id='par_1_27' title="bbox 2243 1336 3845 1406">
     <span class='ocr_line' id='line_1_27' title="bbox 2243 1336 3845 1406; baseline 0.004 -16"><span class='ocrx_word' id='word_1_209' title='bbox 2243 1336 2555 1398; x_wconf 89' lang='lat' dir='ltr'><strong>tenduntur,</strong></span> <span class='ocrx_word' id='word_1_210' title='bbox 2589 1344 2700 1390; x_wconf 92' lang='lat' dir='ltr'><strong>trcs</strong></span> <span class='ocrx_word' id='word_1_211' title='bbox 2748 1336 3048 1389; x_wconf 89' lang='lat' dir='ltr'><strong>videntur:</strong></span> <span class='ocrx_word' id='word_1_212' title='bbox 3094 1338 3313 1406; x_wconf 88' lang='lat' dir='ltr'><strong>quando</strong></span> <span class='ocrx_word' id='word_1_213' title='bbox 3361 1341 3659 1394; x_wconf 89' lang='lat' dir='ltr'><strong>secundum</strong></span> <span class='ocrx_word' id='word_1_214' title='bbox 3692 1342 3845 1397; x_wconf 66' lang='lat' dir='ltr'><strong>inte-‘</strong></span> 
     </span>
    </p>
   </div>
   <div class='ocr_carea' id='block_1_28' title="bbox 2244 1431 3833 1502">
    <p class='ocr_par' dir='ltr' id='par_1_28' title="bbox 2244 1431 3833 1502">
     <span class='ocr_line' id='line_1_28' title="bbox 2244 1431 3833 1502; baseline 0.002 -16"><span class='ocrx_word' id='word_1_215' title='bbox 2244 1432 2441 1486; x_wconf 88' lang='lat' dir='ltr'><strong>riorcm</strong></span> <span class='ocrx_word' id='word_1_216' title='bbox 2468 1446 2685 1485; x_wconf 86' lang='lat' dir='ltr'><strong>sensum</strong></span> <span class='ocrx_word' id='word_1_217' title='bbox 2705 1431 3085 1499; x_wconf 86' lang='lat' dir='ltr'><strong>inspiciuntur,</strong></span> <span class='ocrx_word' id='word_1_218' title='bbox 3114 1447 3253 1486; x_wconf 87' lang='lat' dir='ltr'><strong>unus</strong></span> <span class='ocrx_word' id='word_1_219' title='bbox 3278 1442 3522 1502; x_wconf 85' lang='lat' dir='ltr'><strong>apparet.</strong></span> <span class='ocrx_word' id='word_1_220' title='bbox 3551 1433 3664 1488; x_wconf 78' lang='lat' dir='ltr'><strong>Lex</strong></span> <span class='ocrx_word' id='word_1_221' title='bbox 3679 1434 3833 1489; x_wconf 88' lang='lat' dir='ltr'><strong>enim</strong></span> 
     </span>
    </p>
   </div>
   <div class='ocr_carea' id='block_1_29' title="bbox 2244 1519 3833 1590">
    <p class='ocr_par' dir='ltr' id='par_1_29' title="bbox 2244 1519 3833 1590">
     <span class='ocr_line' id='line_1_29' title="bbox 2244 1519 3833 1590; baseline 0.003 -15"><span class='ocrx_word' id='word_1_222' title='bbox 2244 1531 2299 1575; x_wconf 90' lang='lat' dir='ltr'><strong>et</strong></span> <span class='ocrx_word' id='word_1_223' title='bbox 2341 1520 2657 1590; x_wconf 65' lang='lat' dir='ltr'><strong>prOphetize,</strong></span> <span class='ocrx_word' id='word_1_224' title='bbox 2713 1519 2868 1588; x_wconf 75' lang='lat' dir='ltr'><strong>juxta</strong></span> <span class='ocrx_word' id='word_1_225' title='bbox 2927 1519 3226 1590; x_wconf 80' lang='lat' dir='ltr'><strong>Spiritalem</strong></span> <span class='ocrx_word' id='word_1_226' title='bbox 3282 1520 3631 1587; x_wconf 89' lang='lat' dir='ltr'><strong>intellectum,</strong></span> <span class='ocrx_word' id='word_1_227' title='bbox 3692 1526 3833 1581; x_wconf 86' lang='lat' dir='ltr'><strong>nihil</strong></span> 
     </span>
    </p>
   </div>
   <div class='ocr_carea' id='block_1_30' title="bbox 2244 1608 3835 1682">
    <p class='ocr_par' dir='ltr' id='par_1_30' title="bbox 2244 1608 3835 1682">
     <span class='ocr_line' id='line_1_30' title="bbox 2244 1608 3835 1682; baseline 0.004 -19"><span class='ocrx_word' id='word_1_228' title='bbox 2244 1610 2390 1664; x_wconf 88' lang='lat' dir='ltr'><strong>aliud</strong></span> <span class='ocrx_word' id='word_1_229' title='bbox 2426 1619 2553 1663; x_wconf 87' lang='lat' dir='ltr'><strong>sunt</strong></span> <span class='ocrx_word' id='word_1_230' title='bbox 2588 1624 2749 1679; x_wconf 90' lang='lat' dir='ltr'><strong>quam</strong></span> <span class='ocrx_word' id='word_1_231' title='bbox 2788 1608 3033 1664; x_wconf 85' lang='lat' dir='ltr'><strong>doctrina</strong></span> <span class='ocrx_word' id='word_1_232' title='bbox 3073 1609 3405 1679; x_wconf 81' lang='lat' dir='ltr'><strong>evangeliea.</strong></span> <span class='ocrx_word' id='word_1_233' title='bbox 3438 1610 3573 1666; x_wconf 84' lang='lat' dir='ltr'><strong>Hinc</strong></span> <span class='ocrx_word' id='word_1_234' title='bbox 3611 1611 3733 1682; x_wconf 81' lang='lat' dir='ltr'><strong>jam</strong></span> <span class='ocrx_word' id='word_1_235' title='bbox 3766 1614 3835 1670; x_wconf 83' lang='lat' dir='ltr'><strong>de</strong></span> 
     </span>
    </p>
   </div>
   <div class='ocr_carea' id='block_1_31' title="bbox 2246 1701 3837 1768">
    <p class='ocr_par' dir='ltr' id='par_1_31' title="bbox 2246 1701 3837 1768">
     <span class='ocr_line' id='line_1_31' title="bbox 2246 1701 3837 1768; baseline 0.003 -10"><span class='ocrx_word' id='word_1_236' title='bbox 2246 1712 2430 1758; x_wconf 92' lang='lat' dir='ltr'><strong>monte</strong></span> <span class='ocrx_word' id='word_1_237' title='bbox 2471 1701 2943 1768; x_wconf 90' lang='lat' dir='ltr'><strong>descendentibus,</strong></span> <span class='ocrx_word' id='word_1_238' title='bbox 3002 1702 3053 1756; x_wconf 88' lang='lat' dir='ltr'><strong>id</strong></span> <span class='ocrx_word' id='word_1_239' title='bbox 3080 1711 3164 1757; x_wconf 93' lang='lat' dir='ltr'><strong>est</strong></span> <span class='ocrx_word' id='word_1_240' title='bbox 3213 1703 3277 1757; x_wconf 89' lang='lat' dir='ltr'><strong>de</strong></span> <span class='ocrx_word' id='word_1_241' title='bbox 3328 1703 3609 1760; x_wconf 86' lang='lat' dir='ltr'><strong>altitudine</strong></span> <span class='ocrx_word' id='word_1_242' title='bbox 3660 1707 3837 1762; x_wconf 85' lang='lat' dir='ltr'><strong>subli-</strong></span> 
     </span>
    </p>
   </div>
   <div class='ocr_carea' id='block_1_32' title="bbox 550 1793 3835 1873">
    <p class='ocr_par' dir='ltr' id='par_1_32' title="bbox 550 1793 3835 1873">
     <span class='ocr_line' id='line_1_32' title="bbox 550 1793 3835 1873; baseline -0.001 -17"><span class='ocrx_word' id='word_1_243' title='bbox 550 1803 789 1856; x_wconf 80' lang='lat' dir='ltr'><strong>mandati</strong></span> <span class='ocrx_word' id='word_1_244' title='bbox 830 1812 1040 1873; x_wconf 83' lang='lat' dir='ltr'><strong>propter</strong></span> <span class='ocrx_word' id='word_1_245' title='bbox 1104 1801 1463 1869; x_wconf 82' lang='lat' dir='ltr'><strong>inﬁrmitatem</strong></span> <span class='ocrx_word' id='word_1_246' title='bbox 1505 1800 1618 1869; x_wconf 88' lang='lat' dir='ltr'><strong>ejus</strong></span> <span class='ocrx_word' id='word_1_247' title='bbox 1675 1811 1722 1853; x_wconf 87' lang='lat' dir='ltr'><strong>et</strong></span> <span class='ocrx_word' id='word_1_248' title='bbox 1771 1798 2140 1864; x_wconf 86' lang='lat' dir='ltr'><strong>inutilitatem;</strong></span> <span class='ocrx_word' id='word_1_249' title='bbox 2170 1802 2217 1861; x_wconf 82' lang='grc' dir='ltr'><strong>Β</strong></span> <span class='ocrx_word' id='word_1_250' title='bbox 2247 1793 2433 1849; x_wconf 56' lang='grc' dir='ltr'><strong>ηιίοῒίε</strong></span> <span class='ocrx_word' id='word_1_251' title='bbox 2458 1794 2834 1863; x_wconf 69' lang='lat' dir='ltr'><strong>intelligentiae</strong></span> <span class='ocrx_word' id='word_1_252' title='bbox 2861 1804 2916 1847; x_wconf 90' lang='lat' dir='ltr'><strong>et</strong></span> <span class='ocrx_word' id='word_1_253' title='bbox 2944 1794 3415 1864; x_wconf 89' lang='lat' dir='ltr'><strong>contemplationis</strong></span> <span class='ocrx_word' id='word_1_254' title='bbox 3440 1796 3505 1849; x_wconf 88' lang='lat' dir='ltr'><strong>ad</strong></span> <span class='ocrx_word' id='word_1_255' title='bbox 3539 1797 3646 1850; x_wconf 83' lang='lat' dir='ltr'><strong>ima</strong></span> <span class='ocrx_word' id='word_1_256' title='bbox 3680 1812 3835 1852; x_wconf 84' lang='lat' dir='ltr'><strong>com-</strong></span> 
     </span>
    </p>
   </div>
   <div class='ocr_carea' id='block_1_33' title="bbox 552 1892 2141 1964">
    <p class='ocr_par' dir='ltr' id='par_1_33' title="bbox 552 1892 2141 1964">
     <span class='ocr_line' id='line_1_33' title="bbox 552 1892 2141 1964; baseline -0.001 -18"><span class='ocrx_word' id='word_1_257' title='bbox 552 1894 683 1947; x_wconf 84' lang='lat' dir='ltr'><strong>nihil</strong></span> <span class='ocrx_word' id='word_1_258' title='bbox 720 1898 857 1949; x_wconf 87' lang='lat' dir='ltr'><strong>enint</strong></span> <span class='ocrx_word' id='word_1_259' title='bbox 905 1897 971 1947; x_wconf 86' lang='lat' dir='ltr'><strong>atl</strong></span> <span class='ocrx_word' id='word_1_260' title='bbox 1036 1894 1324 1964; x_wconf 78' lang='lat' dir='ltr'><strong>perfectum</strong></span> <span class='ocrx_word' id='word_1_261' title='bbox 1368 1892 1591 1945; x_wconf 71' lang='lat' dir='ltr'><strong>adduxit</strong></span> <span class='ocrx_word' id='word_1_262' title='bbox 1634 1892 1718 1946; x_wconf 78' lang='lat' dir='ltr'><strong>lea:</strong></span> <span class='ocrx_word' id='word_1_263' title='bbox 1761 1905 1778 1943; x_wconf 90' lang='lat'><strong><em>:</em></strong></span> <span class='ocrx_word' id='word_1_264' title='bbox 1822 1892 2141 1945; x_wconf 82' lang='lat' dir='ltr'><strong>introductio</strong></span> 
     </span>
    </p>
   </div>
   <div class='ocr_carea' id='block_1_34' title="bbox 552 1984 2143 2056">
    <p class='ocr_par' dir='ltr' id='par_1_34' title="bbox 552 1984 2143 2056">
     <span class='ocr_line' id='line_1_34' title="bbox 552 1984 2143 2056; baseline -0.001 -18"><span class='ocrx_word' id='word_1_265' title='bbox 552 2001 670 2039; x_wconf 80' lang='lat' dir='ltr'><strong>rero</strong></span> <span class='ocrx_word' id='word_1_266' title='bbox 711 1988 768 2055; x_wconf 82' lang='lat' dir='ltr'><strong>ﬁt</strong></span> <span class='ocrx_word' id='word_1_267' title='bbox 804 1986 1031 2040; x_wconf 74' lang='lat' dir='ltr'><strong>melioris</strong></span> <span class='ocrx_word' id='word_1_268' title='bbox 1059 1986 1190 2053; x_wconf 89' lang='lat' dir='ltr'><strong>spei,</strong></span> <span class='ocrx_word' id='word_1_269' title='bbox 1213 2002 1303 2054; x_wconf 84' lang='lat' dir='ltr'><strong>per</strong></span> <span class='ocrx_word' id='word_1_270' title='bbox 1328 2004 1485 2056; x_wconf 81' lang='lat' dir='ltr'><strong>quant</strong></span> <span class='ocrx_word' id='word_1_271' title='bbox 1507 1986 1863 2053; x_wconf 73' lang='lat' dir='ltr'><strong>proximamus</strong></span> <span class='ocrx_word' id='word_1_272' title='bbox 1886 1985 1953 2037; x_wconf 89' lang='lat' dir='ltr'><strong>ad</strong></span> <span class='ocrx_word' id='word_1_273' title='bbox 1980 1984 2143 2038; x_wconf 89' lang='lat' dir='ltr'><strong>Deum</strong></span> 
     </span>
    </p>
   </div>
   <div class='ocr_carea' id='block_1_35' title="bbox 556 2073 2144 2147">
    <p class='ocr_par' dir='ltr' id='par_1_35' title="bbox 556 2073 2144 2147">
     <span class='ocr_line' id='line_1_35' title="bbox 556 2073 2144 2147; baseline 0.003 -22"><span class='ocrx_word' id='word_1_274' title='bbox 556 2073 745 2140; x_wconf 81' lang='lat' dir='ltr'><strong>(Hebr.</strong></span> <span class='ocrx_word' id='word_1_275' title='bbox 789 2092 895 2138; x_wconf 86' lang='lat' dir='ltr'><strong>\‘ll,</strong></span> <span class='ocrx_word' id='word_1_276' title='bbox 948 2076 1177 2147; x_wconf 74' lang='lat' dir='ltr'><strong>l8,19).</strong></span> <span class='ocrx_word' id='word_1_277' title='bbox 1234 2078 1299 2130; x_wconf 78' lang='lat' dir='ltr'><strong>Et</strong></span> <span class='ocrx_word' id='word_1_278' title='bbox 1351 2079 1527 2131; x_wconf 90' lang='lat' dir='ltr'><strong>item:</strong></span> <span class='ocrx_word' id='word_1_279' title='bbox 1569 2076 1773 2130; x_wconf 77' lang='lat' dir='ltr'><strong>Namsi</strong></span> <span class='ocrx_word' id='word_1_280' title='bbox 1818 2075 1951 2129; x_wconf 69' lang='lat' dir='ltr'><strong>illud</strong></span> <span class='ocrx_word' id='word_1_281' title='bbox 1998 2078 2144 2146; x_wconf 87' lang='lat' dir='ltr'><strong>prius</strong></span> 
     </span>
    </p>
   </div>
   <div class='ocr_carea' id='block_1_36' title="bbox 555 2166 2145 2239">
    <p class='ocr_par' dir='ltr' id='par_1_36' title="bbox 555 2166 2145 2239">
     <span class='ocr_line' id='line_1_36' title="bbox 555 2166 2145 2239; baseline 0.003 -21"><span class='ocrx_word' id='word_1_282' title='bbox 555 2166 709 2235; x_wconf 72' lang='lat' dir='ltr'><strong>culpa</strong></span> <span class='ocrx_word' id='word_1_283' title='bbox 756 2169 913 2239; x_wconf 76' lang='grc'><strong>167</strong></span> <span class='ocrx_word' id='word_1_284' title='bbox 956 2178 1217 2235; x_wconf 68' lang='lat' dir='ltr'><strong>vacasset,</strong></span> <span class='ocrx_word' id='word_1_285' title='bbox 1275 2186 1379 2223; x_wconf 86' lang='lat' dir='ltr'><strong>non</strong></span> <span class='ocrx_word' id='word_1_286' title='bbox 1415 2170 1589 2239; x_wconf 82' lang='lat' dir='ltr'><strong>utique</strong></span> <span class='ocrx_word' id='word_1_287' title='bbox 1628 2168 1841 2221; x_wconf 88' lang='lat' dir='ltr'><strong>secundi</strong></span> <span class='ocrx_word' id='word_1_288' title='bbox 1879 2168 2024 2221; x_wconf 86' lang='lat' dir='ltr'><strong>locus</strong></span> <span class='ocrx_word' id='word_1_289' title='bbox 2061 2169 2145 2222; x_wconf 88' lang='lat' dir='ltr'><strong>in-</strong></span> 
     </span>
    </p>
   </div>
   <div class='ocr_carea' id='block_1_37' title="bbox 554 2257 2142 2330">
    <p class='ocr_par' dir='ltr' id='par_1_37' title="bbox 554 2257 2142 2330">
     <span class='ocr_line' id='line_1_37' title="bbox 554 2257 2142 2330; baseline 0.002 -21"><span class='ocrx_word' id='word_1_290' title='bbox 554 2258 851 2324; x_wconf 76' lang='lat' dir='ltr'><strong>qztireretur</strong></span> <span class='ocrx_word' id='word_1_291' title='bbox 885 2257 1093 2330; x_wconf 78' lang='lat' dir='ltr'><strong>(Hebr.</strong></span> <span class='ocrx_word' id='word_1_292' title='bbox 1153 2274 1281 2323; x_wconf 87' lang='lat' dir='ltr'><strong>vm,</strong></span> <span class='ocrx_word' id='word_1_293' title='bbox 1324 2260 1415 2330; x_wconf 88' lang='grc'><strong>7).</strong></span> <span class='ocrx_word' id='word_1_294' title='bbox 1461 2258 1525 2312; x_wconf 83' lang='lat' dir='ltr'><strong>Et</strong></span> <span class='ocrx_word' id='word_1_295' title='bbox 1576 2258 1696 2313; x_wconf 90' lang='lat' dir='ltr'><strong>ideo</strong></span> <span class='ocrx_word' id='word_1_296' title='bbox 1737 2258 2142 2313; x_wconf 85' lang='lat' dir='ltr'><strong>Testamentum</strong></span> 
     </span>
    </p>
   </div>
   <div class='ocr_carea' id='block_1_38' title="bbox 556 2343 2143 2419">
    <p class='ocr_par' dir='ltr' id='par_1_38' title="bbox 556 2343 2143 2419">
     <span class='ocr_line' id='line_1_38' title="bbox 556 2343 2143 2419; baseline 0.006 -24"><span class='ocrx_word' id='word_1_297' title='bbox 556 2343 756 2414; x_wconf 67' lang='lat' dir='ltr'><strong>Vetus,</strong></span> <span class='ocrx_word' id='word_1_298' title='bbox 819 2350 960 2417; x_wconf 84' lang='lat' dir='ltr'><strong>quod</strong></span> <span class='ocrx_word' id='word_1_299' title='bbox 1016 2349 1200 2403; x_wconf 88' lang='lat' dir='ltr'><strong>datuut</strong></span> <span class='ocrx_word' id='word_1_300' title='bbox 1252 2360 1335 2404; x_wconf 86' lang='lat' dir='ltr'><strong>est</strong></span> <span class='ocrx_word' id='word_1_301' title='bbox 1379 2365 1475 2419; x_wconf 89' lang='lat' dir='ltr'><strong>per</strong></span> <span class='ocrx_word' id='word_1_302' title='bbox 1525 2366 1779 2416; x_wconf 85' lang='lat' dir='ltr'><strong>servum,</strong></span> <span class='ocrx_word' id='word_1_303' title='bbox 1843 2350 2041 2405; x_wconf 88' lang='lat' dir='ltr'><strong>retinet</strong></span> <span class='ocrx_word' id='word_1_304' title='bbox 2088 2350 2143 2405; x_wconf 90' lang='lat' dir='ltr'><strong>in</strong></span> 
     </span>
    </p>
   </div>
   <div class='ocr_carea' id='block_1_39' title="bbox 556 2440 2142 2512">
    <p class='ocr_par' dir='ltr' id='par_1_39' title="bbox 556 2440 2142 2512">
     <span class='ocr_line' id='line_1_39' title="bbox 556 2440 2142 2512; baseline 0.001 -19"><span class='ocrx_word' id='word_1_305' title='bbox 556 2440 900 2495; x_wconf 86' lang='lat' dir='ltr'><strong>scvditatem</strong></span> <span class='ocrx_word' id='word_1_306' title='bbox 937 2442 1246 2507; x_wconf 78' lang='lat' dir='ltr'><strong>servitutis;</strong></span> <span class='ocrx_word' id='word_1_307' title='bbox 1300 2441 1513 2497; x_wconf 85' lang='lat' dir='ltr'><strong>Novum</strong></span> <span class='ocrx_word' id='word_1_308' title='bbox 1560 2457 1713 2505; x_wconf 88' lang='lat' dir='ltr'><strong>vero,</strong></span> <span class='ocrx_word' id='word_1_309' title='bbox 1761 2443 1906 2512; x_wconf 87' lang='lat' dir='ltr'><strong>quod</strong></span> <span class='ocrx_word' id='word_1_310' title='bbox 1958 2442 2142 2496; x_wconf 90' lang='lat' dir='ltr'><strong>datum</strong></span> 
     </span>
    </p>
   </div>
   <div class='ocr_carea' id='block_1_40' title="bbox 555 2533 2144 2603">
    <p class='ocr_par' dir='ltr' id='par_1_40' title="bbox 555 2533 2144 2603">
     <span class='ocr_line' id='line_1_40' title="bbox 555 2533 2144 2603; baseline 0.001 -16"><span class='ocrx_word' id='word_1_311' title='bbox 555 2541 639 2587; x_wconf 89' lang='lat' dir='ltr'><strong>est</strong></span> <span class='ocrx_word' id='word_1_312' title='bbox 686 2548 784 2602; x_wconf 87' lang='lat' dir='ltr'><strong>per</strong></span> <span class='ocrx_word' id='word_1_313' title='bbox 832 2533 1057 2598; x_wconf 86' lang='lat' dir='ltr'><strong>Filium,</strong></span> <span class='ocrx_word' id='word_1_314' title='bbox 1123 2536 1363 2603; x_wconf 79' lang='lat' dir='ltr'><strong>possidet</strong></span> <span class='ocrx_word' id='word_1_315' title='bbox 1418 2536 1678 2590; x_wconf 88' lang='lat' dir='ltr'><strong>honorem</strong></span> <span class='ocrx_word' id='word_1_316' title='bbox 1728 2535 2027 2599; x_wconf 87' lang='lat' dir='ltr'><strong>liliationis,</strong></span> <span class='ocrx_word' id='word_1_317' title='bbox 2078 2535 2144 2589; x_wconf 90' lang='lat' dir='ltr'><strong>de</strong></span> 
     </span>
    </p>
   </div>
   <div class='ocr_carea' id='block_1_41' title="bbox 558 2625 2146 2695">
    <p class='ocr_par' dir='ltr' id='par_1_41' title="bbox 558 2625 2146 2695">
     <span class='ocr_line' id='line_1_41' title="bbox 558 2625 2146 2695; baseline 0.002 -17"><span class='ocrx_word' id='word_1_318' title='bbox 558 2640 665 2695; x_wconf 92' lang='lat' dir='ltr'><strong>quo</strong></span> <span class='ocrx_word' id='word_1_319' title='bbox 695 2626 936 2680; x_wconf 90' lang='lat' dir='ltr'><strong>dicitur:</strong></span> <span class='ocrx_word' id='word_1_320' title='bbox 972 2625 1076 2679; x_wconf 85' lang='lat' dir='ltr'><strong>llic</strong></span> <span class='ocrx_word' id='word_1_321' title='bbox 1129 2637 1202 2681; x_wconf 87' lang='lat' dir='ltr'><strong>est</strong></span> <span class='ocrx_word' id='word_1_322' title='bbox 1250 2626 1421 2681; x_wconf 88' lang='lat' dir='ltr'><strong>Filius</strong></span> <span class='ocrx_word' id='word_1_323' title='bbox 1464 2645 1607 2682; x_wconf 87' lang='lat' dir='ltr'><strong>meus</strong></span> <span class='ocrx_word' id='word_1_324' title='bbox 1647 2627 1901 2691; x_wconf 88' lang='lat' dir='ltr'><strong>dilectus;</strong></span> <span class='ocrx_word' id='word_1_325' title='bbox 1959 2635 2013 2682; x_wconf 87' lang='lat' dir='ltr'><strong>ct</strong></span> <span class='ocrx_word' id='word_1_326' title='bbox 2053 2627 2146 2681; x_wconf 86' lang='lat' dir='ltr'><strong>ad-</strong></span> 
     </span>
    </p>
   </div>
   <div class='ocr_carea' id='block_1_42' title="bbox 556 2718 2145 2788">
    <p class='ocr_par' dir='ltr' id='par_1_42' title="bbox 556 2718 2145 2788">
     <span class='ocr_line' id='line_1_42' title="bbox 556 2718 2145 2788; baseline 0.001 -16"><span class='ocrx_word' id='word_1_327' title='bbox 556 2718 701 2772; x_wconf 88' lang='lat' dir='ltr'><strong>ditur</strong></span> <span class='ocrx_word' id='word_1_328' title='bbox 763 2718 831 2774; x_wconf 89' lang='lat' dir='ltr'><strong>de</strong></span> <span class='ocrx_word' id='word_1_329' title='bbox 894 2733 990 2783; x_wconf 91' lang='lat' dir='ltr'><strong>co,</strong></span> <span class='ocrx_word' id='word_1_330' title='bbox 1047 2720 1216 2787; x_wconf 81' lang='lat' dir='ltr'><strong>ipsum</strong></span> <span class='ocrx_word' id='word_1_331' title='bbox 1268 2720 1493 2773; x_wconf 86' lang='lat' dir='ltr'><strong>audite:</strong></span> <span class='ocrx_word' id='word_1_332' title='bbox 1550 2719 1675 2788; x_wconf 87' lang='lat' dir='ltr'><strong>quia</strong></span> <span class='ocrx_word' id='word_1_333' title='bbox 1741 2718 1997 2788; x_wconf 88' lang='lat' dir='ltr'><strong>quidquid</strong></span> <span class='ocrx_word' id='word_1_334' title='bbox 2058 2719 2145 2773; x_wconf 81' lang='lat' dir='ltr'><strong>lex</strong></span> 
     </span>
    </p>
   </div>
   <div class='ocr_carea' id='block_1_43' title="bbox 555 2805 2148 2877">
    <p class='ocr_par' dir='ltr' id='par_1_43' title="bbox 555 2805 2148 2877">
     <span class='ocr_line' id='line_1_43' title="bbox 555 2805 2148 2877; baseline 0 -19"><span class='ocrx_word' id='word_1_335' title='bbox 555 2805 777 2875; x_wconf 73' lang='lat' dir='ltr'><strong>iustitia:</strong></span> <span class='ocrx_word' id='word_1_336' title='bbox 824 2816 879 2861; x_wconf 91' lang='lat' dir='ltr'><strong>et</strong></span> <span class='ocrx_word' id='word_1_337' title='bbox 924 2809 1201 2877; x_wconf 74' lang='lat' dir='ltr'><strong>propheta:</strong></span> <span class='ocrx_word' id='word_1_338' title='bbox 1257 2806 1729 2877; x_wconf 82' lang='lat' dir='ltr'><strong>promulgaverunt</strong></span> <span class='ocrx_word' id='word_1_339' title='bbox 1784 2809 1836 2861; x_wconf 89' lang='lat' dir='ltr'><strong>in</strong></span> <span class='ocrx_word' id='word_1_340' title='bbox 1879 2823 1945 2862; x_wconf 90' lang='lat' dir='ltr'><strong>eo</strong></span> <span class='ocrx_word' id='word_1_341' title='bbox 1975 2807 2148 2861; x_wconf 86' lang='lat' dir='ltr'><strong>conti-</strong></span> 
     </span>
    </p>
   </div>
   <div class='ocr_carea' id='block_1_44' title="bbox 561 2897 2141 2967">
    <p class='ocr_par' dir='ltr' id='par_1_44' title="bbox 561 2897 2141 2967">
     <span class='ocr_line' id='line_1_44' title="bbox 561 2897 2141 2967; baseline 0 -16"><span class='ocrx_word' id='word_1_342' title='bbox 561 2910 743 2961; x_wconf 88' lang='lat' dir='ltr'><strong>netur,</strong></span> <span class='ocrx_word' id='word_1_343' title='bbox 785 2906 841 2952; x_wconf 90' lang='lat' dir='ltr'><strong>ct</strong></span> <span class='ocrx_word' id='word_1_344' title='bbox 900 2899 1066 2953; x_wconf 91' lang='lat' dir='ltr'><strong>multo</strong></span> <span class='ocrx_word' id='word_1_345' title='bbox 1110 2898 1361 2967; x_wconf 83' lang='lat' dir='ltr'><strong>amplius.</strong></span> <span class='ocrx_word' id='word_1_346' title='bbox 1408 2900 1498 2952; x_wconf 86' lang='lat' dir='ltr'><strong>Ait</strong></span> <span class='ocrx_word' id='word_1_347' title='bbox 1549 2899 1692 2952; x_wconf 90' lang='lat' dir='ltr'><strong>enim</strong></span> <span class='ocrx_word' id='word_1_348' title='bbox 1730 2897 1991 2951; x_wconf 88' lang='lat' dir='ltr'><strong>Dominus</strong></span> <span class='ocrx_word' id='word_1_349' title='bbox 2023 2899 2091 2953; x_wconf 89' lang='lat' dir='ltr'><strong>ibi</strong></span> <span class='ocrx_word' id='word_1_350' title='bbox 2127 2914 2141 2951; x_wconf 92' lang='lat'><strong>:</strong></span> 
     </span>
    </p>
   </div>
   <div class='ocr_carea' id='block_1_45' title="bbox 565 2985 2144 3057">
    <p class='ocr_par' dir='ltr' id='par_1_45' title="bbox 565 2985 2144 3057">
     <span class='ocr_line' id='line_1_45' title="bbox 565 2985 2144 3057; baseline 0.002 -18"><span class='ocrx_word' id='word_1_351' title='bbox 565 2985 760 3040; x_wconf 85' lang='lat' dir='ltr'><strong>Omnia</strong></span> <span class='ocrx_word' id='word_1_352' title='bbox 803 3004 1124 3057; x_wconf 78' lang='lat' dir='ltr'><strong>qutccunque</strong></span> <span class='ocrx_word' id='word_1_353' title='bbox 1158 2988 1309 3041; x_wconf 81' lang='lat' dir='ltr'><strong>vultis</strong></span> <span class='ocrx_word' id='word_1_354' title='bbox 1346 2998 1399 3040; x_wconf 87' lang='lat' dir='ltr'><strong>ut</strong></span> <span class='ocrx_word' id='word_1_355' title='bbox 1431 2988 1628 3055; x_wconf 80' lang='lat' dir='ltr'><strong>faciant</strong></span> <span class='ocrx_word' id='word_1_356' title='bbox 1657 2988 1793 3041; x_wconf 79' lang='lat' dir='ltr'><strong>nobis</strong></span> <span class='ocrx_word' id='word_1_357' title='bbox 1821 2989 2071 3050; x_wconf 87' lang='lat' dir='ltr'><strong>homines,</strong></span> <span class='ocrx_word' id='word_1_358' title='bbox 2096 2998 2144 3042; x_wconf 86' lang='lat' dir='ltr'><strong>et</strong></span> 
     </span>
    </p>
   </div>
   <div class='ocr_carea' id='block_1_46' title="bbox 560 3078 2138 3161">
    <p class='ocr_par' dir='ltr' id='par_1_46' title="bbox 560 3078 2138 3161">
     <span class='ocr_line' id='line_1_46' title="bbox 560 3078 2138 3161; baseline 0.002 -31"><span class='ocrx_word' id='word_1_359' title='bbox 560 3094 649 3130; x_wconf 71' lang='lat' dir='ltr'><strong>vos</strong></span> <span class='ocrx_word' id='word_1_360' title='bbox 675 3078 833 3147; x_wconf 77' lang='lat' dir='ltr'><strong>facile</strong></span> <span class='ocrx_word' id='word_1_361' title='bbox 861 3078 1003 3143; x_wconf 87' lang='lat' dir='ltr'><strong>illis;</strong></span> <span class='ocrx_word' id='word_1_362' title='bbox 1039 3080 1149 3133; x_wconf 71' lang='lat' dir='ltr'><strong>ha&#39;c</strong></span> <span class='ocrx_word' id='word_1_363' title='bbox 1188 3090 1260 3132; x_wconf 87' lang='lat' dir='ltr'><strong>est</strong></span> <span class='ocrx_word' id='word_1_364' title='bbox 1302 3080 1434 3161; x_wconf 77' lang='lat' dir='ltr'><strong>enim</strong></span> <span class='ocrx_word' id='word_1_365' title='bbox 1464 3079 1548 3132; x_wconf 78' lang='lat' dir='ltr'><strong>lea:</strong></span> <span class='ocrx_word' id='word_1_366' title='bbox 1572 3088 1619 3133; x_wconf 92' lang='lat' dir='ltr'><strong>et</strong></span> <span class='ocrx_word' id='word_1_367' title='bbox 1641 3079 1902 3148; x_wconf 79' lang='lat' dir='ltr'><strong>propheta:</strong></span> <span class='ocrx_word' id='word_1_368' title='bbox 1925 3079 2138 3147; x_wconf 84' lang='lat' dir='ltr'><strong>(Matth.</strong></span> 
     </span>
    </p>
   </div>
   <div class='ocr_carea' id='block_1_47' title="bbox 558 3155 3404 3242">
    <p class='ocr_par' dir='ltr' id='par_1_47' title="bbox 558 3155 3404 3242">
     <span class='ocr_line' id='line_1_47' title="bbox 558 3155 3404 3242; baseline -0.002 -19"><span class='ocrx_word' id='word_1_369' title='bbox 558 3185 655 3234; x_wconf 82' lang='lat' dir='ltr'><strong>vit,</strong></span> <span class='ocrx_word' id='word_1_370' title='bbox 714 3170 818 3240; x_wconf 73' lang='lat' dir='ltr'><strong>l2).</strong></span> <span class='ocrx_word' id='word_1_371' title='bbox 872 3171 941 3225; x_wconf 88' lang='lat' dir='ltr'><strong>Et</strong></span> <span class='ocrx_word' id='word_1_372' title='bbox 996 3172 1061 3226; x_wconf 90' lang='lat' dir='ltr'><strong>de</strong></span> <span class='ocrx_word' id='word_1_373' title='bbox 1112 3172 1317 3242; x_wconf 83' lang='lat' dir='ltr'><strong>&#39;majore</strong></span> <span class='ocrx_word' id='word_1_374' title='bbox 1358 3155 1572 3240; x_wconf 85' lang='lat' dir='ltr'><strong>justitia</strong></span> <span class='ocrx_word' id='word_1_375' title='bbox 1613 3187 1730 3241; x_wconf 72' lang='lat' dir='ltr'><strong>qua:</strong></span> <span class='ocrx_word' id='word_1_376' title='bbox 1772 3180 1856 3225; x_wconf 87' lang='lat' dir='ltr'><strong>est</strong></span> <span class='ocrx_word' id='word_1_377' title='bbox 1894 3172 1946 3225; x_wconf 87' lang='lat' dir='ltr'><strong>in</strong></span> <span class='ocrx_word' id='word_1_378' title='bbox 1973 3172 2141 3238; x_wconf 83' lang='lat' dir='ltr'><strong>Novo,</strong></span> <span class='ocrx_word' id='word_1_379' title='bbox 2173 3155 2217 3215; x_wconf 64' lang='grc' dir='ltr'><strong>(ἶ</strong></span> <span class='ocrx_word' id='word_1_380' title='bbox 2259 3165 2373 3218; x_wconf 77' lang='lat' dir='ltr'><strong>cari</strong></span> <span class='ocrx_word' id='word_1_381' title='bbox 2428 3166 2646 3230; x_wconf 77' lang='lat' dir='ltr'><strong>debent.</strong></span> <span class='ocrx_word' id='word_1_382' title='bbox 2703 3174 2759 3220; x_wconf 88' lang='lat' dir='ltr'><strong>et</strong></span> <span class='ocrx_word' id='word_1_383' title='bbox 2806 3164 3101 3234; x_wconf 86' lang='lat' dir='ltr'><strong>majoribus</strong></span> <span class='ocrx_word' id='word_1_384' title='bbox 3149 3167 3353 3236; x_wconf 85' lang='lat' dir='ltr'><strong>majora</strong></span> <span class='ocrx_word' id='word_1_385' title='bbox 3391 3184 3404 3219; x_wconf 88' lang='lat'><strong>:</strong></span> 
     </span>
    </p>
   </div>
   <div class='ocr_carea' id='block_1_48' title="bbox 559 3264 2142 3335">
    <p class='ocr_par' dir='ltr' id='par_1_48' title="bbox 559 3264 2142 3335">
     <span class='ocr_line' id='line_1_48' title="bbox 559 3264 2142 3335; baseline 0.001 -20"><span class='ocrx_word' id='word_1_386' title='bbox 559 3279 720 3333; x_wconf 83' lang='lat' dir='ltr'><strong>quant</strong></span> <span class='ocrx_word' id='word_1_387' title='bbox 754 3265 805 3317; x_wconf 92' lang='lat' dir='ltr'><strong>in</strong></span> <span class='ocrx_word' id='word_1_388' title='bbox 838 3264 1017 3319; x_wconf 86' lang='lat' dir='ltr'><strong>Veteri</strong></span> <span class='ocrx_word' id='word_1_389' title='bbox 1051 3282 1063 3318; x_wconf 92' lang='lat'>:</span> <span class='ocrx_word' id='word_1_390' title='bbox 1100 3265 1356 3330; x_wconf 76' lang='lat' dir='ltr'><strong>Audistis,</strong></span> <span class='ocrx_word' id='word_1_391' title='bbox 1400 3265 1592 3335; x_wconf 83' lang='lat' dir='ltr'><strong>inquit,</strong></span> <span class='ocrx_word' id='word_1_392' title='bbox 1642 3264 1768 3335; x_wconf 87' lang='lat' dir='ltr'><strong>quia</strong></span> <span class='ocrx_word' id='word_1_393' title='bbox 1823 3266 2019 3318; x_wconf 81' lang='lat' dir='ltr'><strong>dictum</strong></span> <span class='ocrx_word' id='word_1_394' title='bbox 2067 3274 2142 3319; x_wconf 88' lang='lat' dir='ltr'><strong>est</strong></span> 
     </span>
    </p>
   </div>
   <div class='ocr_carea' id='block_1_49' title="bbox 557 3354 2145 3426">
    <p class='ocr_par' dir='ltr' id='par_1_49' title="bbox 557 3354 2145 3426">
     <span class='ocr_line' id='line_1_49' title="bbox 557 3354 2145 3426; baseline 0.001 -19"><span class='ocrx_word' id='word_1_395' title='bbox 557 3354 787 3425; x_wconf 81' lang='lat' dir='ltr'><strong>antiquis</strong></span> <span class='ocrx_word' id='word_1_396' title='bbox 828 3354 998 3413; x_wconf 82' lang='lat' dir='ltr'><strong>:Non</strong></span> <span class='ocrx_word' id='word_1_397' title='bbox 1065 3356 1386 3426; x_wconf 64' lang='lat' dir='ltr'><strong>petjurabis,</strong></span> <span class='ocrx_word' id='word_1_398' title='bbox 1451 3357 1633 3409; x_wconf 78' lang='lat' dir='ltr'><strong>reddes</strong></span> <span class='ocrx_word' id='word_1_399' title='bbox 1694 3365 1865 3409; x_wconf 85' lang='lat' dir='ltr'><strong>autent</strong></span> <span class='ocrx_word' id='word_1_400' title='bbox 1920 3355 2145 3409; x_wconf 87' lang='lat' dir='ltr'><strong>Domino</strong></span> 
     </span>
    </p>
   </div>
   <div class='ocr_carea' id='block_1_50' title="bbox 552 3445 2146 3516">
    <p class='ocr_par' dir='ltr' id='par_1_50' title="bbox 552 3445 2146 3516">
     <span class='ocr_line' id='line_1_50' title="bbox 552 3445 2146 3516; baseline 0.003 -21"><span class='ocrx_word' id='word_1_401' title='bbox 552 3445 869 3514; x_wconf 83' lang='lat' dir='ltr'><strong>juramenta</strong></span> <span class='ocrx_word' id='word_1_402' title='bbox 923 3457 1035 3499; x_wconf 87' lang='lat' dir='ltr'><strong>tua.</strong></span> <span class='ocrx_word' id='word_1_403' title='bbox 1088 3445 1201 3514; x_wconf 83' lang='lat' dir='ltr'><strong>Ego</strong></span> <span class='ocrx_word' id='word_1_404' title='bbox 1250 3456 1424 3500; x_wconf 88' lang='lat' dir='ltr'><strong>autem</strong></span> <span class='ocrx_word' id='word_1_405' title='bbox 1474 3446 1590 3500; x_wconf 83' lang='lat' dir='ltr'><strong>dico</strong></span> <span class='ocrx_word' id='word_1_406' title='bbox 1633 3446 1793 3511; x_wconf 79' lang='lat' dir='ltr'><strong>vobis,</strong></span> <span class='ocrx_word' id='word_1_407' title='bbox 1835 3463 1936 3500; x_wconf 87' lang='lat' dir='ltr'><strong>non</strong></span> <span class='ocrx_word' id='word_1_408' title='bbox 1957 3446 2146 3516; x_wconf 87' lang='lat' dir='ltr'><strong>jurare</strong></span> 
     </span>
    </p>
   </div>
   <div class='ocr_carea' id='block_1_51' title="bbox 560 3535 2146 3607">
    <p class='ocr_par' dir='ltr' id='par_1_51' title="bbox 560 3535 2146 3607">
     <span class='ocr_line' id='line_1_51' title="bbox 560 3535 2146 3607; baseline 0.003 -21"><span class='ocrx_word' id='word_1_409' title='bbox 560 3535 776 3589; x_wconf 89' lang='lat' dir='ltr'><strong>omnino</strong></span> <span class='ocrx_word' id='word_1_410' title='bbox 801 3535 1021 3607; x_wconf 80' lang='lat' dir='ltr'><strong>(Matth.</strong></span> <span class='ocrx_word' id='word_1_411' title='bbox 1046 3553 1098 3601; x_wconf 91' lang='lat' dir='ltr'><strong>v,</strong></span> <span class='ocrx_word' id='word_1_412' title='bbox 1120 3538 1233 3607; x_wconf 76' lang='grc'><strong>35).</strong></span> <span class='ocrx_word' id='word_1_413' title='bbox 1260 3537 1499 3607; x_wconf 87' lang='lat' dir='ltr'><strong>Itemque</strong></span> <span class='ocrx_word' id='word_1_414' title='bbox 1518 3553 1530 3591; x_wconf 90' lang='lat'><strong>:</strong></span> <span class='ocrx_word' id='word_1_415' title='bbox 1552 3540 1783 3590; x_wconf 77' lang='lat' dir='ltr'><strong>Audistis</strong></span> <span class='ocrx_word' id='word_1_416' title='bbox 1804 3539 1925 3607; x_wconf 89' lang='lat' dir='ltr'><strong>quia</strong></span> <span class='ocrx_word' id='word_1_417' title='bbox 1948 3537 2146 3590; x_wconf 87' lang='lat' dir='ltr'><strong>dictum</strong></span> 
     </span>
    </p>
   </div>
   <div class='ocr_carea' id='block_1_52' title="bbox 559 3625 2145 3695">
    <p class='ocr_par' dir='ltr' id='par_1_52' title="bbox 559 3625 2145 3695">
     <span class='ocr_line' id='line_1_52' title="bbox 559 3625 2145 3695; baseline 0 -16"><span class='ocrx_word' id='word_1_418' title='bbox 559 3635 635 3679; x_wconf 84' lang='lat' dir='ltr'><strong>est</strong></span> <span class='ocrx_word' id='word_1_419' title='bbox 662 3639 680 3676; x_wconf 93' lang='lat'><strong><em>:</em></strong></span> <span class='ocrx_word' id='word_1_420' title='bbox 708 3625 907 3695; x_wconf 85' lang='lat' dir='ltr'><strong>Diliges</strong></span> <span class='ocrx_word' id='word_1_421' title='bbox 939 3628 1166 3680; x_wconf 87' lang='lat' dir='ltr'><strong>amicum</strong></span> <span class='ocrx_word' id='word_1_422' title='bbox 1196 3637 1368 3692; x_wconf 86' lang='lat' dir='ltr'><strong>tuum,</strong></span> <span class='ocrx_word' id='word_1_423' title='bbox 1405 3638 1451 3682; x_wconf 86' lang='lat' dir='ltr'><strong>et</strong></span> <span class='ocrx_word' id='word_1_424' title='bbox 1495 3628 1612 3681; x_wconf 92' lang='lat' dir='ltr'><strong>odio</strong></span> <span class='ocrx_word' id='word_1_425' title='bbox 1642 3627 1852 3679; x_wconf 84' lang='lat' dir='ltr'><strong>habebis</strong></span> <span class='ocrx_word' id='word_1_426' title='bbox 1877 3628 2145 3680; x_wconf 79' lang='lat' dir='ltr'><strong>inimicum</strong></span> 
     </span>
    </p>
   </div>
   <div class='ocr_carea' id='block_1_53' title="bbox 565 3718 2144 3790">
    <p class='ocr_par' dir='ltr' id='par_1_53' title="bbox 565 3718 2144 3790">
     <span class='ocr_line' id='line_1_53' title="bbox 565 3718 2144 3790; baseline 0.003 -19"><span class='ocrx_word' id='word_1_427' title='bbox 565 3729 734 3772; x_wconf 86' lang='lat' dir='ltr'><strong>tuum.</strong></span> <span class='ocrx_word' id='word_1_428' title='bbox 794 3718 905 3788; x_wconf 87' lang='lat' dir='ltr'><strong>Ego</strong></span> <span class='ocrx_word' id='word_1_429' title='bbox 977 3730 1150 3773; x_wconf 88' lang='lat' dir='ltr'><strong>autem</strong></span> <span class='ocrx_word' id='word_1_430' title='bbox 1213 3722 1328 3774; x_wconf 84' lang='lat' dir='ltr'><strong>dico</strong></span> <span class='ocrx_word' id='word_1_431' title='bbox 1383 3720 1524 3774; x_wconf 79' lang='lat' dir='ltr'><strong>vobis</strong></span> <span class='ocrx_word' id='word_1_432' title='bbox 1564 3736 1583 3775; x_wconf 89' lang='lat'><strong><em>:</em></strong></span> <span class='ocrx_word' id='word_1_433' title='bbox 1634 3720 1844 3790; x_wconf 81' lang='lat' dir='ltr'><strong>Diligite</strong></span> <span class='ocrx_word' id='word_1_434' title='bbox 1906 3720 2144 3775; x_wconf 86' lang='lat' dir='ltr'><strong>inimicos</strong></span> 
     </span>
    </p>
   </div>
   <div class='ocr_carea' id='block_1_54' title="bbox 560 3809 2140 3883">
    <p class='ocr_par' dir='ltr' id='par_1_54' title="bbox 560 3809 2140 3883">
     <span class='ocr_line' id='line_1_54' title="bbox 560 3809 2140 3883; baseline 0.002 -23"><span class='ocrx_word' id='word_1_435' title='bbox 560 3820 778 3873; x_wconf 80' lang='lat' dir='ltr'><strong>vestros,</strong></span> <span class='ocrx_word' id='word_1_436' title='bbox 816 3809 1101 3879; x_wconf 77' lang='lat' dir='ltr'><strong>benefacite</strong></span> <span class='ocrx_word' id='word_1_437' title='bbox 1132 3809 1211 3863; x_wconf 85' lang='lat' dir='ltr'><strong>Itis</strong></span> <span class='ocrx_word' id='word_1_438' title='bbox 1233 3810 1322 3880; x_wconf 89' lang='lat' dir='ltr'><strong>qui</strong></span> <span class='ocrx_word' id='word_1_439' title='bbox 1350 3811 1568 3864; x_wconf 88' lang='lat' dir='ltr'><strong>oderunt</strong></span> <span class='ocrx_word' id='word_1_440' title='bbox 1592 3826 1677 3863; x_wconf 86' lang='lat' dir='ltr'><strong>vos</strong></span> <span class='ocrx_word' id='word_1_441' title='bbox 1693 3811 1841 3879; x_wconf 85' lang='lat' dir='ltr'><strong>(ibid.</strong></span> <span class='ocrx_word' id='word_1_442' title='bbox 1860 3826 1910 3862; x_wconf 85' lang='lat' dir='ltr'><strong>v.</strong></span> <span class='ocrx_word' id='word_1_443' title='bbox 1934 3809 2140 3883; x_wconf 63' lang='lat'><strong>45,44),</strong></span> 
     </span>
    </p>
   </div>
   <div class='ocr_carea' id='block_1_55' title="bbox 560 3899 2144 3977">
    <p class='ocr_par' dir='ltr' id='par_1_55' title="bbox 560 3899 2144 3977">
     <span class='ocr_line' id='line_1_55' title="bbox 560 3899 2144 3977; baseline 0.002 -23"><span class='ocrx_word' id='word_1_444' title='bbox 560 3910 616 3954; x_wconf 87' lang='lat' dir='ltr'><strong>et</strong></span> <span class='ocrx_word' id='word_1_445' title='bbox 647 3899 751 3953; x_wconf 88' lang='lat' dir='ltr'><strong>alia</strong></span> <span class='ocrx_word' id='word_1_446' title='bbox 784 3901 950 3955; x_wconf 85' lang='lat' dir='ltr'><strong>multa</strong></span> <span class='ocrx_word' id='word_1_447' title='bbox 999 3900 1325 3969; x_wconf 76' lang='lat' dir='ltr'><strong>hujusmodi.</strong></span> <span class='ocrx_word' id='word_1_448' title='bbox 1359 3902 1495 3969; x_wconf 84' lang='lat' dir='ltr'><strong>Quia</strong></span> <span class='ocrx_word' id='word_1_449' title='bbox 1541 3917 1669 3973; x_wconf 85' lang='lat' dir='ltr'><strong>ergo</strong></span> <span class='ocrx_word' id='word_1_450' title='bbox 1715 3899 1921 3955; x_wconf 73' lang='lat' dir='ltr'><strong>Novum</strong></span> <span class='ocrx_word' id='word_1_451' title='bbox 1954 3900 2144 3977; x_wconf 83' lang='lat' dir='ltr'><strong>Testa-</strong></span> 
     </span>
    </p>
   </div>
   <div class='ocr_carea' id='block_1_56' title="bbox 562 3992 2140 4064">
    <p class='ocr_par' dir='ltr' id='par_1_56' title="bbox 562 3992 2140 4064">
     <span class='ocr_line' id='line_1_56' title="bbox 562 3992 2140 4064; baseline 0.002 -18"><span class='ocrx_word' id='word_1_452' title='bbox 562 4002 802 4047; x_wconf 87' lang='lat' dir='ltr'><strong>mentum</strong></span> <span class='ocrx_word' id='word_1_453' title='bbox 831 3992 1073 4047; x_wconf 89' lang='lat' dir='ltr'><strong>continet</strong></span> <span class='ocrx_word' id='word_1_454' title='bbox 1104 3994 1286 4048; x_wconf 88' lang='lat' dir='ltr'><strong>omnia</strong></span> <span class='ocrx_word' id='word_1_455' title='bbox 1316 4008 1436 4063; x_wconf 65' lang='lat' dir='ltr'><strong>quae</strong></span> <span class='ocrx_word' id='word_1_456' title='bbox 1461 3994 1624 4048; x_wconf 80' lang='lat' dir='ltr'><strong>Vetus</strong></span> <span class='ocrx_word' id='word_1_457' title='bbox 1647 3992 1906 4064; x_wconf 86' lang='lat' dir='ltr'><strong>jusserat,</strong></span> <span class='ocrx_word' id='word_1_458' title='bbox 1949 4003 2004 4049; x_wconf 90' lang='lat' dir='ltr'><strong>et</strong></span> <span class='ocrx_word' id='word_1_459' title='bbox 2035 3994 2140 4049; x_wconf 89' lang='lat' dir='ltr'><strong>alia</strong></span> 
     </span>
    </p>
   </div>
   <div class='ocr_carea' id='block_1_57' title="bbox 466 4082 2141 4161">
    <p class='ocr_par' dir='ltr' id='par_1_57' title="bbox 466 4082 2141 4161">
     <span class='ocr_line' id='line_1_57' title="bbox 466 4082 2141 4161; baseline 0.004 -26"><span class='ocrx_word' id='word_1_460' title='bbox 466 4152 471 4161; x_wconf 17' lang='grc' dir='ltr'><strong>ἢ</strong></span> <span class='ocrx_word' id='word_1_461' title='bbox 559 4082 725 4138; x_wconf 91' lang='lat' dir='ltr'><strong>multa</strong></span> <span class='ocrx_word' id='word_1_462' title='bbox 753 4083 931 4138; x_wconf 87' lang='lat' dir='ltr'><strong>adhuc</strong></span> <span class='ocrx_word' id='word_1_463' title='bbox 970 4084 1297 4149; x_wconf 86' lang='lat' dir='ltr'><strong>sacratiora;</strong></span> <span class='ocrx_word' id='word_1_464' title='bbox 1343 4094 1399 4138; x_wconf 89' lang='lat' dir='ltr'><strong>et</strong></span> <span class='ocrx_word' id='word_1_465' title='bbox 1427 4084 1549 4139; x_wconf 89' lang='lat' dir='ltr'><strong>ideo</strong></span> <span class='ocrx_word' id='word_1_466' title='bbox 1576 4085 1748 4139; x_wconf 89' lang='lat' dir='ltr'><strong>solum</strong></span> <span class='ocrx_word' id='word_1_467' title='bbox 1773 4100 1967 4140; x_wconf 89' lang='lat' dir='ltr'><strong>novum</strong></span> <span class='ocrx_word' id='word_1_468' title='bbox 1985 4084 2141 4155; x_wconf 83' lang='lat' dir='ltr'><strong>jube-</strong></span> 
     </span>
    </p>
   </div>
   <div class='ocr_carea' id='block_1_58' title="bbox 561 4172 1855 4244">
    <p class='ocr_par' dir='ltr' id='par_1_58' title="bbox 561 4172 1855 4244">
     <span class='ocr_line' id='line_1_58' title="bbox 561 4172 1855 4244; baseline 0.003 -19"><span class='ocrx_word' id='word_1_469' title='bbox 561 4187 686 4226; x_wconf 89' lang='lat' dir='ltr'><strong>mur</strong></span> <span class='ocrx_word' id='word_1_470' title='bbox 708 4173 919 4238; x_wconf 88' lang='lat' dir='ltr'><strong>audire,</strong></span> <span class='ocrx_word' id='word_1_471' title='bbox 959 4172 1010 4227; x_wconf 89' lang='lat' dir='ltr'><strong>id</strong></span> <span class='ocrx_word' id='word_1_472' title='bbox 1042 4184 1125 4227; x_wconf 90' lang='lat' dir='ltr'><strong>est</strong></span> <span class='ocrx_word' id='word_1_473' title='bbox 1152 4174 1439 4244; x_wconf 69' lang='lat' dir='ltr'><strong>praeceptis</strong></span> <span class='ocrx_word' id='word_1_474' title='bbox 1474 4172 1588 4242; x_wconf 87' lang='lat' dir='ltr'><strong>ejus</strong></span> <span class='ocrx_word' id='word_1_475' title='bbox 1615 4172 1855 4229; x_wconf 87' lang='lat' dir='ltr'><strong>obedire.</strong></span> 
     </span>
    </p>
   </div>
   <div class='ocr_carea' id='block_1_59' title="bbox 632 4260 2141 4337">
    <p class='ocr_par' dir='ltr' id='par_1_59' title="bbox 632 4260 2141 4337">
     <span class='ocr_line' id='line_1_59' title="bbox 632 4260 2141 4337; baseline 0.006 -24"><span class='ocrx_word' id='word_1_476' title='bbox 632 4260 891 4329; x_wconf 86' lang='lat' dir='ltr'><strong>Sequitur</strong></span> <span class='ocrx_word' id='word_1_477' title='bbox 926 4280 939 4315; x_wconf 88' lang='lat'><strong>:</strong></span> <span class='ocrx_word' id='word_1_478' title='bbox 974 4261 1040 4315; x_wconf 87' lang='lat' dir='ltr'><strong>Et</strong></span> <span class='ocrx_word' id='word_1_479' title='bbox 1077 4263 1347 4317; x_wconf 87' lang='lat' dir='ltr'><strong>audientes</strong></span> <span class='ocrx_word' id='word_1_480' title='bbox 1368 4264 1613 4334; x_wconf 87' lang='lat' dir='ltr'><strong>discipuli</strong></span> <span class='ocrx_word' id='word_1_481' title='bbox 1645 4264 1939 4319; x_wconf 86' lang='lat' dir='ltr'><strong>ceciderunt</strong></span> <span class='ocrx_word' id='word_1_482' title='bbox 1965 4266 2020 4321; x_wconf 88' lang='lat' dir='ltr'><strong>in</strong></span> <span class='ocrx_word' id='word_1_483' title='bbox 2056 4267 2141 4337; x_wconf 82' lang='lat' dir='ltr'><strong>fa-</strong></span> 
     </span>
    </p>
   </div>
   <div class='ocr_carea' id='block_1_60' title="bbox 560 4352 2131 4424">
    <p class='ocr_par' dir='ltr' id='par_1_60' title="bbox 560 4352 2131 4424">
     <span class='ocr_line' id='line_1_60' title="bbox 560 4352 2131 4424; baseline 0.003 -18"><span class='ocrx_word' id='word_1_484' title='bbox 560 4352 689 4406; x_wconf 85' lang='lat' dir='ltr'><strong>ciem</strong></span> <span class='ocrx_word' id='word_1_485' title='bbox 715 4369 886 4419; x_wconf 87' lang='lat' dir='ltr'><strong>suam,</strong></span> <span class='ocrx_word' id='word_1_486' title='bbox 937 4362 982 4407; x_wconf 91' lang='lat' dir='ltr'><strong>et</strong></span> <span class='ocrx_word' id='word_1_487' title='bbox 1014 4354 1297 4409; x_wconf 86' lang='lat' dir='ltr'><strong>timuerunt</strong></span> <span class='ocrx_word' id='word_1_488' title='bbox 1338 4356 1502 4410; x_wconf 81' lang='lat' dir='ltr'><strong>valde.</strong></span> <span class='ocrx_word' id='word_1_489' title='bbox 1557 4355 1693 4424; x_wconf 85' lang='lat' dir='ltr'><strong>Quia</strong></span> <span class='ocrx_word' id='word_1_490' title='bbox 1738 4357 1988 4412; x_wconf 77' lang='lat' dir='ltr'><strong>videlicet</strong></span> <span class='ocrx_word' id='word_1_491' title='bbox 2020 4374 2131 4424; x_wconf 90' lang='lat' dir='ltr'><strong>nos,</strong></span> 
     </span>
    </p>
   </div>
   <div class='ocr_carea' id='block_1_61' title="bbox 560 4442 2140 4515">
    <p class='ocr_par' dir='ltr' id='par_1_61' title="bbox 560 4442 2140 4515">
     <span class='ocr_line' id='line_1_61' title="bbox 560 4442 2140 4515; baseline 0.005 -21"><span class='ocrx_word' id='word_1_492' title='bbox 560 4442 745 4494; x_wconf 86' lang='lat' dir='ltr'><strong>audita</strong></span> <span class='ocrx_word' id='word_1_493' title='bbox 802 4443 971 4496; x_wconf 89' lang='lat' dir='ltr'><strong>divini</strong></span> <span class='ocrx_word' id='word_1_494' title='bbox 1018 4445 1288 4498; x_wconf 89' lang='lat' dir='ltr'><strong>sermonis</strong></span> <span class='ocrx_word' id='word_1_495' title='bbox 1333 4443 1679 4512; x_wconf 79' lang='lat' dir='ltr'><strong>excellentia,</strong></span> <span class='ocrx_word' id='word_1_496' title='bbox 1728 4462 1848 4515; x_wconf 78' lang='lat' dir='ltr'><strong>qua:</strong></span> <span class='ocrx_word' id='word_1_497' title='bbox 1896 4447 1948 4500; x_wconf 91' lang='lat' dir='ltr'><strong>in</strong></span> <span class='ocrx_word' id='word_1_498' title='bbox 1989 4445 2140 4502; x_wconf 84' lang='lat' dir='ltr'><strong>Novo</strong></span> 
     </span>
    </p>
   </div>
   <div class='ocr_carea' id='block_1_62' title="bbox 561 4509 2217 4605">
    <p class='ocr_par' dir='ltr' id='par_1_62' title="bbox 561 4509 2217 4605">
     <span class='ocr_line' id='line_1_62' title="bbox 561 4509 2217 4605; baseline 0.005 -19"><span class='ocrx_word' id='word_1_499' title='bbox 561 4531 912 4587; x_wconf 88' lang='lat' dir='ltr'><strong>Testamento</strong></span> <span class='ocrx_word' id='word_1_500' title='bbox 937 4543 1050 4599; x_wconf 92' lang='lat' dir='ltr'><strong>est,</strong></span> <span class='ocrx_word' id='word_1_501' title='bbox 1079 4535 1323 4590; x_wconf 88' lang='lat' dir='ltr'><strong>cadituus</strong></span> <span class='ocrx_word' id='word_1_502' title='bbox 1372 4536 1427 4587; x_wconf 88' lang='lat' dir='ltr'><strong>in</strong></span> <span class='ocrx_word' id='word_1_503' title='bbox 1449 4535 1657 4605; x_wconf 77' lang='lat' dir='ltr'><strong>faciem,</strong></span> <span class='ocrx_word' id='word_1_504' title='bbox 1695 4539 1747 4592; x_wconf 89' lang='lat' dir='ltr'><strong>id</strong></span> <span class='ocrx_word' id='word_1_505' title='bbox 1775 4548 1860 4592; x_wconf 90' lang='lat' dir='ltr'><strong>est</strong></span> <span class='ocrx_word' id='word_1_506' title='bbox 1884 4540 2139 4594; x_wconf 86' lang='lat' dir='ltr'><strong>humilia-</strong></span> <span class='ocrx_word' id='word_1_507' title='bbox 2170 4509 2217 4568; x_wconf 72' lang='grc' dir='ltr'><strong>θ</strong></span> 
     </span>
    </p>
   </div>
   <div class='ocr_carea' id='block_1_63' title="bbox 560 4623 2142 4695">
    <p class='ocr_par' dir='ltr' id='par_1_63' title="bbox 560 4623 2142 4695">
     <span class='ocr_line' id='line_1_63' title="bbox 560 4623 2142 4695; baseline 0.006 -18"><span class='ocrx_word' id='word_1_508' title='bbox 560 4639 706 4689; x_wconf 89' lang='lat' dir='ltr'><strong>mur,</strong></span> <span class='ocrx_word' id='word_1_509' title='bbox 744 4634 799 4679; x_wconf 91' lang='lat' dir='ltr'><strong>et</strong></span> <span class='ocrx_word' id='word_1_510' title='bbox 843 4623 1215 4679; x_wconf 89' lang='lat' dir='ltr'><strong>erubescimus</strong></span> <span class='ocrx_word' id='word_1_511' title='bbox 1251 4626 1392 4695; x_wconf 87' lang='lat' dir='ltr'><strong>quod</strong></span> <span class='ocrx_word' id='word_1_512' title='bbox 1441 4640 1546 4680; x_wconf 92' lang='lat' dir='ltr'><strong>non</strong></span> <span class='ocrx_word' id='word_1_513' title='bbox 1591 4636 1650 4680; x_wconf 90' lang='lat' dir='ltr'><strong>ut</strong></span> <span class='ocrx_word' id='word_1_514' title='bbox 1679 4629 1859 4682; x_wconf 89' lang='lat' dir='ltr'><strong>decuit</strong></span> <span class='ocrx_word' id='word_1_515' title='bbox 1888 4644 2009 4684; x_wconf 91' lang='lat' dir='ltr'><strong>eum</strong></span> <span class='ocrx_word' id='word_1_516' title='bbox 2044 4631 2142 4686; x_wconf 84' lang='lat' dir='ltr'><strong>ho-</strong></span> 
     </span>
    </p>
   </div>
   <div class='ocr_carea' id='block_1_64' title="bbox 560 4714 2138 4785">
    <p class='ocr_par' dir='ltr' id='par_1_64' title="bbox 560 4714 2138 4785">
     <span class='ocr_line' id='line_1_64' title="bbox 560 4714 2138 4785; baseline 0.005 -18"><span class='ocrx_word' id='word_1_517' title='bbox 560 4714 876 4769; x_wconf 87' lang='lat' dir='ltr'><strong>noravimus</strong></span> <span class='ocrx_word' id='word_1_518' title='bbox 916 4715 1215 4770; x_wconf 89' lang='lat' dir='ltr'><strong>obediendo</strong></span> <span class='ocrx_word' id='word_1_519' title='bbox 1261 4715 1336 4770; x_wconf 91' lang='lat' dir='ltr'><strong>illi</strong></span> <span class='ocrx_word' id='word_1_520' title='bbox 1391 4726 1702 4773; x_wconf 89' lang='lat' dir='ltr'><strong>reverenter</strong></span> <span class='ocrx_word' id='word_1_521' title='bbox 1760 4718 1812 4772; x_wconf 92' lang='lat' dir='ltr'><strong>in</strong></span> <span class='ocrx_word' id='word_1_522' title='bbox 1864 4720 2138 4785; x_wconf 89' lang='lat' dir='ltr'><strong>omnibus,</strong></span> 
     </span>
    </p>
   </div>
   <div class='ocr_carea' id='block_1_65' title="bbox 561 4808 2141 4877">
    <p class='ocr_par' dir='ltr' id='par_1_65' title="bbox 561 4808 2141 4877">
     <span class='ocr_line' id='line_1_65' title="bbox 561 4808 2141 4877; baseline 0.004 -15"><span class='ocrx_word' id='word_1_523' title='bbox 561 4808 790 4877; x_wconf 88' lang='lat' dir='ltr'><strong>ideoque</strong></span> <span class='ocrx_word' id='word_1_524' title='bbox 818 4809 976 4864; x_wconf 90' lang='lat' dir='ltr'><strong>nimis</strong></span> <span class='ocrx_word' id='word_1_525' title='bbox 1028 4810 1284 4865; x_wconf 87' lang='lat' dir='ltr'><strong>timemus</strong></span> <span class='ocrx_word' id='word_1_526' title='bbox 1342 4826 1409 4866; x_wconf 91' lang='lat' dir='ltr'><strong>ne</strong></span> <span class='ocrx_word' id='word_1_527' title='bbox 1457 4812 1525 4867; x_wconf 93' lang='lat' dir='ltr'><strong>ob</strong></span> <span class='ocrx_word' id='word_1_528' title='bbox 1570 4812 1623 4866; x_wconf 93' lang='lat' dir='ltr'><strong>id</strong></span> <span class='ocrx_word' id='word_1_529' title='bbox 1680 4813 2021 4868; x_wconf 73' lang='lat' dir='ltr'><strong>damnentur.</strong></span> <span class='ocrx_word' id='word_1_530' title='bbox 2072 4815 2141 4869; x_wconf 85' lang='lat' dir='ltr'><strong>Et</strong></span> 
     </span>
    </p>
   </div>
   <div class='ocr_carea' id='block_1_66' title="bbox 560 4897 2137 4976">
    <p class='ocr_par' dir='ltr' id='par_1_66' title="bbox 560 4897 2137 4976">
     <span class='ocr_line' id='line_1_66' title="bbox 560 4897 2137 4976; baseline 0.005 -25"><span class='ocrx_word' id='word_1_531' title='bbox 560 4899 777 4952; x_wconf 86' lang='lat' dir='ltr'><strong>accessit</strong></span> <span class='ocrx_word' id='word_1_532' title='bbox 806 4897 990 4961; x_wconf 81' lang='lat' dir='ltr'><strong>Jesus,</strong></span> <span class='ocrx_word' id='word_1_533' title='bbox 1022 4910 1068 4954; x_wconf 92' lang='lat' dir='ltr'><strong>et</strong></span> <span class='ocrx_word' id='word_1_534' title='bbox 1108 4902 1273 4971; x_wconf 86' lang='lat' dir='ltr'><strong>tetigit</strong></span> <span class='ocrx_word' id='word_1_535' title='bbox 1331 4918 1440 4967; x_wconf 88' lang='lat' dir='ltr'><strong>eos,</strong></span> <span class='ocrx_word' id='word_1_536' title='bbox 1482 4904 1719 4975; x_wconf 76' lang='lat' dir='ltr'><strong>dixitque</strong></span> <span class='ocrx_word' id='word_1_537' title='bbox 1761 4902 1835 4959; x_wconf 81' lang='lat' dir='ltr'><strong>eis</strong></span> <span class='ocrx_word' id='word_1_538' title='bbox 1858 4920 1877 4959; x_wconf 90' lang='lat'><strong><em>:</em></strong></span> <span class='ocrx_word' id='word_1_539' title='bbox 1904 4902 2137 4976; x_wconf 87' lang='lat' dir='ltr'><strong>Surgite,</strong></span> 
     </span>
    </p>
   </div>
   <div class='ocr_carea' id='block_1_67' title="bbox 560 4991 2138 5069">
    <p class='ocr_par' dir='ltr' id='par_1_67' title="bbox 560 4991 2138 5069">
     <span class='ocr_line' id='line_1_67' title="bbox 560 4991 2138 5069; baseline 0.006 -26"><span class='ocrx_word' id='word_1_540' title='bbox 560 4991 719 5045; x_wconf 87' lang='lat' dir='ltr'><strong>nolite</strong></span> <span class='ocrx_word' id='word_1_541' title='bbox 744 4992 944 5046; x_wconf 83' lang='lat' dir='ltr'><strong>timere.</strong></span> <span class='ocrx_word' id='word_1_542' title='bbox 972 4992 1107 5060; x_wconf 81' lang='lat' dir='ltr'><strong>Quia</strong></span> <span class='ocrx_word' id='word_1_543' title='bbox 1150 4994 1404 5049; x_wconf 89' lang='lat' dir='ltr'><strong>nimirum</strong></span> <span class='ocrx_word' id='word_1_544' title='bbox 1437 4996 1550 5064; x_wconf 89' lang='lat' dir='ltr'><strong>ipse</strong></span> <span class='ocrx_word' id='word_1_545' title='bbox 1585 5011 1761 5051; x_wconf 89' lang='lat' dir='ltr'><strong>sermo</strong></span> <span class='ocrx_word' id='word_1_546' title='bbox 1789 4998 2138 5069; x_wconf 86' lang='lat' dir='ltr'><strong>evangelicus</strong></span> 
     </span>
    </p>
   </div>
   <div class='ocr_carea' id='block_1_68' title="bbox 559 5083 2135 5156">
    <p class='ocr_par' dir='ltr' id='par_1_68' title="bbox 559 5083 2135 5156">
     <span class='ocr_line' id='line_1_68' title="bbox 559 5083 2135 5156; baseline 0.003 -19"><span class='ocrx_word' id='word_1_547' title='bbox 559 5083 717 5138; x_wconf 82' lang='lat' dir='ltr'><strong>nobis</strong></span> <span class='ocrx_word' id='word_1_548' title='bbox 764 5099 861 5153; x_wconf 88' lang='lat' dir='ltr'><strong>per</strong></span> <span class='ocrx_word' id='word_1_549' title='bbox 904 5084 1267 5155; x_wconf 80' lang='lat' dir='ltr'><strong>cognitionem</strong></span> <span class='ocrx_word' id='word_1_550' title='bbox 1311 5087 1480 5141; x_wconf 88' lang='lat' dir='ltr'><strong>nostri</strong></span> <span class='ocrx_word' id='word_1_551' title='bbox 1529 5096 1710 5142; x_wconf 91' lang='lat' dir='ltr'><strong>reatus</strong></span> <span class='ocrx_word' id='word_1_552' title='bbox 1738 5087 1789 5141; x_wconf 91' lang='lat' dir='ltr'><strong>in</strong></span> <span class='ocrx_word' id='word_1_553' title='bbox 1816 5088 2135 5156; x_wconf 77' lang='lat' dir='ltr'><strong>ptcniteutia</strong></span> 
     </span>
    </p>
   </div>
   <div class='ocr_carea' id='block_1_69' title="bbox 554 5171 2138 5248">
    <p class='ocr_par' dir='ltr' id='par_1_69' title="bbox 554 5171 2138 5248">
     <span class='ocr_line' id='line_1_69' title="bbox 554 5171 2138 5248; baseline 0.004 -22"><span class='ocrx_word' id='word_1_554' title='bbox 554 5171 865 5240; x_wconf 87' lang='lat' dir='ltr'><strong>jacentibus</strong></span> <span class='ocrx_word' id='word_1_555' title='bbox 897 5176 957 5228; x_wconf 90' lang='lat' dir='ltr'><strong>lit</strong></span> <span class='ocrx_word' id='word_1_556' title='bbox 993 5176 1392 5243; x_wconf 83' lang='lat' dir='ltr'><strong>quodammodo</strong></span> <span class='ocrx_word' id='word_1_557' title='bbox 1430 5175 1806 5248; x_wconf 85' lang='lat' dir='ltr'><strong>propinquior,</strong></span> <span class='ocrx_word' id='word_1_558' title='bbox 1851 5194 1915 5233; x_wconf 87' lang='lat' dir='ltr'><strong>ac</strong></span> <span class='ocrx_word' id='word_1_559' title='bbox 1967 5179 2138 5246; x_wconf 83' lang='lat' dir='ltr'><strong>tangit</strong></span> 
     </span>
    </p>
   </div>
   <div class='ocr_carea' id='block_1_70' title="bbox 560 5266 2141 5338">
    <p class='ocr_par' dir='ltr' id='par_1_70' title="bbox 560 5266 2141 5338">
     <span class='ocr_line' id='line_1_70' title="bbox 560 5266 2141 5338; baseline 0.003 -21"><span class='ocrx_word' id='word_1_560' title='bbox 560 5279 662 5319; x_wconf 90' lang='lat' dir='ltr'><strong>nos</strong></span> <span class='ocrx_word' id='word_1_561' title='bbox 694 5280 855 5318; x_wconf 87' lang='lat' dir='ltr'><strong>manu</strong></span> <span class='ocrx_word' id='word_1_562' title='bbox 883 5266 1274 5320; x_wconf 80' lang='lat' dir='ltr'><strong>sententiarum</strong></span> <span class='ocrx_word' id='word_1_563' title='bbox 1298 5281 1540 5334; x_wconf 90' lang='lat' dir='ltr'><strong>suarum,</strong></span> <span class='ocrx_word' id='word_1_564' title='bbox 1570 5276 1625 5321; x_wconf 89' lang='lat' dir='ltr'><strong>et</strong></span> <span class='ocrx_word' id='word_1_565' title='bbox 1656 5268 1722 5322; x_wconf 88' lang='lat' dir='ltr'><strong>ad</strong></span> <span class='ocrx_word' id='word_1_566' title='bbox 1750 5269 1889 5334; x_wconf 75' lang='lat' dir='ltr'><strong>bene</strong></span> <span class='ocrx_word' id='word_1_567' title='bbox 1916 5283 2141 5338; x_wconf 87' lang='lat' dir='ltr'><strong>operan-</strong></span> 
     </span>
    </p>
   </div>
   <div class='ocr_carea' id='block_1_71' title="bbox 560 5348 2139 5428">
    <p class='ocr_par' dir='ltr' id='par_1_71' title="bbox 560 5348 2139 5428">
     <span class='ocr_line' id='line_1_71' title="bbox 560 5348 2139 5428; baseline 0.003 -18"><span class='ocrx_word' id='word_1_568' title='bbox 560 5357 687 5410; x_wconf 90' lang='lat' dir='ltr'><strong>dum</strong></span> <span class='ocrx_word' id='word_1_569' title='bbox 720 5372 938 5427; x_wconf 82' lang='lat' dir='ltr'><strong>surgere</strong></span> <span class='ocrx_word' id='word_1_570' title='bbox 964 5358 1237 5428; x_wconf 68' lang='lat' dir='ltr'><strong>praecepit,</strong></span> <span class='ocrx_word' id='word_1_571' title='bbox 1273 5374 1337 5413; x_wconf 89' lang='lat' dir='ltr'><strong>ac</strong></span> <span class='ocrx_word' id='word_1_572' title='bbox 1365 5360 1431 5414; x_wconf 90' lang='lat' dir='ltr'><strong>de</strong></span> <span class='ocrx_word' id='word_1_573' title='bbox 1455 5370 1655 5415; x_wconf 74' lang='lat' dir='ltr'><strong>emtero</strong></span> <span class='ocrx_word' id='word_1_574' title='bbox 1692 5348 1938 5415; x_wconf 82' lang='lat' dir='ltr'><strong>timorem</strong></span> <span class='ocrx_word' id='word_1_575' title='bbox 1970 5358 2139 5415; x_wconf 81' lang='lat' dir='ltr'><strong>excu-</strong></span> 
     </span>
    </p>
   </div>
   <div class='ocr_carea' id='block_1_72' title="bbox 562 5445 2139 5520">
    <p class='ocr_par' dir='ltr' id='par_1_72' title="bbox 562 5445 2139 5520">
     <span class='ocr_line' id='line_1_72' title="bbox 562 5445 2139 5520; baseline 0.004 -23"><span class='ocrx_word' id='word_1_576' title='bbox 562 5446 649 5497; x_wconf 90' lang='lat' dir='ltr'><strong>tit.</strong></span> <span class='ocrx_word' id='word_1_577' title='bbox 688 5445 799 5500; x_wconf 86' lang='lat' dir='ltr'><strong>Cur</strong></span> <span class='ocrx_word' id='word_1_578' title='bbox 838 5446 1118 5516; x_wconf 89' lang='lat' dir='ltr'><strong>enimjam</strong></span> <span class='ocrx_word' id='word_1_579' title='bbox 1158 5448 1367 5515; x_wconf 81' lang='lat' dir='ltr'><strong>timeat,</strong></span> <span class='ocrx_word' id='word_1_580' title='bbox 1415 5450 1599 5519; x_wconf 78' lang='lat' dir='ltr'><strong>quies</strong></span> <span class='ocrx_word' id='word_1_581' title='bbox 1636 5450 1950 5520; x_wconf 77' lang='lat' dir='ltr'><strong>ptrnitentia</strong></span> <span class='ocrx_word' id='word_1_582' title='bbox 1977 5451 2139 5520; x_wconf 82' lang='lat' dir='ltr'><strong>erigi-</strong></span> 
     </span>
    </p>
   </div>
   <div class='ocr_carea' id='block_1_73' title="bbox 566 5536 2143 5610">
    <p class='ocr_par' dir='ltr' id='par_1_73' title="bbox 566 5536 2143 5610">
     <span class='ocr_line' id='line_1_73' title="bbox 566 5536 2143 5610; baseline 0.006 -22"><span class='ocrx_word' id='word_1_583' title='bbox 566 5543 653 5588; x_wconf 90' lang='lat' dir='ltr'><strong>tur</strong></span> <span class='ocrx_word' id='word_1_584' title='bbox 703 5538 769 5589; x_wconf 88' lang='lat' dir='ltr'><strong>ad</strong></span> <span class='ocrx_word' id='word_1_585' title='bbox 823 5536 981 5592; x_wconf 81' lang='lat' dir='ltr'><strong>fortia</strong></span> <span class='ocrx_word' id='word_1_586' title='bbox 1040 5541 1298 5595; x_wconf 88' lang='lat' dir='ltr'><strong>virtutum</strong></span> <span class='ocrx_word' id='word_1_587' title='bbox 1349 5543 1546 5610; x_wconf 87' lang='lat' dir='ltr'><strong>opera?</strong></span> <span class='ocrx_word' id='word_1_588' title='bbox 1616 5541 1750 5595; x_wconf 76' lang='lat' dir='ltr'><strong>Nam</strong></span> <span class='ocrx_word' id='word_1_589' title='bbox 1803 5551 1859 5598; x_wconf 91' lang='lat' dir='ltr'><strong>ct</strong></span> <span class='ocrx_word' id='word_1_590' title='bbox 1912 5536 2143 5610; x_wconf 70' lang='lat' dir='ltr'><strong>perfecta</strong></span> 
     </span>
    </p>
   </div>
   <div class='ocr_carea' id='block_1_74' title="bbox 564 5626 2129 5703">
    <p class='ocr_par' dir='ltr' id='par_1_74' title="bbox 564 5626 2129 5703">
     <span class='ocr_line' id='line_1_74' title="bbox 564 5626 2129 5703; baseline 0.005 -25"><span class='ocrx_word' id='word_1_591' title='bbox 564 5626 799 5682; x_wconf 75' lang='lat' dir='ltr'><strong>Charitas</strong></span> <span class='ocrx_word' id='word_1_592' title='bbox 851 5630 996 5699; x_wconf 82' lang='lat' dir='ltr'><strong>[oras</strong></span> <span class='ocrx_word' id='word_1_593' title='bbox 1058 5632 1214 5684; x_wconf 89' lang='lat' dir='ltr'><strong>ntittit</strong></span> <span class='ocrx_word' id='word_1_594' title='bbox 1267 5633 1507 5685; x_wconf 81' lang='lat' dir='ltr'><strong>timerent</strong></span> <span class='ocrx_word' id='word_1_595' title='bbox 1539 5633 1557 5703; x_wconf 93' lang='lat'><strong>(</strong></span> <span class='ocrx_word' id='word_1_596' title='bbox 1588 5631 1613 5685; x_wconf 94' lang='lat' dir='ltr'><strong><em>I</em></strong></span> <span class='ocrx_word' id='word_1_597' title='bbox 1650 5631 1812 5688; x_wconf 81' lang='lat' dir='ltr'><strong>Joan.</strong></span> <span class='ocrx_word' id='word_1_598' title='bbox 1868 5648 1943 5695; x_wconf 85' lang='lat' dir='ltr'><strong>tv,</strong></span> <span class='ocrx_word' id='word_1_599' title='bbox 1994 5632 2129 5702; x_wconf 84' lang='grc'><strong>18).</strong></span> 
     </span>
    </p>
   </div>
   <div class='ocr_carea' id='block_1_75' title="bbox 554 5712 2144 5792">
    <p class='ocr_par' dir='ltr' id='par_1_75' title="bbox 554 5712 2144 5792">
     <span class='ocr_line' id='line_1_75' title="bbox 554 5712 2144 5792; baseline 0.004 -19"><span class='ocrx_word' id='word_1_600' title='bbox 554 5718 820 5775; x_wconf 79' lang='lat' dir='ltr'><strong>&#39;Levantes</strong></span> <span class='ocrx_word' id='word_1_601' title='bbox 859 5734 1031 5776; x_wconf 85' lang='lat' dir='ltr'><strong>autem</strong></span> <span class='ocrx_word' id='word_1_602' title='bbox 1084 5723 1262 5777; x_wconf 70' lang='lat' dir='ltr'><strong>oculos</strong></span> <span class='ocrx_word' id='word_1_603' title='bbox 1300 5740 1419 5778; x_wconf 86' lang='lat' dir='ltr'><strong>suos</strong></span> <span class='ocrx_word' id='word_1_604' title='bbox 1470 5726 1722 5779; x_wconf 84' lang='lat' dir='ltr'><strong>neminem</strong></span> <span class='ocrx_word' id='word_1_605' title='bbox 1750 5727 2011 5792; x_wconf 71' lang='lat' dir='ltr'><strong>viderunt,</strong></span> <span class='ocrx_word' id='word_1_606' title='bbox 2041 5712 2144 5780; x_wconf 73' lang='lat' dir='ltr'><strong>nis&quot;</strong></span> 
     </span>
    </p>
   </div>
   <div class='ocr_carea' id='block_1_76' title="bbox 2247 1884 3838 1956">
    <p class='ocr_par' dir='ltr' id='par_1_76' title="bbox 2247 1884 3838 1956">
     <span class='ocr_line' id='line_1_76' title="bbox 2247 1884 3838 1956; baseline 0.003 -17"><span class='ocrx_word' id='word_1_607' title='bbox 2247 1885 2426 1939; x_wconf 90' lang='lat' dir='ltr'><strong>munis</strong></span> <span class='ocrx_word' id='word_1_608' title='bbox 2456 1884 2885 1938; x_wconf 83' lang='lat' dir='ltr'><strong>conversationis</strong></span> <span class='ocrx_word' id='word_1_609' title='bbox 2918 1884 3286 1949; x_wconf 86' lang='lat' dir='ltr'><strong>redeuntibus,</strong></span> <span class='ocrx_word' id='word_1_610' title='bbox 3320 1887 3630 1956; x_wconf 56' lang='lat' dir='ltr'><strong>praecipitur</strong></span> <span class='ocrx_word' id='word_1_611' title='bbox 3666 1887 3838 1943; x_wconf 54' lang='lat' dir='ltr'><strong>visio.</strong></span> 
     </span>
    </p>
   </div>
   <div class='ocr_carea' id='block_1_77' title="bbox 2246 1976 3838 2047">
    <p class='ocr_par' dir='ltr' id='par_1_77' title="bbox 2246 1976 3838 2047">
     <span class='ocr_line' id='line_1_77' title="bbox 2246 1976 3838 2047; baseline 0.001 -16"><span class='ocrx_word' id='word_1_612' title='bbox 2246 1992 2369 2031; x_wconf 91' lang='lat' dir='ltr'><strong>nem</strong></span> <span class='ocrx_word' id='word_1_613' title='bbox 2405 1976 2547 2032; x_wconf 91' lang='lat' dir='ltr'><strong>hanc</strong></span> <span class='ocrx_word' id='word_1_614' title='bbox 2592 1976 2723 2030; x_wconf 91' lang='lat' dir='ltr'><strong>nulli</strong></span> <span class='ocrx_word' id='word_1_615' title='bbox 2776 1976 2979 2041; x_wconf 88' lang='lat' dir='ltr'><strong>dicere,</strong></span> <span class='ocrx_word' id='word_1_616' title='bbox 3018 1976 3121 2030; x_wconf 92' lang='lat' dir='ltr'><strong>nisi</strong></span> <span class='ocrx_word' id='word_1_617' title='bbox 3154 1986 3277 2047; x_wconf 91' lang='lat' dir='ltr'><strong>post</strong></span> <span class='ocrx_word' id='word_1_618' title='bbox 3322 1976 3533 2032; x_wconf 88' lang='lat' dir='ltr'><strong>Domini</strong></span> <span class='ocrx_word' id='word_1_619' title='bbox 3583 1993 3838 2033; x_wconf 84' lang='lat' dir='ltr'><strong>resurre-</strong></span> 
     </span>
    </p>
   </div>
   <div class='ocr_carea' id='block_1_78' title="bbox 2245 2065 3833 2122">
    <p class='ocr_par' dir='ltr' id='par_1_78' title="bbox 2245 2065 3833 2122">
     <span class='ocr_line' id='line_1_78' title="bbox 2245 2065 3833 2122; baseline -0.001 0"><span class='ocrx_word' id='word_1_620' title='bbox 2245 2067 2507 2122; x_wconf 87' lang='lat' dir='ltr'><strong>ctionem.</strong></span> <span class='ocrx_word' id='word_1_621' title='bbox 2541 2065 2753 2120; x_wconf 83' lang='lat' dir='ltr'><strong>Nemini</strong></span> <span class='ocrx_word' id='word_1_622' title='bbox 2780 2066 2922 2119; x_wconf 91' lang='lat' dir='ltr'><strong>enim</strong></span> <span class='ocrx_word' id='word_1_623' title='bbox 2977 2067 3247 2119; x_wconf 84' lang='lat' dir='ltr'><strong>narranda</strong></span> <span class='ocrx_word' id='word_1_624' title='bbox 3290 2076 3375 2121; x_wconf 91' lang='lat' dir='ltr'><strong>est</strong></span> <span class='ocrx_word' id='word_1_625' title='bbox 3420 2066 3645 2121; x_wconf 83' lang='lat' dir='ltr'><strong>claritas</strong></span> <span class='ocrx_word' id='word_1_626' title='bbox 3692 2067 3833 2122; x_wconf 88' lang='lat' dir='ltr'><strong>sacri</strong></span> 
     </span>
    </p>
   </div>
   <div class='ocr_carea' id='block_1_79' title="bbox 2244 2159 3839 2231">
    <p class='ocr_par' dir='ltr' id='par_1_79' title="bbox 2244 2159 3839 2231">
     <span class='ocr_line' id='line_1_79' title="bbox 2244 2159 3839 2231; baseline -0.003 -14"><span class='ocrx_word' id='word_1_627' title='bbox 2244 2161 2465 2231; x_wconf 90' lang='lat' dir='ltr'><strong>eloquii,</strong></span> <span class='ocrx_word' id='word_1_628' title='bbox 2498 2176 2616 2231; x_wconf 77' lang='lat' dir='ltr'><strong>qua:</strong></span> <span class='ocrx_word' id='word_1_629' title='bbox 2638 2160 2973 2230; x_wconf 89' lang='lat' dir='ltr'><strong>sapientibus</strong></span> <span class='ocrx_word' id='word_1_630' title='bbox 3005 2159 3055 2213; x_wconf 92' lang='lat' dir='ltr'><strong>iu</strong></span> <span class='ocrx_word' id='word_1_631' title='bbox 3088 2159 3195 2214; x_wconf 91' lang='lat' dir='ltr'><strong>alto</strong></span> <span class='ocrx_word' id='word_1_632' title='bbox 3226 2159 3328 2214; x_wconf 90' lang='lat' dir='ltr'><strong>hoc</strong></span> <span class='ocrx_word' id='word_1_633' title='bbox 3357 2160 3839 2229; x_wconf 83' lang='lat' dir='ltr'><strong>contemplationis</strong></span> 
     </span>
    </p>
   </div>
   <div class='ocr_carea' id='block_1_80' title="bbox 2239 2249 3838 2322">
    <p class='ocr_par' dir='ltr' id='par_1_80' title="bbox 2239 2249 3838 2322">
     <span class='ocr_line' id='line_1_80' title="bbox 2239 2249 3838 2322; baseline 0.001 -19"><span class='ocrx_word' id='word_1_634' title='bbox 2239 2251 2352 2322; x_wconf 88' lang='lat' dir='ltr'><strong>jam</strong></span> <span class='ocrx_word' id='word_1_635' title='bbox 2374 2262 2590 2306; x_wconf 90' lang='lat' dir='ltr'><strong>ostensa</strong></span> <span class='ocrx_word' id='word_1_636' title='bbox 2622 2260 2726 2316; x_wconf 88' lang='lat' dir='ltr'><strong>est,</strong></span> <span class='ocrx_word' id='word_1_637' title='bbox 2772 2251 2873 2304; x_wconf 91' lang='lat' dir='ltr'><strong>nisi</strong></span> <span class='ocrx_word' id='word_1_638' title='bbox 2905 2251 2995 2321; x_wconf 89' lang='lat' dir='ltr'><strong>qui</strong></span> <span class='ocrx_word' id='word_1_639' title='bbox 3028 2250 3302 2305; x_wconf 85' lang='lat' dir='ltr'><strong>Christum</strong></span> <span class='ocrx_word' id='word_1_640' title='bbox 3332 2249 3698 2306; x_wconf 34' lang='lat' dir='ltr'><strong>resurresiqs:</strong></span> <span class='ocrx_word' id='word_1_641' title='bbox 3720 2251 3838 2319; x_wconf 88' lang='lat' dir='ltr'><strong>jam</strong></span> 
     </span>
    </p>
   </div>
   <div class='ocr_carea' id='block_1_81' title="bbox 2247 2340 3839 2411">
    <p class='ocr_par' dir='ltr' id='par_1_81' title="bbox 2247 2340 3839 2411">
     <span class='ocr_line' id='line_1_81' title="bbox 2247 2340 3839 2411; baseline -0.002 -15"><span class='ocrx_word' id='word_1_642' title='bbox 2247 2341 2495 2404; x_wconf 90' lang='lat' dir='ltr'><strong>credidit,</strong></span> <span class='ocrx_word' id='word_1_643' title='bbox 2529 2341 2653 2410; x_wconf 84' lang='lat' dir='ltr'><strong>quia</strong></span> <span class='ocrx_word' id='word_1_644' title='bbox 2684 2356 2785 2395; x_wconf 88' lang='lat' dir='ltr'><strong>nec</strong></span> <span class='ocrx_word' id='word_1_645' title='bbox 2812 2341 2928 2411; x_wconf 88' lang='lat' dir='ltr'><strong>ipse</strong></span> <span class='ocrx_word' id='word_1_646' title='bbox 2972 2340 3076 2395; x_wconf 88' lang='lat' dir='ltr'><strong>nisi</strong></span> <span class='ocrx_word' id='word_1_647' title='bbox 3115 2350 3237 2410; x_wconf 85' lang='lat' dir='ltr'><strong>post</strong></span> <span class='ocrx_word' id='word_1_648' title='bbox 3274 2340 3694 2394; x_wconf 86' lang='lat' dir='ltr'><strong>resurrectionis</strong></span> <span class='ocrx_word' id='word_1_649' title='bbox 3724 2354 3839 2395; x_wconf 78' lang='lat' dir='ltr'><strong>sua)</strong></span> 
     </span>
    </p>
   </div>
   <div class='ocr_carea' id='block_1_82' title="bbox 2248 2430 3837 2501">
    <p class='ocr_par' dir='ltr' id='par_1_82' title="bbox 2248 2430 3837 2501">
     <span class='ocr_line' id='line_1_82' title="bbox 2248 2430 3837 2501; baseline -0.001 -16"><span class='ocrx_word' id='word_1_650' title='bbox 2248 2432 2579 2499; x_wconf 87' lang='lat' dir='ltr'><strong>triumphum</strong></span> <span class='ocrx_word' id='word_1_651' title='bbox 2622 2431 2923 2500; x_wconf 88' lang='lat' dir='ltr'><strong>discipulis,</strong></span> <span class='ocrx_word' id='word_1_652' title='bbox 2972 2440 3031 2485; x_wconf 88' lang='lat' dir='ltr'><strong>ut</strong></span> <span class='ocrx_word' id='word_1_653' title='bbox 3079 2431 3394 2500; x_wconf 87' lang='lat' dir='ltr'><strong>Scripturas</strong></span> <span class='ocrx_word' id='word_1_654' title='bbox 3440 2430 3837 2501; x_wconf 82' lang='lat' dir='ltr'><strong>intelligerent,</strong></span> 
     </span>
    </p>
   </div>
   <div class='ocr_carea' id='block_1_83' title="bbox 2246 2525 3841 2596">
    <p class='ocr_par' dir='ltr' id='par_1_83' title="bbox 2246 2525 3841 2596">
     <span class='ocr_line' id='line_1_83' title="bbox 2246 2525 3841 2596; baseline 0 -16"><span class='ocrx_word' id='word_1_655' title='bbox 2246 2539 2464 2580; x_wconf 86' lang='lat' dir='ltr'><strong>sensum</strong></span> <span class='ocrx_word' id='word_1_656' title='bbox 2515 2526 2751 2596; x_wconf 86' lang='lat' dir='ltr'><strong>aperuit.</strong></span> <span class='ocrx_word' id='word_1_657' title='bbox 2794 2525 2949 2580; x_wconf 90' lang='lat' dir='ltr'><strong>Unde</strong></span> <span class='ocrx_word' id='word_1_658' title='bbox 2986 2536 3042 2579; x_wconf 87' lang='lat' dir='ltr'><strong>et</strong></span> <span class='ocrx_word' id='word_1_659' title='bbox 3075 2526 3364 2595; x_wconf 80' lang='lat' dir='ltr'><strong>Apostolus</strong></span> <span class='ocrx_word' id='word_1_660' title='bbox 3406 2526 3546 2579; x_wconf 87' lang='lat' dir='ltr'><strong>hanc</strong></span> <span class='ocrx_word' id='word_1_661' title='bbox 3572 2526 3841 2595; x_wconf 70' lang='lat' dir='ltr'><strong>Speciosa:</strong></span> 
     </span>
    </p>
   </div>
   <div class='ocr_carea' id='block_1_84' title="bbox 2246 2617 3841 2689">
    <p class='ocr_par' dir='ltr' id='par_1_84' title="bbox 2246 2617 3841 2689">
     <span class='ocr_line' id='line_1_84' title="bbox 2246 2617 3841 2689; baseline 0.001 -17"><span class='ocrx_word' id='word_1_662' title='bbox 2246 2618 2515 2673; x_wconf 85' lang='lat' dir='ltr'><strong>claritatis</strong></span> <span class='ocrx_word' id='word_1_663' title='bbox 2565 2617 2817 2688; x_wconf 87' lang='lat' dir='ltr'><strong>gloriam,</strong></span> <span class='ocrx_word' id='word_1_664' title='bbox 2852 2634 2962 2689; x_wconf 88' lang='lat' dir='ltr'><strong>qua</strong></span> <span class='ocrx_word' id='word_1_665' title='bbox 2994 2619 3210 2673; x_wconf 89' lang='lat' dir='ltr'><strong>divinus</strong></span> <span class='ocrx_word' id='word_1_666' title='bbox 3258 2634 3439 2673; x_wconf 88' lang='lat' dir='ltr'><strong>sermo</strong></span> <span class='ocrx_word' id='word_1_667' title='bbox 3486 2619 3720 2673; x_wconf 89' lang='lat' dir='ltr'><strong>interius</strong></span> <span class='ocrx_word' id='word_1_668' title='bbox 3750 2635 3841 2673; x_wconf 89' lang='lat' dir='ltr'><strong>re-</strong></span> 
     </span>
    </p>
   </div>
   <div class='ocr_carea' id='block_1_85' title="bbox 2248 2710 3842 2780">
    <p class='ocr_par' dir='ltr' id='par_1_85' title="bbox 2248 2710 3842 2780">
     <span class='ocr_line' id='line_1_85' title="bbox 2248 2710 3842 2780; baseline -0.001 -16"><span class='ocrx_word' id='word_1_669' title='bbox 2248 2710 2437 2780; x_wconf 80' lang='lat' dir='ltr'><strong>fulget,</strong></span> <span class='ocrx_word' id='word_1_670' title='bbox 2476 2710 2802 2778; x_wconf 86' lang='lat' dir='ltr'><strong>quibusdam</strong></span> <span class='ocrx_word' id='word_1_671' title='bbox 2842 2711 3074 2776; x_wconf 87' lang='lat' dir='ltr'><strong>celabat,</strong></span> <span class='ocrx_word' id='word_1_672' title='bbox 3118 2711 3305 2765; x_wconf 83' lang='lat' dir='ltr'><strong>dicens</strong></span> <span class='ocrx_word' id='word_1_673' title='bbox 3338 2728 3350 2764; x_wconf 93' lang='lat'>:</span> <span class='ocrx_word' id='word_1_674' title='bbox 3394 2710 3546 2764; x_wconf 82' lang='lat' dir='ltr'><strong>Nihil</strong></span> <span class='ocrx_word' id='word_1_675' title='bbox 3580 2727 3664 2764; x_wconf 87' lang='lat' dir='ltr'><strong>me</strong></span> <span class='ocrx_word' id='word_1_676' title='bbox 3686 2710 3842 2779; x_wconf 82' lang='lat' dir='ltr'><strong>judi-</strong></span> 
     </span>
    </p>
   </div>
   <div class='ocr_carea' id='block_1_86' title="bbox 2252 2801 3841 2869">
    <p class='ocr_par' dir='ltr' id='par_1_86' title="bbox 2252 2801 3841 2869">
     <span class='ocr_line' id='line_1_86' title="bbox 2252 2801 3841 2869; baseline -0.001 -15"><span class='ocrx_word' id='word_1_677' title='bbox 2252 2802 2367 2854; x_wconf 82' lang='lat' dir='ltr'><strong>cari</strong></span> <span class='ocrx_word' id='word_1_678' title='bbox 2402 2801 2535 2854; x_wconf 86' lang='lat' dir='ltr'><strong>scire</strong></span> <span class='ocrx_word' id='word_1_679' title='bbox 2574 2803 2709 2855; x_wconf 86' lang='lat' dir='ltr'><strong>inter</strong></span> <span class='ocrx_word' id='word_1_680' title='bbox 2744 2818 2853 2867; x_wconf 86' lang='lat' dir='ltr'><strong>ros,</strong></span> <span class='ocrx_word' id='word_1_681' title='bbox 2894 2802 2998 2854; x_wconf 88' lang='lat' dir='ltr'><strong>nisi</strong></span> <span class='ocrx_word' id='word_1_682' title='bbox 3025 2801 3229 2865; x_wconf 83' lang='lat' dir='ltr'><strong>Jesum,</strong></span> <span class='ocrx_word' id='word_1_683' title='bbox 3260 2812 3307 2855; x_wconf 88' lang='lat' dir='ltr'><strong>ct</strong></span> <span class='ocrx_word' id='word_1_684' title='bbox 3342 2802 3480 2856; x_wconf 86' lang='lat' dir='ltr'><strong>hunc</strong></span> <span class='ocrx_word' id='word_1_685' title='bbox 3516 2802 3841 2869; x_wconf 73' lang='lat' dir='ltr'><strong>cruciﬁxum</strong></span> 
     </span>
    </p>
   </div>
   <div class='ocr_carea' id='block_1_87' title="bbox 2252 2890 3839 2962">
    <p class='ocr_par' dir='ltr' id='par_1_87' title="bbox 2252 2890 3839 2962">
     <span class='ocr_line' id='line_1_87' title="bbox 2252 2890 3839 2962; baseline -0.001 -17"><span class='ocrx_word' id='word_1_686' title='bbox 2252 2891 2269 2962; x_wconf 96' lang='lat'><strong>(</strong></span> <span class='ocrx_word' id='word_1_687' title='bbox 2304 2891 2331 2945; x_wconf 88' lang='grc'><em>1</em></span> <span class='ocrx_word' id='word_1_688' title='bbox 2366 2890 2490 2945; x_wconf 90' lang='lat' dir='ltr'><strong>Cor.</strong></span> <span class='ocrx_word' id='word_1_689' title='bbox 2522 2908 2583 2956; x_wconf 86' lang='lat' dir='ltr'><strong>ll,</strong></span> <span class='ocrx_word' id='word_1_690' title='bbox 2612 2892 2690 2961; x_wconf 74' lang='grc'><strong>2).</strong></span> <span class='ocrx_word' id='word_1_691' title='bbox 2730 2892 2865 2947; x_wconf 86' lang='lat' dir='ltr'><strong>Aliis</strong></span> <span class='ocrx_word' id='word_1_692' title='bbox 2904 2907 3031 2947; x_wconf 85' lang='lat' dir='ltr'><strong>vero</strong></span> <span class='ocrx_word' id='word_1_693' title='bbox 3074 2891 3186 2961; x_wconf 90' lang='lat' dir='ltr'><strong>jam</strong></span> <span class='ocrx_word' id='word_1_694' title='bbox 3223 2892 3491 2962; x_wconf 87' lang='lat' dir='ltr'><strong>provectis</strong></span> <span class='ocrx_word' id='word_1_695' title='bbox 3532 2892 3839 2960; x_wconf 85' lang='lat' dir='ltr'><strong>aperiebat,</strong></span> 
     </span>
    </p>
   </div>
   <div class='ocr_carea' id='block_1_88' title="bbox 2251 2984 3845 3053">
    <p class='ocr_par' dir='ltr' id='par_1_88' title="bbox 2251 2984 3845 3053">
     <span class='ocr_line' id='line_1_88' title="bbox 2251 2984 3845 3053; baseline -0.001 -16"><span class='ocrx_word' id='word_1_696' title='bbox 2251 2984 2321 3037; x_wconf 89' lang='lat' dir='ltr'><strong>de</strong></span> <span class='ocrx_word' id='word_1_697' title='bbox 2338 2984 2534 3052; x_wconf 84' lang='lat' dir='ltr'><strong>quibus</strong></span> <span class='ocrx_word' id='word_1_698' title='bbox 2557 2984 2632 3037; x_wconf 86' lang='lat' dir='ltr'><strong>ait</strong></span> <span class='ocrx_word' id='word_1_699' title='bbox 2656 3002 2667 3036; x_wconf 92' lang='lat'><strong>:</strong></span> <span class='ocrx_word' id='word_1_700' title='bbox 2692 2984 3015 3053; x_wconf 82' lang='lat' dir='ltr'><strong>Sapientiam</strong></span> <span class='ocrx_word' id='word_1_701' title='bbox 3048 3002 3220 3037; x_wconf 84' lang='lat' dir='ltr'><strong>auem</strong></span> <span class='ocrx_word' id='word_1_702' title='bbox 3254 2985 3515 3053; x_wconf 82' lang='lat' dir='ltr'><strong>loquimur</strong></span> <span class='ocrx_word' id='word_1_703' title='bbox 3543 2984 3682 3037; x_wconf 87' lang='lat' dir='ltr'><strong>inter</strong></span> <span class='ocrx_word' id='word_1_704' title='bbox 3714 3000 3845 3053; x_wconf 84' lang='lat' dir='ltr'><strong>per-</strong></span> 
     </span>
    </p>
   </div>
   <div class='ocr_carea' id='block_1_89' title="bbox 2252 3071 3846 3143">
    <p class='ocr_par' dir='ltr' id='par_1_89' title="bbox 2252 3071 3846 3143">
     <span class='ocr_line' id='line_1_89' title="bbox 2252 3071 3846 3143; baseline 0.001 -18"><span class='ocrx_word' id='word_1_705' title='bbox 2252 3071 2414 3141; x_wconf 69' lang='lat' dir='ltr'><strong>[ei-tos</strong></span> <span class='ocrx_word' id='word_1_706' title='bbox 2453 3073 2642 3141; x_wconf 87' lang='lat' dir='ltr'><strong>(ibid.,</strong></span> <span class='ocrx_word' id='word_1_707' title='bbox 2692 3073 2784 3142; x_wconf 90' lang='lat'><strong>6).</strong></span> <span class='ocrx_word' id='word_1_708' title='bbox 2834 3071 3130 3128; x_wconf 80' lang='lat' dir='ltr'><strong>Minoribus</strong></span> <span class='ocrx_word' id='word_1_709' title='bbox 3182 3074 3323 3128; x_wconf 84' lang='lat' dir='ltr'><strong>enim</strong></span> <span class='ocrx_word' id='word_1_710' title='bbox 3368 3075 3578 3127; x_wconf 85' lang='lat' dir='ltr'><strong>tninora</strong></span> <span class='ocrx_word' id='word_1_711' title='bbox 3637 3072 3846 3143; x_wconf 61' lang='lat' dir='ltr'><strong>phelli-</strong></span> 
     </span>
    </p>
   </div>
   <div class='ocr_carea' id='block_1_90' title="bbox 3459 3169 3845 3237">
    <p class='ocr_par' dir='ltr' id='par_1_90' title="bbox 3459 3169 3845 3237">
     <span class='ocr_line' id='line_1_90' title="bbox 3459 3169 3845 3237; baseline 0.005 -17"><span class='ocrx_word' id='word_1_712' title='bbox 3459 3169 3845 3237; x_wconf 81' lang='lat' dir='ltr'><strong>unusquisque</strong></span> 
     </span>
    </p>
   </div>
   <div class='ocr_carea' id='block_1_91' title="bbox 2242 3256 3842 3329">
    <p class='ocr_par' dir='ltr' id='par_1_91' title="bbox 2242 3256 3842 3329">
     <span class='ocr_line' id='line_1_91' title="bbox 2242 3256 3842 3329; baseline 0.004 -24"><span class='ocrx_word' id='word_1_713' title='bbox 2242 3256 2393 3327; x_wconf 78' lang='lat' dir='ltr'><strong>juxta</strong></span> <span class='ocrx_word' id='word_1_714' title='bbox 2434 3258 2648 3310; x_wconf 88' lang='lat' dir='ltr'><strong>modum</strong></span> <span class='ocrx_word' id='word_1_715' title='bbox 2673 3258 2992 3326; x_wconf 89' lang='lat' dir='ltr'><strong>capacitatis</strong></span> <span class='ocrx_word' id='word_1_716' title='bbox 3014 3274 3124 3313; x_wconf 68' lang='lat' dir='ltr'><strong>sum</strong></span> <span class='ocrx_word' id='word_1_717' title='bbox 3152 3260 3430 3313; x_wconf 85' lang='lat' dir='ltr'><strong>doceatur.</strong></span> <span class='ocrx_word' id='word_1_718' title='bbox 3463 3258 3551 3312; x_wconf 85' lang='lat' dir='ltr'><strong>Eis</strong></span> <span class='ocrx_word' id='word_1_719' title='bbox 3581 3273 3718 3329; x_wconf 88' lang='lat' dir='ltr'><strong>ergo</strong></span> <span class='ocrx_word' id='word_1_720' title='bbox 3741 3258 3842 3328; x_wconf 89' lang='lat' dir='ltr'><strong>qui</strong></span> 
     </span>
    </p>
   </div>
   <div class='ocr_carea' id='block_1_92' title="bbox 2246 3355 3846 3422">
    <p class='ocr_par' dir='ltr' id='par_1_92' title="bbox 2246 3355 3846 3422">
     <span class='ocr_line' id='line_1_92' title="bbox 2246 3355 3846 3422; baseline 0.002 -17"><span class='ocrx_word' id='word_1_721' title='bbox 2246 3366 2504 3422; x_wconf 82' lang='lat' dir='ltr'><strong>magnum</strong></span> <span class='ocrx_word' id='word_1_722' title='bbox 2547 3368 2763 3407; x_wconf 91' lang='lat' dir='ltr'><strong>sensum</strong></span> <span class='ocrx_word' id='word_1_723' title='bbox 2808 3355 3028 3420; x_wconf 86' lang='lat' dir='ltr'><strong>habent,</strong></span> <span class='ocrx_word' id='word_1_724' title='bbox 3052 3364 3109 3410; x_wconf 90' lang='lat' dir='ltr'><strong>et</strong></span> <span class='ocrx_word' id='word_1_725' title='bbox 3146 3356 3199 3409; x_wconf 92' lang='lat' dir='ltr'><strong>in</strong></span> <span class='ocrx_word' id='word_1_726' title='bbox 3230 3356 3464 3410; x_wconf 85' lang='lat' dir='ltr'><strong>novitate</strong></span> <span class='ocrx_word' id='word_1_727' title='bbox 3490 3356 3616 3409; x_wconf 78' lang='lat' dir='ltr'><strong>vita:</strong></span> <span class='ocrx_word' id='word_1_728' title='bbox 3643 3356 3846 3408; x_wconf 83' lang='lat' dir='ltr'><strong>authu-</strong></span> 
     </span>
    </p>
   </div>
   <div class='ocr_carea' id='block_1_93' title="bbox 2247 3444 3842 3511">
    <p class='ocr_par' dir='ltr' id='par_1_93' title="bbox 2247 3444 3842 3511">
     <span class='ocr_line' id='line_1_93' title="bbox 2247 3444 3842 3511; baseline 0.003 -13"><span class='ocrx_word' id='word_1_729' title='bbox 2247 3444 2381 3511; x_wconf 88' lang='lat' dir='ltr'><strong>lant,</strong></span> <span class='ocrx_word' id='word_1_730' title='bbox 2434 3446 2660 3499; x_wconf 88' lang='lat' dir='ltr'><strong>dicenda</strong></span> <span class='ocrx_word' id='word_1_731' title='bbox 2713 3457 2798 3502; x_wconf 91' lang='lat' dir='ltr'><strong>est</strong></span> <span class='ocrx_word' id='word_1_732' title='bbox 2843 3447 2990 3502; x_wconf 89' lang='lat' dir='ltr'><strong>celsa</strong></span> <span class='ocrx_word' id='word_1_733' title='bbox 3048 3449 3186 3502; x_wconf 88' lang='lat' dir='ltr'><strong>visio</strong></span> <span class='ocrx_word' id='word_1_734' title='bbox 3224 3448 3629 3504; x_wconf 85' lang='lat' dir='ltr'><strong>clariticationis</strong></span> <span class='ocrx_word' id='word_1_735' title='bbox 3663 3448 3842 3502; x_wconf 83' lang='lat' dir='ltr'><strong>divini</strong></span> 
     </span>
    </p>
   </div>
   <div class='ocr_carea' id='block_1_94' title="bbox 2254 3536 3846 3608">
    <p class='ocr_par' dir='ltr' id='par_1_94' title="bbox 2254 3536 3846 3608">
     <span class='ocr_line' id='line_1_94' title="bbox 2254 3536 3846 3608; baseline -0.002 -16"><span class='ocrx_word' id='word_1_736' title='bbox 2254 3538 2544 3592; x_wconf 89' lang='lat' dir='ltr'><strong>sermonis.</strong></span> <span class='ocrx_word' id='word_1_737' title='bbox 2584 3536 2738 3597; x_wconf 89' lang='lat' dir='ltr'><strong>Unde</strong></span> <span class='ocrx_word' id='word_1_738' title='bbox 2764 3548 2819 3593; x_wconf 93' lang='lat' dir='ltr'><strong>et</strong></span> <span class='ocrx_word' id='word_1_739' title='bbox 2861 3555 3023 3606; x_wconf 86' lang='lat' dir='ltr'><strong>nunc,</strong></span> <span class='ocrx_word' id='word_1_740' title='bbox 3068 3540 3210 3593; x_wconf 91' lang='lat' dir='ltr'><strong>sicut</strong></span> <span class='ocrx_word' id='word_1_741' title='bbox 3249 3548 3302 3593; x_wconf 88' lang='lat' dir='ltr'><strong>et</strong></span> <span class='ocrx_word' id='word_1_742' title='bbox 3347 3540 3612 3608; x_wconf 87' lang='lat' dir='ltr'><strong>superius,</strong></span> <span class='ocrx_word' id='word_1_743' title='bbox 3656 3546 3846 3607; x_wconf 86' lang='lat' dir='ltr'><strong>potest</strong></span> 
     </span>
    </p>
   </div>
   <div class='ocr_carea' id='block_1_95' title="bbox 2246 3628 3847 3699">
    <p class='ocr_par' dir='ltr' id='par_1_95' title="bbox 2246 3628 3847 3699">
     <span class='ocr_line' id='line_1_95' title="bbox 2246 3628 3847 3699; baseline -0.002 -15"><span class='ocrx_word' id='word_1_744' title='bbox 2246 3629 2361 3699; x_wconf 89' lang='lat' dir='ltr'><strong>ipse</strong></span> <span class='ocrx_word' id='word_1_745' title='bbox 2429 3644 2608 3684; x_wconf 90' lang='lat' dir='ltr'><strong>sermo</strong></span> <span class='ocrx_word' id='word_1_746' title='bbox 2677 3629 2820 3684; x_wconf 85' lang='lat' dir='ltr'><strong>titius</strong></span> <span class='ocrx_word' id='word_1_747' title='bbox 2869 3630 3106 3685; x_wconf 90' lang='lat' dir='ltr'><strong>hominis</strong></span> <span class='ocrx_word' id='word_1_748' title='bbox 3164 3628 3411 3699; x_wconf 85' lang='lat' dir='ltr'><strong>intelligi.</strong></span> <span class='ocrx_word' id='word_1_749' title='bbox 3469 3628 3569 3694; x_wconf 87' lang='lat' dir='ltr'><strong>Qui</strong></span> <span class='ocrx_word' id='word_1_750' title='bbox 3623 3629 3847 3681; x_wconf 83' lang='lat' dir='ltr'><strong>scilicet</strong></span> 
     </span>
    </p>
   </div>
   <div class='ocr_carea' id='block_1_96' title="bbox 2254 3721 3851 3792">
    <p class='ocr_par' dir='ltr' id='par_1_96' title="bbox 2254 3721 3851 3792">
     <span class='ocr_line' id='line_1_96' title="bbox 2254 3721 3851 3792; baseline -0.003 -15"><span class='ocrx_word' id='word_1_751' title='bbox 2254 3738 2436 3777; x_wconf 90' lang='lat' dir='ltr'><strong>sermo</strong></span> <span class='ocrx_word' id='word_1_752' title='bbox 2464 3722 2619 3792; x_wconf 89' lang='lat' dir='ltr'><strong>quasi</strong></span> <span class='ocrx_word' id='word_1_753' title='bbox 2655 3723 2940 3791; x_wconf 89' lang='lat' dir='ltr'><strong>perimitur</strong></span> <span class='ocrx_word' id='word_1_754' title='bbox 2966 3732 3021 3776; x_wconf 90' lang='lat' dir='ltr'><strong>et</strong></span> <span class='ocrx_word' id='word_1_755' title='bbox 3054 3721 3199 3776; x_wconf 89' lang='lat' dir='ltr'><strong>velut</strong></span> <span class='ocrx_word' id='word_1_756' title='bbox 3243 3723 3387 3777; x_wconf 89' lang='lat' dir='ltr'><strong>inter</strong></span> <span class='ocrx_word' id='word_1_757' title='bbox 3417 3731 3661 3775; x_wconf 90' lang='lat' dir='ltr'><strong>mortuos</strong></span> <span class='ocrx_word' id='word_1_758' title='bbox 3687 3734 3851 3775; x_wconf 80' lang='lat' dir='ltr'><strong>com-</strong></span> 
     </span>
    </p>
   </div>
   <div class='ocr_carea' id='block_1_97' title="bbox 2246 3812 3850 3884">
    <p class='ocr_par' dir='ltr' id='par_1_97' title="bbox 2246 3812 3850 3884">
     <span class='ocr_line' id='line_1_97' title="bbox 2246 3812 3850 3884; baseline -0.002 -18"><span class='ocrx_word' id='word_1_759' title='bbox 2246 3822 2471 3884; x_wconf 86' lang='lat' dir='ltr'><strong>putatur</strong></span> <span class='ocrx_word' id='word_1_760' title='bbox 2499 3813 2726 3879; x_wconf 90' lang='lat' dir='ltr'><strong>abillis,</strong></span> <span class='ocrx_word' id='word_1_761' title='bbox 2774 3814 2867 3882; x_wconf 90' lang='lat' dir='ltr'><strong>qui</strong></span> <span class='ocrx_word' id='word_1_762' title='bbox 2929 3812 3172 3883; x_wconf 88' lang='lat' dir='ltr'><strong>graviter</strong></span> <span class='ocrx_word' id='word_1_763' title='bbox 3212 3813 3265 3866; x_wconf 91' lang='lat' dir='ltr'><strong>in</strong></span> <span class='ocrx_word' id='word_1_764' title='bbox 3312 3825 3433 3866; x_wconf 88' lang='lat' dir='ltr'><strong>eum</strong></span> <span class='ocrx_word' id='word_1_765' title='bbox 3483 3818 3749 3881; x_wconf 88' lang='lat' dir='ltr'><strong>peccant;</strong></span> <span class='ocrx_word' id='word_1_766' title='bbox 3790 3816 3850 3863; x_wconf 75' lang='lat' dir='ltr'><strong>et</strong></span> 
     </span>
    </p>
   </div>
   <div class='ocr_carea' id='block_1_98' title="bbox 2247 3900 3847 3974">
    <p class='ocr_par' dir='ltr' id='par_1_98' title="bbox 2247 3900 3847 3974">
     <span class='ocr_line' id='line_1_98' title="bbox 2247 3900 3847 3974; baseline -0.001 -19"><span class='ocrx_word' id='word_1_767' title='bbox 2247 3904 2403 3974; x_wconf 87' lang='lat' dir='ltr'><strong>quasi</strong></span> <span class='ocrx_word' id='word_1_768' title='bbox 2451 3919 2560 3958; x_wconf 92' lang='lat' dir='ltr'><strong>nou</strong></span> <span class='ocrx_word' id='word_1_769' title='bbox 2606 3903 2696 3966; x_wconf 89' lang='lat' dir='ltr'><strong>sit,</strong></span> <span class='ocrx_word' id='word_1_770' title='bbox 2747 3917 2871 3957; x_wconf 91' lang='lat' dir='ltr'><strong>eum</strong></span> <span class='ocrx_word' id='word_1_771' title='bbox 2923 3902 3223 3973; x_wconf 85' lang='lat' dir='ltr'><strong>transgredi</strong></span> <span class='ocrx_word' id='word_1_772' title='bbox 3275 3912 3329 3956; x_wconf 90' lang='lat' dir='ltr'><strong>et</strong></span> <span class='ocrx_word' id='word_1_773' title='bbox 3373 3900 3700 3956; x_wconf 88' lang='lat' dir='ltr'><strong>conculcare</strong></span> <span class='ocrx_word' id='word_1_774' title='bbox 3734 3915 3847 3954; x_wconf 88' lang='lat' dir='ltr'><strong>non</strong></span> 
     </span>
    </p>
   </div>
   <div class='ocr_carea' id='block_1_99' title="bbox 2244 3992 3850 4062">
    <p class='ocr_par' dir='ltr' id='par_1_99' title="bbox 2244 3992 3850 4062">
     <span class='ocr_line' id='line_1_99' title="bbox 2244 3992 3850 4062; baseline -0.003 -13"><span class='ocrx_word' id='word_1_775' title='bbox 2244 4004 2525 4050; x_wconf 88' lang='lat' dir='ltr'><strong>verentur.</strong></span> <span class='ocrx_word' id='word_1_776' title='bbox 2558 3994 2784 4062; x_wconf 89' lang='lat' dir='ltr'><strong>Quibus,</strong></span> <span class='ocrx_word' id='word_1_777' title='bbox 2819 3996 2944 4050; x_wconf 89' lang='lat' dir='ltr'><strong>dum</strong></span> <span class='ocrx_word' id='word_1_778' title='bbox 2990 3996 3121 4050; x_wconf 92' lang='lat' dir='ltr'><strong>tales</strong></span> <span class='ocrx_word' id='word_1_779' title='bbox 3168 4003 3315 4058; x_wconf 88' lang='lat' dir='ltr'><strong>sunt,</strong></span> <span class='ocrx_word' id='word_1_780' title='bbox 3367 3994 3547 4047; x_wconf 88' lang='lat' dir='ltr'><strong>dicere</strong></span> <span class='ocrx_word' id='word_1_781' title='bbox 3592 4007 3707 4046; x_wconf 85' lang='lat' dir='ltr'><strong>non</strong></span> <span class='ocrx_word' id='word_1_782' title='bbox 3751 3992 3850 4046; x_wconf 82' lang='lat' dir='ltr'><strong>de-</strong></span> 
     </span>
    </p>
   </div>
   <div class='ocr_carea' id='block_1_100' title="bbox 2245 4084 3851 4158">
    <p class='ocr_par' dir='ltr' id='par_1_100' title="bbox 2245 4084 3851 4158">
     <span class='ocr_line' id='line_1_100' title="bbox 2245 4084 3851 4158; baseline -0.004 -15"><span class='ocrx_word' id='word_1_783' title='bbox 2245 4088 2438 4143; x_wconf 80' lang='lat' dir='ltr'><strong>bemus</strong></span> <span class='ocrx_word' id='word_1_784' title='bbox 2473 4089 2713 4158; x_wconf 76' lang='lat' dir='ltr'><strong>ejusdem</strong></span> <span class='ocrx_word' id='word_1_785' title='bbox 2760 4087 2925 4142; x_wconf 88' lang='lat' dir='ltr'><strong>divini</strong></span> <span class='ocrx_word' id='word_1_786' title='bbox 2957 4086 3223 4141; x_wconf 90' lang='lat' dir='ltr'><strong>sermonis</strong></span> <span class='ocrx_word' id='word_1_787' title='bbox 3249 4084 3746 4147; x_wconf 85' lang='lat' dir='ltr'><strong>clariﬁcationem;</strong></span> <span class='ocrx_word' id='word_1_788' title='bbox 3779 4096 3851 4136; x_wconf 81' lang='lat' dir='ltr'><strong>ne</strong></span> 
     </span>
    </p>
   </div>
   <div class='ocr_carea' id='block_1_101' title="bbox 2243 4174 3845 4251">
    <p class='ocr_par' dir='ltr' id='par_1_101' title="bbox 2243 4174 3845 4251">
     <span class='ocr_line' id='line_1_101' title="bbox 2243 4174 3845 4251; baseline -0.006 -13"><span class='ocrx_word' id='word_1_789' title='bbox 2243 4194 2483 4238; x_wconf 86' lang='lat' dir='ltr'><strong>sanctum</strong></span> <span class='ocrx_word' id='word_1_790' title='bbox 2507 4181 2721 4235; x_wconf 88' lang='lat' dir='ltr'><strong>canibus</strong></span> <span class='ocrx_word' id='word_1_791' title='bbox 2735 4191 2781 4235; x_wconf 89' lang='lat' dir='ltr'><strong>et</strong></span> <span class='ocrx_word' id='word_1_792' title='bbox 2805 4180 3121 4251; x_wconf 83' lang='lat' dir='ltr'><strong>margaritas</strong></span> <span class='ocrx_word' id='word_1_793' title='bbox 3152 4180 3331 4250; x_wconf 89' lang='lat' dir='ltr'><strong>porcis</strong></span> <span class='ocrx_word' id='word_1_794' title='bbox 3368 4177 3583 4232; x_wconf 79' lang='lat' dir='ltr'><strong>dedisse</strong></span> <span class='ocrx_word' id='word_1_795' title='bbox 3608 4174 3845 4245; x_wconf 74' lang='lat' dir='ltr'><strong>(Matth.</strong></span> 
     </span>
    </p>
   </div>
   <div class='ocr_carea' id='block_1_102' title="bbox 2242 4272 3849 4344">
    <p class='ocr_par' dir='ltr' id='par_1_102' title="bbox 2242 4272 3849 4344">
     <span class='ocr_line' id='line_1_102' title="bbox 2242 4272 3849 4344; baseline -0.006 -15"><span class='ocrx_word' id='word_1_796' title='bbox 2242 4291 2348 4339; x_wconf 85' lang='lat' dir='ltr'><strong>vlt,</strong></span> <span class='ocrx_word' id='word_1_797' title='bbox 2403 4274 2467 4344; x_wconf 90' lang='lat'><strong>6)</strong></span> <span class='ocrx_word' id='word_1_798' title='bbox 2519 4272 2817 4342; x_wconf 85' lang='lat' dir='ltr'><strong>culpetnur.</strong></span> <span class='ocrx_word' id='word_1_799' title='bbox 2866 4272 2971 4326; x_wconf 88' lang='lat' dir='ltr'><strong>Sed</strong></span> <span class='ocrx_word' id='word_1_800' title='bbox 3004 4273 3050 4326; x_wconf 92' lang='lat' dir='ltr'><strong>si</strong></span> <span class='ocrx_word' id='word_1_801' title='bbox 3095 4272 3235 4326; x_wconf 88' lang='lat' dir='ltr'><strong>idem</strong></span> <span class='ocrx_word' id='word_1_802' title='bbox 3285 4285 3462 4324; x_wconf 89' lang='lat' dir='ltr'><strong>sermo</strong></span> <span class='ocrx_word' id='word_1_803' title='bbox 3512 4282 3849 4322; x_wconf 68' lang='lat' dir='ltr'><strong>resurrexe-</strong></span> 
     </span>
    </p>
   </div>
   <div class='ocr_carea' id='block_1_103' title="bbox 2248 4350 3847 4433">
    <p class='ocr_par' dir='ltr' id='par_1_103' title="bbox 2248 4350 3847 4433">
     <span class='ocr_line' id='line_1_103' title="bbox 2248 4350 3847 4433; baseline -0.005 -14"><span class='ocrx_word' id='word_1_804' title='bbox 2248 4365 2325 4420; x_wconf 84' lang='lat' dir='ltr'><strong>rit</strong></span> <span class='ocrx_word' id='word_1_805' title='bbox 2357 4364 2409 4417; x_wconf 94' lang='lat' dir='ltr'><strong>in</strong></span> <span class='ocrx_word' id='word_1_806' title='bbox 2438 4364 2518 4417; x_wconf 90' lang='lat' dir='ltr'><strong>eis</strong></span> <span class='ocrx_word' id='word_1_807' title='bbox 2548 4350 2645 4433; x_wconf 82' lang='lat' dir='ltr'><strong>per</strong></span> <span class='ocrx_word' id='word_1_808' title='bbox 2672 4362 3044 4431; x_wconf 70' lang='lat' dir='ltr'><strong>pmttitcntiam</strong></span> <span class='ocrx_word' id='word_1_809' title='bbox 3087 4361 3327 4430; x_wconf 92' lang='lat' dir='ltr'><strong>ipsorum</strong></span> <span class='ocrx_word' id='word_1_810' title='bbox 3372 4368 3427 4412; x_wconf 93' lang='lat' dir='ltr'><strong>et</strong></span> <span class='ocrx_word' id='word_1_811' title='bbox 3472 4358 3597 4412; x_wconf 72' lang='lat' dir='ltr'><strong>vita:</strong></span> <span class='ocrx_word' id='word_1_812' title='bbox 3644 4357 3847 4412; x_wconf 84' lang='lat' dir='ltr'><strong>melio-</strong></span> 
     </span>
    </p>
   </div>
   <div class='ocr_carea' id='block_1_104' title="bbox 2243 4446 3849 4524">
    <p class='ocr_par' dir='ltr' id='par_1_104' title="bbox 2243 4446 3849 4524">
     <span class='ocr_line' id='line_1_104' title="bbox 2243 4446 3849 4524; baseline -0.007 -13"><span class='ocrx_word' id='word_1_813' title='bbox 2243 4457 2533 4518; x_wconf 89' lang='lat' dir='ltr'><strong>rationem,</strong></span> <span class='ocrx_word' id='word_1_814' title='bbox 2588 4462 2717 4508; x_wconf 87' lang='lat' dir='ltr'><strong>tunc</strong></span> <span class='ocrx_word' id='word_1_815' title='bbox 2767 4454 2880 4524; x_wconf 88' lang='lat' dir='ltr'><strong>jam</strong></span> <span class='ocrx_word' id='word_1_816' title='bbox 2931 4453 3038 4507; x_wconf 89' lang='lat' dir='ltr'><strong>dici</strong></span> <span class='ocrx_word' id='word_1_817' title='bbox 3086 4460 3264 4523; x_wconf 89' lang='lat' dir='ltr'><strong>potest</strong></span> <span class='ocrx_word' id='word_1_818' title='bbox 3290 4452 3370 4505; x_wconf 90' lang='lat' dir='ltr'><strong>eis</strong></span> <span class='ocrx_word' id='word_1_819' title='bbox 3397 4449 3532 4503; x_wconf 89' lang='lat' dir='ltr'><strong>visio</strong></span> <span class='ocrx_word' id='word_1_820' title='bbox 3563 4446 3849 4501; x_wconf 82' lang='lat' dir='ltr'><strong>claritatis</strong></span> 
     </span>
    </p>
   </div>
   <div class='ocr_carea' id='block_1_105' title="bbox 2245 4539 3849 4619">
    <p class='ocr_par' dir='ltr' id='par_1_105' title="bbox 2245 4539 3849 4619">
     <span class='ocr_line' id='line_1_105' title="bbox 2245 4539 3849 4619; baseline -0.006 -17"><span class='ocrx_word' id='word_1_821' title='bbox 2245 4547 2384 4617; x_wconf 88' lang='lat' dir='ltr'><strong>ejus,</strong></span> <span class='ocrx_word' id='word_1_822' title='bbox 2408 4564 2526 4619; x_wconf 81' lang='lat' dir='ltr'><strong>qua:</strong></span> <span class='ocrx_word' id='word_1_823' title='bbox 2555 4562 2770 4601; x_wconf 90' lang='lat' dir='ltr'><strong>rursum</strong></span> <span class='ocrx_word' id='word_1_824' title='bbox 2801 4553 3025 4617; x_wconf 89' lang='lat' dir='ltr'><strong>apparet</strong></span> <span class='ocrx_word' id='word_1_825' title='bbox 3054 4547 3122 4600; x_wconf 88' lang='lat' dir='ltr'><strong>ad</strong></span> <span class='ocrx_word' id='word_1_826' title='bbox 3170 4544 3279 4598; x_wconf 89' lang='lat' dir='ltr'><strong>alta</strong></span> <span class='ocrx_word' id='word_1_827' title='bbox 3322 4541 3694 4597; x_wconf 86' lang='lat' dir='ltr'><strong>tendentibus.</strong></span> <span class='ocrx_word' id='word_1_828' title='bbox 3735 4539 3849 4594; x_wconf 84' lang='lat' dir='ltr'><strong>Sed</strong></span> 
     </span>
    </p>
   </div>
   <div class='ocr_carea' id='block_1_106' title="bbox 2245 4634 3852 4707">
    <p class='ocr_par' dir='ltr' id='par_1_106' title="bbox 2245 4634 3852 4707">
     <span class='ocr_line' id='line_1_106' title="bbox 2245 4634 3852 4707; baseline -0.006 -13"><span class='ocrx_word' id='word_1_829' title='bbox 2245 4640 2385 4694; x_wconf 90' lang='lat' dir='ltr'><strong>hanc</strong></span> <span class='ocrx_word' id='word_1_830' title='bbox 2442 4639 2751 4702; x_wconf 88' lang='lat' dir='ltr'><strong>lectionem,</strong></span> <span class='ocrx_word' id='word_1_831' title='bbox 2782 4646 2942 4707; x_wconf 88' lang='lat' dir='ltr'><strong>prout</strong></span> <span class='ocrx_word' id='word_1_832' title='bbox 2976 4636 3191 4692; x_wconf 66' lang='lat' dir='ltr'><strong>cwlitus</strong></span> <span class='ocrx_word' id='word_1_833' title='bbox 3217 4635 3370 4690; x_wconf 90' lang='lat' dir='ltr'><strong>nobis</strong></span> <span class='ocrx_word' id='word_1_834' title='bbox 3396 4634 3580 4688; x_wconf 86' lang='lat' dir='ltr'><strong>datum</strong></span> <span class='ocrx_word' id='word_1_835' title='bbox 3606 4641 3715 4699; x_wconf 89' lang='lat' dir='ltr'><strong>est,</strong></span> <span class='ocrx_word' id='word_1_836' title='bbox 3748 4647 3852 4687; x_wconf 77' lang='lat' dir='ltr'><strong>ex-</strong></span> 
     </span>
    </p>
   </div>
   <div class='ocr_carea' id='block_1_107' title="bbox 2243 4726 3850 4802">
    <p class='ocr_par' dir='ltr' id='par_1_107' title="bbox 2243 4726 3850 4802">
     <span class='ocr_line' id='line_1_107' title="bbox 2243 4726 3850 4802; baseline -0.004 -18"><span class='ocrx_word' id='word_1_837' title='bbox 2243 4731 2524 4801; x_wconf 89' lang='lat' dir='ltr'><strong>posuimus</strong></span> <span class='ocrx_word' id='word_1_838' title='bbox 2562 4739 2619 4785; x_wconf 91' lang='lat' dir='ltr'><strong>et</strong></span> <span class='ocrx_word' id='word_1_839' title='bbox 2661 4730 2778 4802; x_wconf 82' lang='lat' dir='ltr'><strong>ejus</strong></span> <span class='ocrx_word' id='word_1_840' title='bbox 2818 4729 3077 4799; x_wconf 87' lang='lat' dir='ltr'><strong>mysteria</strong></span> <span class='ocrx_word' id='word_1_841' title='bbox 3125 4726 3518 4799; x_wconf 85' lang='lat' dir='ltr'><strong>patefecimus,</strong></span> <span class='ocrx_word' id='word_1_842' title='bbox 3560 4735 3850 4794; x_wconf 86' lang='lat' dir='ltr'><strong>quatenus</strong></span> 
     </span>
    </p>
   </div>
   <div class='ocr_carea' id='block_1_108' title="bbox 2246 4814 3850 4892">
    <p class='ocr_par' dir='ltr' id='par_1_108' title="bbox 2246 4814 3850 4892">
     <span class='ocr_line' id='line_1_108' title="bbox 2246 4814 3850 4892; baseline -0.004 -19"><span class='ocrx_word' id='word_1_843' title='bbox 2246 4837 2436 4875; x_wconf 87' lang='lat' dir='ltr'><strong>omnes</strong></span> <span class='ocrx_word' id='word_1_844' title='bbox 2465 4822 2555 4890; x_wconf 89' lang='lat' dir='ltr'><strong>qui</strong></span> <span class='ocrx_word' id='word_1_845' title='bbox 2590 4822 2704 4876; x_wconf 63' lang='lat' dir='ltr'><strong>haec</strong></span> <span class='ocrx_word' id='word_1_846' title='bbox 2733 4826 3094 4892; x_wconf 87' lang='lat' dir='ltr'><strong>agnoverunt,</strong></span> <span class='ocrx_word' id='word_1_847' title='bbox 3130 4818 3419 4887; x_wconf 88' lang='lat' dir='ltr'><strong>adjuvante</strong></span> <span class='ocrx_word' id='word_1_848' title='bbox 3452 4815 3717 4879; x_wconf 89' lang='lat' dir='ltr'><strong>Domino,</strong></span> <span class='ocrx_word' id='word_1_849' title='bbox 3765 4814 3850 4868; x_wconf 87' lang='lat' dir='ltr'><strong>sic</strong></span> 
     </span>
    </p>
   </div>
   <div class='ocr_carea' id='block_1_109' title="bbox 2246 4905 3850 4981">
    <p class='ocr_par' dir='ltr' id='par_1_109' title="bbox 2246 4905 3850 4981">
     <span class='ocr_line' id='line_1_109' title="bbox 2246 4905 3850 4981; baseline -0.004 -16"><span class='ocrx_word' id='word_1_850' title='bbox 2246 4912 2427 4967; x_wconf 85' lang='lat' dir='ltr'><strong>vivere</strong></span> <span class='ocrx_word' id='word_1_851' title='bbox 2477 4912 2727 4967; x_wconf 87' lang='lat' dir='ltr'><strong>studeant</strong></span> <span class='ocrx_word' id='word_1_852' title='bbox 2770 4920 2824 4966; x_wconf 90' lang='lat' dir='ltr'><strong>et</strong></span> <span class='ocrx_word' id='word_1_853' title='bbox 2874 4910 3129 4981; x_wconf 89' lang='lat' dir='ltr'><strong>supernis</strong></span> <span class='ocrx_word' id='word_1_854' title='bbox 3180 4908 3486 4971; x_wconf 88' lang='lat' dir='ltr'><strong>intendant,</strong></span> <span class='ocrx_word' id='word_1_855' title='bbox 3536 4913 3599 4959; x_wconf 89' lang='lat' dir='ltr'><strong>ut</strong></span> <span class='ocrx_word' id='word_1_856' title='bbox 3636 4906 3709 4961; x_wconf 85' lang='lat' dir='ltr'><strong>de</strong></span> <span class='ocrx_word' id='word_1_857' title='bbox 3760 4905 3850 4961; x_wconf 88' lang='lat' dir='ltr'><strong>his</strong></span> 
     </span>
    </p>
   </div>
   <div class='ocr_carea' id='block_1_110' title="bbox 2244 4990 3850 5076">
    <p class='ocr_par' dir='ltr' id='par_1_110' title="bbox 2244 4990 3850 5076">
     <span class='ocr_line' id='line_1_110' title="bbox 2244 4990 3850 5076; baseline -0.003 -17"><span class='ocrx_word' id='word_1_858' title='bbox 2244 5018 2364 5074; x_wconf 66' lang='lat' dir='ltr'><strong>quae</strong></span> <span class='ocrx_word' id='word_1_859' title='bbox 2393 5004 2536 5059; x_wconf 88' lang='lat' dir='ltr'><strong>dicta</strong></span> <span class='ocrx_word' id='word_1_860' title='bbox 2583 5013 2710 5059; x_wconf 85' lang='lat' dir='ltr'><strong>sunt</strong></span> <span class='ocrx_word' id='word_1_861' title='bbox 2733 5005 2968 5076; x_wconf 78' lang='lat' dir='ltr'><strong>gaudere</strong></span> <span class='ocrx_word' id='word_1_862' title='bbox 3012 5012 3067 5057; x_wconf 90' lang='lat' dir='ltr'><strong>et</strong></span> <span class='ocrx_word' id='word_1_863' title='bbox 3105 5003 3157 5057; x_wconf 91' lang='lat' dir='ltr'><strong>in</strong></span> <span class='ocrx_word' id='word_1_864' title='bbox 3187 5001 3440 5072; x_wconf 60' lang='lat' dir='ltr'><strong>prasenti</strong></span> <span class='ocrx_word' id='word_1_865' title='bbox 3478 4999 3687 5055; x_wconf 69' lang='lat' dir='ltr'><strong>smculo</strong></span> <span class='ocrx_word' id='word_1_866' title='bbox 3722 4990 3850 5054; x_wconf 85' lang='lat' dir='ltr'><strong>mc-</strong></span> 
     </span>
    </p>
   </div>
   <div class='ocr_carea' id='block_1_111' title="bbox 2243 5090 3855 5166">
    <p class='ocr_par' dir='ltr' id='par_1_111' title="bbox 2243 5090 3855 5166">
     <span class='ocr_line' id='line_1_111' title="bbox 2243 5090 3855 5166; baseline -0.003 -15"><span class='ocrx_word' id='word_1_867' title='bbox 2243 5105 2468 5151; x_wconf 87' lang='lat' dir='ltr'><strong>rcautur</strong></span> <span class='ocrx_word' id='word_1_868' title='bbox 2496 5104 2552 5151; x_wconf 89' lang='lat' dir='ltr'><strong>et</strong></span> <span class='ocrx_word' id='word_1_869' title='bbox 2581 5096 2633 5150; x_wconf 91' lang='lat' dir='ltr'><strong>in</strong></span> <span class='ocrx_word' id='word_1_870' title='bbox 2668 5095 2869 5159; x_wconf 89' lang='lat' dir='ltr'><strong>futuro,</strong></span> <span class='ocrx_word' id='word_1_871' title='bbox 2909 5110 3006 5166; x_wconf 89' lang='lat' dir='ltr'><strong>per</strong></span> <span class='ocrx_word' id='word_1_872' title='bbox 3049 5093 3231 5150; x_wconf 77' lang='lat' dir='ltr'><strong>.lcsut&#39;u</strong></span> <span class='ocrx_word' id='word_1_873' title='bbox 3270 5092 3547 5147; x_wconf 87' lang='lat' dir='ltr'><strong>Christum</strong></span> <span class='ocrx_word' id='word_1_874' title='bbox 3586 5090 3855 5146; x_wconf 84' lang='lat' dir='ltr'><strong>Salvato-</strong></span> 
     </span>
    </p>
   </div>
   <div class='ocr_carea' id='block_1_112' title="bbox 2244 5184 3854 5259">
    <p class='ocr_par' dir='ltr' id='par_1_112' title="bbox 2244 5184 3854 5259">
     <span class='ocr_line' id='line_1_112' title="bbox 2244 5184 3854 5259; baseline -0.004 -16"><span class='ocrx_word' id='word_1_875' title='bbox 2244 5204 2358 5243; x_wconf 89' lang='lat' dir='ltr'><strong>rem</strong></span> <span class='ocrx_word' id='word_1_876' title='bbox 2392 5198 2660 5257; x_wconf 87' lang='lat' dir='ltr'><strong>nostrum,</strong></span> <span class='ocrx_word' id='word_1_877' title='bbox 2686 5188 2777 5259; x_wconf 88' lang='lat' dir='ltr'><strong>qui</strong></span> <span class='ocrx_word' id='word_1_878' title='bbox 2810 5205 2933 5244; x_wconf 89' lang='lat' dir='ltr'><strong>cum</strong></span> <span class='ocrx_word' id='word_1_879' title='bbox 2962 5188 3126 5243; x_wconf 87' lang='lat' dir='ltr'><strong>Patre</strong></span> <span class='ocrx_word' id='word_1_880' title='bbox 3165 5196 3218 5241; x_wconf 91' lang='lat' dir='ltr'><strong>et</strong></span> <span class='ocrx_word' id='word_1_881' title='bbox 3247 5184 3451 5255; x_wconf 90' lang='lat' dir='ltr'><strong>Spiritu</strong></span> <span class='ocrx_word' id='word_1_882' title='bbox 3476 5195 3677 5240; x_wconf 88' lang='lat' dir='ltr'><strong>sancto</strong></span> <span class='ocrx_word' id='word_1_883' title='bbox 3712 5186 3854 5238; x_wconf 84' lang='lat' dir='ltr'><strong>vivit</strong></span> 
     </span>
    </p>
   </div>
   <div class='ocr_carea' id='block_1_113' title="bbox 2248 5274 3854 5348">
    <p class='ocr_par' dir='ltr' id='par_1_113' title="bbox 2248 5274 3854 5348">
     <span class='ocr_line' id='line_1_113' title="bbox 2248 5274 3854 5348; baseline -0.002 -15"><span class='ocrx_word' id='word_1_884' title='bbox 2248 5286 2303 5333; x_wconf 89' lang='lat' dir='ltr'><strong>et</strong></span> <span class='ocrx_word' id='word_1_885' title='bbox 2339 5288 2536 5348; x_wconf 87' lang='lat' dir='ltr'><strong>regnat</strong></span> <span class='ocrx_word' id='word_1_886' title='bbox 2566 5279 2730 5344; x_wconf 89' lang='lat' dir='ltr'><strong>Deus,</strong></span> <span class='ocrx_word' id='word_1_887' title='bbox 2768 5287 2892 5332; x_wconf 88' lang='lat' dir='ltr'><strong>ante</strong></span> <span class='ocrx_word' id='word_1_888' title='bbox 2922 5277 3105 5334; x_wconf 86' lang='lat' dir='ltr'><strong>omnia</strong></span> <span class='ocrx_word' id='word_1_889' title='bbox 3140 5274 3357 5341; x_wconf 68' lang='lat' dir='ltr'><strong>sarcula,</strong></span> <span class='ocrx_word' id='word_1_890' title='bbox 3400 5284 3457 5333; x_wconf 89' lang='lat' dir='ltr'><strong>et</strong></span> <span class='ocrx_word' id='word_1_891' title='bbox 3490 5289 3663 5340; x_wconf 84' lang='lat' dir='ltr'><strong>nunc,</strong></span> <span class='ocrx_word' id='word_1_892' title='bbox 3699 5283 3765 5330; x_wconf 83' lang='lat' dir='ltr'><strong>et</strong></span> <span class='ocrx_word' id='word_1_893' title='bbox 3797 5276 3854 5329; x_wconf 86' lang='lat' dir='ltr'><strong>in</strong></span> 
     </span>
    </p>
   </div>
   <div class='ocr_carea' id='block_1_114' title="bbox 2224 5368 2897 5445">
    <p class='ocr_par' dir='ltr' id='par_1_114' title="bbox 2224 5368 2897 5445">
     <span class='ocr_line' id='line_1_114' title="bbox 2224 5368 2897 5445; baseline -0.007 -20"><span class='ocrx_word' id='word_1_894' title='bbox 2224 5369 2423 5445; x_wconf 85' lang='lat' dir='ltr'><strong>omnia</strong></span> <span class='ocrx_word' id='word_1_895' title='bbox 2455 5368 2670 5425; x_wconf 71' lang='lat' dir='ltr'><strong>sarcula.</strong></span> <span class='ocrx_word' id='word_1_896' title='bbox 2703 5369 2897 5423; x_wconf 84' lang='lat' dir='ltr'><strong>Amen.</strong></span> 
     </span>
    </p>
   </div>
   <div class='ocr_carea' id='block_1_115' title="bbox 2837 5509 3225 5567">
    <p class='ocr_par' dir='ltr' id='par_1_115' title="bbox 2837 5509 3225 5567">
     <span class='ocr_line' id='line_1_115' title="bbox 2837 5509 3225 5567; baseline -0.01 0"><span class='ocrx_word' id='word_1_897' title='bbox 2837 5511 3119 5567; x_wconf 75' lang='lat' dir='ltr'><strong>HOMILIA</strong></span> <span class='ocrx_word' id='word_1_898' title='bbox 3162 5509 3225 5565; x_wconf 70' lang='grc' dir='ltr'><strong>ν.</strong></span> 
     </span>
    </p>
   </div>
   <div class='ocr_carea' id='block_1_116' title="bbox 2244 5625 3866 5690">
    <p class='ocr_par' dir='ltr' id='par_1_116' title="bbox 2244 5625 3866 5690">
     <span class='ocr_line' id='line_1_116' title="bbox 2244 5625 3866 5690; baseline -0.003 -3"><span class='ocrx_word' id='word_1_899' title='bbox 2244 5630 2301 5687; x_wconf 68' lang='lat' dir='ltr'><strong>Ix</strong></span> <span class='ocrx_word' id='word_1_900' title='bbox 2330 5646 2670 5690; x_wconf 67' lang='lat' dir='ltr'><strong>nussum:</strong></span> <span class='ocrx_word' id='word_1_901' title='bbox 2705 5646 2981 5689; x_wconf 72' lang='lat' dir='ltr'><strong>sscounuu</strong></span> <span class='ocrx_word' id='word_1_902' title='bbox 3012 5646 3326 5689; x_wconf 67' lang='lat' dir='ltr'><strong>iturus-2w</strong></span> <span class='ocrx_word' id='word_1_903' title='bbox 3360 5646 3372 5682; x_wconf 91' lang='lat'><strong>:</strong></span> <span class='ocrx_word' id='word_1_904' title='bbox 3404 5628 3551 5685; x_wconf 74' lang='lat' dir='ltr'><strong>Dixit</strong></span> <span class='ocrx_word' id='word_1_905' title='bbox 3572 5625 3866 5683; x_wconf 71' lang='lat' dir='ltr'><strong>Dominus</strong></span> 
     </span>
    </p>
   </div>
   <div class='ocr_carea' id='block_1_117' title="bbox 2319 5717 3864 5795">
    <p class='ocr_par' dir='ltr' id='par_1_117' title="bbox 2319 5717 3864 5795">
     <span class='ocr_line' id='line_1_117' title="bbox 2319 5717 3864 5795; baseline -0.003 -18"><span class='ocrx_word' id='word_1_906' title='bbox 2319 5722 2475 5780; x_wconf 80' lang='lat' dir='ltr'><strong>Jesus</strong></span> <span class='ocrx_word' id='word_1_907' title='bbox 2510 5720 2789 5794; x_wconf 84' lang='lat' dir='ltr'><strong>discipulis</strong></span> <span class='ocrx_word' id='word_1_908' title='bbox 2826 5724 2940 5780; x_wconf 82' lang='lat' dir='ltr'><strong>suis</strong></span> <span class='ocrx_word' id='word_1_909' title='bbox 2977 5724 3289 5795; x_wconf 56' lang='lat' dir='ltr'><strong>paraltolatn</strong></span> <span class='ocrx_word' id='word_1_910' title='bbox 3331 5723 3471 5777; x_wconf 84' lang='lat' dir='ltr'><strong>hanc</strong></span> <span class='ocrx_word' id='word_1_911' title='bbox 3504 5740 3517 5778; x_wconf 91' lang='lat'><strong>:</strong></span> <span class='ocrx_word' id='word_1_912' title='bbox 3556 5717 3864 5773; x_wconf 77' lang='lat' dir='ltr'><strong>Assimila—</strong></span> 
     </span>
    </p>
   </div>
  </div>
