4076 6288
227 330 343 389 ϐυτ

1331 318 1629 379 "0Mle
1666 316 1758 375 ΕΤ
1795 311 2389 373 EXHORTATIONES.

3380 318 3483 386 613

296 455 412 500 tum
453 453 527 500 est
559 454 772 514 regnum
821 439 1071 496 ctelorum
1106 438 1304 493 homini
1349 438 1478 508 regi,
1517 436 1607 507 qui
1638 432 1799 488 roluit
1837 434 1877 490 Λ
1907 428 2224 481 inﬁrmitate
2270 441 2367 495 per
2409 423 2630 496 angelos
2658 421 2965 495 urgebatur.
2991 422 3122 481 Cum
3161 436 3335 481 autem
3377 447 3482 485 non

296 533 555 588 rationem
594 546 785 601 ponere
817 546 936 583 cum
964 528 1123 584 servis
1154 528 1284 582 suis.
1319 527 1386 581 Et
1417 541 1536 581 cum
1570 527 1802 593 erupisset

1907 518 2115 571 haberet
2136 517 2275 571 unde
2297 516 2550 579 re..’deret,
2566 516 2725 584 jussit
2747 531 2864 569 eum
2906 518 3149 570 dominus
3171 520 3482 586 venundarr,

296 624 553 696 rationem
579 636 790 693 ponere,
810 620 1013 675 oblatus
1033 628 1108 674 est
1137 621 1185 673 ei
1215 635 1372 682 unus,
1398 620 1488 688 qui
1516 617 1734 672 debebat
1757 616 1804 669 ei
1830 650 1833 651 ν
1905 620 1953 662 et
1982 623 2196 696 umorem
2226 607 2375 696 ejus,
2402 616 2449 696 et
2485 604 2724 696 ﬁlios,et
2768 608 2945 660 omnia
2994 624 3112 677 qute
3159 609 3403 676 habebat,
3434 621 3483 665 et

294 717 475 770 decem
502 711 670 768 millia
707 712 925 767 talenta.
959 710 1023 765 Et
1048 710 1252 781 reliqua
1284 709 1498 780 (Matth.
1526 717 1703 777 svnt).

296 807 356 862 In
412 807 518 861 hac
577 802 815 860 lectione
868 816 1153 857 mouemur
1195 811 1255 855 ut
1298 801 1558 856 fratribus
1603 801 1657 854 in
1709 815 1807 857 nos

222 895 584 970 peccantibus
639 895 1008 959 dimittamus,
1061 893 1106 948 si
1143 891 1298 948 nobis
1345 907 1378 947 a
1422 892 1552 957 Deo,
1597 907 1717 961 qua:
1750 891 1805 946 in

219 1003 348 1043 eum
377 985 744 1057 peccavimus,
775 985 971 1040 dimitti
1001 984 1284 1052 volumus;
1328 991 1423 1039 aut
1451 983 1631 1053 potius
1666 983 1710 1038 si
1737 997 1803 1037 ea

221 1092 349 1149 qua:
392 1075 505 1146 jam
537 1075 695 1132 nobis
727 1075 955 1142 dimisit,
998 1089 1070 1131 ne
1098 1089 1312 1130 rursum
1340 1088 1372 1128 a
1398 1073 1555 1129 nobis
1599 1074 1805 1144 exigat,

220 1178 498 1240 optamus.
524 1163 664 1223 Ecce
704 1164 848 1221 enim
879 1152 1089 1231 servus,
1117 1165 1206 1234 qui
1236 1164 1423 1219 decem
1464 1162 1695 1217 millium
1727 1173 1808 1216 ta-

221 1248 654 1339 lentoranerat
685 1257 917 1321 debitor,
950 1257 1187 1311 universi
1221 1255 1388 1311 debiti
1419 1248 1805 1309 relaxationem

221 1360 255 1403 a
288 1342 514 1406 demitto
552 1363 653 1403 suo
699 1356 1023 1402 consecutus
1066 1360 1188 1402 esse
1230 1354 1485 1401 narratur
1517 1362 1532 1398 :
1562 1344 1656 1399 sed
1682 1344 1808 1415 quia

225 1442 349 1512 ipse
374 1437 730 1512 postmodum
774 1452 1041 1494 conservo
1079 1452 1179 1494 suo
1226 1437 1468 1492 denarios
1497 1446 1700 1492 centum
1729 1436 1809 1490 di-

219 1533 445 1599 mittere
481 1531 675 1598 noluit,
712 1531 896 1587 omnia
938 1543 1062 1602 quae
1106 1530 1206 1586 sibi
1246 1544 1276 1586 a
1330 1530 1549 1586 domino
1592 1529 1808 1585 fuerant

217 1623 456 1679 dimissa
487 1631 710 1678 coactus
754 1631 842 1678 est
891 1621 1135 1679 reddere.
1172 1620 1456 1679 Debuisset
1483 1621 1627 1677 enim
1679 1635 1810 1676 con-

215 1724 386 1766 servo
413 1698 654 1768 libenter
688 1711 976 1791 dimittere
1016 1711 1247 1778 minora,
1277 1711 1367 1783 qni
1397 1711 1499 1768 sibi
1527 1722 1749 1768 noverat
1775 1729 1805 1767 a

1908 696 2079 750 reddi.
2119 694 2244 748 Non
2289 694 2523 748 habebat
2552 695 2692 748 unde
2722 696 2977 760 redderet,
3026 699 3151 766 quia
3198 712 3264 753 ex
3306 701 3483 771 seipso

1909 783 2142 838 habebat
2175 782 2319 837 unde
2347 781 2401 835 in
2433 780 2644 851 culpam
2673 782 2925 845 caderet;
2963 784 3057 841 sed
3082 802 3145 842 ex
3171 788 3349 859 seipse
3377 807 3481 844 non

1910 872 2142 927 habebat
2172 873 2315 926 unde
2362 872 2430 926 ad
2476 873 2687 927 veniam
2707 885 3030 945 resurgeret.
3071 877 3137 931 Et
3173 879 3292 934 ideo
3321 881 3484 950 jussit

1910 981 2028 1018 eum
2060 964 2315 1019 Dominus
2361 964 2671 1030 venundari,
2717 965 2772 1021 id
2824 976 2908 1022 est
2952 969 3338 1037 possidendum
3374 972 3483 1027 dte-

1907 1055 2158 1117 monibus
2192 1054 2246 1109 in
2291 1062 2557 1110 aeternam
2586 1057 2985 1113 damnationem
3019 1061 3180 1127 tradi,
3213 1069 3267 1116 et
3294 1078 3483 1133 poenas

1908 1148 1974 1203 de
1999 1147 2091 1203 illo
2121 1146 2283 1203 sumi.
2311 1145 2382 1200 Et
2406 1162 2645 1211 uxorem,
2667 1148 2720 1203 id
2752 1156 2837 1203 est
2857 1149 3129 1206 carnalem
3155 1152 3480 1224 voluptatem

1906 1240 2023 1306 ejus
2048 1248 2104 1295 et
2131 1242 2648 1311 concupiscentiam,
2682 1251 2728 1294 et
2750 1240 2912 1309 ﬁlios,
2956 1241 3009 1298 id
3038 1252 3122 1300 est
3149 1244 3335 1316 iniqua
3363 1249 3481 1320 ejus

1908 1347 2105 1403 opera;
2133 1343 2183 1388 et
2212 1335 2391 1388 omnia
2427 1349 2545 1404 quer
2573 1332 2817 1400 habebat,
2859 1334 2911 1390 id
2948 1343 3032 1391 est
3060 1337 3223 1393 verba
3257 1348 3312 1394 et
3332 1341 3482 1411 cogi-

1910 1425 2144 1480 taliones
2167 1422 2306 1494 ejus.
2346 1424 2612 1481 Venditur
2634 1425 2797 1486 .enim
2848 1441 2969 1481 eum
3000 1442 3169 1484 uxore
3196 1438 3253 1484 et
3280 1430 3406 1486 ﬁliis
3431 1441 3487 1488 et

1907 1515 2160 1572 omnibus
2201 1531 2321 1585 quae
2369 1516 2551 1581 habet,
2607 1525 2666 1570 ut
2706 1516 2949 1572 debitum
2995 1519 3204 1587 reddat,
3258 1520 3351 1591 qui
3389 1536 3487 1590 per

1908 1613 2146 1662 mortem
2177 1605 2423 1676 corporis
2467 1606 2535 1661 ab
2573 1606 2675 1661 hac
2716 1606 2823 1661 vita
2868 1605 3240 1676 subtrahitur;
3270 1619 3325 1664 et
3361 1627 3483 1666 cum

1910 1705 2064 1752 reatu
2123 1697 2357 1753 carnalis
2410 1713 2523 1753 suae
2594 1698 2886 1768 voluptatis
2935 1707 2991 1752 et
3044 1699 3378 1768 cupiditatis,
3433 1712 3488 1754 et

219 1801 460 1859 (ιοηιεηο
483 1788 706 1860 dimissa
738 1802 909 1859 fuisse
941 1772 1169 1872 majora
1188 1772 1423 1874 sed-jam
1450 1803 1613 1858 verba
1640 1819 1808 1860 sacrm
1839 1772 1882 1827 Β
1909 1804 2131 1860 operum
2180 1798 2342 1860 atque
2389 1784 2677 1845 verborum
2722 1798 2775 1845 et
2824 1790 3208 1859 cogitationum
3258 1791 3488 1846 traditur

213 1891 480 1951 lectionis
520 1893 766 1951 seriatim
819 1893 1117 1949 videamus.
1180 1892 1539 1948 Assimilatum
1585 1905 1683 1960 est,
1726 1894 1809 1949 iu-

211 1983 367 2052 quit,
400 1998 617 2054 regnum
660 1984 907 2039 calorum
954 1980 1154 2037 homini
1204 1981 1328 2051 regi,
1381 1982 1508 2053 quia
1558 1983 1811 2039 videlicet

211 2073 371 2128 sicut
393 2073 498 2128 iste
523 2089 615 2128 rex
644 2072 842 2128 fecisse
874 2071 1224 2135 describitur,
1257 2070 1336 2126 sic
1363 2071 1417 2126 in
1449 2086 1614 2142 regno
1641 2071 1806 2128 cado-

212 2178 347 2218 rum
402 2163 517 2218 ﬁeri
567 2165 843 2220 decretum
907 2170 1013 2218 est.
1060 2160 1299 2233 Regnum
1348 2171 1528 2217 autem
1564 2163 1810 2234 aptorum

211 2264 454 2323 vocatur
474 2250 643 2310 etiam
677 2255 731 2309 in
758 2254 866 2323 hoc
894 2252 1092 2308 saeculo
1120 2251 1358 2309 Ecclesia
1389 2253 1652 2308 ﬁdelium:
1682 2256 1809 2323 quia

213 2342 358 2397 dum
381 2344 666 2398 caelestem
711 2342 763 2396 in
807 2340 967 2396 terris
999 2340 1163 2396 vitam
1187 2355 1286 2411 pro
1306 2356 1465 2410 posse
1492 2357 1590 2396 suo
1610 2342 1810 2398 dueere

212 2430 471 2496 student,
487 2429 601 2497 jam
630 2429 684 2485 in
708 2429 788 2485 eis
816 2428 1078 2485 Dominus
1096 2430 1251 2500 quasi
1284 2431 1335 2485 in
1363 2431 1567 2502 angelis
1595 2442 1805 2502 regnat.

214 2517 292 2573 Et
319 2516 394 2572 ob
428 2515 641 2586 insigne
670 2514 926 2571 meritum
952 2524 1165 2580 eorum,
1199 2522 1310 2570 tota
1347 2515 1505 2570 simul
1544 2515 1807 2583 Ecclesia,

211 2607 382 2677 cujus
422 2603 524 2675 ipsi
573 2605 816 2663 membra
859 2612 1010 2673 sunt,
1058 2604 1361 2675 appellatur
1398 2621 1613 2677 regnum
1656 2606 1810 2661 emto-

212 2711 378 2763 rum;
427 2694 556 2750 licet
598 2693 651 2749 in
696 2709 758 2749 ea
787 2693 969 2761 multi,
997 2694 1088 2765 qui
1131 2694 1249 2765 plus
1272 2703 1484 2752 terrena
1511 2712 1669 2766 quam
1698 2710 1808 2753 coe-

210 2787 383 2845 lestia
423 2795 691 2857 quaerunt,
748 2798 849 2840 nec
886 2786 942 2839 in
989 2784 1105 2840 suis
1146 2784 1603 2841 moribus’adhnc
1644 2786 1776 2841 Chri

209 2879 394 2945 stum,
433 2878 576 2933 sicut
606 2883 839 2947 θροιιεῑ,
888 2890 1115 2946 regnare
1151 2877 1355 2932 sinunt.
1403 2874 1575 2932 liniue
1626 2886 1806 2934 autem

211 2986 346 3037 rex,
421 2968 507 3024 cui
570 2984 784 3040 regnum
827 2966 968 3024 istud
1015 2967 1363 3022 assimilatum
1407 2978 1503 3034 est,
1549 2971 1809 3024 mediator

210 3059 321 3119 Dei
350 3068 400 3113 et
428 3058 718 3131 hominum,
748 3057 903 3112 homo
931 3056 1170 3113 Christus
1189 3056 1344 3112 Iesus
1374 3057 1709 3128 intelligitur,
1736 3059 1805 3114 de

210 3171 333 3225 quo
376 3152 514 3209 alias
540 3154 804 3224 scriptum
835 3159 922 3210 est
959 3169 977 3210 :
1006 3151 1177 3207 Homo
1201 3153 1422 3224 quidam
1453 3154 1639 3209 nobilis
1681 3154 1808 3208 abiit

212 3247 272 3311 in
324 3246 592 3316 regionem
639 3243 1001 3316 longinquam,
1052 3243 1284 3315 accipere
1333 3244 1433 3299 sibi
1477 3261 1715 3314 regnum,
1760 3255 1808 3299 et

212 3337 417 3397 reuerti
441 3334 593 3408 (Luc.
623 3352 743 3402 xix,
778 3334 892 3407 12).

290 3427 406 3493 Qui
453 3426 614 3483 coluit
660 3426 916 3483 rationem
944 3442 1134 3496 ponere
1163 3441 1279 3480 cum
1308 3424 1468 3480 seruis
1514 3426 1646 3494 suis,
1685 3427 1809 3495 quia

211 3516 434 3587 placuit
471 3516 520 3573 ei
552 3515 830 3586 requirere
859 3515 913 3570 in
936 3513 1143 3584 judicio
1165 3514 1429 3577 rationem
1459 3530 1647 3569 eorum
1692 3531 1812 3586 qua:

212 3605 461 3679 quisque
504 3604 668 3660 fuerit
713 3612 988 3674 operatus.
1034 3603 1102 3659 Et
1137 3621 1255 3658 cum
1294 3598 1526 3676 erupisset
1558 3607 1808 3660 rationem

212 3710 442 3767 ponere,
469 3693 673 3749 oblatus
697 3703 771 3749 est
801 3693 850 3748 ei
886 3710 1046 3761 unus,
1079 3698 1169 3766 qui
1205 3694 1417 3749 debebat
1440 3694 1614 3750 decem
1640 3695 1808 3750 millia

212 3785 448 3842 talenta.
473 3782 663 3854 Incipit
692 3798 838 3842 nunc
866 3784 1121 3838 rationem
1150 3800 1360 3853 ponere,
1387 3799 1643 3853 quoniam
1671 3785 1811 3840 sicut

212 3873 420 3931 Petrus
440 3873 519 3928 ait
548 3888 566 3928 :
598 3872 821 3943 Tempus
857 3882 956 3941 est,
986 3882 1042 3928 ut
1069 3872 1281 3941 incipiat
1303 3871 1565 3941 judicium
1594 3891 1626 3927 a
1654 3875 1808 3928 domo

212 3964 318 4018 Dei
347 3964 399 4034 (ι
436 3961 555 4017 Pet.
587 3978 662 4030 ιν,
696 3962 807 4033 17).
856 3960 1052 4032 Incipit
1077 3959 1333 4016 rationem
1358 3978 1570 4032 ponere,
1593 3964 1809 4033 quando

211 4070 318 4126 per
345 4053 683 4109 inﬁrmitatis
722 4052 1026 4109 molestiam
1076 4052 1142 4108 ad
1174 4051 1373 4107 lectum
1402 4061 1457 4108 et
1482 4053 1550 4108 ad
1583 4063 1808 4109 mortem

211 4142 496 4214 pertrahit
518 4142 786 4211 homines,
822 4150 881 4197 ut
901 4157 997 4199 eos
1018 4141 1085 4197 de
1113 4140 1338 4213 singulis
1372 4142 1583 4198 actibus
1612 4144 1724 4198 suis
1752 4144 1807 4199 in

204 4234 425 4305 judicio
446 4234 763 4300 discutiens,
785 4234 1049 4290 rationem
1067 4234 1297 4289 reddere
1317 4243 1496 4302 coeat.
1520 4235 1654 4289 Dum
1677 4251 1808 4307 ergo

211 4325 296 4380 sic
321 4322 560 4394 cwpisset
594 4323 844 4377 rationem
876 4322 1038 4395 168
1063 4338 1273 4393 ponere,
1303 4321 1356 4379 id
1382 4331 1465 4379 est
1489 4323 1555 4379 ad
1579 4334 1806 4381 mortem

211 4414 502 4486 quoslibet
523 4428 619 4483 per
645 4413 1018 4485 aegritudinem
1048 4427 1263 4484 urgere,
1293 4422 1353 4469 ut
1375 4416 1674 4487 cogitarent
1689 4417 1804 4488 jam
1837 4452 1882 4506 Β

208 4502 376 4573 quasi
426 4512 554 4558 ante
600 4502 837 4558 tribunal
880 4515 940 4558 se
972 4516 1092 4559 esse
1120 4504 1328 4573 positos
1366 4513 1425 4559 ut
1449 4507 1499 4561 ei
1539 4508 1801 4564 ratimiem

211 4592 545 4659 redderent;
591 4592 795 4646 oblatus
851 4601 926 4647 est
965 4593 1037 4659 ei,
1069 4593 1172 4649 hoc
1200 4602 1285 4650 est
1315 4610 1413 4665 per
1439 4595 1800 4653 ministerium

210 4679 538 4752 angelorum
563 4680 629 4734 ad
657 4689 887 4735 mortem
925 4666 1149 4739 coactus
1179 4689 1265 4738 est
1297 4699 1432 4737 unus
1470 4685 1561 4754 qui
1589 4685 1802 4742 debebat

206 4773 264 4826 ei
295 4773 482 4826 decem
527 4771 697 4826 millia
745 4771 965 4839 talenta,
1006 4773 1059 4828 id
1102 4781 1188 4829 est
1225 4773 1516 4831 multorum
1556 4778 1801 4851 gravium

208 4870 570 4933 peccatorum
604 4863 1026 4935 perpetrationis
1055 4876 1181 4919 reus
1208 4865 1508 4943 tenebatur.
1542 4867 1805 4921 Denarius

206 4955 366 5010 enim
417 4969 681 5010 numerus
728 4954 1119 5024 plenitudinem
1185 4956 1488 5013 divinorum
1534 4946 1804 5028 signiﬁcat

204 5043 625 5108 mandatorum,
657 5053 874 5113 propter
912 5030 1046 5114 legis
1091 5043 1428 5115 decalogum.
1469 5044 1802 5101 Millenarius

203 5149 348 5191 vero
380 5145 814 5191 consummatam
856 5134 1268 5204 perfectionem.
1303 5134 1588 5192 Talentum
1620 5142 1800 5191 autem

203 5223 422 5278 dicitur
440 5237 563 5277 esse
585 5224 875 5278 maximum
900 5224 1042 5279 inter
1061 5225 1240 5280 omnia
1263 5227 1558 5295 ponderum
1581 5242 1798 5296 genera.

203 5313 411 5368 Decem
463 5329 593 5384 ergo
641 5315 808 5369 millia
854 5314 1055 5370 talenta
1135 5315 1518 5385 perfectionem
1551 5317 1798 5386 gravium

205 5404 627 5478 multorumque
662 5407 947 5462 criminum
977 5407 1289 5478 designant,
1329 5424 1448 5479 quae
1491 5426 1587 5480 per
1616 5410 1802 5481 plena-

202 5498 359 5551 riam
404 5498 888 5566 transgressionem
928 5499 1308 5552 mandatorum
1343 5498 1432 5554 Dei
1481 5499 1591 5554 sint
1637 5499 1797 5554 facta.

202 5587 282 5645 Et
315 5594 432 5641 tam
459 5587 609 5657 gravi
638 5587 818 5642 debito
848 5588 1181 5643 constrictus
1214 5598 1333 5644 erat
1363 5589 1484 5655 iste,
1521 5591 1612 5661 qui
1657 5606 1801 5647 nunc

202 5673 427 5731 dicitur
455 5672 655 5731 oblatus
702 5678 871 5733 fuisse
908 5676 1034 5747 regi,
1069 5676 1118 5731 id
1149 5684 1234 5732 est
1258 5677 1350 5751 qui
1373 5678 1442 5734 ad
1484 5664 1715 5735 mortem
1746 5679 1799 5734 in

478 5769 748 5833 PATROL.
788 5768 1058 5833 CLVIII.

1911 1880 2162 1953 malignis
2192 1880 2468 1952 spiritibus
2491 1880 2544 1935 in
2572 1888 2834 1936 :eternum
2861 1874 3246 1951 possidendus;
3279 1893 3334 1936 ut
3362 1897 3470 1951 per-

1909 1980 2100 2041 petuas
2152 1971 2308 2028 luens
2371 1985 2584 2041 poenas,
2641 1971 2835 2026 divinae
2887 1972 3115 2042 jnstitiae
3163 1973 3482 2027 satisfaciat.

1910 2059 2198 2116 Procidens
2242 2071 2417 2115 autem
2455 2077 2635 2116 servus
2689 2061 2801 2126 ille,
2854 2062 3037 2116 orabat
3071 2079 3210 2128 eum,
3259 2064 3484 2117 dicens:

1909 2150 2225 2208 Palientiam
2248 2152 2380 2207 habe
2426 2153 2480 2207 in
2518 2169 2618 2219 me,
2655 2161 2702 2206 et
2734 2152 2911 2206 omnia
2942 2153 3157 2206 reddam
3189 2152 3303 2206 tibi.
3335 2153 3377 2207 Τ
3383 2170 3486 2207 unc

1908 2258 2096 2298 servus
2141 2243 2359 2299 domino
2400 2232 2633 2312 procidit
2684 2251 2740 2297 et
2786 2252 2845 2296 ut
2891 2242 3284 2308 venditionem,
3323 2243 3373 2297 id
3402 2252 3487 2297 est

1910 2334 2308 2388 damnationem
2355 2331 2609 2403 cll‘ugiat,
2666 2332 2967 2387 submissus
3010 2332 3346 2387 obsecrando
3395 2334 3489 2386 de»

1909 2424 2111 2493 poscit;
2160 2438 2280 2478 cum
2325 2422 2372 2477 is
2404 2424 2494 2491 qui
2534 2431 2754 2491 propter
2792 2430 3015 2491 peccata
3056 2436 3150 2476 sua
3202 2422 3458 2478 imminen

1909 2522 2017 2567 tem
2049 2512 2148 2567 sibi
2186 2521 2439 2576 mortem,
2487 2519 2674 2579 utpote
2700 2511 3034 2566 danmandns
3067 2514 3276 2579 metuit,
3313 2514 3487 2568 humim

1910 2602 2034 2656 liter
2061 2617 2120 2657 se
2142 2602 2323 2657 subdit
2349 2601 2542 2656 divimc
2579 2598 2898 2664 clementitc,
2929 2608 2982 2654 et
3008 2615 3104 2671 per
3149 2616 3330 2656 veram
3371 2618 3487 2671 poe-

1910 2692 2194 2747 nitentiam
2236 2708 2300 2747 ac
2325 2708 2514 2763 puram
2544 2693 2707 2748 animi
2740 2692 3094 2748 intentionem
3124 2695 3391 2747 convertit
3420 2695 3487 2747 ad

1910 2780 2101 2852 Deum,
2146 2785 2472 2854 promittens
2517 2800 2575 2841 se
2632 2786 2684 2839 in
2730 2782 2936 2853 reliquo
2986 2783 3320 2839 redditurum
3377 2782 3488 2838 Deo

1909 2875 2089 2930 omnia
2165 2890 2285 2945 qua:
2335 2876 2495 2931 debet
2542 2874 2637 2941 illi,
2671 2878 2715 2932 si
2766 2876 3165 2946 impendentem
3218 2872 3319 2930 sibi
3367 2890 3490 2929 se:-

1912 2966 2135 3020 tentiam
2180 2965 2373 3020 mortis
2420 2965 2676 3021 evaserit.
2725 2965 2827 3032 Qui
2879 2966 3023 3021 enim
3072 2964 3318 3030 universa
3369 2981 3488 3035 (ιιιίιε

1912 3056 2050 3112 male
2071 3054 2181 3127 egit
2210 3058 2486 3124 emendat,
2517 3066 2572 3113 et
2615 3058 2868 3127 deinceps
2901 3057 3152 3127 religiose
3176 3044 3346 3120 ‘vivit,
3372 3071 3490 3113 om-

1911 3148 1998 3201 nia
2046 3161 2168 3216 quae
2220 3146 2450 3203 debebat
2510 3147 2736 3202 Domino
2777 3147 2972 3202 reddit.
3028 3146 3271 3200 Misertus
3313 3159 3488 3199 autem

1914 3238 2159 3293 dominus
2196 3240 2330 3293 servi
2358 3238 2525 3302 illius,
2558 3239 2755 3292 dimisit
2781 3255 2921 3303 eum,
2952 3248 2999 3291 et
3021 3238 3247 3291 debitum
3289 3238 3488 3291 dimisit

1910 3329 1978 3380 ei.
2008 3326 2209 3382 Servus
2237 3327 2514 3381 humiliter
2536 3328 2751 3397 petebat
2790 3328 3123 3390 dilationem,
3153 3334 3209 3380 et
3233 3325 3486 3381 dominus

1911 3414 2338 3470 misericorditer
2384 3413 2652 3469 concessit
2689 3413 3085 3469 remissionem.
3124 3413 3258 3468 Nam
3289 3414 3487 3467 dimis’t

1910 3524 2049 3571 eum,
2084 3506 2135 3560 id
2162 3516 2246 3561 εει
2271 3504 2489 3576 proprio
2514 3505 2741 3561 arbitrio
2784 3505 3070 3572 relaxavit,
3103 3504 3406 3561 concedens
3435 3505 3486 3558 ei

1911 3612 2099 3653 rursus
2155 3598 2392 3669 Spatium
2442 3596 2676 3653 vivendi.
2731 3596 2795 3651 Et
2850 3610 2949 3667 per
2990 3584 3391 3652 cuncessionem
3423 3610 3489 3651 ac

1910 3688 2307 3756 pa-uitentiam,
2350 3688 2548 3743 dimisit
2607 3688 2655 3745 ei
2699 3688 2928 3743 debitum
2977 3704 3137 3744 onme
3182 3689 3485 3759 culparum.

1913 3766 2166 3848 Egressus
2220 3789 2394 3835 autem
2450 3795 2629 3834 servus
2669 3778 2778 3844 ille,
2836 3780 3026 3835 invenit
3075 3797 3236 3834 unum
3268 3781 3332 3835 de
3361 3797 3490 3835 con-

1909 3871 2066 3926 servis
2088 3871 2216 3934 suis,
2249 3872 2340 3941 qui
2363 3870 2575 3926 debebat
2598 3872 2643 3926 ei
2674 3876 2879 3924 centum
2910 3870 3175 3925 denarios.
3215 3870 3281 3923 Et
3311 3880 3493 3941 tenens

1909 3942 2201 4029 stt/Iocabat
2237 3974 2356 4011 eum
2388 3959 2564 4011 dicens
2596 3971 2615 4007 :
2648 3956 2820 4012 Redde
2840 3958 2980 4026 quod
3004 3958 3177 4011 debes.
3209 3957 3343 4010 Dum
3375 3972 3488 4010 ser-

1910 4065 2008 4106 vus
2041 4059 2185 4106 esset
2233 4051 2285 4105 in
2338 4052 2586 4122 angustia
2609 4050 2886 4123 prtedictze
2913 4050 3287 4115 districtionis,
3313 4052 3489 4106 stabat

1908 4140 2305 4212 quodammodo
2363 4141 2573 4212 positus
2634 4149 2759 4196 ante
2827 4139 3024 4196 faciem
3096 4141 3322 4198 domini.
3384 4139 3490 4195 Sed

1895 4230 2123 4300 quando
2170 4231 2425 4287 dimissus
2476 4240 2583 4297 est,
2634 4240 2694 4286 ut
2729 4230 2886 4299 juxta
2944 4230 3278 4286 voluntatem
3329 4231 3487 4286 liberi

1908 4321 2119 4377 arbitrii
2164 4322 2248 4378 sui
2295 4321 2496 4378 bonum
2529 4322 2712 4378 adhuc
2774 4323 2891 4380 sive
2920 4323 3119 4381 malum
3149 4322 3327 4378 facere
3365 4339 3488 4393 pos-

1909 4422 2026 4480 set;
2068 4423 2197 4497 tune
2225 4430 2255 4469 a
2284 4414 2505 4470 domino
2527 4430 2627 4471 suo
2655 4431 2890 4486 egressus
2915 4424 3019 4483 est,
3059 4414 3322 4471 Dominus
3340 4418 3485 4471 enim

1909 4506 2051 4560 Deus
2073 4506 2270 4577 ubique
2289 4515 2391 4571 est,
2415 4522 2518 4563 nec
2540 4514 2716 4577 potest
2735 4506 2934 4563 alicubi
2963 4508 3249 4578 quisquam
3279 4511 3486 4579 egredi,

1909 4594 1997 4650 ubi
2026 4595 2140 4666 ipse
2163 4612 2267 4652 non
2293 4597 2385 4652 sit.
2413 4595 2539 4662 Sed,
2568 4606 2627 4651 ut
2649 4596 2781 4663 dixi,
2816 4603 2940 4652 tunc
2980 4613 3217 4669 egressus
3241 4607 3343 4662 est,
3379 4614 3485 4653 non

1911 4686 2051 4753 loco,
2099 4688 2192 4762 sed
2229 4687 2564 4744 relaxatione
2594 4687 2675 4743 sui
2708 4700 2897 4743 servus
2929 4703 2959 4742 a
3003 4688 3241 4754 domino,
3275 4688 3490 4758 quando

1912 4789 2128 4829 rursum
2157 4776 2413 4832 dimissus
2433 4786 2516 4833 est
2536 4778 2763 4833 arbitrio
2785 4793 2904 4834 suo.
2933 4776 3187 4848 Egressus
3210 4789 3385 4832 autem
3408 4780 3489 4830 in-

1911 4867 2045 4920 uenit
2078 4882 2241 4921 unum
2278 4868 2343 4921 de
2371 4869 2631 4924 conservis
2657 4871 2788 4938 suis,
2827 4872 2918 4941 qui
2952 4870 3165 4925 debebat
3205 4871 3251 4922 ei
3278 4879 3485 4922 centum

1905 4958 2167 5011 denarios.
2196 4956 2502 5015 Conservns
2527 4959 2627 5015 iste
2645 4960 2782 5015 alius
2804 4961 2967 5015 homo
2987 4967 3127 5024 erat,
3151 4960 3242 5029 qui
3268 4958 3486 5012 Christo

1907 5046 2019 5117 regi
2064 5061 2187 5101 cum
2227 5047 2329 5104 hoc
2372 5049 2576 5104 servire
2620 5056 2995 5119 proposuerat.
3039 5049 3145 5103 Sed
3183 5048 3400 5102 debebat
3439 5051 3487 5100 ei

1905 5146 2110 5191 centum
2138 5120 2401 5203 denarios,
2434 5140 2559 5208 quia
2584 5147 2923 5209 peccaverat,
2952 5137 3004 5191 in
3027 5151 3149 5191 eum
3177 5136 3388 5205 aliquas
3409 5135 3482 5189 illi

1907 5227 2131 5296 injurias
2174 5228 2440 5285 faciendo.
2480 5231 2699 5285 Centum
2735 5230 2877 5284 enim
2919 5230 3126 5282 denarii
3179 5228 3487 5298 signiﬁcant

1906 5328 2126 5388 peccata
2148 5336 2268 5389 qua:
2290 5321 2453 5375 homo
2484 5321 2536 5375 in
2568 5320 2840 5375 hominem
2869 5320 3196 5384 committit;
3228 5320 3369 5374 sicut
3394 5319 3485 5372 de-

1905 5427 2012 5463 cem
2039 5410 2205 5463 millia
2232 5411 2428 5465 talenta
2468 5410 2776 5480 signiﬁcant
2798 5426 2860 5466 ea
2890 5428 3009 5482 qua:
3034 5412 3085 5465 in
3120 5413 3283 5465 Deum
3325 5411 3435 5481 agit
3465 5428 3479 5465 :

1905 5500 2031 5569 quia
2070 5501 2209 5555 sicut
2241 5503 2514 5571 quantitas
2552 5511 2767 5557 centum
2798 5505 3140 5558 denariorum
3179 5504 3370 5572 exigua
3399 5492 3497 5558 est

1906 5591 1973 5645 ad
1997 5592 2453 5660 comparationem
2486 5595 2804 5664 quantitatis
2827 5604 2882 5650 et
2921 5595 3128 5650 numeri
3153 5595 3338 5650 decem
3364 5594 3485 5648 mil-

1906 5678 2034 5734 lium
2064 5679 2422 5747 talentorum;
2460 5681 2530 5736 ita
2573 5682 2830 5754 quidquid
2869 5684 2920 5739 in
2954 5700 3052 5739 uos
3085 5685 3245 5739 hamo
3272 5692 3480 5753 peccat,

3008 5778 3084 5837 ‘29
