4076 6288
569 333 673 392 619

953 335 1012 391 S.
1051 335 1349 393 ANSELMI
1376 330 1722 392 CANTUAR.
1761 333 2080 391 ARCHIEP.
2110 334 2258 390 OPP.
2296 333 2474 391 PARS
2499 334 2563 391 ll.
2599 362 2671 377 --
2697 333 3066 392 PARENET.
3105 334 3199 392 ET
3217 335 3457 396 ASCET.

2806 226 2843 237 ..-

3724 344 3838 399 €20

571 454 825 522 exiguum
856 463 939 509 est
970 465 1025 508 et
1056 453 1332 528 rarumad
1357 454 1818 523 comparationem
1862 454 2143 523 culparum
2172 461 2218 519 Α
2248 457 2301 508 in
2331 454 2577 524 precibus
2604 454 2717 510 suis
2768 470 2950 509 coram
2976 469 3043 509 eo
3064 452 3132 510 de
3162 452 3249 510 his
3269 453 3544 510 omnibus.
3572 454 3673 511 Vel
3702 472 3833 513 san—

570 556 709 613 quas
735 544 786 598 in
810 544 974 598 Deum
1013 553 1170 603 nocte
1192 552 1248 598 et
1278 543 1364 599 die
1388 552 1444 598 et
1464 543 1691 614 singulis
1726 544 1873 599 horis
1897 544 2146 598 commit-

534 644 541 653 ‘
573 636 758 689 timus.
799 632 948 687 Licet
981 634 1124 687 enim
1154 633 1496 709 centonarius
1521 632 1905 703 perfectionem
1935 634 2145 705 signiti-

572 736 684 789 cet;
713 723 880 777 multo
904 733 1080 778 tamen
1124 724 1417 792 pleniorem
1444 725 1966 781 consummationem
2004 727 2148 781 desi-

571 822 702 883 gnat
728 812 1085 868 millenarius.
1110 813 1394 869 Talentum
1424 828 1641 884 quoque
1671 816 1805 869 mira
1838 817 2145 888 granditate

570 912 789 971 superat
828 903 1179 974 exiguitatem
1204 903 1438 978 denarii.
1477 906 1552 981 Es
1593 904 1785 983 quibus
1823 904 2026 975 liquido
2055 905 2148 960 de-

573 1001 904 1071 monstratur
945 995 1085 1063 quod
1131 1008 1192 1048 ea
1232 1009 1352 1064 quae
1403 1009 1499 1049 nos
1542 995 1595 1048 in
1642 997 1807 1051 Deum
1859 1012 2147 1068 peccamus

573 1099 765 1154 magna
800 1092 855 1139 et
895 1085 1059 1139 multa
1103 1094 1249 1151 sunt,
1281 1102 1342 1142 ea
1371 1100 1498 1141 vero
1529 1102 1649 1157 quae
1682 1087 1926 1144 homines
1971 1090 2021 1144 in
2048 1106 2147 1145 nos

570 1179 803 1241 peccant
831 1172 1021 1243 exigua
1053 1183 1180 1229 sunt
1208 1182 1263 1228 et
1293 1164 1483 1243 pauca.
1519 1175 1582 1228 Et
1605 1175 1805 1241 ideirco
1833 1176 1877 1230 si
1910 1176 2050 1231 Deus
2078 1178 2144 1231 li-

571 1260 762 1329 benter
789 1263 946 1318 nobis
981 1272 1059 1318 tot
1084 1273 1139 1317 et
1176 1272 1322 1317 tanta
1355 1254 1531 1326 mala,
1550 1258 1669 1333 qum'
1696 1264 1746 1317 in
1775 1279 1900 1319 eum
1924 1267 2145 1321 commi-

551 1349 762 1415 tsimus,
796 1351 1052 1415 dimittit,
1080 1351 1247 1405 multo
1276 1350 1485 1406 facilius
1511 1367 1608 1406 nos
1634 1353 1941 1409 hominibus
1973 1357 2147 1412 :limit—

572 1448 688 1495 tere
721 1440 977 1497 debemus
1019 1459 1185 1511 pauca
1212 1452 1266 1496 et
1305 1458 1468 1512 parva
1494 1459 1614 1512 quae
1651 1445 1701 1498 iu
1744 1460 1841 1499 nos
1886 1446 1984 1516 ipsi
2015 1448 2146 1502 deli-

572 1538 823 1601 querunt.
859 1529 964 1585 Sed
992 1532 1089 1585 iste
1111 1518 1288 1585 servus
1310 1546 1415 1586 non
1440 1533 1518 1586 sic
1541 1548 1698 1602 agere
1724 1533 1912 1588 voluit.
1942 1534 2145 1589 Inrenit

571 1620 736 1688 enim,
766 1629 827 1674 ut
849 1620 1048 1675 dictum
1085 1630 1188 1686 est,
1218 1638 1380 1675 unum
1403 1622 1466 1675 de
1495 1624 1758 1677 conservis
1783 1625 1891 1678 suis
1922 1627 2012 1694 qui
2050 1625 2142 1679 de-

572 1713 717 1765 bebat
758 1713 805 1766 ei
838 1723 1040 1766 centum
1069 1712 1334 1776 denarios,
1375 1722 1421 1766 et
1462 1723 1635 1767 tenens
1673 1714 1961 1783 suﬁ'ocabat
2005 1732 2142 1769 eum.

2249 546 2319 599 eti
2370 546 2548 617 angeli
2597 556 2821 615 possunt
2900 545 3125 617 intelligi
3194 544 3444 600 conservi.
3492 544 3627 603 Cum
3681 546 3835 605 enim

2247 630 2481 688 Joannes
2507 634 2563 688 in
2588 634 2910 706 Apocalypsi
2939 634 3096 689 vellet
3121 634 3368 706 angelum
3395 636 3649 705 adorare,
3687 640 3826 693 dixit

2230 724 2295 778 ‘ei
2320 722 2584 794 angelus:
2625 718 2754 778 Vide
2777 741 2840 779 ne
2876 725 3083 792 feceris.
3131 741 3407 779 conservus
3460 736 3581 780 tuus
3633 742 3748 780 sum
3779 737 3832 780 et

2247 811 2473 880 fratrum
2507 821 2713 865 tuorum
2744 811 2929 882 (Apoc.
2982 827 3121 878 nn,
3145 812 3222 883 9).
3257 809 3509 867 Censerri
3536 828 3668 884 ergo
3697 821 3829 866 sunt

2247 901 2443 973 angeli,
2490 902 2582 971 qui
2636 902 2890 957 viderunt
2920 917 2981 958 ea
3014 919 3129 973 quis
3162 901 3357 967 ﬁebant
3391 918 3420 957 a
3453 902 3601 958 malo
3641 898 3830 965 servo,

2247 998 2301 1043 et
2327 989 2619 1045 contristati
2655 1000 2775 1044 sunt
2819 990 3157 1061 valde:quia
3204 990 3360 1046 nobis
3405 991 3473 1045 ad
3519 992 3829 1047 custodiam

2248 1080 2510 1148 deputati,
2540 1090 2732 1135 cuncta
2758 1095 2877 1150 qua:
2926 1080 3153 1136 facimus
3203 1080 3487 1152 diligenter
3530 1082 3831 1151 aspiciunt,

2247 1178 2302 1225 et
2329 1171 2396 1225 de
2429 1171 2586 1226 bonis
2622 1173 2832 1227 actibus
2868 1172 3069 1226 nostris
3097 1171 3372 1239 hetantur,
3403 1173 3468 1227 de
3508 1171 3667 1228 malis
3696 1186 3836 1227 vero

2249 1261 2665 1316 contristantur.
2732 1260 2849 1316 Non
2898 1270 3077 1316 tamen
3133 1263 3353 1317 tristitia
3410 1272 3635 1333 possunt
3662 1260 3831 1326 allici,

2247 1352 2370 1420 quia
2401 1351 2638 1421 perfecte
2681 1351 2826 1408 beati
2876 1364 3047 1420 sunt;
3088 1353 3182 1408 sed
3233 1353 3358 1419 hoc,
3389 1353 3535 1423 quod
3577 1353 3659 1409 eis
3683 1352 3831 1407 mala

2246 1452 2429 1497 nostra
2472 1443 2780 1513 displicent,
2839 1453 3064 1499 vocatur
3110 1458 3295 1499 eorum
3361 1443 3597 1497 tristitia.
3657 1440 3833 1496 Valde

2247 1545 2375 1599 ergo
2416 1534 2708 1586 contristati
2732 1544 2876 1600 sunt,
2903 1533 2956 1588 id
2983 1542 3067 1587 est
3095 1532 3242 1587 valde
3271 1532 3543 1602 displicuit
3571 1532 3651 1587 eis
3676 1531 3831 1600 quod

2249 1619 2429 1688 inique
2475 1620 2591 1674 fieri
2640 1621 2910 1676 viderunt.
2970 1620 3037 1674 Et
3086 1630 3331 1675 venerunt
3379 1631 3424 1674 et
3464 1629 3833 1673 narrarentur

2248 1710 2458 1763 domino
2494 1727 2590 1765 suo
2644 1712 2818 1764 omnia
2878 1728 2995 1782 qua:
3056 1710 3197 1777 facta
3249 1710 3510 1779 fuerant:
3557 1724 3684 1779 qma
3726 1710 3834 1778 ipsi

571 1799 808 1855 Tenebat
832 1816 987 1874 eum,
1016 1801 1141 1871 quia
1187 1800 1407 1856 nolebat
1432 1802 1483 1856 ei
1526 1802 1798 1859 dimittere
1824 1794 1965 1873 quod
1998 1805 2051 1858 in
2089 1822 2142 1861 se

2249 1802 2444 1854 cuncta
2492 1815 2613 1869 quae
2680 1800 2938 1869 gerimus,
2999 1800 3113 1854 sive
3165 1800 3328 1863 bona,
3375 1799 3491 1854 sive
3541 1797 3707 1860 mala,
3740 1812 3833 1851 re-

568 1904 910 1963 peceaverat.
952 1894 1344 1963 Et‘su/focabat
1382 1911 1522 1959 eum,
1554 1894 1711 1950 idest
1752 1898 2147 1967 coangustabat

571 1985 911 2054 spiritaliter,
940 1994 995 2039 ct
1016 1985 1363 2052 exstinguere
1390 1985 1666 2040 nitebatur
1688 1986 1740 2041 in
1766 1997 1917 2040 reatu
1941 1988 2146 2056 peccati

571 2077 625 2128 in
667 2092 724 2129 se
750 2076 818 2130 ab
856 2090 921 2130 eo
950 2075 1243 2130 commissi.
1276 2075 1580 2130 Debitorem
1629 2078 1772 2131 enim
1802 2093 2146 2143 conservum,

572 2164 626 2218 id
654 2174 736 2218 est
766 2164 988 2219 fratrem
1019 2167 1070 2218 i‘n
1102 2167 1499 2234 se'peccantem
1525 2176 1688 2232 tenet,
1713 2167 1804 2236 qui
1837 2184 1940 2221 non
1970 2168 2147 2222 dimit-

573 2252 639 2305 tit
680 2253 728 2306 ei
775 2253 917 2323 quod
951 2252 1003 2307 in
1044 2268 1101 2308 se
1142 2253 1416 2323 peccavit;
1456 2255 1550 2309 sed
1594 2256 1907 2309 memoriam
1942 2255 2146 2325 injuriae

571 2358 731 2411 quam
756 2344 909 2398 abeo
934 2359 1127 2414 passus
1158 2352 1242 2398 est
1270 2343 1324 2397 in
1364 2343 1530 2399 corde
1563 2360 1662 2400 suo
1689 2348 2144 2419 reservat._Quem

570 2443 628 2488 et
655 2432 900 2500 suffocat,
927 2435 1052 2489 dum
1080 2434 1313 2488 animam
1343 2434 1458 2504 ejus
1481 2434 1794 2504 spiritaliter
1820 2438 2143 2508 strangulat,

571 2532 627 2579 et
653 2517 922 2595 opprimit,
976 2533 1136 2595 atque
1177 2532 1495 2597 coangustat
1537 2526 1591 2579 in
1628 2526 1871 2598 periculo
1915 2530 2142 2598 peccati,

571 2630 677 2669 non
711 2616 991 2670 dimittens
1013 2616 1061 2670 ei
1101 2616 1243 2686 quod
1282 2615 1338 2670 in
1370 2631 1428 2671 se
1468 2617 1760 2684 commisit,
1791 2618 1884 2673 sed
1915 2618 2143 2689 alligans

568 2718 692 2759 eum
719 2705 769 2759 in
797 2705 973 2776 culpa.
1012 2703 1210 2771 Redde,
1233 2706 1427 2775 inquit,
1459 2706 1597 2776 quod
1637 2707 1805 2771 debes,
1836 2709 1887 2762 id
1921 2719 1999 2763 est
2031 2711 2142 2781 jam

572 2807 719 2847 nunc
757 2792 875 2848 sine
904 2809 1052 2847 mora
1100 2780 1344 2862 persmve
1381 2794 1511 2848 mihi
1551 2803 1753 2849 rectum
1784 2796 1852 2850 de
1895 2780 2145 2851 omnibus

572 2884 781 2951 injuriis
807 2899 944 2954 quas
969 2885 1095 2938 mihi
1116 2884 1313 2939 fecisti.
1343 2884 1405 2937 Et
1428 2885 1702 2955 procidens
1714 2904 1988 2942 conservus
2009 2891 2141 2958 ejus,

572 2972 787 3041 rogabat
807 2988 945 3037 eum,
960 2972 1134 3025 dicens
1155 2988 1174 3026 :
1205 2971 1519 3026 Patientiam
1541 2974 1669 3027 habe
1697 2978 1748 3027 in
1771 2992 1877 3043 me,
1900 2987 1945 3030 et
1969 2980 2143 3031 omnia

573 3060 786 3113 reddam
817 3061 928 3113 tibi.
964 3058 1250 3114 Procidens
1279 3076 1551 3114 conservus
1585 3061 1719 3131 ejus,
1760 3067 1971 3134 rogabat
2004 3083 2140 3132 enm,

571 3152 697 3220 quia
720 3151 995 3205 humiliter
1008 3151 1074 3206 ab
1093 3157 1157 3207 eo
1180 3151 1368 3206 saltem
1390 3151 1700 3208 dilationem
1724 3155 2045 3224 postulabat,
2067 3158 2144 3210 di-

568 3258 699 3297 cens
724 3259 737 3295 :
764 3240 1081 3297 Patientiam
1106 3242 1257 3310 habe,
1290 3243 1339 3297 id
1364 3254 1446 3298 est
1466 3244 1735 3314 patienter
1758 3257 2009 3315 exspecta
2028 3264 2141 3311 me;

568 3345 617 3386 et
645 3334 820 3386 omnia
844 3333 1053 3386 reddant
1078 3332 1190 3398 tibi,
1218 3334 1319 3388 hoc
1347 3344 1430 3388 est
1454 3334 1705 3388 universa
1733 3350 1852 3404 quae
1873 3336 1925 3390 in
1953 3347 2000 3390 te.
2022 3354 2147 3407 pec-

569 3424 684 3477 cavi
712 3424 1009 3478 emcndabo
1039 3424 1154 3490 tibi,
1184 3433 1239 3478 et
1266 3425 1400 3479 bene
1431 3424 1685 3494 deinceps
1715 3440 1800 3480 me
1826 3439 1953 3495 ergo
1978 3437 2027 3481 tc
2053 3429 2144 3481 ha-

571 3498 728 3566 bebo.
759 3511 858 3565 Ille
903 3506 1077 3566 autem
1116 3510 1316 3576 notuit;
1357 3513 1450 3566 sed
1475 3513 1624 3579 abiit,
1663 3522 1712 3567 et
1757 3515 1895 3567 misit
1933 3531 2049 3568 eum
2089 3517 2144 3570 in

570 3616 850 3665 carcerem,
878 3601 1040 3655 donec
1069 3601 1300 3655 redderet
1330 3601 1580 3655 debitum.
1610 3601 1795 3655 Noluit
1822 3618 2143 3659 conservum

571 3703 728 3743 suum
747 3688 1011 3757 patienter
1036 3698 1356 3759 exspectare
1379 3694 1629 3759 utposset
1647 3692 1958 3758 emendare,
1978 3693 2146 3748 noluit

571 3780 815 3834 imlueias
832 3778 905 3834 illi
928 3780 1251 3845 concedere;
1271 3779 1362 3834 sed
1384 3779 1585 3849 absque
1603 3783 1908 3835 reverentia
1935 3783 2141 3838 domini

571 3870 652 3923 sui
700 3868 848 3934 abiit,
887 3878 935 3924 et
975 3869 1116 3923 misit
1143 3886 1260 3924 eum
1299 3869 1352 3923 in
1388 3885 1665 3924 carcerem.
1696 3872 1854 3934 Abiit,
1893 3873 1993 3926 hoc
2032 3884 2135 3939 est,

567 3962 922 4029 apostatando
948 3967 1005 4015 et
1038 3961 1091 4014 in
1127 3960 1396 4017 deteriora
1436 3968 1732 4015 retrorsum
1788 3964 1984 4029 eundo,
2017 3979 2139 4033 per-

570 4051 710 4107 rexit
732 4067 749 4117 ;
770 4060 819 4119 et
849 4051 991 4104 misit
1019 4066 1137 4104 eum
1166 4051 1221 4105 in
1239 4067 1518 4115 carcerem,
1545 4051 1709 4106 donec
1740 4052 1973 4106 redderet
1994 4054 2141 4107 debi-

566 4146 699 4205 tum,
724 4138 777 4193 id
825 4146 929 4203 est,
955 4136 1216 4207 quantum
1246 4138 1321 4193 ad
1346 4153 1457 4193 sua:
1511 4139 1806 4195 voluntatis
1851 4140 2140 4209 malignam

566 4229 987 4285 obstinationem
1030 4226 1288 4285 demersit
1337 4246 1459 4285 eum
1520 4231 1589 4285 in'
1632 4231 1921 4298 infernum,
1971 4234 2142 4289 donec

568 4336 667 4391 pro
708 4317 860 4390 culpa
919 4321 1278 4391 sempiternas
1338 4322 1673 4391 persolveret
1728 4338 1939 4392 ptenas.
2002 4324 2153 4378 Sunt

2248 1890 2497 1944 nuntiant
2522 1891 2652 1954 Deo,
2672 1899 2729 1944 ut
2746 1891 2919 1945 sciant
2935 1890 3061 1960 quid
3086 1889 3201 1960 ipse
3215 1889 3377 1944 dehis
3392 1888 3642 1942 outuibus
3665 1886 3839 1958 169

2248 1979 2363 2035 fieri
2409 1980 2613 2050 iubeat.
2655 1978 2801 2033 Tunc
2837 1977 3194 2034 rocavitillum
3217 1978 3459 2032 dominus
3482 1992 3631 2039 suus,
3668 1986 3719 2030 et
3750 1978 3834 2028 ait

2246 2070 2325 2124 illi
2352 2087 2371 2125 :
2425 2070 2582 2125 Serve
2595 2069 3240 2141 nequam,omnedebitum
3252 2069 3427 2122 dimisi
3447 2068 3834 2137 tibi,quoniam

2249 2161 2444 2230 rogasti
2463 2178 2563 2214 me.
2594 2161 2783 2215 Nonne
2806 2176 2928 2231 ergo
2948 2161 3172 2230 opormit
3194 2169 3241 2213 et
3264 2168 3313 2212 te
3334 2158 3568 2213 misereri
3588 2159 3837 2212 conservi

2245 2250 2351 2315 tui,
2391 2252 2522 2304 sicut
2548 2259 2593 2303 et
2619 2266 2711 2321 ego
2742 2250 2818 2303 tui
2849 2250 3091 2304 misertus
3119 2246 3570 2317 sum?~lngratum
3601 2262 3833 2301 servum

2248 2340 2504 2397 Dominus
2530 2332 2932 2396 rnrsumiroeat
2952 2337 3065 2406 ;'et
3110 2355 3207 2411 cur
3228 2339 3364 2411 gipse
3392 2338 3831 2393 misericordiam

2246 2441 2570 2488 consecutus
2615 2448 2643 2485 a
2711 2431 2940 2485 [‘omino
2983 2428 3227 2484 misereri
3275 2442 3540 2482 conservo
3581 2426 3826 2482 noluerit

2247 2523 2451 2594 arguit;
2483 2538 2604 2577 cum
2637 2522 2823 2587 illum,
2855 2521 2945 2591 qui
2976 2530 3244 2590 perceptio
3270 2535 3299 2572 a
3336 2521 3446 2574 Deo
3472 2520 3832 2590 indulgentia:

2247 2615 2532 2670 immemor
2561 2614 2732 2669 noluit
2762 2611 3037 2681 indulgere
3066 2609 3223 2665 fratri
3256 2610 3401 2680 quod
3428 2611 3480 2664 in
3525 2623 3585 2664 se
3624 2623 3829 2680 pecca-

2247 2712 2417 2770 verat,
2442 2703 2507 2757 ad
2535 2711 2763 2758 mortem
2796 2716 2891 2772 per
2910 2701 3156 2771 corporis
3181 2699 3550 2752 infirmitatem
3574 2707 3831 2758 revocat,

2245 2805 2299 2850 et
2334 2796 2412 2850 sic
2437 2794 2780 2862 adjudicinm
2808 2811 2822 2847 :
2847 2802 3007 2862 atque
3029 2801 3247 2861 peccata
3268 2789 3434 2844 etiam
3460 2787 3548 2841 illa
3578 2788 3635 2840 in
3656 2797 3830 2856 caput

2215 2920 2221 2925 -
2246 2886 2363 2953 ejus
2392 2887 2569 2941 denuo
2603 2885 2858 2955 replicat,
2885 2898 3005 2953 qua:
3039 2883 3139 2936 sibi
3162 2881 3273 2963 jam
3303 2872 3467 2934 fuisse
3497 2894 3595 2948 per
3643 2878 3799 2946 pani
3818 2903 3835 2917 ς

2249 2978 2471 3031 tentiam
2500 2975 2720 3030 dimissa
2753 2975 3046 3046 gaudebat.
3070 2972 3340 3026 Indicium
3365 2969 3507 3024 enim
3533 2968 3654 3023 sine
3672 2969 3834 3021 mise-

2248 3066 2474 3121 ricordia
2497 3064 2576 3118 illi
2604 3065 2695 3131 qui
2726 3080 2827 3118 non
2853 3064 2974 3131 fecit
3001 3059 3414 3115 misericordiam
3440 3056 3594 3127 (Jac.
3615 3071 3681 3119 lt,
3712 3054 3832 3120 l3).

2253 3155 2399 3209 Unde
2423 3163 2477 3208 et
2502 3152 2747 3208 subditur
2774 3169 2788 3205 :
2821 3152 2888 3206 Et
2924 3148 3107 3205 iratus
3149 3148 3396 3202 dominus
3422 3146 3566 3214 ejus,
3600 3144 3837 3199 tradidit

2245 3228 2366 3299 eum
2420 3243 2747 3308 tortoribus,
2799 3242 3151 3311 quoadusque
3211 3239 3457 3292 redderet
3504 3236 3833 3290 universum

2246 3337 2505 3390 debitum.
2535 3335 2635 3402 Qui
2660 3336 2805 3389 enim
2834 3332 2987 3388 fratri
3021 3329 3302 3400 indulgere
3331 3327 3538 3394 noluit,
3570 3326 3672 3382 sed
3696 3339 3834 3382 eum

2247 3427 2299 3479 in
2330 3440 2606 3481 carcerem
2638 3440 2738 3494 pm
2764 3425 2947 3480 debito
2976 3422 3145 3485 misit,
3169 3421 3364 3475 merito
3390 3419 3510 3489 ipse
3534 3416 3836 3486 indulgen-

2248 3518 2374 3570 tiam
2401 3533 2559 3587 quam
2591 3523 2924 3586 perceperat,
2941 3513 3146 3575 amisit,
3168 3522 3224 3566 et
3247 3511 3301 3565 in
3339 3516 3839 3563 manus‘tortomtts

2246 3608 2410 3661 venit.
2463 3605 2597 3659 Nunt
2645 3606 2890 3676 quisquis
2939 3603 3207 3658 hominem
3271 3600 3340 3655 ad
3387 3599 3682 3668 imaginem
3733 3597 3841 3653 Dei

2246 3698 2445 3751 factum
2492 3715 2520 3750 a
2570 3706 2791 3765 peccato
2822 3712 2926 3750 non
2964 3694 3125 3749 solvit
3173 3699 3423 3758 rogatus,
3456 3691 3551 3743 sed
3584 3688 3843 3742 obdura-

2251 3789 2395 3842 tione
2427 3789 2624 3841 mentis
2659 3801 2798 3846 sum,
2833 3794 3093 3853 quantum
3128 3782 3179 3835 in
3211 3795 3269 3834 se
3300 3789 3401 3842 est,
3435 3786 3677 3832 tartareo
3707 3791 3844 3831 car-

2224 3872 2354 3932 teri
2386 3877 2713 3946 puniendum
2745 3876 2935 3937 tradit,
2974 3877 3082 3930 Deo
3106 3883 3188 3928 est
3210 3871 3457 3934 odibilis,
3487 3880 3541 3923 et
3568 3870 3845 3922 canalem

2244 3966 2342 4020 sibi
2390 3967 2789 4029 damnationem
2822 3962 3204 4035 indubitanter
3231 3960 3481 4029 acquirit.
3526 3955 3721 4010 Iratus
3749 3967 3843 4011 est

2242 4071 2371 4127 ergo
2398 4057 2639 4109 dominus
2667 4056 2782 4125 ejus
2801 4069 2825 4120 ,'
2851 4055 2903 4108 id
2936 4064 3019 4109 est
3044 4053 3384 4121 asperitatem
3410 4048 3570 4116 justas
3598 4048 3845 4102 ultionis

2244 4147 2296 4199 in
2322 4161 2443 4199 eum
2466 4144 2729 4198 excreuit.
2755 4143 2869 4196 Non
2899 4143 3042 4217 enim
3074 4141 3126 4194 in
3152 4151 3343 4193 natura
3367 4154 3462 4192 sua
3489 4138 3636 4190 Deus
3660 4137 3841 4190 irasci

2241 4244 2446 4305 potest,
2489 4236 2583 4304 qui
2632 4249 2845 4304 semper
2884 4230 3205 4300 tranquillus
3249 4241 3305 4285 et
3357 4226 3843 4282 incommutabilis

2242 4336 2549 4396 permanet;
2581 4326 2673 4380 sed
2718 4327 2884 4378 iratus
2917 4323 3125 4379 videtur
3168 4322 3249 4376 eis
3291 4321 3488 4389 quibus
3519 4318 3841 4372 vindictam

565 4410 714 4463 enim
752 4409 991 4465 nonnulli
1048 4410 1298 4481 malignae
1353 4412 1549 4465 mentis
1594 4413 1859 4477 homines,
1908 4407 2218 4493 quorum”
2243 4419 2435 4472 reddit.
2486 4418 2712 4486 ldtoqnc
2744 4418 2977 4471 vindicta
3012 4417 3126 4486 ipsa
3159 4426 3382 4467 vocatur
3408 4410 3525 4479 ejus
3552 4410 3665 4462 ira.
3708 4408 3844 4462 Ira-

569 4503 672 4555 iste
696 4498 893 4554 servus
932 4501 1220 4571 imaginem
1271 4510 1436 4567 tenet,
1470 4503 1564 4571 qui
1620 4505 1864 4571 gravium
1895 4517 2143 4575 peceato-

569 4604 691 4646 rum
751 4605 872 4660 qua:
919 4591 1021 4660 ipsi
1048 4648 1058 4660 ,
1086 4600 1535 4662 perpetraret-unt
1584 4592 1947 4661 immemores,
1999 4598 2043 4651 si
2087 4605 2144 4652 et

566 4684 761 4739 leviter
786 4682 941 4753 culpa
986 4682 1173 4738 fratris
1203 4683 1258 4736 in
1281 4697 1340 4738 se
1372 4682 1650 4753 peccantis
1700 4683 2060 4751 oﬂettdantur,
2087 4687 2140 4742 in

569 4782 773 4827 tantam
812 4773 1228 4827 obstinationem
1278 4782 1657 4843 prorumpunt,
1684 4783 1772 4839 ut,
1801 4778 1943 4844 quod
1993 4777 2138 4832 dictu

565 4882 780 4938 quoque
829 4868 1009 4940 nefas
1039 4875 1140 4927 est,
1196 4875 1384 4936 optent
1439 4866 1661 4919 frattetn
1712 4882 1867 4920 suum
1923 4870 2141 4923 teternis

564 4966 692 5012 ante
717 4960 892 5026 perire
922 4955 1221 5025 suppliciis,
1265 4969 1427 5023 quam
1457 4956 1599 5025 quod
1629 4954 1683 5009 in
1717 4969 1775 5009 se
1799 4967 2133 5024 peccaverat,

545 5054 892 5124 .indulgeant.
934 5051 1172 5108 Videntes
1192 5061 1367 5107 autem
1397 5052 1756 5123 conservﬁejus
1774 5067 1892 5121 qua:
1920 5052 2136 5120 ﬁebant,

562 5147 858 5199 contristati
893 5154 1011 5198 sunt
1034 5143 1206 5197 valde.
1241 5143 1307 5197 Et
1335 5153 1580 5197 venerunt
1604 5152 1653 5196 et
1683 5150 2024 5196 narraverunt
2045 5138 2157 5195 do-’

561 5237 702 5289 mino
724 5251 822 5289 suo
851 5235 1029 5288 omnia
1056 5249 1174 5304 qua:
1203 5233 1344 5303 facta
1365 5232 1597 5301 fuerant.
1625 5229 1871 5286 Conservi
1895 5232 2009 5301 ejus
2035 5233 2138 5286 hoc

452 5333 455 5337 '
545 5325 681 5380 loco
729 5325 1039 5380 sacerdotes
1089 5333 1145 5381 et
1189 5323 1426 5394 religiosi
1486 5323 1588 5379 viri
1634 5322 2020 5393 intelliguntur,
2043 5323 2136 5394 qui

562 5418 788 5472 videntes
837 5420 900 5472 ea
945 5435 1062 5486 qua:
1111 5418 1360 5488 nequiter
1396 5417 1449 5472 in
1480 5416 1705 5471 fratrem
1736 5417 1803 5472 ab
1829 5430 1895 5471 eo
1919 5416 2132 5484 ﬁebant,

564 5507 853 5560 contristati
881 5521 998 5559 sunt
1032 5507 1200 5562 valde.
1256 5506 1323 5560 Et
1368 5517 1640 5571 venerunt,
1695 5516 1742 5560 et
1791 5519 2131 5561 narravernnt

562 5595 681 5649 ιιωο
708 5598 883 5649 omnia
902 5595 1112 5650 domino
1129 5612 1223 5649 suo
1251 5611 1270 5650 :
1292 5596 1420 5666 quia
1450 5597 1723 5650 redierunt
1746 5596 1812 5650 ad
1841 5611 1936 5648 cor
1955 5611 2130 5659 suum,

563 5694 617 5743 et
654 5685 726 5742 ibi
753 5684 933 5743 divino
957 5685 1264 5754 conspectui
1294 5683 1652 5752 intendentes,
1686 5687 1962 5755 conquesti
2007 5693 2131 5738 sunt

2243 4520 2325 4563 tus
2357 4510 2536 4579 itaque
2566 4509 2784 4563 tradidit
2811 4524 2926 4561 eum
2967 4505 3249 4559 tortoribus
3270 4545 3287 4570 ,
3318 4504 3418 4557 hec
3446 4509 3531 4555 est
3561 4500 3849 4570 malignis
3918 4572 3921 4573 ν

2225 4602 2550 4673 .spirit'bus,
2599 4602 2687 4670 qui
2734 4610 3046 4672 torquerent
3075 4614 3195 4653 eum
3243 4598 3298 4651 in
3339 4595 3582 4657 inferno,
3617 4597 3849 4664 quoad-

2241 4708 2403 4761 usque
2428 4692 2660 4745 redderet
2705 4692 3005 4743 universum
3036 4688 3266 4741 debitum
3289 4724 3304 4751 ,
3347 4684 3400 4739 i‘d
3426 4692 3509 4739 est
3536 4683 3669 4738 sine
3703 4685 3849 4740 line.

2240 4780 2494 4849 Quisquis
2534 4780 2678 4833 enim
2723 4777 2886 4832 semel
2929 4775 3161 4830 traditus
3189 4769 3623 4827 irrevocabiliter
3662 4771 3848 4825 fuerit

2240 4868 2544 4923 crudelibus
2588 4868 2823 4938 angelis,
2869 4880 3098 4939 quorum
3147 4862 3376 4917 ollicium
3422 4870 3505 4915 est
3554 4865 3853 4930 reprolros

2245 4972 2527 5031 torquere,
2561 4974 2834 5029 utinquam
2864 4957 3088 5012 ulterius
3111 4955 3251 5009 valet
3268 4953 3507 5007 debitum
3538 4955 3799 5008 reddere
3830 4972 3846 5007 :

2238 5055 2363 5123 quia
2388 5066 2495 5106 non
2528 5060 2703 5120 potest
2722 5065 2816 5119 per
2840 5045 3213 5118 paenitentiam
3240 5055 3295 5100 et
3317 5059 3479 5113 opera
3505 5043 3657 5098 bona
3688 5046 3851 5115 quod

2237 5141 2377 5196 male
2402 5140 2571 5209 gessit
2596 5136 2918 5198 emendare,
2950 5145 3007 5189 et
3047 5142 3332 5204 propterea
3359 5145 3581 5199 semper
3611 5135 3854 5203 cogitur

2236 5244 2426 5302 poenas
2456 5230 2744 5285 sustinere.
2779 5227 2859 5280 Ad
2886 5225 3014 5295 quid
3040 5230 3219 5278 autem
3259 5222 3376 5278 haec
3400 5221 3675 5291 parabola
3716 5233 3849 5278 tetr-

2236 5324 2360 5388 dat,
2398 5328 2793 5388 consequenter
2828 5315 3085 5372 Dominus
3124 5313 3403 5369 subdendo
3452 5312 3797 5369 manifestat
3831 5333 3851 5368 :

2236 5410 2322 5467 Sic
2343 5423 2389 5465 et
2424 5408 2581 5464 Pater
2618 5425 2762 5462 meus
2783 5407 3000 5461 caelestis
3039 5405 3194 5474 faciet
3226 5403 3400 5469 vobis,
3430 5403 3476 5457 si
3521 5417 3638 5456 non
3678 5404 3854 5459 restri-

2233 5502 2405 5556 seritis
2429 5490 2778 5572 unusquisque
2800 5497 2953 5568 fratri
2974 5512 3067 5549 suo
3089 5496 3152 5548 de
3173 5493 3417 5550 cordibus
3437 5492 3653 5547 rostris.
3682 5493 3856 5550 Sicut

2233 5601 2411 5648 autem
2440 5607 2467 5645 a
2500 5604 2657 5645 servo
2685 5595 2879 5643 cuncta
2905 5601 3026 5655 qua:
3070 5585 3350 5639 dimiserat
3378 5581 3638 5653 repetiit,
3671 5600 3851 5642 eum-

2231 5698 2371 5754 que,
2400 5694 2522 5737 cum
2553 5696 2659 5736 non
2690 5686 2891 5755 posset
2932 5677 3157 5739 reddere
3180 5715 3196 5742 ,
3224 5674 3500 5729 damnavit
3519 5712 3540 5737 ,
3566 5674 3722 5744 quia
3757 5678 3859 5736 ille
