4076 6288
296 313 389 371 σει
1402 310 1700 368 NOMINA:
1732 310 1818 365 ET
1860 306 2458 365 EXIIORTATlONES.

3459 312 3562 365 62'?

296 438 559 483 conservo
600 438 699 480 suo
727 422 1006 484 dimittere
1052 423 1260 491 noluit;
1293 426 1369 479 sic
1396 435 1445 481 et
1483 425 1646 479 Pater
1678 441 1824 478 meus
1850 438 1879 477 a
1910 430 1954 484 Α
1984 422 2214 493 quisque
2243 439 2429 479 eorum
2475 423 2641 494 magis
2672 438 2734 477 ac
2767 422 2936 491 magis
2967 424 3181 494 purgari
3212 432 3374 493 atque
3404 443 3565 482 llllltl-

296 515 536 586 quolibet
556 530 623 569 ex
649 514 806 568 vobis
836 515 1029 568 iterum
1054 515 1233 585 exiget
1262 514 1521 585 quidquid
1551 513 1624 568 illi
1653 529 1748 584 per
1768 527 1881 582 pm-

298 604 576 658 nitentiam
614 603 849 669 dimisit;
888 604 977 658 ille
1008 603 1162 658 fratri
1194 620 1290 659 suo
1317 614 1517 661 cuneta
1561 620 1680 674 quae
1727 602 1778 659 iu
1824 618 1882 659 se

296 696 544 766 peccavit
588 710 652 749 ex
702 696 868 750 corde
901 713 1005 750 non
1039 696 1330 751 dimiserit.
1379 696 1456 751 Ita
1506 712 1601 753 vos
1641 696 1882 767 singulos

297 790 461 845 Pater
496 808 641 845 meus
674 792 738 845 ad
781 789 1048 857 judicium
1090 790 1397 856 revocabit,
1429 800 1485 845 et
1512 806 1633 861 qum
1663 789 1881 845 miseri-

302 882 487 937 cordia
522 880 694 953 ﬂexus
720 882 954 950 primum
984 881 1218 945 dimisit,
1258 889 1500 948 repetet,
1531 895 1736 950 vosque
1782 890 1885 934 tor-

294 974 495 1027 toribus
521 973 730 1042 angelis
756 972 931 1028 tradet
956 990 968 1025 :
992 975 1037 1027 si
1072 988 1173 1026 non
1204 972 1507 1026 remiseritis
1530 973 1883 1043 unusquisque

294 1064 449 1131 fratri
481 1080 578 1116 suo
625 1073 907 1131 peccatum
939 1079 1100 1119 omne
1145 1063 1289 1133 quod
1336 1063 1390 1118 in
1434 1079 1532 1119 vos
1572 1064 1744 1119 frater
1792 1064 1882 1119 ille

295 1153 606 1216 commisiti;
651 1163 705 1207 ct
754 1155 1056 1208 remiseritis
1086 1153 1212 1208 illud
1247 1170 1352 1208 non
1385 1154 1751 1219 simulatorie,
1788 1155 1882 1210 sed

295 1245 567 1299 veraciter
615 1246 678 1298 de
709 1246 957 1299 cordibus
987 1246 1205 1309 vestris,
1236 1254 1297 1300 ut
1340 1262 1446 1301 non
1479 1256 1794 1301 remaneant
1830 1247 1882 1300 in

296 1336 461 1391 Corde
505 1350 627 1390 cum
681 1337 984 1390 remiseritis
1039 1337 1171 1390 illtnl
1222 1352 1339 1392 ore.
1400 1336 1516 1392 Non
1565 1346 1744 1393 tamen
1788 1353 1885 1407 per

301 1430 544 1498 seipsum
580 1429 739 1483 Pater
767 1429 1071 1499 bujusmodi
1096 1429 1299 1497 judicia
1330 1429 1520 1495 faciet,
1549 1430 1643 1485 sed
1669 1445 1767 1500 per
1794 1430 1884 1484 Fi-

296 1519 466 1573 lium:
491 1521 639 1587 quiia,
674 1521 811 1575 sicut
842 1520 1130 1591 Apostolus
1158 1530 1408 1586 testatur,
1438 1520 1709 1576 Judicabit
1744 1522 1884 1577 Dens

295 1616 503 1664 occulta
531 1613 800 1665 hominum
828 1630 921 1681 per
942 1613 1125 1667 Jesum
1154 1612 1419 1667 Christum
1461 1612 1634 1681 (Rom.
1667 1629 1737 1678 ιι,
1770 1613 1881 1684 lli).

293 1700 506 1754 Idcirco
535 1703 597 1755 tle
625 1703 867 1755 cordibus
914 1704 1094 1756 vestris
1143 1703 1526 1757 remittendum
1571 1714 1654 1757 est
1697 1702 1884 1758 fratris

293 1798 616 1858 peccatum,
663 1790 788 1859 quia
828 1790 1086 1859 judicabit
1146 1790 1287 1844 Deus
1338 1792 1540 1843 occulta
1578 1791 1878 1857 hominum,
1915 1764 1958 1823 Β

295 1894 371 1935 ne
420 1895 564 1934 nunc
622 1881 677 1935 iu
725 1883 955 1936 occultis
1017 1883 1260 1937 cordium
1335 1891 1643 1937 nostrorum
1710 1884 1883 1938 latere

289 1971 431 2025 illud
462 1972 670 2035 videat,
702 1981 757 2026 et
787 1982 919 2029 tunc
947 1973 1291 2029 manifestam
1325 1988 1423 2041 pro
1455 1973 1557 2028 hoc
1580 1973 1885 2029 damnatio-

291 2079 426 2119 nem
448 2064 665 2119 inferat.
694 2064 1124 2120 lllis‘ericordiam
1144 2074 1197 2119 et
1213 2066 1533 2119 charitatem
1555 2080 1681 2135 erga
1702 2065 1884 2134 proxi-

290 2170 449 2207 mum
479 2154 682 2209 habere
730 2155 1078 2217 Studeamus,
1110 2154 1447 2209 remittentes
1491 2155 1539 2209 ei
1575 2156 1883 2209 misericor-

289 2242 446 2296 diter
468 2245 614 2313 quod
652 2244 704 2298 iu
756 2259 853 2297 nos
896 2244 1157 2312 deliquit,
1186 2253 1242 2297 et
1266 2259 1403 2311 puro
1430 2244 1593 2298 corde
1624 2244 1771 2299 illum
1803 2245 1881 2298 di-

286 2330 558 2400 ligentes,
588 2339 648 2383 ut
714 2341 769 2384 et
815 2346 913 2385 nos
959 2331 1191 2385 similem
1241 2331 1666 2385 vicissitudinem
1716 2349 1743 2385 a
1797 2332 1883 2401 pio

280 2422 479 2491 judice
510 2432 696 2477 nostro
724 2436 1143 2494 consequamur,
1193 2422 1284 2492 qui
1317 2422 1451 2476 vivit
1493 2432 1547 2474 et
1597 2432 1785 2493 regnat
1830 2424 1881 2478 iu

285 2514 496 2570 ssecula
520 2515 865 2570 sreculorum.
908 2514 1102 2570 Amen.
1248 2582 1251 2585 _

875 2606 1150 2659 llOMllJA
1205 2606 1289 2661 Vl.

284 2698 351 2752 la
391 2713 728 2753 araxes:qu
769 2713 1044 2754 sscusoun
1096 2714 1267 2753 Lccu
1302 2716 1316 2752 :
1365 2699 1646 2767 Postquam
1688 2700 1882 2768 impleti

368 2798 490 2841 sunt
538 2789 650 2841 dies
687 2789 1013 2857 purgationis
1046 2789 1159 2856 ejus
1189 2788 1472 2841 secundum
1502 2788 1664 2857 legem
1687 2787 1881 2857 Moysi,

369 2878 598 2931 tulerunt
631 2879 777 2931 illunt
810 2880 863 2931 in
882 2877 1209 2939 Jerusalem,
1243 2887 1299 2930 ut
1330 2878 1570 2931 sisterent
1607 2894 1721 2931 eum
1770 2877 1880 2930 Do-

375 2969 541 3029 mino.
561 2968 692 3020 sicut
716 2969 966 3035 scriptum
994 2982 1063 3019 es;
1089 2966 1143 3018 in
1164 2965 1272 3035 lege
1294 2965 1503 3020 Domini
1527 2978 1546 3017 :
1572 2965 1708 3031 Quia
1732 2982 1883 3019 omne

372 3058 720 3110 masculinum
746 3057 1053 3125 adaperieus
1094 3056 1320 3123 vulvam,
1370 3068 1607 3111 sanctum
1657 3056 1881 3111 Domino

370 3149 657 3202 vocabitur.
692 3148 759 3201 Et
785 3148 989 3217 reliqua
1022 3148 1173 3216 (Lac.
1207 3164 1275 3211 ιι,
1330 3147 1444 3217 29.).

370 3239 695 3293 Praeclaram
749 3239 911 3307 hujus
973 3240 1078 3295 diei
1133 3239 1479 3294 festivitatem
1547 3240 1883 3294 celetrantes

292 3331 640 3401 gratulemur
668 3346 833 3400 super
879 3330 1162 3385 beneficiis
1211 3333 1263 3385 in
1315 3348 1385 3391 ca
1427 3332 1583 3386 nobis
1628 3332 1884 3386 divinitus

294 3420 599 3475 eoiicessis.
625 3418 759 3474 Nam
788 3435 965 3489 neque
992 3419 1334 3491 Virgo,'qu:e
1356 3421 1424 3477 de
1448 3430 1643 3476 sancto
1672 3422 1879 3492 Spiritu

296 3509 594 3578 concipere
619 3510 780 3579 digna
807 3510 933 3575 fuit;
963 3525 1137 3579 neque
1160 3510 1349 3576 Filius,
1379 3526 1540 3581 quem
1572 3512 1644 3566 ita
1674 3514 1880 3583 genuit,

295 3600 627 3671 purgatione
683 3601 978 3672 indiguit.:
1029 3601 1124 3656 sed
1191 3602 1246 3656 in
1313 3616 1501 3657 eorum
1538 3604 1884 3675 purgatione

295 3699 553 3745 nostram
580 3691 955 3761 purgationem
988 3690 1130 3743 Deus
1157 3692 1479 3760 pra-paravit
1517 3706 1581 3744 ac
1634 3693 1882 3764 prtefigu-

300 3780 471 3845 ravit,
501 3780 592 3849 qui
625 3780 809 3834 multis
839 3780 1094 3835 sordibus
1125 3780 1308 3835 infecti
1343 3781 1655 3836 multimoda
1688 3798 1883 3853 purga-

303 3870 457 3923 tione
484 3867 805 3937 indigemus.
840 3868 968 3935 Qtue
999 3870 1164 3939 igitur
1192 3870 1258 3924 de
1285 3872 1514 3926 Domino
1544 3888 1684 3927 nunc
1710 3874 1882 3927 histo-

301 3959 592 4015 rialiterin
632 3961 943 4032 evangelica
982 3961 1212 4017 lectione
1259 3973 1568 4025 narrantur,
1616 3965 1681 4018 de
1728 3966 1883 4021 nobis

298 4052 666 4122 spiritualiter
687 4054 1090 4125 intelligantur:
1112 4055 1236 4123 quia
1257 4055 1300 4109 si
1325 4056 1564 4110 membra
1586 4056 1669 4111 vel
1687 4072 1883 4127 corpus

298 4146 430 4214 ejus-
446 4158 656 4209 sumus,
682 4144 798 4212 ipse
823 4145 874 4198 iu
903 4144 1062 4199 nobis
1090 4153 1200 4210 est;
1228 4154 1282 4199 et
1303 4160 1424 4213 qua:
1451 4146 1516 4199 de
1543 4147 1697 4200 nobis
1726 4146 1889 4211 fiunt,

295 4247 353 4291 et
377 4236 448 4292 de
473 4235 564 4291 illo
586 4244 732 4290 recte
755 4234 873 4289 fieri
897 4237 1177 4289 dicuntur.
1201 4233 1337 4288 Nam
1361 4244 1416 4289 et
1438 4250 1635 4304 corpus
1655 4234 1880 4302 Christi,

297 4328 444 4397 quod
491 4336 577 4383 est
624 4327 896 4391 Ecclesia,
929 4336 1160 4381 vocatur
1204 4326 1486 4391 Christus,
1518 4327 1883 4396 Apostolodi-

1983 513 2098 568 dari
2125 514 2328 584 jugiter
2353 515 2581 586 satagit;
2612 514 2704 569 sed
2737 512 2939 583 impleti
2986 528 3092 568 non
3139 524 3300 568 erunt
3327 529 3389 570 ex
3422 526 3564 586 toto,

1983 602 2085 658 nisi
2116 604 2166 656 iu
2200 603 2306 658 fine
2350 604 2552 658 seculi.
2580 604 2728 659 Finis
2756 612 2936 659 tamen
2967 602 3146 659 saeculi
3170 613 3252 659 est
3278 603 3567 677 unicuique

1985 696 2114 765 hora
2144 696 2324 751 obitus
2347 696 2452 760 sui,
2478 704 2533 767 et
2559 695 2649 765 qui
2676 696 2964 750 mundatus
2992 711 3022 749 a
3056 697 3292 765 peccatis
3313 700 3565 754 omnibus

1985 789 2036 843 in
2067 789 2214 843 obitu
2247 805 2344 843 suo
2383 800 2632 858 repertus
2666 788 2860 855 fuerit,
2893 789 3089 858 impleti
3128 800 3247 844 sunt
3291 790 3402 845 dies
3440 810 3567 861 pur-

1983 881 2209 950 gationis
2257 879 2371 950 ejus
2418 880 2703 934 secundum
2735 879 2895 951 legem
2946 880 3136 951 Moysi.
3169 881 3302 936 Nam
3337 886 3571 952 quadra-

1984 970 2130 1041 ginta
2164 971 2352 1025 diebus
2381 971 2679 1027 secundum
2722 971 2893 1040 legem
2932 972 3087 1027 fiebat
3129 974 3231 1028 ista
3276 977 3526 1044 purgatio
3551 1016 3566 1041 ,

1986 1071 2041 1115 et
2111 1062 2582 1133 quadragenarius
2653 1079 2910 1117 numerus
2971 1064 3053 1120 vel
3124 1067 3358 1135 spatium
3426 1068 3568 1137 quod

1985 1162 2065 1206 est
2128 1169 2299 1221 usque
2369 1155 2437 1209 ad
2500 1154 2663 1209 finem
2728 1155 2904 1208 saeculi
2943 1195 2958 1219 ,
3031 1156 3117 1211 vel
3177 1165 3385 1229 tempus
3448 1162 3571 1213 vine

1990 1243 2416 1313 uniuscujusque
2464 1254 2707 1299 nostrum
2764 1244 3052 1316 significat.
3110 1247 3335 1317 Expleto
3399 1251 3563 1319 igitur

1988 1334 2079 1388 tali
2132 1335 2597 1405 quadragenario,
2654 1336 2856 1406 impleti
2924 1345 3082 1391 erunt
3133 1337 3249 1393 dies
3296 1342 3569 1409 purgatio:

1988 1425 2073 1479 nis
2120 1427 2204 1480 vel
2254 1427 2509 1481 Ecclesia:
2559 1428 2641 1483 vel
2675 1429 2961 1499 cujuslibet
2985 1428 3277 1498 justorum.
3311 1431 3387 1485 lta
3421 1434 3566 1487 enim

1986 1518 2073 1571 lex
2119 1516 2359 1587 loquitur
2409 1536 2422 1571 :
2472 1519 2666 1573 Mulier
2692 1522 2737 1572 si
2785 1532 3018 1590 suscepto
3072 1524 3267 1576 semine
3317 1525 3571 1593 pepererit

1986 1607 2309 1674 masculum,
2344 1610 2616 1664 immunda
2658 1613 2984 1682 eritsi-piem
3034 1614 3246 1678 diebus,
3270 1618 3430 1684 juxta
3460 1619 3570 1671 dies

1987 1700 2335 1765 scparationis
2379 1713 2695 1767 menstrua’;
2722 1712 2767 1755 et
2817 1704 2900 1756 dic
2944 1714 3123 1758 octavo
3170 1705 3571 1762 circumsidetur

1986 1791 2303 1861 infantulus.
2336 1792 2461 1861 Ipsa
2485 1810 2600 1846 rero
2632 1794 2848 1862 triginta
2875 1794 3056 1849 diebus
3089 1798 3316 1851 manebit
3346 1798 3400 1851 in
3444 1815 3569 1853 san-

1985 1881 2143 1951 guiae
2166 1881 2549 1951 puriﬁcatiouis
2578 1899 2708 1936 sum.
2746 1881 2912 1936 Omne
2934 1895 3176 1936 sanetum
3213 1901 3316 1938 non
3362 1895 3567 1955 tanget,

1988 1990 2080 2027 nec
2122 1974 2448 2043 ingredietur
2483 1975 2879 2041 sanctuarium,
2921 1975 3083 2030 donec
3120 1976 3435 2046 impleantur
3459 1980 3570 2033 dies

1984 2062 2311 2131 purgationis
2358 2064 2475 2133 ejus
2537 2063 2728 2135 (Lerit.
2776 2082 2886 2130 xu,
2924 2064 3001 2135 2).
3056 2067 3121 2121 Et
3167 2082 3286 2137 que
3334 2076 3416 2122 est
3460 2068 3564 2124 ista

1986 2154 2199 2216 mulier,
2230 2155 2331 2208 nisi
2366 2156 2661 2212 electorum
2692 2158 2931 2214 Ecclesia
2952 2199 2966 2222 ,
3019 2159 3102 2214 vel
3153 2160 3570 2229 medicatorum

1986 2244 2251 2311 persona?
2284 2242 2408 2300 llam
2438 2245 2585 2299 enim
2616 2256 2866 2317 suscepto
2893 2247 3043 2301 verbi
3080 2249 3172 2303 Dei
3199 2250 3408 2306 semine
3426 2252 3574 2325 parit

1985 2345 2049 2383 ex
2082 2346 2145 2385 eo
2177 2331 2502 2393 masculum,
2538 2334 2589 2387 id
2619 2345 2697 2387 est
2726 2349 2821 2404 per
2848 2351 2957 2404 prre
2978 2337 3283 2394 licationem
3313 2340 3570 2409 spiritua-

1986 2418 2109 2473 liter
2150 2420 2319 2491 gignit
2372 2420 2562 2478 fortem
2613 2433 2667 2477 ct
2717 2440 2912 2478 novum
2962 2427 3214 2497 p0pulum
3250 2426 3593 2486 electorum.’

1989 2510 2111 2563 Dies
2142 2511 2497 2581 quadraginta
2548 2514 2881 2582 pnrgaliOuis
2927 2515 3076 2583 ejus,
3127 2519 3215 2587 qui
3255 2520 3571 2575 dividuntur

1988 2601 2039 2652 iu
2075 2609 2277 2668 septem
2311 2612 2364 2653 et
2398 2600 2613 2666 triginta
2646 2611 2780 2662 tres,
2813 2604 2854 2655 si
2881 2607 3175 2673 separatim
3206 2616 3568 2676 exponentur,

1986 2702 2210 2760 possunt
2247 2691 2316 2743 ob
2356 2694 2819 2747 confirmationem
2855 2695 2935 2748 bis
2962 2695 3192 2764 idipsum
3224 2697 3569 2767 significare,

1986 2782 2127 2852 quod
2157 2780 2427 2850 conjuncti
2481 2783 2645 2838 semel
2695 2783 3022 2853 significant.
3070 2784 3202 2840 Nam
3250 2788 3352 2843 ista
3394 2796 3573 2845 mater

1985 2889 2108 2928 cum
2136 2888 2232 2927 sua
2260 2875 2409 2944 prole
2429 2884 2513 2928 est
2542 2875 2815 2929 immunda
2844 2885 3051 2945 septem
3074 2877 3284 2943 diebus,
3308 2879 3564 2948 quoniam

1984 2973 2170 3019 sancta
2200 2964 2461 3029 Ecclesia,
2494 2964 2576 3018 vel
2608 2965 3013 3034 prcedicantium
3042 2980 3305 3035 persona,
3335 2984 3457 3023 cum
3485 2970 3571 3025 his

1986 3070 2119 3124 quos
2162 3055 2214 3108 in
2270 3054 2373 3109 fide
2426 3056 2640 3123 genuit,
2684 3070 2789 3110 non
2826 3064 2910 3110 est
2946 3057 3150 3126 absque
3190 3057 3368 3128 aliqua
3411 3061 3571 3115 sorde

1934 3132 1951 3151 ⁷⁸
1987 3146 2192 3216 peccati
2248 3155 2358 3200 toto
2390 3155 2630 3216 tempore
2672 3147 2954 3215 prmsentis
2985 3148 3109 3203 vitae
3132 3188 3147 3215 ,
3187 3150 3329 3219 quod
3362 3161 3569 3219 septem

1986 3238 2176 3292 diebus
2212 3238 2404 3307 agitur.
2439 3237 2597 3293 Videt
2648 3238 2791 3292 enim
2848 3239 3009 3292 aliam
3040 3239 3201 3309 legem
3244 3242 3295 3294 iu
3326 3242 3569 3295 membris

1986 3329 2098 3383 suis
2121 3338 2486 3397 repugnantem
2518 3328 2617 3397 legi
2650 3330 2836 3382 mrn'is
2876 3328 2988 3383 sua)
3018 3329 3188 3399 (Rom.
3222 3347 3296 3385 vn
3317 3371 3333 3396 ,
3360 3332 3473 3403 2'5).
3503 3334 3572 3388 Et

1986 3419 2110 3473 inde
2142 3426 2323 3472 manet
2354 3419 2656 3483 immunda,
2678 3419 2837 3487 juxta
2886 3420 2997 3473 dies
3035 3422 3381 3489 separatiouis
3419 3440 3569 3477 men-

1985 3519 2146 3563 strua;
2175 3526 2193 3563 :
2230 3510 2354 3579 quia
2384 3510 2523 3564 sicut
2570 3518 2844 3564 menstrua
2893 3520 3179 3580 separatur
3220 3526 3249 3566 a
3288 3526 3571 3573 conventu

1982 3602 2306 3656 nutudorum
2356 3602 2408 3657 iu
2458 3602 2645 3657 diebus
2688 3604 3043 3659 immundilite
3073 3621 3213 3671 sum,
3254 3607 3334 3662 sic
3378 3618 3433 3662 et
3469 3609 3569 3663 ista

1984 3702 2267 3763 separatur
2291 3709 2318 3746 a
2355 3702 2624 3749 cetiventu
2654 3695 2965 3765 angelorum
3009 3696 3061 3749 iu
3104 3698 3292 3753 diebus
3323 3701 3571 3755 mortali-

1987 3785 2111 3837 tatis
2136 3798 2266 3838 sure.
2289 3784 2562 3840 Menstrua
2580 3788 2723 3841 enim
2750 3785 2923 3842 aliena
2948 3802 3111 3842 carne
3138 3804 3239 3843 non
3268 3790 3426 3860 17o
3455 3800 3573 3846 tan-

1985 3872 2128 3941 gitur
2148 3915 2161 3938 ,
2188 3874 2280 3927 Sed
2310 3872 2453 3927 ﬂuxu
2485 3875 2836 3929 immunditize
2858 3891 2970 3930 suae
3001 3876 3290 3944 polluitur;
3325 3888 3378 3930 ct
3403 3880 3573 3947 signi-

1988 3966 2113 4017 ficat
2149 3964 2385 4017 animam
2424 3978 2542 4033 quae
2586 3980 2691 4019 non
2747 3976 2901 4029 actu,
2944 3967 3037 4019 sed
3080 3968 3314 4036 cogitatu
3352 3970 3572 4024 sordido

1988 4053 2217 4107 latenter
2249 4052 2581 4121 inquinatur.
2628 4053 2719 4109 Sic
2751 4064 2805 4110 et
2839 4064 3149 4109 sanctorum
3182 4056 3419 4111 Ecclesia
3442 4098 3455 4121 ,
3487 4060 3570 4113 vel
3621 4075 3633 4082 ·

1985 4142 2154 4197 electa
2178 4142 2390 4209 anima,
2423 4146 2547 4199 dum
2581 4146 2633 4198 iu
2662 4160 2828 4199 carne
2875 4146 3078 4215 pet-cati
3125 4147 3291 4209 vivit;
3321 4151 3569 4217 quamvis

1985 4248 2090 4286 non
2118 4248 2309 4301 opere,
2345 4243 2520 4289 tamen
2544 4237 2868 4304 cogitatione
2904 4239 3107 4306 peccati
3140 4239 3415 4296 multoties
3449 4256 3569 4297 sor-

1986 4326 2231 4391 didatur;
2252 4337 2307 4381 et
2332 4328 2452 4382 ideo
2474 4329 2753 4382 beatorum
2780 4330 3041 4385 societate
3056 4331 3369 4399 angelorum
3394 4334 3571 4389 adhuc

298 4425 458 4471 cente
511 4433 525 4470 :
578 4415 726 4471 Sicut
773 4432 957 4485 corpus
999 4432 1163 4470 unum
1206 4428 1281 4471 est
1310 4456 1325 4476 ,
1372 4428 1418 4470 et
1455 4418 1684 4471 membra
1727 4418 1877 4472 liabet
1911 4433 1959 4492 ι)
1986 4418 2199 4487 indigna
2224 4417 2521 4486 judicatur.
2566 4419 2803 4473 Octavus
2841 4428 3019 4475 autem
3060 4423 3210 4486 dies,
3244 4422 3296 4476 iu
3328 4438 3434 4492 quo
3464 4425 3571 4478 cir—

294 4510 499 4574 multa;
566 4512 741 4563 omnia
791 4520 965 4564 autem
1022 4511 1255 4563 membra
1308 4512 1575 4579 corporis,
1619 4527 1735 4562 cum
1774 4512 1877 4564 sint

294 4604 496 4667 multa,
528 4619 691 4656 unum
719 4619 909 4671 corpus
948 4611 1067 4656 sunt
1115 4617 1132 4654 :
1170 4603 1244 4655 ita
1274 4612 1322 4656 et
1368 4602 1607 4656 Christus
1658 4601 1707 4672 (1
1753 4601 1876 4654 Cor.

289 4709 406 4759 xu,
443 4696 552 4765 19.).
589 4693 744 4749 Unde
773 4703 924 4765 patet
945 4696 1072 4764 quia
1094 4695 1254 4750 simul
1279 4695 1518 4750 universi
1554 4694 1736 4749 fideles
1757 4711 1877 4749 cum

293 4787 480 4857 capite
509 4801 609 4840 suo
656 4794 784 4840 sunt
824 4784 1106 4850 Christus,
1136 4785 1281 4855 quod
1325 4794 1380 4840 et
1422 4800 1488 4840 ex
1538 4784 1721 4838 umltis
1760 4785 1881 4838 aliis

293 4878 707 4947 Scripturarum
754 4876 889 4932 locis
930 4876 1147 4944 probari
1214 4884 1415 4946 potest.
1469 4874 1602 4930 Cum
1649 4890 1781 4946 ergo
1815 4877 1880 4928 de

288 4967 621 5037 purgatione
665 4966 867 5021 Christi
907 4965 1201 5036 loquimur,
1238 4968 1305 5021 ad
1336 4966 1481 5021 illam
1510 4966 1627 5035 ejus
1669 4975 1878 5035 partem

288 5071 417 5125 quae
452 5056 777 5127 purgatione
799 5056 1000 5127 indiget
1027 5056 1348 5122 referamus,
1375 5057 1425 5111 id
1457 5057 1631 5111 estad
1659 5070 1876 5125 corpus.

289 5147 486 5216 Itaque
513 5147 597 5200 vel
646 5150 971 5216 ad‘eorpus,
1020 5147 1104 5202 vel
1150 5149 1216 5202 ad
1252 5148 1529 5217 quodlibet
1576 5147 1878 5201 membrum

284 5234 410 5303 ejus
454 5237 680 5306 mystice
713 5236 983 5292 referatur
1028 5238 1170 5307 quod
1216 5253 1358 5292 nunc
1411 5235 1766 5290 bistorialiter
1814 5236 1880 5289 de

286 5326 472 5394 capite
502 5327 697 5397 legitur
729 5347 743 5383 ε
772 5329 896 5396 quia
929 5339 1201 5399 postquam
1232 5328 1432 5395 impleti
1462 5338 1581 5381 sunt
1627 5327 1739 5381 dies
1760 5344 1881 5395 pur-

283 5418 516 5485 gationis
546 5421 659 5488 ejus
680 5422 963 5474 secundant
986 5420 1149 5489 legem
1176 5419 1366 5489 Moysi,
1395 5419 1623 5472 tulerunt
1650 5418 1797 5471 illum
1825 5419 1877 5470 in

282 5496 619 5573 Jerusalem,
654 5520 707 5562 ut
732 5512 968 5564 sisterent
993 5526 1108 5563 cum
1134 5510 1373 5563 Domino.
1417 5508 1543 5566 Dies
1573 5510 1719 5562 enim
1753 5524 1879 5578 pur-

283 5599 525 5669 gationis
547 5599 723 5669 populi
752 5601 989 5656 fidelium
1018 5601 1102 5656 vel
1131 5601 1406 5663 Eeelesizc,
1438 5601 1486 5654 id
1514 5611 1599 5655 est
1636 5600 1879 5669 corporis

282 5691 523 5760 Christi,
579 5692 869 5762 implentur
913 5692 1128 5762 quidem
1177 5695 1457 5763 quotidie,
1509 5693 1635 5746 dum
1710 5708 1875 5746 unus-

1984 4509 2308 4563 cumciditur
2343 4509 2666 4574 infatuulus,
2711 4512 2825 4566 dies
2855 4523 2939 4566 est
2967 4513 3345 4583 baptismatis,
3379 4516 3431 4568 in
3461 4531 3571 4585 quo

1984 4601 2288 4671 neopbytus
2322 4603 2551 4671 quisque
2606 4602 2838 4668 cxuiturj
2876 4603 2994 4659 labe
3032 4606 3219 4674 primae
3258 4608 3572 4677 generatio.

1984 4691 2099 4755 nis,
2157 4704 2209 4745 et
2242 4693 2539 4747 ascendens
2578 4693 2643 4748 de
2684 4694 2901 4749 lavacro
2928 4696 2985 4749 fit
3023 4699 3293 4767 particeps
3331 4712 3571 4752 resurre-

1982 4782 2177 4835 ctionis
2213 4781 2442 4846 Christi,
2476 4798 2596 4851 quae
2625 4784 2713 4839 die
2743 4792 2935 4839 octavo
2961 4788 3216 4840 tnuudum
3258 4786 3566 4840 illustravit.

1982 4871 2117 4925 Nam
2145 4882 2426 4941 propterea
2456 4874 2599 4929 diem
2626 4884 2900 4938 octavum,
2928 4892 3033 4944 quo
3057 4876 3309 4945 parvulus
3332 4877 3567 4930 circnm-

1982 4965 2210 5030 ciditur,
2244 4981 2349 5021 non
2390 4967 2456 5021 ad
2506 4978 2716 5038 tempus
2760 4978 2975 5021 aeternae
3012 4968 3422 5023 resurrectionis
3449 4985 3566 5022 om-

1982 5058 2128 5112 nium
2154 5100 2167 5123 ,
2211 5058 2303 5113 sed
2333 5061 2400 5113 ad
2430 5060 2882 5115 resurrectionem
2910 5057 3107 5111 Christi
3134 5098 3148 5121 ,
3182 5058 3231 5111 id
3259 5066 3343 5112 est
3371 5058 3438 5112 ad
3470 5058 3565 5111 ba-

1982 5147 2233 5215 ptismum
2262 5145 2547 5215 cujuslibet
2574 5148 2742 5200 nostri
2776 5145 3096 5209 retulimus;
3131 5146 3258 5214 quia
3292 5146 3403 5214 ipse
3435 5161 3564 5216 par-

1982 5234 2151 5297 vulus,
2168 5244 2452 5305 postquam
2477 5244 2590 5288 crat
2614 5234 2964 5288 circumcisus
2986 5273 3001 5298 ,
3024 5249 3128 5290 non
3160 5235 3563 5305 ingrediebatur

1981 5327 2345 5380 sanctuarium
2423 5326 2526 5379 nisi
2578 5324 2808 5394 impletis
2855 5324 3046 5393 diebps
3093 5324 3312 5395 triginta
3359 5328 3559 5393 tribus;

1980 5417 2119 5471 sicut
2151 5427 2205 5471 et
2247 5416 2616 5485 unusquisque
2662 5424 2934 5477 n0strum,
2969 5416 3095 5470 licet
3124 5416 3194 5469 sit
3222 5416 3560 5486 baptizatus,

1981 5524 2085 5561 non
2138 5517 2314 5562 tamen
2367 5524 2613 5578 superna:
2661 5506 3007 5563 beatitudinis
3053 5507 3306 5579 templum
3352 5508 3559 5581 ingredi

1980 5600 2138 5664 valet,
2162 5601 2262 5654 nisi
2289 5601 2514 5655 decurso
2544 5598 2888 5655 mortalitatis
2916 5600 3038 5655 vita:
3068 5603 3262 5671 spatio,
3294 5602 3433 5673 quod
3467 5618 3562 5673 per

1981 5691 2095 5744 dies
2127 5692 2341 5753 triginta
2381 5700 2491 5745 tres
2536 5691 2867 5764 designatur.
2898 5689 3066 5747 Totus
3088 5692 3231 5747 enim
3260 5693 3346 5749 hic
3372 5708 3560 5748 nume«
