4076 6288
544 313 650 391 se;

915 315 973 374 S.
1012 318 1307 375 ANSELMI
1334 314 1681 377 CANTUAR.
1722 319 2035 375 ARCIIIEP.
2068 324 2091 376 ι

2192 327 2218 376 ’.
2261 322 2439 380 PARS
2469 323 2530 378 ΙΙ.
2554 354 2624 366 --
2647 324 3012 385 PABENET.
3059 331 3146 387 ET
3175 330 3420 392 ASCE'I’.

3697 343 3803 401 πει

547 444 641 484 rus
667 443 732 484 ex
767 431 1021 486 ternariis
1048 441 1294 498 constat,
1329 440 1386 490 et
1433 432 1555 488 lidei
1585 441 1796 505 tempus
1834 435 2121 506 signiﬁcat.
2155 441 2198 499 Α
2229 449 2326 489 sua
2362 446 2587 492 noverat
2616 437 2826 495 futuros
2855 441 2925 496 ita
2947 443 3293 515 political-et,
3336 458 3395 504 ut
3428 451 3497 505 ad
3519 453 3661 511 lianc
3685 458 3803 527 glo—

544 521 679 597 Cum
731 520 839 597 lilio
871 523 1032 595 igitur
1072 527 1393 583 circumciso
1446 536 1629 583 manet
1670 529 1889 601 triginta
1949 530 2120 586 tribus

545 615 736 671 diebus
765 624 938 669 mater
982 615 1032 669 in
1075 617 1337 688 sanguine
1379 618 1774 689 puriﬁcationis
1816 636 1960 688 sum;
1990 622 2116 692 quia

546 722 668 763 cum
699 708 936 777 quolibet
960 708 1131 762 electo
1152 708 1424 778 baptizato
1457 714 1641 763 sancta
1668 710 2116 779 materEcclesia,

545 798 783 867 quandiu
809 814 907 869 per
932 798 1090 854 tidem
1122 797 1361 853 ambulat
1392 807 1444 853 et
1472 815 1577 854 non
1602 816 1698 870 per
1721 802 1976 870 speciem,
2009 818 2115 858 non

539 896 716 958 potest
740 901 803 944 ex
818 896 932 944 toto
961 887 1207 943 mandari
1233 903 1262 941 a
1282 889 1541 960 sanguine
1563 889 1953 959 puriﬁcationis
1982 908 2114 960 sum,

541 981 596 1035 id
626 990 710 1035 est
738 997 766 1034 a
788 989 1014 1050 peccato
1035 994 1142 1051 quo
1168 995 1228 1035 se
1249 979 1454 1050 iugiter
1478 996 1710 1052 purgare
1739 984 1944 1050 studet,
1967 994 2020 1038 et
2048 985 2115 1040 ad

537 1069 838 1139 perfectum
868 1070 1088 1139 nequit,
1119 1068 1244 1124 dmn
1275 1068 1450 1122 adhuc
1484 1072 1709 1126 mortale
1736 1087 1931 1143 corpus
1955 1074 2110 1143 gerit.

538 1158 694 1216 Unde
722 1159 1005 1215 Psalmista
1038 1179 1053 1216 :
1082 1159 1205 1235 Non
1231 1162 1611 1232 justi/imbitur
1647 1161 1702 1216 in
1729 1173 2003 1231 conspectu
2025 1172 2115 1216 tuo

539 1250 707 1304 omnis
730 1252 905 1305 virens
937 1250 965 1320 ε(
987 1250 1186 1306 Psalm.
1230 1268 1396 1316 exul,
1428 1251 1464 1305 ‘2
1486 1249 1526 1321 ).
1567 1252 1635 1306 Et
1665 1251 1917 1307 Salomon
1943 1271 1958 1307 :
1989 1250 2113 1310 Non

537 1351 610 1395 est
659 1341 812 1394 homo
830 1340 1009 1410 justus
1048 1342 1105 1396 in
1159 1353 1331 1407 terra,
1359 1342 1447 1412 qui
1485 1342 1647 1410 faciat
1676 1342 1865 1396 bonum
1912 1352 1962 1397 et
2009 1356 2112 1398 non

533 1441 705 1500 peccet
731 1428 900 1501 (Eccl.
935 1443 1035 1494 vn,
1064 1430 1178 1503 21).
1212 1431 1280 1487 Et
1330 1431 1622 1503 discipulus
1656 1432 1771 1497 ille,
1797 1448 1955 1502 quem
1986 1432 2105 1488 dili-

535 1517 693 1587 gebat
720 1516 878 1573 Jesds
905 1536 918 1572 :
953 1518 1016 1574 Si
1050 1518 1339 1574 dixerimus
1362 1522 1487 1592 quia
1524 1533 1792 1592 peccatum
1818 1539 1920 1577 non
1950 1523 2109 1577 liabe-

533 1624 678 1671 mus,
712 1625 806 1663 nos
842 1610 984 1679 ipsos
1020 1609 1334 1676 sedttcimus,
1356 1620 1417 1665 'et
1439 1613 1630 1665 veritas
1656 1612 1709 1665 in
1732 1606 1876 1666 nobis
1905 1603 2111 1667 nonest

533 1697 583 1767 (1
605 1696 766 1753 Joan.
790 1712 835 1763 ι,
866 1700 944 1768 8).
976 1700 1201 1756 Constat
1228 1716 1359 1772 ergo
1386 1703 1509 1772 quia
1539 1715 1726 1758 omnes
1746 1704 1838 1773 qui
1866 1703 1918 1758 in
1944 1718 2109 1760 carne

2220 526 2354 580 riam
2376 529 2659 596 pervenire
2682 531 2874 600 dignos
2898 531 3119 590 faceret.
3144 535 3261 606 ipse
3283 539 3450 606 enim,
3477 551 3532 597 ut
3552 553 3610 598 et
3630 558 3798 616 supra

2219 614 2419 669 dictum
2452 623 2565 683 est,
2599 626 2691 672 aut
2722 621 2890 692 Virgo
2934 632 3107 680 mater
3134 624 3284 694 ejus,
3322 632 3648 702 purgatione
3690 614 3800 694 non

2217 703 2364 795 eguit
2393 721 2408 758 :
2438 706 2565 775 quia
2603 707 2838 778 Spiritus
2869 722 3095 770 sanctus
3123 728 3242 771 eam
3268 716 3342 772 ab
3364 719 3522 776 initio
3551 721 3667 791 jam
3701 742 3803 795 pno

2217 793 2562 860 rilicaverat,
2588 807 2642 851 et
2678 800 2766 856 ille
2808 810 2916 857 tam
2960 806 3215 860 mundam
3247 807 3303 863 in
3330 809 3444 878 ejus
3473 819 3632 868 utero
3665 793 3796 870 ear-

2216 899 2339 938 nem
2370 886 2471 940 sibi
2503 890 2730 956 creavit,
2756 901 2813 945 ut
2832 907 2930 961 per
2956 908 3076 949 eam
3107 898 3306 967 alliciat
3328 914 3551 959 suorum
3570 919 3797 963 carnem

2226 971 2299 1026 ita
2330 975 2583 1030 mundam
2615 988 2820 1035 utsuut
2856 997 2962 1054 ang
2982 983 3031 1037 ‘li
3066 1000 3079 1038 :
3110 987 3203 1040 sed
3231 995 3287 1042 et
3315 989 3555 1046 animam
3584 992 3659 1049 ibi
3683 1005 3795 1051 tam

2214 1072 2457 1119 sanctam
2505 1066 2834 1138 assumpsit,
2884 1081 2943 1128 ut
2993 1089 3089 1143 per
3130 1090 3248 1131 eam
3284 1079 3473 1136 reddet
3504 1083 3796 1141 animabus

2214 1153 2456 1209 omnium
2493 1170 2713 1212 suorum
2758 1158 2907 1216 illam
2953 1165 3299 1222 sanctitatem
3348 1183 3471 1239 qua:
3514 1180 3705 1227 manet
3737 1174 3793 1230 in

2213 1241 2440 1333 angelis.
2473 1243 2580 1299 Sed
2613 1248 2868 1315 quoniam
2899 1250 3014 1321 ipse
3051 1253 3105 1308 in
3147 1256 3260 1311 suis
3286 1267 3368 1313 est
3392 1298 3409 1324 ,
3438 1261 3582 1329 quod
3609 1263 3803 1333 agitur

2212 1329 2458 1422 desitis,
2488 1342 2549 1387 ut
2582 1341 2639 1388 et
2681 1338 3023 1405 prannissum
3055 1351 3171 1410 est,
3203 1345 3404 1401 dicitur
3423 1349 3506 1420 agi
3540 1351 3609 1407 de
3642 1329 3793 1422 ipso,

2211 1420 2336 1514 quia
2371 1422 2469 1493 ipsi
2494 1434 2622 1481 sunt
2648 1442 2844 1498 corpus
2867 1429 3003 1499 eius.
3036 1432 3114 1489 De
3141 1450 3251 1504 quo
3286 1437 3495 1495 scilicet
3557 1420 3793 1514 corpore

2211 1511 2597 1584 subiungitur:
2632 1516 2699 1572 Et
2734 1530 2788 1575 ut
2824 1521 3011 1577 darent
3056 1524 3287 1581 hostiam
3324 1533 3612 1587 secundum
3647 1511 3790 1604 quod

2209 1603 2406 1658 dictum
2432 1619 2506 1662 est
2544 1611 2598 1665 in
2643 1610 2754 1682 lege
2801 1611 3043 1682 Domini,
3071 1634 3172 1687 par
3199 1628 3497 1687 turturum,
3525 1634 3618 1679 aut
3655 1603 3793 1683 t'ttos

2207 1693 2380 1762 pullos
2405 1697 2788 1759 columbarum.
2810 1703 2950 1759 Nam
2973 1706 3204 1764 tulerunt
3226 1710 3378 1766 illam
3394 1715 3785 1783 inhi-malens.

526 1765 736 1857 peccati
762 1790 971 1858 vivunt,
999 1792 1209 1861 peccati
1230 1793 1444 1848 sordem
1472 1794 1539 1847 ad
1560 1809 1753 1862 purum
1775 1808 1974 1850 exuere
1999 1811 2091 1851 nor

2210 1793 2267 1838 ut
2313 1787 2551 1844 sislemnt
2580 1808 2698 1846 eam
2737 1793 2994 1862 Domino,
3039 1799 3179 1854 sicut
3221 1802 3604 1872 disseruimus;
3646 1820 3696 1864 et
3728 1821 3786 1864 at

525 1882 772 1947 possunt.
808 1878 960 1936 Unde
1004 1882 1181 1938 adhuc
1218 1883 1285 1939 de
1326 1883 1566 1940 Ecclesia
1610 1895 1784 1940 matre
1812 1887 2105 1942 subditur:

526 1969 651 2039 quia
689 1986 842 2024 omne
879 1981 1115 2027 sanctum
1143 1991 1245 2029 non
1274 1985 1446 2045 tanget
1480 1992 1496 2042 ;
1531 1976 1657 2031 illud
1696 1977 1947 2033 videlicet
1982 1992 2107 2047 per-

525 2057 836 2117 fectissimae
855 2062 1140 2132 puritatis,
1182 2064 1322 2133 quod
1345 2065 1546 2120 habent
1574 2066 1778 2135 angeli;
1813 2080 1905 2120 nec
1928 2069 2103 2138 ingre-

524 2146 701 2201 dietur
723 2153 1109 2217 sanetum-ium,
1138 2152 1458 2208 subauditur
1484 2156 1675 2231 patriae
1701 2157 1938 2213 cmlestis
1961 2199 1977 2223 ,
2015 2157 2106 2212 do-

525 2253 618 2291 nec
658 2238 976 2309 impleantur
1001 2242 1112 2295 dies
1151 2245 1476 2312 purgationis
1500 2246 1615 2315 ejus
1642 2245 1831 2316 (Leuit.
1862 2264 1938 2302 xu
1964 2285 1980 2314 ,
2009 2248 2100 2315 4),

524 2327 579 2381 id
608 2329 885 2385 cstdonec
912 2340 1186 2404 peractum
1227 2334 1299 2389 sit
1334 2336 1382 2390 ei
1423 2345 1634 2406 tempus
1659 2339 1785 2393 vita:
1822 2340 2098 2406 mortalis,

522 2419 577 2473 in
613 2436 721 2490 quo
753 2432 1013 2492 purgatur
1038 2424 1282 2490 assidue,
1326 2427 1421 2481 sed
1467 2427 1852 2495 perfectionem
1897 2445 2097 2502 purga-

521 2509 686 2566 tionis
736 2510 789 2564 in
837 2526 906 2565 eo
955 2528 1060 2567 non
1115 2517 1443 2585 assequitur.
1482 2517 1660 2574 Tanta
1695 2520 1891 2589 quippe
1932 2530 2016 2575 est
2044 2530 2098 2577 et

521 2610 631 2653 tam
665 2613 1022 2669 perseverans
1060 2603 1396 2673 inquinatio,
1436 2618 1598 2678 quam
1646 2608 1955 2665 immumlus
1986 2610 2098 2680 spi-

518 2690 657 2746 ritus
694 2692 930 2749 liumano
958 2694 1141 2765 generi
1179 2710 1277 2765 per
1316 2698 1481 2753 Evam
1532 2696 1759 2767 infudit,
1795 2711 1851 2754 ut
1884 2716 1948 2755 ex
1982 2710 2096 2756 toto

517 2780 742 2850 purgari
773 2790 1028 2851 nequeat,
1058 2783 1161 2839 nisi
1199 2799 1324 2840 cum
1353 2786 1480 2842 vitae
1521 2789 1767 2844 mortalis
1792 2799 1884 2843 aut
1910 2790 2092 2845 s:rcnli

430 2904 437 2911 ι
518 2870 784 2923 terminus
819 2871 1117 2927 advenerit.
1168 2875 1275 2931 Sed
1316 2876 1454 2930 sicut
1507 2884 1602 2946 per
1636 2875 1798 2931 Evam
1833 2879 1981 2933 venit
2005 2879 2094 2932 in-

516 2957 801 3027 quinatio,
848 2961 927 3016 sic
979 2980 1078 3035 per
1139 2964 1364 3019 Mariam
1420 2967 1709 3022 revertitur
1755 2968 2088 3023 emnndatio.

517 3042 669 3101 Tunc
712 3059 891 3105 autem
919 3053 1023 3106 erit
1055 3054 1389 3125 purgationis
1426 3066 1482 3110 et
1525 3056 1924 3112 emundationis
1971 3073 2092 3127 per-

515 3135 714 3203 l‘ectio,
764 3154 888 3196 eum
933 3140 1065 3213 justi
1137 3144 1190 3199 in
1246 3146 1644 3201 resurrectione
1699 3147 2094 3217 triumphantes

513 3230 750 3287 dixerint
766 3250 779 3286 :
797 3231 897 3288 Ubi
918 3245 1015 3303 est,
1038 3253 1202 3302 mors,
1222 3240 1478 3294 contentio
1497 3248 1588 3294 tua
1606 3232 1776 3306 illiti,
1790 3255 1950 3306 mors,
1967 3257 2093 3296 aeuo

511 3321 625 3377 leas
656 3326 819 3379 tuus?
837 3326 1061 3382 Aculeus
1081 3329 1215 3383 enim
1243 3330 1460 3394 mortis,
1491 3340 1759 3400 peccatum
1786 3342 1863 3386 est
1887 3333 1935 3400 (1
1965 3332 2088 3388 Cor.

509 3426 613 3474 xv,
654 3413 753 3478 55,
797 3414 909 3481 56).
951 3415 1174 3472 Talibus
1215 3417 1403 3488 itaque
1449 3419 1625 3474 modis
1659 3418 1949 3489 implentur
1975 3420 2089 3475 dies

510 3504 837 3569 purgationis
860 3504 1039 3573 populi
1079 3506 1208 3571 Dei,
1234 3509 1528 3562 secundum
1561 3507 1723 3578 legem
1754 3507 1944 3578 Moysi.
1980 3508 2089 3565 Sed

512 3602 635 3642 cum
664 3589 776 3643 dies
808 3592 1134 3661 purgationis
1173 3593 1253 3649 sic
1301 3595 1499 3663 impleti
1551 3595 1792 3659 fuerint,
1841 3594 2089 3652 delerent

510 3692 635 3731 eum
669 3678 840 3749 angeli
871 3680 925 3735 in
965 3695 1252 3750 supernam
1281 3683 1581 3741 Jerusalem
1601 3725 1619 3753 ,
1648 3693 1708 3739 ut
1738 3683 1937 3740 sistant
1960 3701 2088 3742 eum

514 3766 771 3835 Domino,
820 3785 1137 3826 mansurum
1177 3772 1248 3828 ibi
1286 3775 1616 3844 perenniter
1657 3790 1840 3830 coram
1889 3791 1977 3832 eo.
2018 3775 2088 3833 Et

511 3857 613 3913 hoc
648 3858 765 3926 llet;
804 3862 1054 3930 scriptam
1101 3871 1175 3917 est
1210 3863 1267 3918 in
1309 3862 1417 3932 lege
1468 3864 1677 3919 Domini
1718 3880 1737 3917 :
1770 3871 1896 3940 quia
1934 3883 2087 3923 omne

507 3949 857 4003 masculinum
911 3951 1220 4019 adaperiens
1272 3952 1507 4018 vulvam,
1563 3966 1801 4011 sanctum
1854 3956 2083 4014 Domino

442 4058 449 4065 ε
506 4038 791 4093 vocabitur.
832 4038 1046 4094 Scimus
1075 4041 1220 4096 enim
1273 4042 1399 4110 quia
1451 4044 1537 4098 lex
1581 4045 1845 4116 spiritalis
1884 4058 2083 4115 est;et

506 4128 825 4197 spiritaliter
871 4131 1094 4201 loquens
1123 4133 1419 4203 spiritalem
1444 4135 1656 4192 vulvam
1687 4139 1960 4209 signiﬁcat
1980 4182 1997 4207 ,
2026 4152 2084 4200 et

504 4218 802 4287 spiritalem
866 4221 1180 4278 masculum.
1247 4223 1345 4280 Hie
1395 4240 1629 4296 namque
1676 4230 1950 4286 masculus
1997 4242 2083 4288 est

501 4306 661 4363 fortis
697 4324 761 4365 ac
794 4322 965 4368 novus
1002 4312 1295 4370 electorum
1335 4313 1775 4389 Christianorum,
1815 4323 2075 4393 populus’,

2205 1875 2390 1931 darent
2416 1880 2640 1935 hostiam
2679 1897 2779 1952 pro
2819 1899 2914 1951 eo,
2951 1886 3108 1955 juxta
3151 1890 3203 1945 id
3233 1894 3373 1962 quod
3400 1895 3597 1950 dictum
3624 1909 3701 1952 est
3728 1899 3797 1954 in-

2204 1965 2314 2037 lege
2342 1968 2574 2038 Domini,
2601 1988 2702 2042 par
2731 1984 3018 2046 turturum,
3051 1979 3103 2035 id
3125 1989 3231 2047 est,
3254 1997 3441 2052 parem
3470 1988 3791 2045 castitatem

2203 2060 2448 2129 corporis
2475 2075 2530 2119 et
2554 2065 2748 2122 anima:
2767 2067 2886 2139 ejus
2908 2110 2922 2134 ,
2949 2080 3041 2126 aut
3063 2072 3199 2129 duos
3225 2075 3395 2143 pullos
3419 2076 3790 2136 columbarum

2204 2149 2392 2221 (Leuit.
2425 2169 2524 2219 xu,
2554 2155 2609 2226 8)
2629 2194 2647 2221 ,
2682 2156 2735 2212 id
2766 2166 2850 2214 est
2877 2162 3062 2218 carnis
3097 2173 3154 2219 et
3187 2166 3370 2223 cordis
3406 2166 3524 2236 ejus
3570 2172 3793 2239 patien-

2203 2240 2356 2298 tiam.
2385 2242 2590 2300 Turtur
2628 2248 2774 2302 enim
2823 2252 3126 2310 castissima
3166 2256 3285 2313 avis
3326 2266 3444 2324 est,
3473 2268 3529 2315 et
3558 2256 3686 2316 vivo
3712 2277 3791 2318 ac

2200 2343 2415 2389 mortuo
2443 2336 2592 2391 socio
2641 2339 3070 2399 indissolubilem
3107 2345 3264 2402 tidem
3294 2361 3665 2408 conservans:
3688 2367 3786 2409 co-

2201 2421 2382 2478 lumba
2407 2441 2539 2483 vero
2572 2427 2696 2485 l‘elie
2725 2438 2778 2484 et
2809 2433 3171 2490 amaritudine
3214 2446 3387 2493 caret.
3414 2438 3649 2512 ideoque
3680 2458 3787 2514 par

2202 2522 2474 2571 turturum
2498 2518 2745 2591 designat
2772 2522 3081 2578 castitatem
3104 2525 3380 2585 interioris
3409 2540 3465 2587 et
3488 2534 3785 2589 exterioris

2196 2601 2470 2672 hominis;
2502 2621 2566 2663 ac
2591 2608 2696 2662 duo
2724 2608 3081 2666 columbarum
3105 2614 3259 2684 pulli,
3283 2617 3780 2686 patientiam‘lortis

2195 2701 2464 2749 ostensam
2492 2706 2548 2752 et
2587 2696 2731 2753 intus
2763 2696 2815 2753 in
2857 2709 3038 2757 mente
3071 2711 3363 2760 servatam.
3404 2706 3645 2765 Oderunt
3676 2711 3781 2782 igib

2194 2789 2284 2837 tur
2308 2784 2481 2855 angeli
2525 2787 2749 2841 hostiam
2792 2792 3075 2846 secundum
3107 2792 3312 2864 legem,
3343 2797 3395 2853 id
3418 2807 3504 2854 est
3535 2816 3636 2869 par
3655 2813 3776 2855 tar-

2194 2882 2403 2941 turum,
2433 2875 2517 2932 vel
2545 2878 2677 2933 duos
2704 2878 2877 2947 pullos
2906 2881 3296 2949 columbarum,
3329 2902 3431 2957 pro
3457 2898 3775 2946 sanctorum

2193 2965 2421 3035 pepulo,
2448 2967 2528 3021 vel
2549 2983 2648 3038 pro
2672 2968 2913 3037 quolibet
2937 2971 3133 3038 electo,
3152 2989 3311 3045 quem
3339 2975 3598 3032 exhibent
3617 2974 3736 3034 Deo
3753 3022 3774 3043 ,

2192 3067 2312 3107 cum
2344 3055 2537 3109 merita
2581 3057 2847 3113 castitatis
2872 3058 2989 3127 ejus
3030 3075 3193 3131 quam
3235 3078 3462 3134 corpore
3505 3077 3564 3121 et
3606 3071 3774 3124 corde

2194 3144 2464 3209 servavit,
2491 3155 2583 3200 aut
2603 3146 2877 3216 patientia:
2919 3165 3081 3219 quam
3114 3153 3267 3209 intus
3287 3164 3343 3209 et
3373 3155 3505 3212 foris
3528 3160 3769 3213 custodi-

2190 3237 2306 3301 vit,
2337 3247 2725 3308 reprazsentaut
2769 3240 3014 3297 Domino.
3060 3244 3296 3302 Castitas
3321 3255 3455 3303 vero
3496 3250 3674 3321 magis
3699 3252 3769 3305 ad

2192 3326 2560 3396 confessores,
2592 3338 2649 3386 et
2690 3331 2951 3401 patientia
2990 3333 3113 3403 plus
3151 3337 3426 3406 pertinere
3455 3339 3672 3394 videtur
3697 3340 3773 3395 ad

2189 3427 2477 3491 martyres.
2517 3420 2584 3475 Et
2604 3421 2731 3490 quia
2770 3422 2949 3481 nullus
2988 3424 3283 3483 electorum
3322 3438 3441 3494 est,
3468 3430 3562 3500 qui
3581 3438 3676 3485 aut
3704 3432 3769 3486 in

2187 3508 2376 3565 ordine
2416 3510 2784 3572 confesson
2806 3551 2825 3582 ,
2863 3523 2960 3572 aut
3006 3517 3064 3573 ia
3087 3518 3280 3574 ordine
3316 3526 3617 3591 martyrum
3654 3537 3763 3576 non

2188 3606 2548 3669 computetur,
2597 3605 2720 3661 ideo
2750 3607 2819 3662 ad
2846 3605 3077 3663 hostiam
3107 3609 3289 3679 populi
3325 3608 3420 3665 Dei
3450 3610 3781 3683 sollicitpar-

2187 3692 2491 3755 turturum,
2541 3701 2637 3746 aut
2683 3694 2789 3750 duo
2835 3694 2964 3765 pulli
3012 3696 3403 3753 columbarum.
3442 3696 3550 3754 Per
3589 3697 3764 3769 pilio:

2183 3778 2326 3833 enim
2376 3779 2733 3838 columbarum
2778 3786 2955 3855 potius
2992 3798 3155 3858 quam
3204 3803 3302 3858 per
3344 3789 3622 3846 columbas
3659 3791 3764 3846 bac

2184 3867 2303 3924 loco
2344 3871 2604 3940 patientia
2657 3874 3008 3948 designatur,
3053 3878 3181 3948 quia
3232 3878 3324 3948 qui
3363 3879 3506 3935 sicut
3544 3890 3763 3951 oportet

2182 3959 2499 4027 patientiam
2541 3964 2878 4038 eustodiunt,,
2914 3967 2971 4023 bi
3001 3969 3140 4038 apud
3169 3983 3230 4025 se
3265 3970 3472 4041 parvuli
3495 3979 3551 4027 et
3589 3973 3758 4029 intimi

2182 4058 2337 4115 sunt,
2381 4061 2438 4107 et
2478 4052 2711 4124 majores
2741 4056 3001 4113 imitando
3028 4057 3228 4130 iugiter
3260 4070 3535 4117 crescunt.
3561 4061 3760 4118 Totum

2180 4153 2314 4209 ergo
2354 4141 2515 4196 simul
2561 4145 2814 4215 populum
2857 4147 3151 4204 electorum
3198 4150 3463 4221 completa
3516 4153 3761 4221 generali

2179 4234 2574 4290 resurrectione
2592 4236 2838 4293 delerent
2857 4239 3033 4309 angeli
3054 4242 3350 4311 gaudentes
3378 4243 3434 4299 in
3460 4257 3769 4315 supernam-

2176 4319 2473 4378 Jerusalem
2490 4364 2505 4387 ,
2539 4340 2662 4380 cum
2687 4326 2877 4383 hostiis
2903 4328 3164 4385 bonorum
3188 4344 3447 4401 operum,
3475 4341 3538 4391 ut
3556 4335 3758 4390 sistant

499 4398 587 4455 vel
618 4401 985 4472 unusquisque
1018 4417 1224 4458 eorum.
1272 4405 1339 4459 Et
1387 4407 1641 4475 quoniam
1679 4409 1916 4466 Ecclesia
1944 4453 1960 4477 ,
1991 4428 2076 4469 se.
2104 4421 2155 4481 ι)
2178 4425 2300 4466 eum
2340 4412 2601 4480 Domino;
2648 4425 2704 4472 el
2747 4417 2819 4473 ab
2862 4420 3182 4477 ascensione
3224 4398 3612 4494 Ῐίειιθιιίρωτὶε
3645 4440 3754 4482 non

499 4487 735 4542 cundum
778 4487 970 4544 Isaiam
1020 4490 1158 4559 (cap.
1201 4493 1343 4561 LIV),
1376 4493 1466 4547 ditt
1496 4495 1698 4552 sterilis
1722 4497 1932 4565 fuerat;
1972 4503 2077 4559 iste

497 4575 727 4646 populus
763 4592 827 4632 es
883 4594 945 4633 ea
981 4580 1297 4649 spiritaliter
1327 4597 1587 4649 nascens,
1622 4590 1834 4655 aperuit
1860 4591 2073 4648 vulvam

495 4666 645 4735 ejus,
691 4667 743 4722 id
782 4677 867 4723 est
912 4671 1147 4739 genitale
1173 4681 1445 4728 secretum
1482 4674 1862 4743 ipsius:uade
1911 4698 2075 4739 nemo

495 4758 678 4815 taliter
702 4770 863 4815 antea
895 4770 1052 4816 natus
1081 4761 1278 4820 fuerat.
1314 4764 1482 4820 Omne
1503 4782 1630 4823 vero
1659 4769 1932 4839 signiﬁcat
1959 4776 2075 4829 uni—

491 4852 804 4908 rersitatem
840 4871 853 4907 :
883 4855 1024 4924 quod
1072 4856 1160 4911 hic
1210 4857 1462 4927 ponitur.
1509 4874 1635 4914 cum
1668 4863 1872 4918 dicitur
1922 4883 2071 4921 omne

489 4943 872 5009 masculinum;
916 4946 1041 5014 quia
1097 4946 1322 5016 populus
1371 4949 1475 5006 iste
1514 4952 1814 5010 catholicus
1858 4965 1963 5019 est,
2015 4966 2069 5011 et

487 5047 680 5088 omnes
714 5033 915 5090 electos
965 5036 1017 5090 in
1060 5050 1120 5091 se
1166 5039 1425 5094 continet.
1468 5039 1567 5096 Hie
1604 5056 1735 5114 ergo
1769 5046 2067 5112 spiritalem

486 5120 742 5176 Ecclesia:
778 5122 1012 5190 vulvam,
1042 5124 1184 5180 sicut
1223 5127 1487 5193 diximus.
1521 5132 1771 5200 aperiens
1803 5135 2070 5190 vocabitur

487 5222 709 5267 sanctus
755 5211 981 5267 Domino
1001 5254 1015 5278 .
1058 5215 1109 5270 id
1147 5224 1232 5271 est
1258 5218 1580 5274 vocabulum
1610 5230 1664 5275 et
1701 5222 1913 5278 laudem
1943 5241 2067 5280 san-

487 5300 691 5356 ctitatis
733 5301 785 5356 in
820 5318 986 5374 regno
1017 5304 1645 5375 supernmbeatitudinis
1679 5311 1976 5376 obtinebit;
2009 5322 2068 5368 ut

489 5389 544 5444 in
568 5392 713 5445 omni
735 5393 1025 5449 sanctitate
1048 5394 1220 5451 beatis
1234 5405 1478 5465 aequatus
1508 5400 1733 5470 angelis,
1758 5403 2066 5471 perenniter

487 5480 709 5536 assistat
755 5484 1064 5551 conspectui
1089 5485 1275 5555 gloria:
1312 5488 1608 5545 Creatoris.
1655 5492 1725 5546 Et
1762 5492 1883 5547 ideo
1908 5492 2059 5548 Chri-

488 5578 605 5625 stus
631 5568 919 5637 Dominus,
944 5584 998 5629 et
1037 5577 1375 5633 sanctissima
1408 5581 1577 5649 ipsius
1606 5583 1834 5651 genitris
1866 5600 2063 5654 purga-

491 5660 692 5718 tionem
742 5661 876 5734 legis
924 5665 1258 5732 observavit,
1313 5677 1373 5723 ut
1419 5685 1608 5726 omnes
1634 5686 1775 5741 quos
1818 5675 2059 5730 membra

2176 4514 2522 4559 cessaverunt
2553 4520 2677 4561 eum
2709 4507 2762 4563 in
2789 4509 3012 4578 singulis
3031 4550 3048 4575 ,
3084 4511 3171 4566 cui
3213 4512 3475 4583 migrant,
3506 4514 3637 4570 illuc
3656 4516 3755 4571 de-

2176 4590 2342 4658 ferre,
2368 4592 2582 4663 quando
2614 4595 2812 4666 impleti
2831 4608 2953 4652 sunt
2981 4599 3093 4655 dies
3113 4602 3439 4672 purgationis
3464 4602 3749 4676 cujusque.

2244 4679 2311 4733 Et
2332 4697 2450 4735 ecce
2471 4682 2624 4737 homo
2643 4694 2756 4738 erat
2782 4686 2839 4749 in
2856 4684 3175 4753 Jerusalem,
3198 4689 3285 4742 cui
3305 4704 3493 4743 nomen
3514 4690 3752 4748 Simeott.

2174 4768 2241 4824 Et
2266 4771 2421 4826 homo
2441 4773 2537 4828 iste
2554 4774 2735 4843 justus
2757 4785 2805 4830 et
2832 4777 3109 4833 timoratus
3126 4816 3149 4844 ,
3179 4790 3482 4848 exspectans
3510 4781 3753 4836 consola-

2172 4861 2362 4915 tionem
2387 4860 2557 4916 lsrael
2573 4880 2595 4928 ;
2622 4873 2671 4917 et
2705 4863 2933 4933 Spiritus
2967 4877 3181 4923 sanctas
3213 4879 3326 4923 erat
3356 4869 3411 4922 in
3444 4885 3527 4924 eo.
3572 4870 3643 4926 Et
3671 4889 3752 4927 re.

2170 4965 2416 5019 sponsum
2445 4964 2713 5019 acceperat
2743 4972 2777 5009 a
2814 4955 3018 5023 Spiritu
3064 4948 3248 5014 sancto
3289 4977 3394 5017 non
3432 4964 3664 5018 uisurum
3698 4981 3764 5030 se.

2170 5048 2408 5105 mortem,
2441 5041 2541 5095 nisi
2560 5043 2708 5112 prius
2736 5045 2928 5098 videret
2965 5044 3231 5103 (Ilii-istam
3260 5049 3494 5108 Domini.
3525 5050 3596 5107 Et
3621 5060 3750 5108 cent

2168 5130 2223 5182 in
2247 5130 2433 5198 spiritu
2461 5132 2514 5184 in
2536 5133 2804 5201 templum.
2834 5133 3006 5190 Homo
3034 5137 3131 5193 istc
3156 5150 3408 5197 sanctum
3438 5141 3749 5199 Israelitica:

2168 5222 2344 5292 gentis
2367 5223 2619 5292 populum
2645 5225 2914 5296 designat,
2937 5228 3027 5298 qui
3053 5229 3343 5287 adventum
3371 5232 3765 5303 Redemptoris.

2168 5311 2370 5365 diutius
2397 5315 2734 5383 exspectavit
2760 5326 2818 5371 et
2845 5317 2913 5372 ab
2937 5332 3002 5373 eo
3025 5317 3092 5372 de
3120 5320 3354 5377 miseriis
3372 5323 3556 5379 exsilii
3585 5323 3745 5393 hujus

2168 5399 2387 5456 liberari
2413 5405 2668 5473 speravit.
2700 5404 2853 5462 Unde
2878 5415 2935 5463 et
2970 5407 3183 5464 Simeon
3217 5420 3463 5477 vocatur,
3497 5414 3741 5483 quodest

2166 5492 2384 5548 audiens
2423 5495 2734 5567 tristitiam:
2770 5497 2895 5566 quia
2941 5497 3168 5567 populus
3218 5499 3308 5556 ille
3356 5501 3531 5559 ﬁdelis
3572 5502 3736 5558 tris'i-

2166 5583 2296 5635 tiam
2340 5566 2669 5653 expulsionis
2715 5600 2826 5641 suae
2875 5566 2953 5641 de
2990 5566 3274 5656 paradiso,
3326 5598 3382 5644 et
3432 5590 3736 5647 omissionis

2165 5674 2494 5730 teternalium
2523 5676 2786 5731 bonorum
2823 5692 2918 5747 per
2946 5676 3256 5748 Scripturas
3286 5679 3475 5737 audire
3507 5696 3731 5737 consum
