4076 6288
364 401 375 412 ι

1388 326 1690 385 ΗΟΜΙΙΔΑΞ
1722 329 1811 389 ΕΤ
1852 327 2449 386 EXIIOIH‘ATIONES.

3425 298 3532 388 seu

292 452 478 508 venit;
534 441 762 511 ideoque
808 456 971 511 super
1017 441 1103 497 bis
1153 439 1559 496 consolationem
1612 443 1872 503 divinitus
1901 448 1948 504 Α
1971 452 2077 509 est,
2103 443 2402 514 Intelligere
2421 444 2681 500 debemus
2708 445 2762 500 in
2786 459 2927 500 novo
2945 443 3281 500 credentium
3309 443 3533 513 populo.

291 537 394 594 sibi
447 544 733 591 venturam
783 535 1153 603 exspectabat.
1194 533 1314 588 Alia
1362 535 1733 604 interpretatio
1781 533 1871 589 Si-

293 626 501 682 tneonis
551 632 674 687 est,
725 623 1035 687 exauditio,
1074 623 1201 692 quia
1248 622 1476 693 populus
1523 623 1870 698 Hebrzeotum

291 715 552 778 cnudire
594 713 806 769 solebat
858 712 1027 768 Deum
1072 711 1381 781 iubentem,
1441 722 1507 768 ut
1560 694 1871 769 Deus'eutn

290 806 580 864 exaudiret
607 814 892 859 orantem:
924 819 1029 858 non
1060 803 1204 858 enim
1230 811 1315 859 est
1351 818 1494 860 nunc
1537 818 1716 859 sermo
1767 803 1871 859 nisi

292 903 361 954 de
388 896 561 954 electa
591 905 749 964 parte
769 894 902 965 ejus.
933 892 1164 963 Propter
1205 893 1347 963 quod
1381 904 1437 948 et
1465 893 1626 949 homo
1653 890 1870 959 dicitur,

290 987 423 1058 quia
457 985 542 1042 uti.
569 985 782 1042 ratione
828 992 1053 1040 noverat
1095 984 1150 1039 in
1192 984 1501 1052 cognitione
1536 984 1870 1048 divinorum,

291 1087 350 1134 et
381 1077 434 1133 in
469 1077 830 1147 exquisitione
874 1075 1153 1138 evasionis,
1188 1074 1348 1144 hujus
1387 1076 1638 1132 miseriae.
1688 1076 1754 1131 Et
1787 1076 1885 1132 hie

294 1177 413 1227 erat
437 1166 494 1221 in
527 1163 823 1225 Jerusalem
847 1166 995 1235 ,boc
1027 1173 1113 1221 est
1144 1165 1197 1220 in
1224 1164 1446 1221 civitate
1488 1166 1666 1237 magni
1698 1165 1872 1236 regis,

297 1272 396 1327 per
420 1272 581 1327 quam
618 1257 806 1328 iurare
835 1256 1219 1326 prohibemus;
1250 1256 1303 1312 iu
1326 1256 1546 1312 civitate
1588 1256 1682 1312 Dei
1706 1297 1723 1324 ,
1753 1272 1874 1327 quae

296 1356 385 1401 est
417 1346 678 1402 Eecles'a.
728 1344 1024 1400 Jerusalem
1073 1346 1214 1402 enim
1263 1355 1318 1402 et
1365 1361 1611 1417 superna:
1646 1346 1875 1405 beatitu-

298 1435 442 1490 dinis
472 1450 690 1507 regnum
709 1473 725 1500 ,
755 1442 815 1489 ut
841 1449 1001 1506 supra
1029 1434 1293 1502 diximus,
1336 1434 1608 1509 signiﬁcat
1629 1446 1729 1505 ,.et
1770 1437 1872 1497 Ec-

298 1527 521 1582 elesiam
587 1526 856 1597 justorum
927 1525 1102 1583 adhuc
1176 1527 1230 1582 in
1299 1527 1460 1584 terris
1525 1528 1874 1600 peregrinam

300 1619 458 1677 tium.
509 1617 566 1673 In
620 1617 721 1672 hac
771 1632 901 1688 ergo
927 1615 1251 1684 Jerusalem,
1298 1619 1398 1674 hoc
1432 1627 1516 1676 est
1553 1618 1607 1678 in
1651 1634 1876 1676 numero

302 1709 461 1780 171
512 1706 770 1775 fidelium,
821 1715 942 1763 erat
973 1707 1179 1777 jamdiu
1225 1709 1454 1781 populus
1500 1708 1887 1777 Hebraeorum,

1974 531 2228 601 quoniam
2273 531 2511 588 Ecclesia
2557 541 2639 587 est
2667 548 2864 604 corpus
2901 532 3038 602 ejus,
3069 541 3125 591 et
3149 547 3338 590 omnes
3365 533 3543 589 sancti

1973 620 2215 676 membra
2257 621 2428 691 ipsius
2468 639 2483 676 :
2529 622 2756 694 ideoque
2800 626 2944 694 quod
2973 624 3038 680 de
3065 625 3244 695 oapite
3268 632 3540 689 narratur,

1973 710 2040 769 de
2069 725 2296 781 corpore
2332 711 2414 766 vel
2459 713 2718 768 membris
2761 728 2907 770 nunc
2939 713 3286 786 intelligatur.
3319 715 3402 770 Ad
3439 714 3545 771 hoc

1972 801 2117 856 enim
2141 810 2350 871 spectat
2404 810 2461 856 et
2482 802 2624 870 quod
2651 803 2764 873 ipse
2787 802 3123 860 dicturusest
3151 803 3338 870 :Quod
3362 804 3454 858 uni
3479 820 3545 860 es;

1976 888 2202 945 minimis
2234 890 2360 944 meis
2405 889 2623 959 fecistis,
2654 891 2782 945 mihi
2816 890 3011 963 fecistis
3040 891 3256 964 (Mattlt.
3277 909 3401 957 xxv,
3428 893 3541 966 40).

1972 978 2158 1056 itaque
2192 997 2324 1053 puer
2363 979 2521 1037 Iesus
2550 981 2629 1037 sic
2665 996 2812 1038 nunc
2843 983 3142 1054 accipiatur
3173 999 3239 1042 ac
3264 984 3312 1043 si
3338 985 3545 1043 dicere-

1975 1078 2100 1143 tur,‘
2120 1070 2365 1128 novellus
2411 1071 2842 1129 Christianorum
2873 1074 3122 1147 populus.
3156 1073 3388 1147 Sedjqui
3421 1083 3552 1131 sunt

1972 1172 2212 1233 parentes
2257 1169 2401 1235 ejus,
2451 1164 2554 1220 nisi
2610 1163 2818 1235 angeli?
2852 1162 2985 1220 Nam
3013 1173 3069 1221 et
3124 1165 3229 1237 ipsi
3255 1165 3549 1236 quamdam

1975 1252 2230 1323 apiritalis
2283 1242 3146 1327 consanguinitatisparentelam
3212 1269 3273 1311 se
3321 1255 3549 1311 demon-

1975 1355 2150 1403 straut
2180 1347 2379 1404 habere
2399 1348 2697 1415 nobiscum,
2723 1349 2813 1405 ubi
2835 1348 3151 1409 nosfsstres
3172 1364 3302 1406 suos
3326 1349 3380 1404 in
3410 1351 3552 1419 Apo-

1975 1436 2180 1509 CuIypsi
2207 1447 2417 1505 vocant,
2440 1439 2667 1496 dicendo
2699 1439 3013 1511 :-Projectus
3031 1451 3123 1497 est.
3149 1450 3423 1497 accusator
3443 1439 3553 1508 [ra-1

1976 1514 2125 1583 trum
2140 1537 2455 1592 nostrorum,
2487 1529 2576 1599 qui
2607 1529 2887 1584 accusabat
2922 1528 3040 1584 illos
3069 1539 3190 1584 ante
3219 1537 3550 1599 conspectum

1981 1615 2074 1673 Dei
2096 1622 2261 1673 nostri
2286 1617 2471 1689 (Apoc.
2514 1634 2611 1685 xu,
2645 1619 2754 1691 10).
2786 1618 2867 1676 Hi.
2884 1628 3266 1690 ergoparentes
3294 1617 3554 1673 inducunt

1978 1716 2222 1763 nostrum
2277 1724 2524 1785 puerum,
2554 1709 2775 1767 sicutet
2812 1709 3420 1783 superiusdeclaratutn
3446 1717 3555 1774 est,

299 1777 520 1868 (piendo
567 1812 703 1868 puer
746 1796 815 1853 ad
863 1799 1119 1869 templum
1169 1777 1519 1870 portabatur;
1576 1802 1678 1857 hoc
1717 1803 1876 1858 estin
1911 1777 1951 1837 Β
1980 1799 2034 1855 in
2057 1777 2292 1858 ctelestis
2335 1782 2631 1861 sanctuarii
2680 1777 2957 1874 templum,
2988 1802 3072 1857 vel
3101 1802 3153 1856 in
3181 1802 3330 1857 obitu
3365 1801 3551 1875 singu-

298 1886 540 1946 exordiis
566 1886 872 1957 apostolicre
902 1886 1314 1959 praedicationis,
1343 1891 1587 1962 quando.
1608 1906 1702 1961 Per
1722 1890 1884 1947 Clu-ia

299 1988 451 2034 stum
481 1977 749 2048 patefacto
768 1978 1028 2035 ctelorum
1058 1980 1331 2052 ingressu,
1353 1983 1597 2039 novellus
1616 1982 1881 2039 Christia-

299 2083 499 2129 norum
530 2067 754 2140 populus
805 2068 861 2123 in
911 2069 1043 2136 suis,
1074 2070 1167 2140 qui
1210 2072 1277 2127 de
1321 2073 1426 2129 hoc
1460 2073 1657 2130 saeculo
1688 2074 1882 2146 migra-

296 2158 458 2223 bant,
481 2156 826 2213 deferebatur
840 2156 951 2226 jam
983 2156 1109 2212 illuc
1136 2172 1232 2229 per
1256 2160 1492 2231 angelos.
1524 2159 1658 2216 Nam
1680 2163 1882 2220 electus

299 2245 394 2302 ille
439 2245 782 2301 Hebrteorum
820 2245 1047 2316 populus
1074 2248 1258 2302 tanditt
1286 2252 1676 2320 perseveravit,
1714 2253 1884 2310 donec

296 2336 478 2408 gratia
519 2335 653 2391 Novi
680 2335 1011 2392 Testamenti
1055 2352 1152 2408 per
1197 2353 1366 2395 novos
1395 2340 1643 2397 doctores
1684 2343 1883 2414 ubique

299 2426 588 2498 praedicari
642 2427 917 2497 crepisset,
968 2437 1023 2482 et
1072 2427 1224 2487 multi
1274 2430 1606 2485 credentium
1656 2432 1882 2502 patriam

298 2527 527 2578 aeterna:
555 2516 830 2574 felicitatis
869 2518 1096 2574 transitu
1127 2519 1286 2576 beato
1318 2519 1607 2577 intrarent.
1641 2521 1706 2576 Et
1731 2523 1883 2578 homo

297 2609 424 2674 iste,
457 2623 552 2678 per
577 2621 737 2679 quem
783 2607 1007 2677 mystice
1033 2607 1261 2679 populus
1292 2608 1381 2665 ille
1425 2618 1645 2665 sanctus
1682 2609 1884 2666 intelli-

301 2703 473 2773 gitur,
493 2701 674 2772 justus
697 2708 845 2768 erat;
895 2701 1020 2772 quia
1048 2702 1189 2758 idem
1218 2704 1451 2776 pepulus
1482 2704 1591 2760 Deo
1617 2706 1884 2770 serviens,

298 2806 430 2861 qua:
472 2779 564 2845 Dei
590 2798 746 2845 erant
772 2790 881 2848 Deo
923 2791 1197 2848 reddebat.
1226 2790 1442 2849 Iustitia
1467 2795 1609 2850 enim
1641 2797 1732 2851 dat
1762 2797 1885 2851 uni-

302 2878 507 2947 cuique
531 2880 672 2948 quod
718 2893 872 2934 suum
923 2888 1036 2947 est;
1067 2889 1123 2935 et
1154 2881 1249 2937 Dei
1288 2891 1372 2938 est
1399 2883 1632 2938 humana
1672 2891 1882 2952 natura,

304 2974 371 3023 ut
389 2966 506 3037 ejus
536 2965 797 3021 voluntati
829 2967 1128 3034 deserviat;
1154 2969 1382 3040 ideoque
1399 2969 1545 3043 juste
1573 2971 1683 3042 agit
1708 2972 1886 3029 omnis

307 3059 474 3112 homo
514 3058 605 3128 qui
663 3056 1004 3129 obtemperat
1045 3061 1177 3116 Deo.
1216 3059 1285 3115 Et
1328 3064 1601 3117 tintoratus
1629 3072 1746 3118 erat
1773 3063 1886 3133 ipse

309 3147 572 3221 populus;
598 3150 723 3218 quTa
751 3149 835 3205 vel
866 3151 1061 3206 timore
1088 3151 1238 3223 legis,
1274 3151 1356 3208 vel
1384 3153 1575 3209 timore
1609 3153 1890 3209 charitatis

311 3239 483 3293 Deum
531 3238 819 3294 metuebat.
848 3239 953 3295 Sed
983 3249 1038 3295 et
1066 3242 1468 3297 consolationem
1498 3243 1669 3298 Israel
1695 3258 1891 3314 eXSpc-

310 3327 520 3394 ctabat,
547 3327 674 3405 quia
719 3326 981 3386 sollicitus
1006 3331 1419 3400 praestolabatur
1444 3331 1587 3387 inter
1606 3346 1893 3401 pressuras

311 3415 478 3487 hujus
530 3416 707 3472 exsilii
759 3418 977 3488 quando
1019 3420 1273 3491 pupulum
1296 3435 1453 3475 suum
1500 3421 1760 3477 Dominus
1801 3423 1897 3476 ad-

312 3517 483 3564 ventu
510 3524 607 3565 suo
637 3510 902 3565 consolari
934 3510 1265 3582 dignaretur.
1292 3510 1427 3566 Nam
1451 3522 1498 3568 et
1524 3512 1756 3582 Spiritus
1779 3529 1899 3568 san-

312 3605 432 3655 ctus
460 3606 572 3652 erat
599 3598 654 3653 in
675 3613 755 3662 eo,
788 3597 911 3668 quia
929 3599 1215 3669 justiflcari
1238 3614 1336 3669 per
1363 3599 1534 3672 legem
1562 3616 1668 3656 non
1696 3600 1896 3656 valuis-

315 3694 424 3753 set,
473 3687 576 3742 nisi
612 3687 822 3744 occulta
869 3689 1040 3744 sancti
1089 3689 1325 3760 Spiritus
1367 3690 1539 3760 gratia
1579 3704 1676 3761 per
1695 3688 1896 3746 Christi

318 3778 482 3834 [idem
527 3792 651 3833 eum
696 3777 1071 3851 justilicasset.
1115 3779 1189 3839 Et
1220 3797 1521 3849 responsum
1565 3792 1830 3851 acceperat
1864 3799 1898 3835 α

318 3866 526 3938 Spiritu
552 3879 754 3936 sancto,
789 3871 1148 3940 nonrvisurum
1174 3886 1228 3926 se
1252 3880 1493 3939 mortem,
1520 3872 1621 3926 nisi
1645 3873 1791 3942 prius
1817 3872 1898 3927 vi-

318 3962 467 4014 deret
487 3959 755 4016 Christum
806 3960 1052 4028 Domini;
1085 3962 1212 4033 quia
1251 3962 1355 4019 hoc
1391 3961 1507 4030 ejus
1536 3963 1818 4018 desideriis
1846 3972 1902 4019 et

319 4053 661 4109 orationibus
707 4052 947 4110 caelestis
984 4053 1271 4125 inspiratio
1307 4053 1638 4110 revelavcrat
1666 4053 1808 4124 quod
1847 4053 1899 4108 in

322 4139 431 4201 title
459 4141 698 4198 victurus
745 4150 907 4206 esset,
941 4156 1041 4199 nec
1068 4148 1294 4197 mortem
1319 4140 1558 4212 perﬁdia:
1596 4142 1899 4207 subiturus,

318 4233 499 4285 donec
522 4231 726 4288 videret
760 4233 814 4288 in
838 4248 1005 4288 carne
1037 4239 1357 4302 praesentem
1396 4232 1565 4288 Deum
1595 4249 1624 4287 a
1654 4233 1763 4289 Deo
1796 4248 1905 4303 prae

320 4319 443 4375 suis
476 4321 824 4389 participibus
852 4332 1093 4385 unctum,
1118 4323 1209 4393 qui
1238 4323 1702 4394 participationem
1735 4323 1902 4394 ipsam

1981 1887 2174 1957 lorum,
2204 1890 2289 1945 vel
2315 1890 2367 1944 in
2399 1889 2792 1946 resurrectione
2829 1890 3093 1946 omnium.
3136 1889 3202 1944 Et
3240 1890 3363 1954 hoc,
3395 1897 3453 1942 ut
3476 1887 3555 1943 fa-

1976 1983 2128 2039 ciant
2152 1986 2436 2037 secundum
2466 1982 2901 2039 consuetudt'nem.
2914 1982 3040 2055 legis
3059 1998 3153 2052 pro
3180 1998 3241 2035 eo
3256 1998 3282 2047 ,°,
3302 1980 3429 2051 quia
3447 1980 3552 2034 ritu

1982 2071 2113 2143 legis
2163 2071 2388 2144 expleta.
2421 2073 2737 2144 purgatione
2785 2081 3116 2142 prtesentant
3154 2087 3278 2129 eum
3330 2068 3555 2126 Domino

1982 2175 2104 2215 cum
2138 2159 2402 2216 bonorum
2431 2162 2793 2216 oblationibus
2832 2161 3167 2217 meritorum.
3203 2159 3294 2217 Vel
3323 2159 3408 2213 isti
3453 2176 3554 2228 pa-

1984 2259 2148 2305 rentes
2173 2250 2396 2322 intelligi
2425 2260 2648 2321 possunt
2672 2251 2842 2309 sancti
2869 2251 3271 2321 prtedicatorcs,
3296 2248 3390 2320 qui
3419 2262 3557 2319 quo-

1986 2343 2128 2396 niam
2189 2343 2242 2397 in
2271 2342 2433 2398 Peleo
2474 2343 2653 2400 claves
2692 2343 2855 2415 regni.
2891 2344 3155 2399 cmlorum
3204 2349 3553 2412 acceperunt,

1983 2432 2236 2500 aperiunt
2263 2431 2391 2486 illud
2417 2447 2565 2487 novo.
2591 2431 2824 2487 ﬁdelium
2869 2432 3097 2503 pupulo;
3126 2442 3180 2488 et
3209 2432 3263 2486 in
3303 2430 3560 2501 templum

1985 2519 2223 2591 ejusdem
2275 2521 2423 2592 regni
2469 2520 2706 2576 caelestis
2751 2537 2872 2577 eum
2906 2523 3188 2588 inducunt,
3223 2522 3350 2576 dum
3380 2505 3565 2575 absol-

1986 2619 2120 2665 vunt
2150 2625 2272 2665 eum
2302 2619 2357 2666 et
2393 2610 2719 2685 benedicunt
2758 2620 2921 2680 atque
2961 2620 3153 2682 rogant
3200 2620 3257 2665 ut
3293 2610 3417 2665 hinc
3462 2610 3565 2664 mi-

1934 2700 1941 2703 ‘
1984 2716 2151 2772 graus
2182 2699 2292 2755 illic
2323 2699 2673 2771 suscipiatur.
2706 2700 2773 2755 Et
2820 2705 2922 2757 hoc
2957 2711 3122 2771 agunt
3152 2710 3213 2757 ut
3240 2701 3401 2782 ritum
3431 2699 3564 2770 legis

1986 2790 2258 2860 expleant,
2289 2790 2416 2861 quia
2465 2790 2646 2846 taliter
2689 2806 2811 2846 eunt
2840 2792 2954 2847 suis
2981 2791 3314 2846 orationibus
3343 2791 3396 2844 iu
3432 2789 3562 2844 illud

1986 2876 2332 2941 beatitudinis
2347 2879 2708 2935 sanctuarium
2734 2880 3010 2945 inducunt,
3033 2887 3092 2935 ut
3115 2879 3247 2935 sicut
3270 2878 3354 2933 lex
3379 2878 3566 2933 decu»

1989 2978 2144 3025 verat
2189 2970 2415 3041 expletis
2462 2971 2514 3025 in
2563 2971 2670 3025 line
2715 2972 2903 3027 diebus
2952 2973 3276 3041 purgationis
3312 2987 3330 3024 :
3369 2971 3568 3024 sistant

1989 3076 2107 3114 eum
2140 3059 2361 3115 Domino
2411 3077 2534 3117 cunt
2564 3061 2834 3117 oblatione
2870 3062 3185 3117 meritorum
3217 3060 3350 3129 ejus.
3384 3060 3567 3114 Potest

1991 3151 2152 3206 etiam
2177 3166 2309 3221 puer
2338 3151 2461 3217 iste,
2494 3151 2661 3223 quiin
2691 3152 2945 3222 templunt
2963 3152 3254 3214 inducitur,
3288 3151 3409 3206 illos
3424 3166 3566 3205 nime

1992 3240 2318 3309 significare,
2348 3242 2440 3312 qui
2471 3242 2536 3296 ad
2567 3240 3032 3319 fidemvenientes
3059 3241 3112 3295 in
3143 3230 3439 3295 Ecclesiain
3483 3236 3569 3292 iu-

1994 3332 2286 3387 dueuntur.
2307 3332 2441 3386 Nam
2473 3340 2527 3387 et
2555 3334 2695 3387 hanc
2740 3332 3106 3387 inductionem
3134 3333 3213 3386 sic
3244 3340 3414 3399 agunt
3440 3346 3570 3386 san-

1995 3421 2066 3475 eti
2097 3420 2305 3489 Patres,
2341 3430 2398 3475 ιιι
2428 3422 2871 3478 consuetudinem
2906 3421 3038 3493 legis
3068 3423 3389 3490 observent;
3411 3420 3563 3493 quia,

1996 3512 2207 3582 expleta
2259 3512 2310 3566 in
2340 3512 2963 3583 baptismo'purgatione,
2997 3512 3347 3569 introducunt
3382 3526 3476 3568 eos
3503 3511 3571 3565 ad

1996 3613 2241 3658 sanctum
2290 3601 2465 3658 altare
2501 3602 2900 3659 consecrandos
2920 3603 3137 3659 victima
3161 3603 3353 3658 divinae
3373 3601 3575 3658 eucha-

1999 3690 2184 3749 ristite.
2216 3692 2398 3764 Itaque
2424 3694 2547 3748 dum
2576 3708 2608 3747 a
2634 3694 2746 3749 suis
2775 3693 3111 3765 parentibus,
3135 3694 3186 3749 id
3213 3701 3295 3749 est
3316 3693 3385 3748 ab
3407 3707 3574 3764 ange-

2000 3784 2086 3849 lis,
2117 3782 2200 3838 vel
2238 3798 2267 3836 a
2303 3784 2746 3853 praedicatoribus
2776 3793 3017 3856 tempore
3054 3784 3313 3855 fulgentis
3340 3798 3577 3853 evange-

2000 3875 2057 3929 lii
2110 3874 2349 3930 novellus
2391 3874 2622 3929 fidelium
2660 3876 2911 3954 populus,
2938 3875 3092 3946 quasi
3125 3890 3280 3944 puer,
3317 3875 3575 3945 coepisset

2003 3966 2056 4020 in
2094 3964 2205 4019 suis
2228 3964 2396 4034 quide
2416 3963 2517 4019 hac
2547 3963 2664 4019 luce
2679 3964 3004 4036 migrabant,
3035 3965 3178 4019 sicut
3199 3964 3570 4029 disseruimus,

2003 4055 2055 4109 in
2085 4070 2332 4125 superna:
2375 4054 2676 4112 sanctitatis
2714 4070 2778 4110 ac
2803 4054 3150 4110 beatitudinis
3189 4053 3444 4123 templum
3494 4054 3574 4111 in-

2003 4143 2146 4207 duci,
2171 4142 2256 4197 vel
2281 4142 2333 4198 in
2360 4142 2444 4198 his
2471 4144 2559 4213 qui
2583 4143 2649 4198 ad
2680 4143 2837 4199 [idem
2862 4143 3173 4210 veniebant,
3202 4144 3255 4199 in
3279 4141 3573 4199 Ecclesium

2004 4232 2230 4299 adduci;
2283 4234 2480 4304 accepit
2519 4251 2638 4289 eum
2680 4243 2727 4290 et
2757 4235 2865 4304 ipse
2896 4234 3110 4290 Simeon
3161 4236 3217 4290 in
3246 4236 3400 4291 ulnas
3427 4251 3573 4298 snas,

2004 4327 2107 4380 hoc
2123 4332 2206 4379 est
2249 4333 2297 4378 et
2338 4323 2446 4395 ipse
2484 4324 2767 4396 religiosus
2804 4326 3150 4383 Hebraeorum
3178 4326 3406 4398 populus
3436 4326 3576 4380 ulnis

321 4411 467 4467 etin
493 4412 750 4468 vocabulo
800 4414 1257 4480 demonstrarent,
1314 4423 1375 4470 ut
1427 4430 1457 4470 a
1500 4415 1715 4471 Christo
1743 4415 1904 4470 Chri-
1937 4413 2289 4492 D‘rharitatis
2333 4414 2612 4485 amplexus
2657 4424 2743 4472 est
2793 4431 2917 4471 eum
2961 4417 3105 4472 sicut
3146 4415 3575 4473 dilectissimum.

321 4500 505 4565 stiani,
539 4510 878 4558 vocarentur.
932 4502 1156 4558 Euenit
1195 4506 1249 4557 in
1300 4502 1505 4574 Spiritu
1541 4504 1594 4559 in
1624 4503 1905 4574 templum,-

319 4593 455 4661 quia
502 4607 607 4661 quo
640 4607 828 4648 omnes
862 4591 996 4662 justi
1043 4603 1166 4664 post
1199 4595 1649 4651 resurrectionem
1694 4595 1749 4649 in
1791 4595 1909 4650 suis

319 4683 650 4751 corporibus
677 4684 888 4737 venturi
935 4694 1081 4750 sunt,
1130 4684 1258 4740 illuc
1295 4686 1411 4754 ipsc
1439 4684 1630 4755 spiritu
1664 4699 1761 4756 per
1785 4699 1910 4740 con-

321 4772 736 4843 templationem
780 4782 836 4828 et
879 4774 1251 4844 propheticam
1292 4775 1553 4831 visionem
1596 4774 1911 4849 frequenter

319 4865 497 4929 venit,
524 4864 756 4929 intrans,
781 4864 986 4920 scilicet
1038 4864 1091 4919 in
1121 4865 1491 4925 sanctuarium
1520 4865 1641 4932 Dei,
1670 4873 1723 4921 et
1751 4863 1913 4920 intel-

318 4960 505 5030 ligens
530 4961 583 5013 in
615 4958 934 5017 novissima.

406 5047 613 5104 Etcum
640 5051 947 5104 inducerent
969 5063 1190 5119 puerum
1217 5045 1400 5102 lesunt
1420 5057 1667 5118 parentes
1693 5048 1830 5118 ejus,
1855 5063 1911 5105 ut

316 5142 566 5212 facerent
590 5140 874 5196 secundum
901 5139 1327 5194 consuetudinem
1358 5137 1487 5210 legis
1512 5155 1608 5208 pro
1629 5155 1710 5205 co,
1732 5149 1781 5194 et
1801 5142 1910 5210 ipse

314 5232 531 5301 accepit
545 5248 663 5286 eum
677 5232 730 5285 in
760 5230 911 5286 ulnas
933 5239 1139 5296 suas,et
1162 5229 1421 5285 benedixit
1442 5228 1633 5284 Deum.
1664 5229 1730 5284 Et
1745 5231 1874 5289 dixit
1890 5249 1910 5289 :

323 5316 500 5374 Nunc
519 5321 741 5375 dimittis
764 5335 968 5376 servum
1005 5329 1172 5384 tuum,
1215 5318 1454 5383 Domine,
1489 5319 1776 5375 secundum
1800 5338 1913 5376 ver-

316 5412 625 5464 bumtunm
654 5411 708 5465 in
731 5427 876 5482 pace.
919 5409 1059 5477 Quia
1107 5413 1346 5464 uiderunt
1371 5407 1511 5464 oculi
1541 5409 1644 5464 mei
1676 5410 1911 5466 salutare

315 5514 504 5559 tuum.
536 5502 691 5568 Quod
725 5503 925 5572 parasti
963 5512 1084 5557 ante
1109 5500 1297 5572 [aciem
1318 5500 1548 5555 omnium
1576 5501 1908 5572 populorum.

321 5595 543 5650 Lumen
563 5594 635 5647 ad
648 5593 1011 5650 reuelationem
1032 5594 1284 5665 gentium,
1304 5600 1355 5647 et
1374 5592 1595 5664 gloriam
1617 5591 1781 5661 plebis
1805 5602 1909 5647 tua:

319 5686 528 5745 Israel.
546 5682 778 5743 Puerum
799 5688 1160 5761 Jesum,juxta
1183 5686 1325 5759 quod
1352 5685 1596 5755 superius
1622 5691 1920 5743 tractatum.

2009 4509 2291 4580 Atnplexio
2333 4510 2530 4580 quippe
2559 4508 2901 4574 cltaritatem,
2937 4517 2991 4564 et
3036 4509 3173 4565 ulnae
3218 4508 3377 4564 l‘ortia
3432 4508 3576 4564 desi-

2010 4606 2177 4664 gnant
2201 4612 2364 4668 opera
2390 4615 2404 4652 :
2431 4597 2655 4665 ideoque
2678 4593 2731 4647 in
2764 4592 2917 4649 ulnas
2942 4594 3235 4665 suscipere,
3258 4602 3313 4649 et
3343 4592 3578 4648 robustis

2010 4687 2261 4756 eperibus
2309 4685 2613 4743 dilectionis
2648 4684 2922 4754 amplecti.
2953 4684 3157 4739 Taliter
3188 4698 3317 4753 ergo
3343 4682 3579 4750 suscepit

2009 4789 2126 4828 sunt
2152 4775 2204 4829 in
2232 4774 2382 4829 ulnas
2405 4790 2553 4839 suas,
2581 4773 2686 4828 hoc
2705 4780 2786 4828 est
2809 4773 2862 4827 in
2895 4772 3112 4827 brachia
3134 4780 3356 4840 portans
3377 4784 3499 4824 eum
3523 4769 3576 4823 in

2015 4864 2241 4920 fortibus
2293 4879 2501 4936 magna:
2537 4864 2822 4919 charitatis
2863 4862 3127 4931 operibus
3164 4879 3185 4915 εΔ
3223 4870 3272 4914 et
3317 4858 3577 4913 benedixit

2014 4956 2198 5020 Deum,
2228 4955 2317 5026 qtti
2345 4954 2447 5009 sibi
2497 4962 2818 5024 praesentem
2858 4951 3172 5007 ostenderat
3218 4963 3366 5002 nova:
3390 4948 3579 5018 gratia:

2012 5044 2282 5114 populum,
2326 5044 2717 5115 ingredientem
2753 5040 2955 5111 jugiter
2983 5040 3130 5109 regni
3161 5036 3395 5093 caelestis
3423 5036 3578 5091 babi-

2014 5136 2272 5200 tacnhnn,
2313 5143 2367 5189 ct
2415 5134 2526 5189 ait:
2557 5131 2744 5197 Nunc,
2768 5131 2819 5185 id
2855 5138 2939 5184 est
2975 5137 3098 5198 post
3121 5127 3296 5183 datam
3325 5126 3578 5197 gratiam,

2011 5222 2251 5291 dimittis,
2273 5224 2514 5291 Domine,
2536 5238 2737 5277 servum
2761 5232 2905 5274 tuum
2928 5221 2982 5274 in
3001 5235 3148 5290 pace,
3176 5218 3228 5272 id
3255 5226 3335 5272 est
3365 5217 3581 5273 relaan

2012 5318 2079 5374 de
2107 5315 2377 5386 ergastulo
2409 5310 2695 5385 praesentis
2735 5308 2910 5365 exsilii
2939 5322 3044 5372 me,
3071 5309 3162 5380 qui
3188 5308 3287 5362 sub
3310 5307 3444 5379 legis
3463 5324 3580 5365 ser-

2011 5406 2181 5461 vitute
2206 5403 2500 5474 premebat,
2523 5406 2585 5454 ut
2604 5396 2716 5467 jam
2744 5398 2814 5453 ad
2842 5395 3079 5453 ctelestis
3115 5397 3462 5455 habitationis
3488 5415 3584 5470 pa-

2013 5497 2169 5551 triam
2198 5494 2250 5548 in
2277 5506 2407 5562 pace
2435 5498 2726 5555 transeam,
2757 5488 2920 5559 ligato
2940 5501 3035 5556 per
3054 5486 3255 5543 Christi
3281 5490 3579 5563 trophteum

2012 5585 2200 5641 mortis
2232 5580 2488 5653 principe,
2520 5576 2806 5634 secundum
2829 5582 3059 5648 uerbum,
3089 5584 3231 5653 quod
3260 5583 3396 5638 inihi
3418 5581 3579 5637 dixe-

2011 5694 2100 5733 ras
2132 5676 2195 5731 de
2217 5674 2447 5732 adventu
2474 5671 2681 5744 gratiae.
2704 5670 2839 5741 Quia
2864 5688 2990 5730 ecce
3003 5674 3114 5746 jam
3130 5676 3211 5732 vel
3237 5676 3289 5731 in
3318 5690 3398 5743 se,
3430 5670 3513 5728 vel
3528 5671 3581 5724 iu
