4076 6288
528 324 635 379 (£27

855 327 916 384 S.
965 327 1266 387 ANSELMI
1301 328 1653 388 CANTUAR.
1687 329 2005 387 ARCIIIEP.
2045 331 2194 387 OPP.
2235 331 2415 388 PARS
2448 330 2510 387 li.
2549 363 2623 375 --
2659 332 3026 390 PARJENET.
3062 331 3149 388 ET
3186 332 3427 389 ASCET.

3687 335 3793 391 628

529 447 661 511 suis,
691 437 942 503 viderunt
972 451 1109 504 oculi
1149 453 1276 515 mei,
1307 450 1555 516 Domine,
1596 450 1841 507 salutare
1863 462 2032 517 tuum,
2054 451 2106 507 id
2134 453 2182 509 Α
2280 450 2539 520 Religiosi
2567 461 2806 521 parentes
2832 448 3151 515 Salvatoris,
3171 450 3324 517 juxta
3349 461 3676 520 [incoeptum
3713 450 3791 506 lc-

523 523 815 594 est'Jesum
840 548 1013 603 tuum,
1052 541 1143 610 qui
1175 540 1425 596 salutaris
1440 541 1555 596 sive
1576 540 1819 597 Salvator
1837 542 2104 612 interprev

525 635 693 693 tatur,
719 637 775 684 et
798 629 888 699 qui
916 629 1113 685 missus
1139 638 1222 709 est
1251 647 1279 684 a
1323 637 1376 686 te
1402 633 1658 691 mundum
1690 613 1921 687 salvere.
1952 632 2103 700 Quod

521 721 748 786 scilicet,
774 720 1008 777 salutare
1035 722 1238 791 paraui
1261 731 1382 776 ante
1412 721 1600 791 faciem
1625 724 1855 778 omnium
1883 725 2103 793 populo—

543 827 666 879 um,
697 802 756 867 ut
783 812 853 868 ab
879 813 1132 868 omnibus
1157 813 1367 884 populis
1397 814 1490 884 qui
1515 821 1644 869 sunt
1669 815 1721 870 in
1748 815 1902 883 orbe,
1934 816 2105 872 videri

518 902 690 960 facias
742 890 917 961 oculis
965 904 1087 960 ﬁdei
1119 903 1458 961 Salvatorem
1505 906 1713 961 mundi.
1749 906 1983 973 Parasti,
2015 902 2103 963 in-é

520 1007 709 1064 quam,
740 1010 866 1077 eum
896 994 1072 1078 lumen
1094 996 1164 1052 ad
1181 992 1560 1052 reuelationem
1583 999 1908 1069 gentium,ut
1929 1000 2106 1071 splen-

517 1086 650 1144 dore
683 1086 971 1144 claritatis'
993 1088 1110 1157 ejus
1164 1087 1419 1158 fugentur
1451 1089 1706 1160 tenebrae,
1728 1082 1927 1162 quibus
1965 1091 2107 1148 vela-

519 1178 721 1233 hantur
761 1176 940 1234 ’eorda
996 1177 1299 1249 gentilium,
1326 1170 1327 1173 “
1358 1176 1433 1235 ne
1469 1179 1875 1237 illustrarentur
1906 1182 2102 1251 plivina

520 1271 857 1350 cogitatione
893 1288 908 1325 :
950 1281 1003 1325 et
1028 1270 1254 1340 gloriam
1295 1269 1458 1340 plebis
1506 1282 1611 1327 (me
1653 1271 1847 1337 Israel,
1885 1282 1943 1328 ut
1990 1274 2105 1344 ipse

523 1361 594 1416 sit
620 1362 788 1434 gloria
837 1359 1018 1433 plebis
1053 1362 1361 1420 lsraclitica:
1399 1358 1691 1432 eredentis,
1734 1380 1855 1435 qua:
1891 1379 2105 1436 semper

524 1463 617 1508 tua
653 1453 775 1509 fuit.
793 1445 989 1526 Magna
1011 1454 1165 1527 enim
1183 1455 1352 1527 gloria
1375 1465 1455 1512 est
1472 1442 1711 1514 Hebraeis
1737 1458 2101 1524 credentibus,

520 1544 666 1614 quod
702 1560 769 1601 ex
807 1560 997 1601 eorum
1034 1560 1231 1617 genere
1270 1561 1491 1602 carnem
1531 1549 1885 1619 assumpserit
1936 1551 2099 1618 Deus,

522 1634 615 1703 qui
643 1642 699 1689 ct
735 1645 923 1707 gentes
969 1653 1064 1708 per
1094 1638 1251 1695 ﬁdem
1281 1655 1443 1696 suam
1478 1639 1836 1705 illuminavit,
1866 1641 2051 1696 dicens
2085 1659 2097 1695 :

521 1725 635 1797 Ego
661 1720 754 1782 lus:
791 1728 848 1785 in
884 1729 1135 1783 mundum
1161 1732 1296 1797 veni,
1323 1740 1380 1786 ut
1416 1733 1584 1786 omnis
1610 1733 1698 1803 qui
1722 1731 1884 1787 credit
1915 1733 1968 1787 in
1996 1749 2097 1797 me,

2206 540 2287 611 gis
2315 558 2408 610 per
2448 541 2688 612 singulos
2728 559 2894 595 annos
2921 540 3064 594 ibant
3105 541 3161 594 in
3200 537 3498 594 Jerusalem
3529 550 3587 592 ut
3617 539 3793 610 legem

2207 632 2478 698 audirent,
2545 631 2831 688 sacriﬁciis
2875 631 3288 702 participarent,
3351 618 3796 705 solemnitatibus

2207 723 2551 787 interessent,
2583 730 2638 776 et
2674 720 2792 791 ejus
2819 721 2996 777 adhuc
3039 722 3242 776 umbra:
3275 720 3585 776 serviebant
3636 718 3792 787 cuius

2207 811 2491 867 veritatem
2526 812 2804 866 tenebant.
2843 809 3234 881 Signiﬁcabant
3262 818 3445 866 autem
3471 809 3791 873 Judaeos,cx

2207 901 2402 972 quibus
2431 915 2659 956 carnem
2700 901 2961 956 Dominus
3007 901 3323 971 assumpsit,
3358 910 3413 956 et
3454 902 3547 971 qui
3585 901 3793 957 veteris

2205 995 2564 1053 observantiae
2597 994 2759 1049 ritum
2802 992 3008 1066 iugiter
3056 991 3452 1050 custodiebant.
3502 993 3622 1064 Ipse
3661 1008 3792 1071 vero

2206 1091 2432 1162 mystice
2473 1088 2757 1145 duodecim
2815 1102 3082 1144 annorum
3133 1087 3309 1144 factus
3347 1095 3449 1154 est,
3490 1089 3709 1158 quando
3738 1088 3790 1143 ei

2205 1180 2518 1253 praedicatio
2541 1181 2609 1235 ad
2647 1181 2750 1236 hoc
2783 1194 2952 1250 usque
2981 1177 3213 1249 profecit
3247 1188 3304 1234 ut
3331 1180 3616 1235 duodecim
3654 1194 3788 1249 apo-

2204 1271 2356 1328 stolis
2380 1270 2825 1333 committeretur,
2850 1270 2940 1339 qui
2965 1284 3059 1339 per
3086 1284 3215 1325 eam
3235 1278 3467 1340 quatuor
3491 1268 3640 1325 orbis
3666 1284 3792 1337 par-

2206 1365 2348 1419 tibus
2382 1362 2634 1418 notitiam
2680 1376 2908 1417 summa:
2940 1360 3229 1417 Trinitatis
3281 1362 3624 1427 intimarent;
3659 1362 3786 1428 quia

2204 1455 2485 1510 duodecim
2517 1462 2663 1525 _sunt
2708 1462 2792 1509 ter
2833 1461 3093 1523 quatuor.
3118 1451 3187 1506 Et
3227 1459 3354 1506 tunc
3389 1462 3631 1523 parentes
3671 1451 3789 1520 ejus

2201 1548 2487 1602 secundum
2530 1545 2959 1601 consuetudinem
2990 1545 3098 1599 diei
3119 1544 3240 1614 festi
3266 1544 3629 1600 ascenderunt
3656 1543 3791 1598 Ilie-

2205 1641 2571 1713 rosolymam;
2603 1638 2726 1709 quia
2780 1635 2949 1692 Judaei
2998 1636 3295 1692 secundum
3343 1651 3545 1691 morem
3576 1634 3793 1689 festivae

2202 1732 2603 1793 essultationis,
2648 1746 2810 1800 quam
2837 1738 3003 1800 agunt
3033 1729 3124 1800 qui
3152 1730 3221 1784 ad
3256 1729 3424 1784 Deum
3451 1739 3787 1784 convertun-

519 1821 576 1872 in
623 1819 844 1873 tenebris
888 1835 990 1872 non
1021 1830 1228 1874 maneat
1257 1820 1439 1891 (Joan.
1487 1838 1585 1887 xu,
1639 1821 1752 1893 46).
1796 1820 1949 1878 Unde
1981 1822 2097 1892 pulo
2134 1803 2175 1862 Β
2208 1834 2313 1891 tur,
2346 1822 2578 1895 promoti
2614 1830 2744 1877 sunt
2792 1820 2857 1875 ad
2883 1819 3217 1891 spiritualem
3257 1834 3503 1884 sensum,
3541 1826 3596 1872 et
3628 1831 3791 1872 vene-

518 1910 653 1966 cher
682 1909 935 1965 Ecclesiae
966 1925 1082 1966 mos
1116 1910 1336 1967 inolevit
1369 1923 1425 1967 ut
1453 1911 1639 1968 ﬁdeles
1669 1912 1720 1966 in
1751 1912 1852 1968 hac
1874 1913 2105 1969 celebri-

523 2012 634 2057 tate
672 2017 861 2058 cercos
900 2003 1014 2057 sive
1051 2003 1307 2060 candelas
1330 2003 1571 2060 eﬁ'crant.
1622 2003 1756 2058 Nam
1787 2005 1911 2074 quia
1946 2003 2104 2061 Chri-

520 2096 639 2148 Stus
661 2092 820 2148 hodie
866 2092 918 2147 in
956 2092 1156 2163 templo
1199 2101 1280 2148 cst
1307 2092 1535 2158 oblatus,
1568 2093 1665 2163 ipsi
1689 2093 1914 2164 mystica
1946 2093 2100 2149 obla-

522 2182 668 2238 tione
715 2198 812 2239 sua
857 2184 959 2238 hoc
1011 2183 1185 2252 ipsum
1228 2193 1653 2253 repraesentant;
1703 2186 1829 2238 dum
1879 2184 2107 2255 singulis

520 2273 921 2329 recurrentibus
948 2274 1105 2329 annis
1133 2274 1200 2329 ad
1226 2274 1444 2329 domum
1472 2277 1561 2331 Dei
1589 2291 1777 2331 cereos
1812 2276 1863 2330 in
1898 2277 1998 2330 hac
2015 2277 2102 2332 dic

522 2373 761 2433 portant.
793 2355 997 2420 Cereus
1028 2365 1197 2429 enim,
1228 2365 1311 2420 vel
1353 2365 1600 2432 candcia,
1629 2366 1905 2421 Christum
1936 2367 2101 2437 signi-

520 2454 669 2511 ﬁcat.
709 2455 774 2511 Et
799 2456 925 2526 quia
952 2456 1329 2526 unusquisque
1354 2457 1585 2514 devotus
1619 2459 1686 2514 ad
1733 2459 1873 2513 hanc
1904 2457 2102 2513 solem-

522 2545 747 2601 nitatem
792 2547 1034 2613 veniens,
1073 2546 1348 2602 Christmn
1397 2546 1576 2604 lumen
1626 2563 1814 2605 verum
1857 2546 2014 2602 allcrt
2044 2548 2098 2603 in

521 2644 744 2706 pectore
772 2675 790 2702 ,
849 2635 969 2691 ideo
1018 2636 1664 2703 convenienter-cereum
1708 2645 2001 2706 praesentat
2045 2636 2097 2691 in

517 2726 817 2786 oblatione.
864 2727 923 2782 ln
968 2741 1128 2784 cereo
1179 2727 1376 2797 quippe
1422 2726 1526 2781 tria
1573 2726 1899 2792 oﬁeruntnr,
1949 2742 2097 2795 cera,

522 2819 751 2891 lychnus
771 2828 827 2875 et
864 2817 1078 2874 ﬂamma
1106 2803 1123 2874 Ξ
1159 2832 1306 2884 cera,
1334 2833 1496 2889 quam
1521 2819 1638 2888 apis
1661 2820 1812 2889 virgo
1839 2817 2098 2886 confecit,

519 2912 790 2984 signiﬁcat
809 2911 1010 2967 Christi
1040 2926 1278 2976 carnem,
1308 2925 1469 2982 quam
1496 2909 1649 2982 virgo
1683 2909 1848 2966 Maria
1873 2910 2055 2982 genuit
2079 2927 2094 2974 ;

520 3002 748 3058 interior
766 3011 946 3057 autem
974 3001 1227 3074 lychnus,
1260 3001 1525 3067 animam;
1555 2999 1773 3057 ﬂamma
1796 3017 1923 3058 vero
1945 3016 2100 3073 supe-

518 3093 655 3161 rior,
704 3093 1064 3149 divinitatem.
1120 3090 1229 3149 Nec
1259 3092 1490 3149 inveniri
1519 3090 1721 3162 aliquid
1771 3093 1825 3148 in
1850 3102 2098 3149 creatura

514 3160 718 3254 potest,
743 3199 850 3255 quo
875 3183 1259 3254 congruentius
1285 3160 1686 3255 signiﬁcaretur
1704 3182 1973 3240 Christus.
1989 3182 2097 3241 Sed
2124 3160 2170 3212 υ

515 3285 573 3333 ct
599 3277 704 3333 hoc
729 3284 891 3349 auget
919 3276 1087 3333 decus
1121 3275 1431 3332 festivitatis
1467 3276 1650 3347 hujus,
1679 3276 1822 3346 quod
1855 3276 1922 3330 ad
1947 3290 2092 3336 eam,

516 3376 677 3438 prout
711 3367 914 3434 decuit,
966 3382 1122 3423 versa
1152 3375 1235 3433 est
1267 3365 1439 3440 gloria
1494 3381 1705 3437 rnagnae
1734 3364 2097 3436 processionis

516 3456 689 3522 illius,
713 3470 872 3524 quam
918 3455 973 3510 in
1011 3455 1115 3511 isto
1160 3469 1369 3521 mense,
1405 3454 1496 3524 qui
1544 3453 1893 3520 Februarius,
1933 3452 1987 3507 id
2014 3459 2098 3509 est

520 3549 865 3619 purgatorius
898 3547 1118 3614 dicitur,
1148 3532 1310 3619 agere
1329 3547 1574 3602 solebant
1620 3546 1848 3619 Relnani
1885 3555 2096 3601 veteres

522 3652 667 3693 anno
693 3637 882 3709 quinto
911 3636 1183 3691 civitatem
1210 3635 1520 3700 lustrantes,
1555 3636 1606 3690 id
1639 3644 1723 3690 est
1748 3635 2094 3711 εἰνριιιυευιιέ

520 3736 605 3784 tes
634 3744 649 3795 ;
680 3736 757 3794 et,
793 3736 853 3782 ut
892 3727 1179 3798 putabant,
1207 3741 1237 3780 a
1264 3728 1503 3798 peccatis
1530 3743 1648 3797 quae
1674 3742 1774 3797 per
1800 3727 2097 3798 quinquen-

520 3817 668 3873 nium
697 3816 825 3873 illud
852 3818 1260 3883 commiserant,
1296 3827 1608 3891 purgantes.
1640 3817 1899 3873 Lustrarc
1925 3818 2094 3885 enim,

515 3917 573 3967 et
599 3908 837 3966 circuire
862 3908 1131 3983 signiﬁcat
1154 3916 1211 3965 et
1234 3924 1480 3980 purgare.
1507 3910 1574 3964 Et
1594 3910 1709 3966 haec
1732 3919 1918 3966 nostra
1944 3909 2097 3967 festi-

515 3988 658 4057 vitas
690 4009 775 4057 est
813 4001 1173 4073 purgationis,
1221 4001 1450 4071 ideoque
1477 4011 1846 4071 competenter
1876 4003 1945 4058 ad
1973 4016 2095 4057 eam

519 4095 779 4151 translata
818 4104 903 4152 est
938 4097 1214 4167 processio
1249 4094 1608 4167 purgationis,
1654 4096 1905 4165 quamvis
1939 4094 2097 4165 longe

514 4180 854 4243 dissimiliter
886 4187 979 4242 ﬁat
1004 4202 1036 4241 a
1074 4187 1250 4252 nobis,
1281 4201 1445 4257 quam
1470 4186 1635 4241 ﬁebat
1655 4187 1723 4242 ab
1746 4186 1999 4241 ethnicis.
2031 4185 2097 4240 Et

515 4278 675 4332 lectio
701 4278 865 4348 igitur
892 4278 1223 4350 evangelica,
1253 4288 1309 4335 et
1332 4268 1616 4345 téstivitas,
1641 4286 1696 4332 et
1719 4272 1933 4347 tempus
1956 4277 2094 4348 ejus,

520 4368 892 4438 purgationem
936 4368 1245 4437 signiﬁcant
1276 4376 1335 4421 ut
1372 4383 1468 4437 per
1495 4367 1609 4422 haec
1638 4367 1818 4423 omnia
1851 4380 1973 4435 nos,
2004 4364 2096 4435 qui

517 4460 834 4529 purgatione
893 4458 1217 4530 indigemus,
1283 4461 1502 4531 purgari
1556 4449 1860 4515 mercamur
1901 4472 2097 4527 coope—

516 4561 670 4606 rante
694 4549 895 4606 Christi
923 4551 1118 4620 gratia,
1171 4551 1257 4606 cui
1283 4566 1409 4606 cum
1439 4551 1602 4605 Patre
1629 4560 1685 4603 et
1719 4549 1921 4619 Spiritu
1965 4564 2095 4605 san-

512 4653 603 4700 cto
649 4640 827 4698 omnis
856 4632 1043 4699 honor
1089 4650 1145 4698 et
1198 4641 1392 4713 gloria,
1434 4650 1490 4697 et
1528 4650 1816 4712 antequam
1864 4641 2098 4697 mundus

513 4740 678 4798 esset,
718 4741 771 4788 et
818 4747 1001 4798 nunc,
1037 4740 1094 4786 et
1155 4731 1208 4787 in
1273 4718 1454 4786 omnia
1507 4728 1705 4786 saecula
1750 4729 2093 4787 seculorum.

514 4834 711 4882 Amer.

1001 4952 1158 5023 ιη
1197 4948 1475 5007 HOMILIA
1521 4949 1630 5015 vn.

2205 1912 2335 1973 runt
2368 1930 2463 1986 per
2495 1915 2653 1969 ﬁdem
2687 1911 2752 1966 ad
2798 1911 3114 1966 Ecclesiam.
3147 1910 3514 1980 Tandemque,
3546 1924 3790 1963 consum-

2203 2010 2360 2064 matis
2385 2009 2566 2062 diebus
2601 2017 2648 2060 et
2675 2004 2940 2073 completa
2991 2004 3354 2070 solemnitate,
3391 2020 3507 2058 cum
3535 2003 3789 2067 redirent,

2205 2104 2452 2158 remansit
2479 2117 2609 2171 puer
2635 2099 2789 2154 Jesus
2810 2098 2863 2152 in
2886 2096 3203 2153 Jerusalem.
3234 2097 3384 2151 Tunc
3406 2096 3549 2151 enim
3573 2092 3793 2149 Judaeu-

2204 2208 2322 2246 rum
2351 2190 2723 2246 solemnitates
2750 2190 3030 2262 completae
3077 2196 3231 2252 sunt,
3255 2185 3473 2256 quando
3500 2182 3791 2239 Salvatore

2202 2294 2394 2343 nostro
2441 2300 2470 2339 a
2521 2284 2751 2340 mortuis
2778 2291 3098 2352 resurgente
3134 2291 3317 2334 vetera
3352 2278 3706 2340 transierunt,
3734 2284 3793 2330 ct

2203 2376 2343 2434 facta
2367 2385 2492 2433 sunt
2514 2376 2696 2432 omnia
2728 2390 2887 2431 nova.
2910 2373 2974 2428 Et
3003 2383 3129 2427 tunc
3155 2368 3450 2426 incredulis
3477 2366 3791 2422 Jttdacorum

2200 2468 2267 2526 ad
2304 2484 2365 2524 ea
2396 2483 2516 2539 qua:
2565 2477 2714 2523 retro
2762 2474 2888 2522 sunt
2938 2462 3311 2527 redeuntibus,
3359 2459 3609 2514 remansit
3657 2474 3797 2527 puer

2199 2558 2355 2614 Jesus
2377 2559 2431 2612 in
2456 2557 2773 2622 Jerusalem,
2804 2571 2924 2626 quae
2965 2556 3091 2611 visio
3115 2555 3259 2623 pacis
3290 2554 3699 2621 interpretatur,
3733 2558 3791 2602 et

2204 2636 2496 2707 Ecclesiam
2541 2648 2807 2718 designat.
2844 2647 3003 2703 Unde
3025 2654 3078 2701 et
3115 2645 3316 2701 dicitur
3348 2661 3362 2699 :
3398 2642 3598 2696 Factus
3624 2651 3701 2695 est
3732 2641 3791 2696 in

2198 2760 2327 2814 pace
2346 2742 2489 2798 locus
2512 2741 2648 2813 ejus,
2685 2751 2732 2795 et
2761 2740 3018 2795 habitatio
3042 2739 3158 2810 ejus
3177 2740 3232 2793 in
3263 2736 3393 2795 Sion
3416 2735 3588 2808 (I’saI.
3616 2751 3786 2801 Lxxv,

2198 2820 2276 2903 2).
2315 2831 2428 2888 Hoc
2455 2840 2634 2887 autem
2664 2840 2903 2902 parentes
2937 2829 3072 2895 eius,
3112 2829 3164 2883 id
3196 2837 3281 2884 est
3304 2826 3585 2899 Synagoga
3609 2836 3665 2879 et
3693 2824 3790 2880 Ju-

2200 2920 2437 2979 dacorum
2459 2922 2710 2998 populus,
2759 2936 2865 2976 non
2895 2929 3265 2993 cognoverunt,
3311 2918 3406 2973 sed
3450 2934 3572 2975 eum
3601 2920 3658 2997 in
3693 2932 3787 2971 co-

2198 3014 2387 3068 mitatu
2416 3029 2526 3069 esse
2551 3012 2931 3076 existimantes,
2960 3021 3204 3064 venerunt
3227 3009 3326 3063 iter
3352 3008 3478 3075 diei,
3508 3024 3605 3078 per
3635 3010 3785 3080 quod

2203 3104 2521 3175 intelligitur
2567 3114 2798 3173 tempus,
2845 3117 2955 3172 quo
3000 3110 3123 3173 post
3167 3101 3623 3157 resurrectionem
3666 3101 3792 3172 ejus

2202 3198 2437 3253 nomium
2469 3212 2528 3253 se
2560 3188 2961 3266 cognoscebant
2996 3208 3203 3249 errare.
3234 3194 3374 3250 Caeci
3421 3194 3567 3273 enim.
3596 3209 3791 3251 secum

2200 3291 2377 3345 adhuc
2417 3277 2539 3346 eam
2572 3305 2692 3345 esse
2719 3288 3009 3358 putabant,
3027 3302 3186 3356 quem
3217 3285 3332 3354 iam
3363 3286 3702 3350 occiderant,
3731 3293 3790 3355 et

2196 3379 2467 3453 dicentem
2507 3379 2793 3433 audierant
2828 3394 2840 3430 :
2888 3376 3024 3431 Ecce
3061 3376 3543 3453 relinqueturvobis
3588 3376 3788 3431 domus

2198 3452 2405 3526 deserta
2455 3468 2673 3539 (Matth.
2722 3483 2878 3533 χχιιι,
2932 3467 3069 3537 '58):
3109 3476 3166 3522 et
3209 3467 3264 3521 in
3310 3452 3538 3521 Psalmis
3584 3484 3598 3520 :
3650 3466 3791 3522 Ecce

2195 3560 2431 3629 elongavi
2480 3560 2685 3629 fugiens
2715 3600 2731 3626 ,
2788 3569 2835 3613 et
2900 3560 3070 3613 mansi
3116 3559 3168 3611 in
3240 3542 3519 3612 solitudine
3587 3556 3783 3626 (Psai.

2196 3668 2305 3720 uv,
2339 3653 2416 3723 8).

2197 3728 2201 3732 ’
2271 3740 2605 3813 Requirentes
2644 3748 2823 3796 autem
2855 3756 2973 3795 eum
2998 3741 3134 3794 inter
3168 3747 3413 3810 cognatos
3444 3747 3495 3793 et
3524 3748 3698 3802 news,
3738 3748 3794 3792 et

2199 3850 2303 3890 non
2329 3833 2666 3899 invenientes,
2697 3832 2915 3903 regressi
2944 3814 3063 3885 sunt
3093 3832 3147 3885 in
3169 3826 3489 3893 Jerusalem,
3522 3830 3797 3899 requiren-

2197 3937 2272 3981 tes
2302 3942 2442 3981 eum.
2472 3925 2585 3980 lloe
2604 3933 2735 3981 tunc
2759 3923 3114 3994 spiritualiter
3141 3921 3464 3997 completum
3494 3929 3798 3990 cst,quan—

2199 4019 2268 4075 do
2293 4026 2416 4090 post
2461 4016 2666 4073 Christi
2709 4016 3013 4087 passionem
3039 4003 3256 4086 quidam
3289 4011 3598 4068 Iudaeorum
3629 4013 3798 4067 corde

2199 4107 2494 4179 compuncti
2536 4115 2802 4163 venerunt
2848 4107 2917 4161 ad
2964 4105 3259 4183 apostolos.
3318 4103 3433 4171 Hoc
3482 4103 3631 4158 enim
3688 4102 3801 4157 fuit

2198 4213 2443 4269 quaerere
2462 4198 2762 4275 Christum,
2793 4207 2849 4253 et
2879 4199 3056 4254 redire
3085 4197 3136 4251 in
3160 4194 3519 4251 Hierusalem.
3543 4194 3613 4248 Et
3641 4195 3800 4249 dixe.

2200 4300 2319 4347 runt
2352 4304 2371 4342 :
2401 4291 2543 4358 Quid
2571 4291 2849 4361 faciemus,
2875 4290 2972 4344 viri
2996 4290 3186 4359 fratres
3210 4288 3237 4343 1’
3257 4286 3464 4355 Quibus
3488 4287 3565 4341 ait
3593 4286 3804 4342 beatus

2198 4382 2390 4437 Petrus
2422 4399 2436 4435 :
2466 4380 2831 4436 Paenitentiam
2849 4380 3011 4450 agite,
3034 4388 3083 4434 et
3110 4379 3404 4447 baptizatur
3424 4377 3807 4449 ustusquisqu

2127 4491 2173 4551 ι)
2201 4484 2427 4530 vestrum
2450 4473 2600 4545 (Act.
2627 4489 2692 4537 tt,
2712 4471 2827 4542 58).
2859 4470 2967 4527 Hos
2998 4471 3162 4542 igitur
3187 4479 3244 4525 et
3265 4476 3515 4532 caeteros,
3541 4469 3637 4537 qui
3660 4476 3805 4522 tunc

2204 4567 2462 4636 temporis
2500 4564 2866 4631 crediderunt,
2905 4561 3285 4632 signiﬁcabant
3327 4568 3587 4633 parentes
3614 4557 3802 4624 Jesu;

2200 4657 2456 4729 quoniam
2503 4656 2646 4711 sicut
2683 4653 2759 4709 illi
2799 4646 3117 4722 ignorantes
3141 4664 3263 4706 cum
3297 4650 3677 4719 perdiderant,
3722 4651 3811 4706 ita

2199 4757 2255 4803 et
2289 4746 2383 4803 isti
2401 4733 2714 4817 ignoranter
2743 4758 2867 4816 eum
2907 4743 3239 4800 occiderant.
3274 4740 3333 4796 Si
3352 4742 3494 4811 en'm
3513 4741 3811 4810 cognouis-

2200 4849 2335 4903 sent,
2362 4826 2629 4907 uuuqaam
2657 4835 2941 4903 Datninum
2964 4833 3147 4906 gloria:
3169 4831 3555 4901 cruciﬁxissent
3581 4830 3633 4901 (ι
3662 4832 3809 4887 Cor.

2201 4946 2258 4996 ιι,
2288 4928 2367 4999 8).

2271 5020 2340 5074 Et
2388 5020 2587 5090 factum
2635 5029 2734 5087 est,
2773 5027 2913 5090 post,
2940 5018 3172 5100 triduum
3210 5015 3517 5070 invenerunt
3546 5012 3715 5066 illum
3758 5015 3820 5067 in

2197 5112 2386 5183 templo
2406 5112 2689 5178 sedentem,
2719 5113 2776 5167 in
2799 5111 2971 5167 medio
2992 5110 3293 5181 doctorum,
3316 5105 3627 5160 audientem
3651 5102 3817 5168 illos,

2190 5214 2243 5277 et
2268 5189 2694 5274 interrogantem.
2733 5200 2864 5257 Post
2892 5201 3126 5256 triduum
3161 5200 3217 5253 in
3256 5194 3445 5266 templo
3471 5192 3613 5269 Iesu
3646 5195 3821 5250 iuve-

2198 5296 2375 5360 nitur;
2439 5293 2564 5363 quia
2617 5302 2740 5362 post
2798 5291 3283 5353 resurrectionem,
3322 5300 3446 5357 qua
3480 5284 3575 5341 die
3634 5288 3823 5340 tertia

2200 5386 2341 5442 t‘acta
2368 5392 2472 5448 est,
2496 5383 2565 5438 ab
2591 5383 2692 5449 bis
2717 5381 2810 5453 qui
2836 5396 2962 5438 eum
2983 5387 3255 5446 quaerunt,
3286 5377 3339 5433 in
3366 5374 3616 5432 Ecclesia
3650 5390 3823 5447 repe-

2199 5477 2358 5531 ritur.
2404 5475 2546 5531 Ante
2573 5473 2810 5541 triduum
2846 5457 3152 5529 enimnon
3206 5460 3619 5539 inveniebatur,
3672 5468 3823 5543 quia

2199 5584 2304 5626 non
2344 5568 2505 5633 Deus,
2549 5567 2645 5621 sed
2677 5567 2840 5621 homo
2876 5574 3084 5621 tantum
3119 5562 3188 5618 ab
3218 5560 3529 5617 hominibus
3554 5560 3825 5630 putaba-

2190 5668 2307 5725 tur.
2338 5655 2453 5727 lSed
2488 5656 2578 5713 ubi
2619 5656 2928 5712 invenitur?
2966 5654 3037 5709 In
3073 5651 3285 5723 templo,
3317 5651 3373 5727 in
3408 5648 3699 5723 Ecclesia,
3761 5654 3827 5710 in

2198 5753 2469 5806 conventu
2498 5736 2847 5827 ﬁdelium,.in
2880 5737 3050 5803 medio
3073 5744 3367 5812 doctorum,
3401 5742 3457 5797 in
3480 5751 3636 5799 ctctu
3666 5760 3832 5817 pne-

517 5110 568 5161 ΞΝ
622 5121 959 5164 manemus:
1004 5121 1300 5173 secusne!
1341 5106 1530 5176 Lucan
1566 5121 1598 5175 ,τ
1649 5105 1808 5161 Ibant
1854 5114 2094 5173 parentes

583 5201 714 5269 ejus,
737 5215 829 5269 per
875 5214 1054 5255 omnes
1080 5182 1271 5278 annos
1290 5198 1588 5254 Jerusalem
1616 5239 1632 5265 ,
1664 5199 1720 5253 in
1755 5196 1841 5250 die
1874 5195 2095 5251 solemni

589 5291 831 5348 Pasclue.
858 5289 929 5347 Et
966 5308 1085 5363 cum
1118 5292 1291 5363 factus
1336 5301 1467 5347 esset
1493 5305 1756 5345 annorum
1797 5288 2093 5350 duodecim,

588 5383 985 5440 ascendentibus
1005 5383 1111 5438 illis
1140 5384 1195 5439 in
1222 5381 1645 5458 Hierosolymam
1667 5378 1953 5434 secundum
1979 5391 2096 5430 con-

588 5477 918 5553 suetudinem
956 5476 1060 5530 diei
1090 5475 1231 5546 festi,
1259 5474 1735 5543 consummatisque
1768 5468 1949 5524 diebus
1978 5484 2096 5522 cum

588 5548 837 5632 redirent,
890 5567 1139 5621 remansit
1186 5560 1318 5635 puer
1352 5563 1535 5624 Jesus,
1564 5570 1620 5617 in
1662 5559 1957 5617 Jerusalem
1994 5572 2014 5611 :
2046 5568 2094 5613 et

516 5704 521 5713 .
590 5670 696 5709 non
739 5664 1089 5726 cognoverunt
1144 5661 1382 5727 parentes
1411 5654 1545 5725 ejus.
1575 5654 1645 5709 Et
1680 5653 1887 5724 reliqua
1942 5649 2091 5724 (Luc.

587 5761 651 5816 ιι,
678 5744 795 5817 41).
