  <div class='ocr_page' id='page_1' title='image "/cluster/home/n/w/nwhite01/storage/ocr_20150623/158/hvd.32044024236689/370.png"; bbox 0 0 4076 6288; ppageno 0'>
   <div class='ocr_carea' id='block_1_1' title="bbox 225 342 336 399">
    <p class='ocr_par' dir='ltr' id='par_1_1' title="bbox 225 342 336 399">
     <span class='ocr_line' id='line_1_1' title="bbox 225 342 336 399; baseline 0 0"><span class='ocrx_word' id='word_1_1' title='bbox 225 342 336 399; x_wconf 69' lang='lat'><strong>629</strong></span> 
     </span>
    </p>
   </div>
   <div class='ocr_carea' id='block_1_2' title="bbox 1375 339 2427 397">
    <p class='ocr_par' dir='ltr' id='par_1_2' title="bbox 1375 339 2427 397">
     <span class='ocr_line' id='line_1_2' title="bbox 1375 339 2427 397; baseline 0 -2"><span class='ocrx_word' id='word_1_2' title='bbox 1375 340 1679 397; x_wconf 62' lang='lat' dir='ltr'><strong>lIOMlLItE</strong></span> <span class='ocrx_word' id='word_1_3' title='bbox 1714 340 1802 396; x_wconf 83' lang='lat' dir='ltr'>ET</span> <span class='ocrx_word' id='word_1_4' title='bbox 1828 339 2427 397; x_wconf 75' lang='lat' dir='ltr'><strong>EXHORTATIONES.</strong></span> 
     </span>
    </p>
   </div>
   <div class='ocr_carea' id='block_1_3' title="bbox 3387 350 3488 404">
    <p class='ocr_par' dir='ltr' id='par_1_3' title="bbox 3387 350 3488 404">
     <span class='ocr_line' id='line_1_3' title="bbox 3387 350 3488 404; baseline -0.01 0"><span class='ocrx_word' id='word_1_5' title='bbox 3387 350 3488 404; x_wconf 76' lang='lat'><strong>650</strong></span> 
     </span>
    </p>
   </div>
   <div class='ocr_carea' id='block_1_4' title="bbox 232 441 3491 535">
    <p class='ocr_par' dir='ltr' id='par_1_4' title="bbox 232 441 3491 535">
     <span class='ocr_line' id='line_1_4' title="bbox 232 441 3491 535; baseline 0.001 -19"><span class='ocrx_word' id='word_1_6' title='bbox 232 463 561 519; x_wconf 80' lang='lat' dir='ltr'><strong>dicatorum.</strong></span> <span class='ocrx_word' id='word_1_7' title='bbox 611 458 687 513; x_wconf 90' lang='lat' dir='ltr'><strong>lbi</strong></span> <span class='ocrx_word' id='word_1_8' title='bbox 727 459 996 528; x_wconf 86' lang='lat' dir='ltr'><strong>reperitur</strong></span> <span class='ocrx_word' id='word_1_9' title='bbox 1048 458 1272 535; x_wconf 83' lang='lat' dir='ltr'><strong>audiens</strong></span> <span class='ocrx_word' id='word_1_10' title='bbox 1312 473 1427 522; x_wconf 82' lang='lat' dir='ltr'><strong>eos,</strong></span> <span class='ocrx_word' id='word_1_11' title='bbox 1484 468 1539 514; x_wconf 93' lang='lat' dir='ltr'><strong>et</strong></span> <span class='ocrx_word' id='word_1_12' title='bbox 1595 441 1819 514; x_wconf 79' lang='lat' dir='ltr'><strong>interro-</strong></span> <span class='ocrx_word' id='word_1_13' title='bbox 1847 470 1892 529; x_wconf 70' lang='grc' dir='ltr'>Α</span> <span class='ocrx_word' id='word_1_14' title='bbox 1924 458 2057 511; x_wconf 83' lang='lat' dir='ltr'><strong>batis</strong></span> <span class='ocrx_word' id='word_1_15' title='bbox 2095 459 2217 527; x_wconf 84' lang='lat' dir='ltr'><strong>quia</strong></span> <span class='ocrx_word' id='word_1_16' title='bbox 2242 459 2294 512; x_wconf 89' lang='lat' dir='ltr'><strong>in</strong></span> <span class='ocrx_word' id='word_1_17' title='bbox 2335 459 2417 511; x_wconf 78' lang='lat' dir='ltr'><strong>Itis</strong></span> <span class='ocrx_word' id='word_1_18' title='bbox 2458 474 2573 526; x_wconf 77' lang='lat' dir='ltr'><strong>quw</strong></span> <span class='ocrx_word' id='word_1_19' title='bbox 2606 458 2781 513; x_wconf 83' lang='lat' dir='ltr'><strong>Patris</strong></span> <span class='ocrx_word' id='word_1_20' title='bbox 2813 461 2911 514; x_wconf 84' lang='lat' dir='ltr'><strong>mei</strong></span> <span class='ocrx_word' id='word_1_21' title='bbox 2956 472 3096 519; x_wconf 85' lang='lat' dir='ltr'><strong>sunt.</strong></span> <span class='ocrx_word' id='word_1_22' title='bbox 3120 473 3172 516; x_wconf 92' lang='lat' dir='ltr'><strong>et</strong></span> <span class='ocrx_word' id='word_1_23' title='bbox 3205 463 3345 518; x_wconf 87' lang='lat' dir='ltr'><strong>inter</strong></span> <span class='ocrx_word' id='word_1_24' title='bbox 3373 464 3491 521; x_wconf 87' lang='lat' dir='ltr'><strong>illos</strong></span> 
     </span>
    </p>
   </div>
   <div class='ocr_carea' id='block_1_5' title="bbox 224 551 1811 624">
    <p class='ocr_par' dir='ltr' id='par_1_5' title="bbox 224 551 1811 624">
     <span class='ocr_line' id='line_1_5' title="bbox 224 551 1811 624; baseline -0.003 -16"><span class='ocrx_word' id='word_1_25' title='bbox 224 569 381 624; x_wconf 86' lang='lat' dir='ltr'><strong>gans.</strong></span> <span class='ocrx_word' id='word_1_26' title='bbox 435 551 636 607; x_wconf 86' lang='lat' dir='ltr'><strong>Audire</strong></span> <span class='ocrx_word' id='word_1_27' title='bbox 683 560 927 606; x_wconf 89' lang='lat' dir='ltr'><strong>nostrum</strong></span> <span class='ocrx_word' id='word_1_28' title='bbox 957 559 1061 614; x_wconf 91' lang='lat' dir='ltr'><strong>est,</strong></span> <span class='ocrx_word' id='word_1_29' title='bbox 1110 566 1251 605; x_wconf 90' lang='lat' dir='ltr'><strong>sono</strong></span> <span class='ocrx_word' id='word_1_30' title='bbox 1299 552 1517 606; x_wconf 78' lang='lat' dir='ltr'><strong>aliunde</strong></span> <span class='ocrx_word' id='word_1_31' title='bbox 1574 551 1811 607; x_wconf 90' lang='lat' dir='ltr'><strong>venienti</strong></span> 
     </span>
    </p>
   </div>
   <div class='ocr_carea' id='block_1_6' title="bbox 224 640 1811 710">
    <p class='ocr_par' dir='ltr' id='par_1_6' title="bbox 224 640 1811 710">
     <span class='ocr_line' id='line_1_6' title="bbox 224 640 1811 710; baseline 0.002 -15"><span class='ocrx_word' id='word_1_32' title='bbox 224 657 417 697; x_wconf 88' lang='lat' dir='ltr'><strong>aurem</strong></span> <span class='ocrx_word' id='word_1_33' title='bbox 470 640 576 694; x_wconf 93' lang='lat' dir='ltr'><strong>alio</strong></span> <span class='ocrx_word' id='word_1_34' title='bbox 621 640 851 710; x_wconf 89' lang='lat' dir='ltr'><strong>positant</strong></span> <span class='ocrx_word' id='word_1_35' title='bbox 894 641 1260 695; x_wconf 83' lang='lat' dir='ltr'><strong>commodare.</strong></span> <span class='ocrx_word' id='word_1_36' title='bbox 1307 641 1379 695; x_wconf 93' lang='lat' dir='ltr'><strong>At</strong></span> <span class='ocrx_word' id='word_1_37' title='bbox 1424 651 1632 706; x_wconf 81' lang='lat' dir='ltr'><strong>contra,</strong></span> <span class='ocrx_word' id='word_1_38' title='bbox 1682 642 1811 707; x_wconf 89' lang='lat' dir='ltr'><strong>Deo,</strong></span> 
     </span>
    </p>
   </div>
   <div class='ocr_carea' id='block_1_7' title="bbox 226 730 1811 802">
    <p class='ocr_par' dir='ltr' id='par_1_7' title="bbox 226 730 1811 802">
     <span class='ocr_line' id='line_1_7' title="bbox 226 730 1811 802; baseline 0.003 -16"><span class='ocrx_word' id='word_1_39' title='bbox 226 730 315 789; x_wconf 81' lang='lat' dir='ltr'><strong>cui</strong></span> <span class='ocrx_word' id='word_1_40' title='bbox 342 731 475 786; x_wconf 82' lang='lat' dir='ltr'><strong>nihil</strong></span> <span class='ocrx_word' id='word_1_41' title='bbox 502 742 653 785; x_wconf 73' lang='lat' dir='ltr'><strong>extra</strong></span> <span class='ocrx_word' id='word_1_42' title='bbox 686 741 789 795; x_wconf 87' lang='lat' dir='ltr'><strong>est,</strong></span> <span class='ocrx_word' id='word_1_43' title='bbox 811 731 998 785; x_wconf 89' lang='lat' dir='ltr'><strong>audire</strong></span> <span class='ocrx_word' id='word_1_44' title='bbox 1026 731 1242 800; x_wconf 80' lang='lat' dir='ltr'><strong>proprie</strong></span> <span class='ocrx_word' id='word_1_45' title='bbox 1273 740 1376 795; x_wconf 89' lang='lat' dir='ltr'><strong>est,</strong></span> <span class='ocrx_word' id='word_1_46' title='bbox 1407 734 1679 802; x_wconf 70' lang='lat' dir='ltr'><strong>surgentia</strong></span> <span class='ocrx_word' id='word_1_47' title='bbox 1710 736 1811 791; x_wconf 88' lang='lat' dir='ltr'><strong>sub</strong></span> 
     </span>
    </p>
   </div>
   <div class='ocr_carea' id='block_1_8' title="bbox 224 816 1812 891">
    <p class='ocr_par' dir='ltr' id='par_1_8' title="bbox 224 816 1812 891">
     <span class='ocr_line' id='line_1_8' title="bbox 224 816 1812 891; baseline 0 -14"><span class='ocrx_word' id='word_1_48' title='bbox 224 821 524 890; x_wconf 77' lang='lat' dir='ltr'><strong>s-nnetipso</strong></span> <span class='ocrx_word' id='word_1_49' title='bbox 551 820 815 874; x_wconf 82' lang='lat' dir='ltr'><strong>desideria</strong></span> <span class='ocrx_word' id='word_1_50' title='bbox 861 829 1044 875; x_wconf 88' lang='lat' dir='ltr'><strong>nostra</strong></span> <span class='ocrx_word' id='word_1_51' title='bbox 1076 816 1372 891; x_wconf 83' lang='lat' dir='ltr'><strong>percipere.</strong></span> <span class='ocrx_word' id='word_1_52' title='bbox 1406 822 1603 876; x_wconf 85' lang='lat' dir='ltr'><strong>Tribus</strong></span> <span class='ocrx_word' id='word_1_53' title='bbox 1632 833 1812 877; x_wconf 88' lang='lat' dir='ltr'><strong>autem</strong></span> 
     </span>
    </p>
   </div>
   <div class='ocr_carea' id='block_1_9' title="bbox 228 909 1813 982">
    <p class='ocr_par' dir='ltr' id='par_1_9' title="bbox 228 909 1813 982">
     <span class='ocr_line' id='line_1_9' title="bbox 228 909 1813 982; baseline 0.002 -20"><span class='ocrx_word' id='word_1_54' title='bbox 228 909 402 962; x_wconf 71' lang='lat' dir='ltr'><strong>tumis</strong></span> <span class='ocrx_word' id='word_1_55' title='bbox 437 926 534 964; x_wconf 90' lang='lat' dir='ltr'><strong>nos</strong></span> <span class='ocrx_word' id='word_1_56' title='bbox 577 910 914 978; x_wconf 89' lang='lat' dir='ltr'><strong>interrogare</strong></span> <span class='ocrx_word' id='word_1_57' title='bbox 959 909 1259 974; x_wconf 82' lang='lat' dir='ltr'><strong>consuevit,</strong></span> <span class='ocrx_word' id='word_1_58' title='bbox 1313 925 1436 964; x_wconf 91' lang='lat' dir='ltr'><strong>cum</strong></span> <span class='ocrx_word' id='word_1_59' title='bbox 1481 919 1574 964; x_wconf 89' lang='lat' dir='ltr'><strong>aut</strong></span> <span class='ocrx_word' id='word_1_60' title='bbox 1618 911 1813 982; x_wconf 84' lang='lat' dir='ltr'><strong>ﬂagelli</strong></span> 
     </span>
    </p>
   </div>
   <div class='ocr_carea' id='block_1_10' title="bbox 90 1000 1816 1070">
    <p class='ocr_par' dir='ltr' id='par_1_10' title="bbox 90 1000 1816 1070">
     <span class='ocr_line' id='line_1_10' title="bbox 90 1000 1816 1070; baseline 0.005 -19"><span class='ocrx_word' id='word_1_61' title='bbox 90 1030 91 1033; x_wconf 60' lang='grc' dir='ltr'><strong>η</strong></span> <span class='ocrx_word' id='word_1_62' title='bbox 124 1010 169 1051; x_wconf 56' lang='grc' dir='ltr'><strong>ηρ(</strong></span> <span class='ocrx_word' id='word_1_63' title='bbox 223 1000 569 1055; x_wconf 69' lang='lat' dir='ltr'><strong>districtione</strong></span> <span class='ocrx_word' id='word_1_64' title='bbox 597 1002 846 1070; x_wconf 89' lang='lat' dir='ltr'><strong>percutit,</strong></span> <span class='ocrx_word' id='word_1_65' title='bbox 882 1009 935 1056; x_wconf 93' lang='lat' dir='ltr'><strong>et</strong></span> <span class='ocrx_word' id='word_1_66' title='bbox 978 1011 1181 1070; x_wconf 84' lang='lat' dir='ltr'><strong>quanta</strong></span> <span class='ocrx_word' id='word_1_67' title='bbox 1213 1003 1369 1056; x_wconf 91' lang='lat' dir='ltr'><strong>nobis</strong></span> <span class='ocrx_word' id='word_1_68' title='bbox 1410 1004 1536 1057; x_wconf 89' lang='lat' dir='ltr'><strong>insit</strong></span> <span class='ocrx_word' id='word_1_69' title='bbox 1566 1004 1646 1056; x_wconf 79' lang='lat' dir='ltr'><strong>vel</strong></span> <span class='ocrx_word' id='word_1_70' title='bbox 1675 1005 1816 1059; x_wconf 90' lang='lat' dir='ltr'><strong>desit</strong></span> 
     </span>
    </p>
   </div>
   <div class='ocr_carea' id='block_1_11' title="bbox 228 1090 1817 1163">
    <p class='ocr_par' dir='ltr' id='par_1_11' title="bbox 228 1090 1817 1163">
     <span class='ocr_line' id='line_1_11' title="bbox 228 1090 1817 1163; baseline 0.003 -21"><span class='ocrx_word' id='word_1_71' title='bbox 228 1091 487 1163; x_wconf 86' lang='lat' dir='ltr'><strong>patientia</strong></span> <span class='ocrx_word' id='word_1_72' title='bbox 517 1091 784 1155; x_wconf 85' lang='lat' dir='ltr'><strong>ostendit;</strong></span> <span class='ocrx_word' id='word_1_73' title='bbox 818 1098 908 1145; x_wconf 80' lang='lat' dir='ltr'><strong>aut</strong></span> <span class='ocrx_word' id='word_1_74' title='bbox 932 1090 1175 1159; x_wconf 63' lang='lat' dir='ltr'><strong>quaedam</strong></span> <span class='ocrx_word' id='word_1_75' title='bbox 1208 1106 1327 1159; x_wconf 84' lang='lat' dir='ltr'><strong>quae</strong></span> <span class='ocrx_word' id='word_1_76' title='bbox 1352 1091 1598 1146; x_wconf 89' lang='lat' dir='ltr'><strong>uolumus</strong></span> <span class='ocrx_word' id='word_1_77' title='bbox 1628 1094 1817 1162; x_wconf 65' lang='lat' dir='ltr'><strong>praeci-</strong></span> 
     </span>
    </p>
   </div>
   <div class='ocr_carea' id='block_1_12' title="bbox 226 1182 1815 1251">
    <p class='ocr_par' dir='ltr' id='par_1_12' title="bbox 226 1182 1815 1251">
     <span class='ocr_line' id='line_1_12' title="bbox 226 1182 1815 1251; baseline 0.003 -18"><span class='ocrx_word' id='word_1_78' title='bbox 226 1183 325 1251; x_wconf 81' lang='lat' dir='ltr'><strong>pit,</strong></span> <span class='ocrx_word' id='word_1_79' title='bbox 362 1190 678 1236; x_wconf 76' lang='lat' dir='ltr'><strong>ttnostraut</strong></span> <span class='ocrx_word' id='word_1_80' title='bbox 708 1183 864 1236; x_wconf 90' lang='lat' dir='ltr'><strong>nobis</strong></span> <span class='ocrx_word' id='word_1_81' title='bbox 892 1182 1255 1237; x_wconf 90' lang='lat' dir='ltr'><strong>obedientiam</strong></span> <span class='ocrx_word' id='word_1_82' title='bbox 1281 1183 1364 1238; x_wconf 91' lang='lat' dir='ltr'><strong>vel</strong></span> <span class='ocrx_word' id='word_1_83' title='bbox 1398 1183 1815 1237; x_wconf 86' lang='lat' dir='ltr'><strong>inobedientiam</strong></span> 
     </span>
    </p>
   </div>
   <div class='ocr_carea' id='block_1_13' title="bbox 229 1272 1810 1345">
    <p class='ocr_par' dir='ltr' id='par_1_13' title="bbox 229 1272 1810 1345">
     <span class='ocr_line' id='line_1_13' title="bbox 229 1272 1810 1345; baseline 0.002 -18"><span class='ocrx_word' id='word_1_84' title='bbox 229 1272 519 1343; x_wconf 77' lang='lat' dir='ltr'><strong>patefacit;</strong></span> <span class='ocrx_word' id='word_1_85' title='bbox 565 1281 657 1328; x_wconf 90' lang='lat' dir='ltr'><strong>aut</strong></span> <span class='ocrx_word' id='word_1_86' title='bbox 684 1273 865 1344; x_wconf 86' lang='lat' dir='ltr'><strong>aliqua</strong></span> <span class='ocrx_word' id='word_1_87' title='bbox 910 1274 1066 1329; x_wconf 90' lang='lat' dir='ltr'><strong>nobis</strong></span> <span class='ocrx_word' id='word_1_88' title='bbox 1094 1274 1305 1328; x_wconf 91' lang='lat' dir='ltr'><strong>occulta</strong></span> <span class='ocrx_word' id='word_1_89' title='bbox 1336 1275 1510 1345; x_wconf 87' lang='lat' dir='ltr'><strong>aperit</strong></span> <span class='ocrx_word' id='word_1_90' title='bbox 1543 1285 1601 1329; x_wconf 87' lang='lat' dir='ltr'><strong>et</strong></span> <span class='ocrx_word' id='word_1_91' title='bbox 1628 1276 1810 1344; x_wconf 89' lang='lat' dir='ltr'><strong>aliqua</strong></span> 
     </span>
    </p>
   </div>
   <div class='ocr_carea' id='block_1_14' title="bbox 230 1365 1817 1433">
    <p class='ocr_par' dir='ltr' id='par_1_14' title="bbox 230 1365 1817 1433">
     <span class='ocr_line' id='line_1_14' title="bbox 230 1365 1817 1433; baseline 0.003 -16"><span class='ocrx_word' id='word_1_92' title='bbox 230 1365 537 1433; x_wconf 85' lang='lat' dir='ltr'><strong>abscondit,</strong></span> <span class='ocrx_word' id='word_1_93' title='bbox 589 1374 644 1419; x_wconf 89' lang='lat' dir='ltr'><strong>et</strong></span> <span class='ocrx_word' id='word_1_94' title='bbox 684 1380 992 1420; x_wconf 86' lang='lat' dir='ltr'><strong>mensuram</strong></span> <span class='ocrx_word' id='word_1_95' title='bbox 1044 1366 1199 1421; x_wconf 91' lang='lat' dir='ltr'><strong>nobis</strong></span> <span class='ocrx_word' id='word_1_96' title='bbox 1255 1374 1453 1420; x_wconf 82' lang='lat' dir='ltr'><strong>nostrae</strong></span> <span class='ocrx_word' id='word_1_97' title='bbox 1498 1365 1817 1422; x_wconf 89' lang='lat' dir='ltr'><strong>humilitatis</strong></span> 
     </span>
    </p>
   </div>
   <div class='ocr_carea' id='block_1_15' title="bbox 230 1457 1817 1527">
    <p class='ocr_par' dir='ltr' id='par_1_15' title="bbox 230 1457 1817 1527">
     <span class='ocr_line' id='line_1_15' title="bbox 230 1457 1817 1527; baseline 0.002 -17"><span class='ocrx_word' id='word_1_98' title='bbox 230 1457 546 1511; x_wconf 85' lang='lat' dir='ltr'><strong>iunotescit.</strong></span> <span class='ocrx_word' id='word_1_99' title='bbox 585 1457 651 1512; x_wconf 87' lang='lat' dir='ltr'><strong>Et</strong></span> <span class='ocrx_word' id='word_1_100' title='bbox 687 1457 791 1513; x_wconf 87' lang='lat' dir='ltr'><strong>hoc</strong></span> <span class='ocrx_word' id='word_1_101' title='bbox 825 1457 991 1513; x_wconf 89' lang='lat' dir='ltr'><strong>tertio</strong></span> <span class='ocrx_word' id='word_1_102' title='bbox 1021 1458 1179 1513; x_wconf 87' lang='lat' dir='ltr'><strong>modo</strong></span> <span class='ocrx_word' id='word_1_103' title='bbox 1230 1457 1401 1527; x_wconf 78' lang='lat' dir='ltr'><strong>magis</strong></span> <span class='ocrx_word' id='word_1_104' title='bbox 1436 1457 1688 1513; x_wconf 74' lang='lat' dir='ltr'><strong>doctores</strong></span> <span class='ocrx_word' id='word_1_105' title='bbox 1735 1458 1817 1513; x_wconf 84' lang='lat' dir='ltr'><strong>in-</strong></span> 
     </span>
    </p>
   </div>
   <div class='ocr_carea' id='block_1_16' title="bbox 230 1556 493 1616">
    <p class='ocr_par' dir='ltr' id='par_1_16' title="bbox 230 1556 493 1616">
     <span class='ocr_line' id='line_1_16' title="bbox 230 1556 493 1616; baseline -0.008 -13"><span class='ocrx_word' id='word_1_106' title='bbox 230 1556 493 1616; x_wconf 82' lang='lat' dir='ltr'><strong>terrogat.</strong></span> 
     </span>
    </p>
   </div>
   <div class='ocr_carea' id='block_1_17' title="bbox 304 1641 1816 1715">
    <p class='ocr_par' dir='ltr' id='par_1_17' title="bbox 304 1641 1816 1715">
     <span class='ocr_line' id='line_1_17' title="bbox 304 1641 1816 1715; baseline 0.002 -19"><span class='ocrx_word' id='word_1_107' title='bbox 304 1641 615 1711; x_wconf 81' lang='lat' dir='ltr'><strong>Stupebant,</strong></span> <span class='ocrx_word' id='word_1_108' title='bbox 654 1644 852 1712; x_wconf 82' lang='lat' dir='ltr'><strong>inquit,</strong></span> <span class='ocrx_word' id='word_1_109' title='bbox 886 1661 1082 1711; x_wconf 86' lang='lat' dir='ltr'><strong>omnes,</strong></span> <span class='ocrx_word' id='word_1_110' title='bbox 1109 1663 1199 1715; x_wconf 87' lang='lat' dir='ltr'><strong>qut</strong></span> <span class='ocrx_word' id='word_1_111' title='bbox 1235 1662 1352 1699; x_wconf 86' lang='lat' dir='ltr'><strong>eum</strong></span> <span class='ocrx_word' id='word_1_112' title='bbox 1387 1646 1691 1711; x_wconf 75' lang='lat' dir='ltr'><strong>audiebant,</strong></span> <span class='ocrx_word' id='word_1_113' title='bbox 1722 1663 1816 1700; x_wconf 88' lang='lat' dir='ltr'><strong>su-</strong></span> 
     </span>
    </p>
   </div>
   <div class='ocr_carea' id='block_1_18' title="bbox 228 1733 1818 1803">
    <p class='ocr_par' dir='ltr' id='par_1_18' title="bbox 228 1733 1818 1803">
     <span class='ocr_line' id='line_1_18' title="bbox 228 1733 1818 1803; baseline 0.003 -20"><span class='ocrx_word' id='word_1_114' title='bbox 228 1746 323 1798; x_wconf 83' lang='lat' dir='ltr'><strong>per</strong></span> <span class='ocrx_word' id='word_1_115' title='bbox 351 1733 628 1800; x_wconf 76' lang='lat' dir='ltr'><strong>prudentia</strong></span> <span class='ocrx_word' id='word_1_116' title='bbox 671 1742 720 1786; x_wconf 80' lang='lat' dir='ltr'><strong>et</strong></span> <span class='ocrx_word' id='word_1_117' title='bbox 780 1735 1037 1797; x_wconf 78' lang='lat' dir='ltr'><strong>responsis</strong></span> <span class='ocrx_word' id='word_1_118' title='bbox 1096 1735 1233 1803; x_wconf 78' lang='lat' dir='ltr'><strong>ejus.</strong></span> <span class='ocrx_word' id='word_1_119' title='bbox 1274 1734 1592 1802; x_wconf 85' lang='lat' dir='ltr'><strong>Quicunque</strong></span> <span class='ocrx_word' id='word_1_120' title='bbox 1636 1735 1818 1790; x_wconf 82' lang='lat' dir='ltr'><strong>cordis</strong></span> 
     </span>
    </p>
   </div>
   <div class='ocr_carea' id='block_1_19' title="bbox 1914 550 3493 623">
    <p class='ocr_par' dir='ltr' id='par_1_19' title="bbox 1914 550 3493 623">
     <span class='ocr_line' id='line_1_19' title="bbox 1914 550 3493 623; baseline 0.006 -21"><span class='ocrx_word' id='word_1_121' title='bbox 1914 550 2004 619; x_wconf 86' lang='lat' dir='ltr'><strong>qui</strong></span> <span class='ocrx_word' id='word_1_122' title='bbox 2036 550 2214 603; x_wconf 86' lang='lat' dir='ltr'><strong>Patris</strong></span> <span class='ocrx_word' id='word_1_123' title='bbox 2253 550 2355 604; x_wconf 90' lang='lat' dir='ltr'><strong>tnei</strong></span> <span class='ocrx_word' id='word_1_124' title='bbox 2402 550 2731 607; x_wconf 83' lang='lat' dir='ltr'><strong>voluntatem</strong></span> <span class='ocrx_word' id='word_1_125' title='bbox 2763 550 2968 607; x_wconf 77' lang='lat' dir='ltr'><strong>faciunt</strong></span> <span class='ocrx_word' id='word_1_126' title='bbox 3016 564 3214 623; x_wconf 81' lang='lat' dir='ltr'><strong>oportet</strong></span> <span class='ocrx_word' id='word_1_127' title='bbox 3241 572 3321 610; x_wconf 92' lang='lat' dir='ltr'><strong>me</strong></span> <span class='ocrx_word' id='word_1_128' title='bbox 3346 559 3493 611; x_wconf 78' lang='lat' dir='ltr'><strong>esse?</strong></span> 
     </span>
    </p>
   </div>
   <div class='ocr_carea' id='block_1_20' title="bbox 1917 642 3492 715">
    <p class='ocr_par' dir='ltr' id='par_1_20' title="bbox 1917 642 3492 715">
     <span class='ocr_line' id='line_1_20' title="bbox 1917 642 3492 715; baseline 0.004 -20"><span class='ocrx_word' id='word_1_129' title='bbox 1917 642 1985 696; x_wconf 77' lang='lat' dir='ltr'><strong>Et</strong></span> <span class='ocrx_word' id='word_1_130' title='bbox 2028 642 2129 711; x_wconf 85' lang='lat' dir='ltr'><strong>ipsi</strong></span> <span class='ocrx_word' id='word_1_131' title='bbox 2162 658 2265 695; x_wconf 88' lang='lat' dir='ltr'><strong>non</strong></span> <span class='ocrx_word' id='word_1_132' title='bbox 2302 642 2667 697; x_wconf 75' lang='lat' dir='ltr'><strong>intellexerunt</strong></span> <span class='ocrx_word' id='word_1_133' title='bbox 2694 644 2902 698; x_wconf 71' lang='lat' dir='ltr'><strong>verbum</strong></span> <span class='ocrx_word' id='word_1_134' title='bbox 2932 646 3071 715; x_wconf 84' lang='lat' dir='ltr'><strong>quod</strong></span> <span class='ocrx_word' id='word_1_135' title='bbox 3102 646 3305 701; x_wconf 87' lang='lat' dir='ltr'><strong>locutus</strong></span> <span class='ocrx_word' id='word_1_136' title='bbox 3327 658 3399 702; x_wconf 91' lang='lat' dir='ltr'><strong>est</strong></span> <span class='ocrx_word' id='word_1_137' title='bbox 3424 649 3492 701; x_wconf 85' lang='lat' dir='ltr'><strong>ad</strong></span> 
     </span>
    </p>
   </div>
   <div class='ocr_carea' id='block_1_21' title="bbox 1915 730 3490 801">
    <p class='ocr_par' dir='ltr' id='par_1_21' title="bbox 1915 730 3490 801">
     <span class='ocr_line' id='line_1_21' title="bbox 1915 730 3490 801; baseline 0.003 -16"><span class='ocrx_word' id='word_1_138' title='bbox 1915 747 2021 785; x_wconf 85' lang='lat' dir='ltr'><strong>eos.</strong></span> <span class='ocrx_word' id='word_1_139' title='bbox 2059 730 2179 783; x_wconf 80' lang='lat' dir='ltr'><strong>Non</strong></span> <span class='ocrx_word' id='word_1_140' title='bbox 2222 730 2608 799; x_wconf 78' lang='lat' dir='ltr'><strong>intellexerunt,</strong></span> <span class='ocrx_word' id='word_1_141' title='bbox 2631 733 2755 801; x_wconf 85' lang='lat' dir='ltr'><strong>quia</strong></span> <span class='ocrx_word' id='word_1_142' title='bbox 2783 747 2878 787; x_wconf 92' lang='lat' dir='ltr'><strong>cor</strong></span> <span class='ocrx_word' id='word_1_143' title='bbox 2903 744 3161 788; x_wconf 63' lang='lat' dir='ltr'><strong>caecatum</strong></span> <span class='ocrx_word' id='word_1_144' title='bbox 3198 736 3490 801; x_wconf 87' lang='lat' dir='ltr'><strong>habebant,</strong></span> 
     </span>
    </p>
   </div>
   <div class='ocr_carea' id='block_1_22' title="bbox 1915 820 3494 897">
    <p class='ocr_par' dir='ltr' id='par_1_22' title="bbox 1915 820 3494 897">
     <span class='ocr_line' id='line_1_22' title="bbox 1915 820 3494 897; baseline 0.006 -24"><span class='ocrx_word' id='word_1_145' title='bbox 1915 828 1969 874; x_wconf 91' lang='lat' dir='ltr'><strong>et</strong></span> <span class='ocrx_word' id='word_1_146' title='bbox 2005 821 2057 874; x_wconf 90' lang='lat' dir='ltr'><strong>in</strong></span> <span class='ocrx_word' id='word_1_147' title='bbox 2096 820 2336 876; x_wconf 85' lang='lat' dir='ltr'><strong>Ecclesia</strong></span> <span class='ocrx_word' id='word_1_148' title='bbox 2365 822 2601 892; x_wconf 89' lang='lat' dir='ltr'><strong>gentium</strong></span> <span class='ocrx_word' id='word_1_149' title='bbox 2643 837 2765 877; x_wconf 87' lang='lat' dir='ltr'><strong>esse</strong></span> <span class='ocrx_word' id='word_1_150' title='bbox 2795 823 3071 879; x_wconf 88' lang='lat' dir='ltr'><strong>Christum</strong></span> <span class='ocrx_word' id='word_1_151' title='bbox 3100 841 3203 879; x_wconf 91' lang='lat' dir='ltr'><strong>non</strong></span> <span class='ocrx_word' id='word_1_152' title='bbox 3236 841 3494 897; x_wconf 88' lang='lat' dir='ltr'><strong>agnosce-</strong></span> 
     </span>
    </p>
   </div>
   <div class='ocr_carea' id='block_1_23' title="bbox 1916 913 3497 985">
    <p class='ocr_par' dir='ltr' id='par_1_23' title="bbox 1916 913 3497 985">
     <span class='ocr_line' id='line_1_23' title="bbox 1916 913 3497 985; baseline 0.005 -20"><span class='ocrx_word' id='word_1_153' title='bbox 1916 913 2080 975; x_wconf 86' lang='lat' dir='ltr'><strong>bant;</strong></span> <span class='ocrx_word' id='word_1_154' title='bbox 2112 913 2364 981; x_wconf 90' lang='lat' dir='ltr'><strong>quoniam</strong></span> <span class='ocrx_word' id='word_1_155' title='bbox 2394 914 2600 967; x_wconf 76' lang='lat' dir='ltr'><strong>ctecitas</strong></span> <span class='ocrx_word' id='word_1_156' title='bbox 2628 930 2691 967; x_wconf 79' lang='lat' dir='ltr'><strong>ea:</strong></span> <span class='ocrx_word' id='word_1_157' title='bbox 2711 924 2859 985; x_wconf 87' lang='lat' dir='ltr'><strong>parte</strong></span> <span class='ocrx_word' id='word_1_158' title='bbox 2882 916 3092 985; x_wconf 80' lang='lat' dir='ltr'><strong>contigit</strong></span> <span class='ocrx_word' id='word_1_159' title='bbox 3116 918 3168 969; x_wconf 90' lang='lat' dir='ltr'><strong>in</strong></span> <span class='ocrx_word' id='word_1_160' title='bbox 3195 916 3387 984; x_wconf 86' lang='lat' dir='ltr'><strong>Israel,</strong></span> <span class='ocrx_word' id='word_1_161' title='bbox 3406 920 3497 972; x_wconf 82' lang='lat' dir='ltr'><strong>do-</strong></span> 
     </span>
    </p>
   </div>
   <div class='ocr_carea' id='block_1_24' title="bbox 1918 986 3495 1072">
    <p class='ocr_par' dir='ltr' id='par_1_24' title="bbox 1918 986 3495 1072">
     <span class='ocr_line' id='line_1_24' title="bbox 1918 986 3495 1072; baseline 0.005 -19"><span class='ocrx_word' id='word_1_162' title='bbox 1918 1016 2009 1054; x_wconf 87' lang='lat' dir='ltr'><strong>nec</strong></span> <span class='ocrx_word' id='word_1_163' title='bbox 2053 1000 2319 1070; x_wconf 82' lang='lat' dir='ltr'><strong>plenitudo</strong></span> <span class='ocrx_word' id='word_1_164' title='bbox 2365 1004 2595 1072; x_wconf 86' lang='lat' dir='ltr'><strong>gentium</strong></span> <span class='ocrx_word' id='word_1_165' title='bbox 2639 986 2878 1068; x_wconf 84' lang='lat' dir='ltr'><strong>intraret,</strong></span> <span class='ocrx_word' id='word_1_166' title='bbox 2914 1015 2962 1058; x_wconf 86' lang='lat' dir='ltr'><strong>et</strong></span> <span class='ocrx_word' id='word_1_167' title='bbox 3006 1006 3081 1059; x_wconf 86' lang='lat' dir='ltr'><strong>sic</strong></span> <span class='ocrx_word' id='word_1_168' title='bbox 3115 1009 3281 1061; x_wconf 88' lang='lat' dir='ltr'><strong>omnis</strong></span> <span class='ocrx_word' id='word_1_169' title='bbox 3326 1007 3495 1061; x_wconf 79' lang='lat' dir='ltr'><strong>Israel</strong></span> 
     </span>
    </p>
   </div>
   <div class='ocr_carea' id='block_1_25' title="bbox 1918 1091 3495 1166">
    <p class='ocr_par' dir='ltr' id='par_1_25' title="bbox 1918 1091 3495 1166">
     <span class='ocr_line' id='line_1_25' title="bbox 1918 1091 3495 1166; baseline 0.005 -21"><span class='ocrx_word' id='word_1_170' title='bbox 1918 1091 2093 1145; x_wconf 83' lang='lat' dir='ltr'><strong>salvus</strong></span> <span class='ocrx_word' id='word_1_171' title='bbox 2132 1091 2278 1160; x_wconf 76' lang='lat' dir='ltr'><strong>ﬁeret</strong></span> <span class='ocrx_word' id='word_1_172' title='bbox 2334 1092 2507 1162; x_wconf 82' lang='lat' dir='ltr'><strong>(Rom.</strong></span> <span class='ocrx_word' id='word_1_173' title='bbox 2548 1110 2626 1159; x_wconf 74' lang='lat' dir='ltr'><strong>XI,</strong></span> <span class='ocrx_word' id='word_1_174' title='bbox 2652 1094 2767 1163; x_wconf 72' lang='grc'>25).</span> <span class='ocrx_word' id='word_1_175' title='bbox 2802 1095 2936 1149; x_wconf 83' lang='lat' dir='ltr'><strong>Nam</strong></span> <span class='ocrx_word' id='word_1_176' title='bbox 2981 1097 3105 1166; x_wconf 83' lang='lat' dir='ltr'><strong>quia</strong></span> <span class='ocrx_word' id='word_1_177' title='bbox 3144 1098 3196 1152; x_wconf 92' lang='lat' dir='ltr'><strong>in</strong></span> <span class='ocrx_word' id='word_1_178' title='bbox 3251 1108 3495 1155; x_wconf 78' lang='lat' dir='ltr'><strong>extremo</strong></span> 
     </span>
    </p>
   </div>
   <div class='ocr_carea' id='block_1_26' title="bbox 1920 1183 3497 1259">
    <p class='ocr_par' dir='ltr' id='par_1_26' title="bbox 1920 1183 3497 1259">
     <span class='ocr_line' id='line_1_26' title="bbox 1920 1183 3497 1259; baseline 0.005 -23"><span class='ocrx_word' id='word_1_179' title='bbox 1920 1191 2160 1253; x_wconf 88' lang='lat' dir='ltr'><strong>tempore</strong></span> <span class='ocrx_word' id='word_1_180' title='bbox 2178 1183 2425 1238; x_wconf 84' lang='lat' dir='ltr'><strong>Salvator</strong></span> <span class='ocrx_word' id='word_1_181' title='bbox 2453 1185 2517 1237; x_wconf 89' lang='lat' dir='ltr'><strong>ad</strong></span> <span class='ocrx_word' id='word_1_182' title='bbox 2549 1185 2802 1255; x_wconf 87' lang='lat' dir='ltr'><strong>reliquias</strong></span> <span class='ocrx_word' id='word_1_183' title='bbox 2827 1184 2991 1241; x_wconf 86' lang='lat' dir='ltr'><strong>Israel</strong></span> <span class='ocrx_word' id='word_1_184' title='bbox 3016 1198 3340 1254; x_wconf 83' lang='lat' dir='ltr'><strong>revertetur,</strong></span> <span class='ocrx_word' id='word_1_185' title='bbox 3371 1201 3497 1259; x_wconf 89' lang='lat' dir='ltr'><strong>apte</strong></span> 
     </span>
    </p>
   </div>
   <div class='ocr_carea' id='block_1_27' title="bbox 1919 1276 3500 1346">
    <p class='ocr_par' dir='ltr' id='par_1_27' title="bbox 1919 1276 3500 1346">
     <span class='ocr_line' id='line_1_27' title="bbox 1919 1276 3500 1346; baseline 0.004 -18"><span class='ocrx_word' id='word_1_186' title='bbox 1919 1276 2261 1346; x_wconf 80' lang='lat' dir='ltr'><strong>subjungitur</strong></span> <span class='ocrx_word' id='word_1_187' title='bbox 2296 1294 2309 1329; x_wconf 91' lang='lat'><strong>:</strong></span> <span class='ocrx_word' id='word_1_188' title='bbox 2344 1277 2410 1329; x_wconf 83' lang='lat' dir='ltr'><strong>Et</strong></span> <span class='ocrx_word' id='word_1_189' title='bbox 2450 1276 2711 1332; x_wconf 73' lang='lat' dir='ltr'><strong>descendit</strong></span> <span class='ocrx_word' id='word_1_190' title='bbox 2751 1295 2868 1332; x_wconf 80' lang='lat' dir='ltr'><strong>cum</strong></span> <span class='ocrx_word' id='word_1_191' title='bbox 2915 1280 3009 1343; x_wconf 86' lang='lat' dir='ltr'><strong>eis,</strong></span> <span class='ocrx_word' id='word_1_192' title='bbox 3056 1289 3103 1332; x_wconf 89' lang='lat' dir='ltr'><strong>et</strong></span> <span class='ocrx_word' id='word_1_193' title='bbox 3150 1282 3281 1333; x_wconf 80' lang='lat' dir='ltr'><strong>venit</strong></span> <span class='ocrx_word' id='word_1_194' title='bbox 3323 1280 3500 1335; x_wconf 79' lang='lat' dir='ltr'><strong>Naza-</strong></span> 
     </span>
    </p>
   </div>
   <div class='ocr_carea' id='block_1_28' title="bbox 1920 1363 3495 1421">
    <p class='ocr_par' dir='ltr' id='par_1_28' title="bbox 1920 1363 3495 1421">
     <span class='ocr_line' id='line_1_28' title="bbox 1920 1363 3495 1421; baseline 0.004 -7"><span class='ocrx_word' id='word_1_195' title='bbox 1920 1363 2031 1415; x_wconf 88' lang='lat' dir='ltr'><strong>retlt</strong></span> <span class='ocrx_word' id='word_1_196' title='bbox 2056 1376 2073 1414; x_wconf 91' lang='lat'><em>:</em></span> <span class='ocrx_word' id='word_1_197' title='bbox 2102 1373 2150 1415; x_wconf 90' lang='lat' dir='ltr'><strong>et</strong></span> <span class='ocrx_word' id='word_1_198' title='bbox 2179 1372 2292 1416; x_wconf 89' lang='lat' dir='ltr'><strong>erat</strong></span> <span class='ocrx_word' id='word_1_199' title='bbox 2313 1364 2553 1418; x_wconf 84' lang='lat' dir='ltr'><strong>subditus</strong></span> <span class='ocrx_word' id='word_1_200' title='bbox 2577 1365 2701 1419; x_wconf 88' lang='lat' dir='ltr'><strong>illis.</strong></span> <span class='ocrx_word' id='word_1_201' title='bbox 2734 1365 3004 1420; x_wconf 82' lang='lat' dir='ltr'><strong>Descendit</strong></span> <span class='ocrx_word' id='word_1_202' title='bbox 3037 1366 3179 1421; x_wconf 89' lang='lat' dir='ltr'><strong>enim</strong></span> <span class='ocrx_word' id='word_1_203' title='bbox 3204 1368 3495 1421; x_wconf 87' lang='lat' dir='ltr'><strong>novissime</strong></span> 
     </span>
    </p>
   </div>
   <div class='ocr_carea' id='block_1_29' title="bbox 1920 1453 3494 1522">
    <p class='ocr_par' dir='ltr' id='par_1_29' title="bbox 1920 1453 3494 1522">
     <span class='ocr_line' id='line_1_29' title="bbox 1920 1453 3494 1522; baseline 0.003 -15"><span class='ocrx_word' id='word_1_204' title='bbox 1920 1470 2038 1507; x_wconf 85' lang='lat' dir='ltr'><strong>cum</strong></span> <span class='ocrx_word' id='word_1_205' title='bbox 2067 1453 2306 1510; x_wconf 74' lang='lat' dir='ltr'><strong>llebrzeis</strong></span> <span class='ocrx_word' id='word_1_206' title='bbox 2332 1473 2344 1509; x_wconf 92' lang='lat'>:</span> <span class='ocrx_word' id='word_1_207' title='bbox 2368 1466 2415 1509; x_wconf 90' lang='lat' dir='ltr'><strong>et</strong></span> <span class='ocrx_word' id='word_1_208' title='bbox 2438 1458 2571 1509; x_wconf 81' lang='lat' dir='ltr'><strong>venit</strong></span> <span class='ocrx_word' id='word_1_209' title='bbox 2596 1456 2886 1522; x_wconf 76' lang='lat' dir='ltr'><strong>Nazareth,</strong></span> <span class='ocrx_word' id='word_1_210' title='bbox 2917 1458 3003 1511; x_wconf 91' lang='lat' dir='ltr'><strong>ubi</strong></span> <span class='ocrx_word' id='word_1_211' title='bbox 3032 1458 3269 1512; x_wconf 84' lang='lat' dir='ltr'><strong>nutritus</strong></span> <span class='ocrx_word' id='word_1_212' title='bbox 3292 1458 3494 1521; x_wconf 79' lang='lat' dir='ltr'><strong>fuerat;</strong></span> 
     </span>
    </p>
   </div>
   <div class='ocr_carea' id='block_1_30' title="bbox 1920 1546 3499 1616">
    <p class='ocr_par' dir='ltr' id='par_1_30' title="bbox 1920 1546 3499 1616">
     <span class='ocr_line' id='line_1_30' title="bbox 1920 1546 3499 1616; baseline 0.001 -18"><span class='ocrx_word' id='word_1_213' title='bbox 1920 1546 2043 1614; x_wconf 84' lang='lat' dir='ltr'><strong>quia</strong></span> <span class='ocrx_word' id='word_1_214' title='bbox 2076 1560 2201 1599; x_wconf 89' lang='lat' dir='ltr'><strong>cunt</strong></span> <span class='ocrx_word' id='word_1_215' title='bbox 2253 1547 2336 1600; x_wconf 89' lang='lat' dir='ltr'><strong>bis</strong></span> <span class='ocrx_word' id='word_1_216' title='bbox 2364 1548 2453 1616; x_wconf 91' lang='lat' dir='ltr'><strong>qui</strong></span> <span class='ocrx_word' id='word_1_217' title='bbox 2501 1547 2566 1601; x_wconf 88' lang='lat' dir='ltr'><strong>de</strong></span> <span class='ocrx_word' id='word_1_218' title='bbox 2608 1546 3021 1603; x_wconf 88' lang='lat' dir='ltr'><strong>circumcisione</strong></span> <span class='ocrx_word' id='word_1_219' title='bbox 3046 1549 3408 1613; x_wconf 82' lang='lat' dir='ltr'><strong>crediderant,</strong></span> <span class='ocrx_word' id='word_1_220' title='bbox 3440 1564 3499 1603; x_wconf 84' lang='lat' dir='ltr'><strong>se</strong></span> 
     </span>
    </p>
   </div>
   <div class='ocr_carea' id='block_1_31' title="bbox 1921 1636 3493 1706">
    <p class='ocr_par' dir='ltr' id='par_1_31' title="bbox 1921 1636 3493 1706">
     <span class='ocr_line' id='line_1_31' title="bbox 1921 1636 3493 1706; baseline 0 -15"><span class='ocrx_word' id='word_1_221' title='bbox 1921 1636 2345 1693; x_wconf 84' lang='lat' dir='ltr'><strong>misericorditer</strong></span> <span class='ocrx_word' id='word_1_222' title='bbox 2398 1638 2673 1693; x_wconf 87' lang='lat' dir='ltr'><strong>inclinavit</strong></span> <span class='ocrx_word' id='word_1_223' title='bbox 2740 1639 2806 1691; x_wconf 89' lang='lat' dir='ltr'><strong>ad</strong></span> <span class='ocrx_word' id='word_1_224' title='bbox 2856 1638 3064 1706; x_wconf 88' lang='lat' dir='ltr'><strong>plebem</strong></span> <span class='ocrx_word' id='word_1_225' title='bbox 3115 1638 3493 1693; x_wconf 82' lang='lat' dir='ltr'><strong>Israeliticam.</strong></span> 
     </span>
    </p>
   </div>
   <div class='ocr_carea' id='block_1_32' title="bbox 1921 1728 3497 1794">
    <p class='ocr_par' dir='ltr' id='par_1_32' title="bbox 1921 1728 3497 1794">
     <span class='ocr_line' id='line_1_32' title="bbox 1921 1728 3497 1794; baseline 0 -13"><span class='ocrx_word' id='word_1_226' title='bbox 1921 1728 2073 1794; x_wconf 78' lang='lat' dir='ltr'><strong>Quod</strong></span> <span class='ocrx_word' id='word_1_227' title='bbox 2100 1736 2278 1783; x_wconf 91' lang='lat' dir='ltr'><strong>tamen</strong></span> <span class='ocrx_word' id='word_1_228' title='bbox 2310 1729 2483 1784; x_wconf 89' lang='lat' dir='ltr'><strong>adhuc</strong></span> <span class='ocrx_word' id='word_1_229' title='bbox 2510 1738 2595 1784; x_wconf 89' lang='lat' dir='ltr'><strong>est</strong></span> <span class='ocrx_word' id='word_1_230' title='bbox 2620 1729 2879 1794; x_wconf 79' lang='lat' dir='ltr'><strong>futurum,</strong></span> <span class='ocrx_word' id='word_1_231' title='bbox 2908 1729 3033 1784; x_wconf 89' lang='lat' dir='ltr'><strong>licet</strong></span> <span class='ocrx_word' id='word_1_232' title='bbox 3059 1744 3340 1783; x_wconf 84' lang='lat' dir='ltr'><strong>narremus</strong></span> <span class='ocrx_word' id='word_1_233' title='bbox 3368 1730 3497 1782; x_wconf 89' lang='lat' dir='ltr'><strong>illud</strong></span> 
     </span>
    </p>
   </div>
   <div class='ocr_carea' id='block_1_33' title="bbox 230 1807 3498 1894">
    <p class='ocr_par' dir='ltr' id='par_1_33' title="bbox 230 1807 3498 1894">
     <span class='ocr_line' id='line_1_33' title="bbox 230 1807 3498 1894; baseline -0.001 -22"><span class='ocrx_word' id='word_1_234' title='bbox 230 1836 365 1874; x_wconf 87' lang='lat' dir='ltr'><strong>aure</strong></span> <span class='ocrx_word' id='word_1_235' title='bbox 390 1836 513 1876; x_wconf 89' lang='lat' dir='ltr'><strong>eum</strong></span> <span class='ocrx_word' id='word_1_236' title='bbox 547 1823 724 1877; x_wconf 83' lang='lat' dir='ltr'><strong>alltuc</strong></span> <span class='ocrx_word' id='word_1_237' title='bbox 770 1824 1015 1885; x_wconf 91' lang='lat' dir='ltr'><strong>audiunt,</strong></span> <span class='ocrx_word' id='word_1_238' title='bbox 1063 1832 1278 1893; x_wconf 91' lang='lat' dir='ltr'><strong>stupent</strong></span> <span class='ocrx_word' id='word_1_239' title='bbox 1312 1824 1378 1877; x_wconf 90' lang='lat' dir='ltr'><strong>ad</strong></span> <span class='ocrx_word' id='word_1_240' title='bbox 1428 1823 1544 1891; x_wconf 84' lang='lat' dir='ltr'><strong>ejus</strong></span> <span class='ocrx_word' id='word_1_241' title='bbox 1589 1825 1821 1894; x_wconf 81' lang='lat' dir='ltr'><strong>prnden-</strong></span> <span class='ocrx_word' id='word_1_242' title='bbox 1854 1807 1895 1865; x_wconf 74' lang='grc' dir='ltr'><strong>Β</strong></span> <span class='ocrx_word' id='word_1_243' title='bbox 1923 1818 2075 1886; x_wconf 79' lang='lat' dir='ltr'><strong>quasi</strong></span> <span class='ocrx_word' id='word_1_244' title='bbox 2108 1819 2461 1887; x_wconf 63' lang='lat' dir='ltr'><strong>praeteritum.</strong></span> <span class='ocrx_word' id='word_1_245' title='bbox 2488 1817 2557 1872; x_wconf 87' lang='lat' dir='ltr'><strong>Et</strong></span> <span class='ocrx_word' id='word_1_246' title='bbox 2596 1829 2704 1872; x_wconf 89' lang='lat' dir='ltr'><strong>erat</strong></span> <span class='ocrx_word' id='word_1_247' title='bbox 2734 1818 2974 1871; x_wconf 84' lang='lat' dir='ltr'><strong>subdi.&#39;us</strong></span> <span class='ocrx_word' id='word_1_248' title='bbox 3012 1819 3168 1888; x_wconf 81' lang='lat'><strong>173</strong></span> <span class='ocrx_word' id='word_1_249' title='bbox 3202 1818 3325 1879; x_wconf 86' lang='lat' dir='ltr'><strong>illis,</strong></span> <span class='ocrx_word' id='word_1_250' title='bbox 3360 1819 3498 1873; x_wconf 84' lang='lat' dir='ltr'><strong>sicut</strong></span> 
     </span>
    </p>
   </div>
   <div class='ocr_carea' id='block_1_34' title="bbox 231 1910 1820 1982">
    <p class='ocr_par' dir='ltr' id='par_1_34' title="bbox 231 1910 1820 1982">
     <span class='ocr_line' id='line_1_34' title="bbox 231 1910 1820 1982; baseline 0.003 -21"><span class='ocrx_word' id='word_1_251' title='bbox 231 1912 364 1963; x_wconf 87' lang='lat' dir='ltr'><strong>tiam</strong></span> <span class='ocrx_word' id='word_1_252' title='bbox 395 1928 408 1963; x_wconf 89' lang='lat'><strong><em>:</em></strong></span> <span class='ocrx_word' id='word_1_253' title='bbox 438 1910 577 1965; x_wconf 92' lang='lat' dir='ltr'><strong>sicut</strong></span> <span class='ocrx_word' id='word_1_254' title='bbox 598 1918 653 1965; x_wconf 86' lang='lat' dir='ltr'><strong>et</strong></span> <span class='ocrx_word' id='word_1_255' title='bbox 680 1912 871 1965; x_wconf 87' lang='lat' dir='ltr'><strong>beatus</strong></span> <span class='ocrx_word' id='word_1_256' title='bbox 900 1911 1021 1979; x_wconf 76' lang='lat' dir='ltr'><strong>Job,</strong></span> <span class='ocrx_word' id='word_1_257' title='bbox 1044 1913 1132 1979; x_wconf 92' lang='lat' dir='ltr'><strong>qui</strong></span> <span class='ocrx_word' id='word_1_258' title='bbox 1163 1912 1303 1965; x_wconf 84' lang='lat' dir='ltr'><strong>inter</strong></span> <span class='ocrx_word' id='word_1_259' title='bbox 1332 1913 1577 1966; x_wconf 77' lang='lat' dir='ltr'><strong>homines</strong></span> <span class='ocrx_word' id='word_1_260' title='bbox 1604 1914 1820 1982; x_wconf 85' lang='lat' dir='ltr'><strong>sapien-</strong></span> 
     </span>
    </p>
   </div>
   <div class='ocr_carea' id='block_1_35' title="bbox 230 1999 1820 2066">
    <p class='ocr_par' dir='ltr' id='par_1_35' title="bbox 230 1999 1820 2066">
     <span class='ocr_line' id='line_1_35' title="bbox 230 1999 1820 2066; baseline 0.003 -14"><span class='ocrx_word' id='word_1_261' title='bbox 230 2008 321 2053; x_wconf 90' lang='lat' dir='ltr'><strong>ter</strong></span> <span class='ocrx_word' id='word_1_262' title='bbox 350 1999 562 2055; x_wconf 87' lang='lat' dir='ltr'><strong>locutus</strong></span> <span class='ocrx_word' id='word_1_263' title='bbox 598 2000 813 2066; x_wconf 76' lang='lat' dir='ltr'><strong>fuerat;</strong></span> <span class='ocrx_word' id='word_1_264' title='bbox 860 2002 954 2055; x_wconf 86' lang='lat' dir='ltr'><strong>sed</strong></span> <span class='ocrx_word' id='word_1_265' title='bbox 998 2001 1199 2055; x_wconf 89' lang='lat' dir='ltr'><strong>auditis</strong></span> <span class='ocrx_word' id='word_1_266' title='bbox 1246 2003 1336 2055; x_wconf 86' lang='lat' dir='ltr'><strong>Dei</strong></span> <span class='ocrx_word' id='word_1_267' title='bbox 1376 2004 1717 2056; x_wconf 83' lang='lat' dir='ltr'><strong>sermonibus</strong></span> <span class='ocrx_word' id='word_1_268' title='bbox 1763 2018 1820 2057; x_wconf 86' lang='lat' dir='ltr'><strong>se</strong></span> 
     </span>
    </p>
   </div>
   <div class='ocr_carea' id='block_1_36' title="bbox 228 2091 1822 2164">
    <p class='ocr_par' dir='ltr' id='par_1_36' title="bbox 228 2091 1822 2164">
     <span class='ocr_line' id='line_1_36' title="bbox 228 2091 1822 2164; baseline 0.003 -21"><span class='ocrx_word' id='word_1_269' title='bbox 228 2091 373 2144; x_wconf 76' lang='lat' dir='ltr'><strong>dixit</strong></span> <span class='ocrx_word' id='word_1_270' title='bbox 422 2092 737 2161; x_wconf 88' lang='lat' dir='ltr'><strong>insipienter</strong></span> <span class='ocrx_word' id='word_1_271' title='bbox 794 2093 1047 2147; x_wconf 89' lang='lat' dir='ltr'><strong>locutum.</strong></span> <span class='ocrx_word' id='word_1_272' title='bbox 1108 2093 1389 2162; x_wconf 78' lang='lat' dir='ltr'><strong>Responsa</strong></span> <span class='ocrx_word' id='word_1_273' title='bbox 1447 2109 1658 2163; x_wconf 89' lang='lat' dir='ltr'><strong>quoque</strong></span> <span class='ocrx_word' id='word_1_274' title='bbox 1706 2095 1822 2164; x_wconf 76' lang='lat' dir='ltr'><strong>ejus</strong></span> 
     </span>
    </p>
   </div>
   <div class='ocr_carea' id='block_1_37' title="bbox 225 2181 1820 2251">
    <p class='ocr_par' dir='ltr' id='par_1_37' title="bbox 225 2181 1820 2251">
     <span class='ocr_line' id='line_1_37' title="bbox 225 2181 1820 2251; baseline 0.002 -17"><span class='ocrx_word' id='word_1_275' title='bbox 225 2189 364 2234; x_wconf 86' lang='lat' dir='ltr'><strong>sunt</strong></span> <span class='ocrx_word' id='word_1_276' title='bbox 388 2181 678 2249; x_wconf 80' lang='lat' dir='ltr'><strong>stupenda.</strong></span> <span class='ocrx_word' id='word_1_277' title='bbox 718 2182 1065 2251; x_wconf 80' lang='lat' dir='ltr'><strong>Respondere</strong></span> <span class='ocrx_word' id='word_1_278' title='bbox 1097 2183 1241 2236; x_wconf 91' lang='lat' dir='ltr'><strong>enim</strong></span> <span class='ocrx_word' id='word_1_279' title='bbox 1274 2183 1416 2237; x_wconf 87' lang='lat' dir='ltr'><strong>illius</strong></span> <span class='ocrx_word' id='word_1_280' title='bbox 1439 2193 1539 2244; x_wconf 85' lang='lat' dir='ltr'><strong>est,</strong></span> <span class='ocrx_word' id='word_1_281' title='bbox 1574 2200 1695 2235; x_wconf 88' lang='lat' dir='ltr'><strong>eum</strong></span> <span class='ocrx_word' id='word_1_282' title='bbox 1730 2184 1820 2251; x_wconf 85' lang='lat' dir='ltr'><strong>qui</strong></span> 
     </span>
    </p>
   </div>
   <div class='ocr_carea' id='block_1_38' title="bbox 227 2270 1823 2341">
    <p class='ocr_par' dir='ltr' id='par_1_38' title="bbox 227 2270 1823 2341">
     <span class='ocr_line' id='line_1_38' title="bbox 227 2270 1823 2341; baseline 0 -18"><span class='ocrx_word' id='word_1_283' title='bbox 227 2284 293 2323; x_wconf 83' lang='lat' dir='ltr'><strong>se</strong></span> <span class='ocrx_word' id='word_1_284' title='bbox 328 2270 604 2324; x_wconf 91' lang='lat' dir='ltr'><strong>humiliter</strong></span> <span class='ocrx_word' id='word_1_285' title='bbox 632 2271 962 2327; x_wconf 78' lang='lat' dir='ltr'><strong>nescientem</strong></span> <span class='ocrx_word' id='word_1_286' title='bbox 991 2272 1335 2341; x_wconf 82' lang='lat' dir='ltr'><strong>cognoverit,</strong></span> <span class='ocrx_word' id='word_1_287' title='bbox 1380 2271 1607 2325; x_wconf 80' lang='lat' dir='ltr'><strong>occultis</strong></span> <span class='ocrx_word' id='word_1_288' title='bbox 1657 2272 1823 2339; x_wconf 79' lang='lat' dir='ltr'><strong>inSpi-</strong></span> 
     </span>
    </p>
   </div>
   <div class='ocr_carea' id='block_1_39' title="bbox 231 2360 1825 2431">
    <p class='ocr_par' dir='ltr' id='par_1_39' title="bbox 231 2360 1825 2431">
     <span class='ocr_line' id='line_1_39' title="bbox 231 2360 1825 2431; baseline 0.003 -18"><span class='ocrx_word' id='word_1_289' title='bbox 231 2360 544 2417; x_wconf 86' lang='lat' dir='ltr'><strong>rationibns</strong></span> <span class='ocrx_word' id='word_1_290' title='bbox 589 2362 823 2415; x_wconf 86' lang='lat' dir='ltr'><strong>erudire.</strong></span> <span class='ocrx_word' id='word_1_291' title='bbox 878 2360 1187 2431; x_wconf 78' lang='lat' dir='ltr'><strong>Respondet</strong></span> <span class='ocrx_word' id='word_1_292' title='bbox 1222 2363 1367 2415; x_wconf 86' lang='lat' dir='ltr'><strong>enim</strong></span> <span class='ocrx_word' id='word_1_293' title='bbox 1402 2376 1467 2415; x_wconf 79' lang='lat' dir='ltr'><strong>ex</strong></span> <span class='ocrx_word' id='word_1_294' title='bbox 1514 2361 1825 2429; x_wconf 82' lang='lat' dir='ltr'><strong>magisterio</strong></span> 
     </span>
    </p>
   </div>
   <div class='ocr_carea' id='block_1_40' title="bbox 234 2452 1825 2521">
    <p class='ocr_par' dir='ltr' id='par_1_40' title="bbox 234 2452 1825 2521">
     <span class='ocr_line' id='line_1_40' title="bbox 234 2452 1825 2521; baseline 0.001 -17"><span class='ocrx_word' id='word_1_295' title='bbox 234 2453 617 2521; x_wconf 79' lang='lat' dir='ltr'><strong>:Spiratiouis,</strong></span> <span class='ocrx_word' id='word_1_296' title='bbox 662 2463 720 2508; x_wconf 83' lang='lat' dir='ltr'><strong>et</strong></span> <span class='ocrx_word' id='word_1_297' title='bbox 768 2464 1002 2508; x_wconf 90' lang='lat' dir='ltr'><strong>mentem</strong></span> <span class='ocrx_word' id='word_1_298' title='bbox 1042 2453 1324 2508; x_wconf 88' lang='lat' dir='ltr'><strong>humilium</strong></span> <span class='ocrx_word' id='word_1_299' title='bbox 1370 2452 1694 2505; x_wconf 87' lang='lat' dir='ltr'><strong>mirabiliter</strong></span> <span class='ocrx_word' id='word_1_300' title='bbox 1732 2454 1825 2506; x_wconf 86' lang='lat' dir='ltr'><strong>do-</strong></span> 
     </span>
    </p>
   </div>
   <div class='ocr_carea' id='block_1_41' title="bbox 232 2540 1825 2610">
    <p class='ocr_par' dir='ltr' id='par_1_41' title="bbox 232 2540 1825 2610">
     <span class='ocr_line' id='line_1_41' title="bbox 232 2540 1825 2610; baseline -0.002 -14"><span class='ocrx_word' id='word_1_301' title='bbox 232 2553 347 2597; x_wconf 82' lang='lat' dir='ltr'><strong>cet.</strong></span> <span class='ocrx_word' id='word_1_302' title='bbox 383 2542 719 2610; x_wconf 75' lang='lat' dir='ltr'><strong>llespnmlet,</strong></span> <span class='ocrx_word' id='word_1_303' title='bbox 753 2544 893 2599; x_wconf 88' lang='lat' dir='ltr'><strong>sicut</strong></span> <span class='ocrx_word' id='word_1_304' title='bbox 922 2552 977 2597; x_wconf 88' lang='lat' dir='ltr'><strong>et</strong></span> <span class='ocrx_word' id='word_1_305' title='bbox 1026 2544 1150 2597; x_wconf 90' lang='lat' dir='ltr'><strong>alibi</strong></span> <span class='ocrx_word' id='word_1_306' title='bbox 1201 2543 1403 2597; x_wconf 86' lang='lat' dir='ltr'><strong>dictum</strong></span> <span class='ocrx_word' id='word_1_307' title='bbox 1438 2550 1520 2596; x_wconf 85' lang='lat' dir='ltr'><strong>est</strong></span> <span class='ocrx_word' id='word_1_308' title='bbox 1549 2541 1595 2594; x_wconf 90' lang='lat' dir='ltr'><strong>ei</strong></span> <span class='ocrx_word' id='word_1_309' title='bbox 1633 2560 1645 2594; x_wconf 92' lang='lat'>:</span> <span class='ocrx_word' id='word_1_310' title='bbox 1687 2540 1825 2594; x_wconf 82' lang='lat' dir='ltr'><strong>Voca</strong></span> 
     </span>
    </p>
   </div>
   <div class='ocr_carea' id='block_1_42' title="bbox 231 2632 1827 2707">
    <p class='ocr_par' dir='ltr' id='par_1_42' title="bbox 231 2632 1827 2707">
     <span class='ocr_line' id='line_1_42' title="bbox 231 2632 1827 2707; baseline 0 -20"><span class='ocrx_word' id='word_1_311' title='bbox 231 2650 340 2698; x_wconf 77' lang='lat' dir='ltr'><strong>me,</strong></span> <span class='ocrx_word' id='word_1_312' title='bbox 370 2644 417 2687; x_wconf 86' lang='lat' dir='ltr'><strong>et</strong></span> <span class='ocrx_word' id='word_1_313' title='bbox 436 2635 752 2703; x_wconf 77' lang='lat' dir='ltr'><strong>respondebo</strong></span> <span class='ocrx_word' id='word_1_314' title='bbox 782 2636 911 2700; x_wconf 86' lang='lat' dir='ltr'><strong>tibi;</strong></span> <span class='ocrx_word' id='word_1_315' title='bbox 936 2645 1025 2688; x_wconf 88' lang='lat' dir='ltr'><strong>aut</strong></span> <span class='ocrx_word' id='word_1_316' title='bbox 1044 2644 1179 2689; x_wconf 78' lang='lat' dir='ltr'><strong>certe</strong></span> <span class='ocrx_word' id='word_1_317' title='bbox 1199 2635 1405 2703; x_wconf 87' lang='lat' dir='ltr'><strong>loquar,</strong></span> <span class='ocrx_word' id='word_1_318' title='bbox 1434 2646 1480 2687; x_wconf 89' lang='lat' dir='ltr'><strong>et</strong></span> <span class='ocrx_word' id='word_1_319' title='bbox 1498 2645 1553 2687; x_wconf 88' lang='lat' dir='ltr'><strong>tu</strong></span> <span class='ocrx_word' id='word_1_320' title='bbox 1577 2632 1827 2707; x_wconf 78' lang='lat' dir='ltr'><strong>responde</strong></span> 
     </span>
    </p>
   </div>
   <div class='ocr_carea' id='block_1_43' title="bbox 232 2725 1829 2795">
    <p class='ocr_par' dir='ltr' id='par_1_43' title="bbox 232 2725 1829 2795">
     <span class='ocr_line' id='line_1_43' title="bbox 232 2725 1829 2795; baseline -0.002 -15"><span class='ocrx_word' id='word_1_321' title='bbox 232 2726 370 2780; x_wconf 79' lang='lat' dir='ltr'><strong>mihi</strong></span> <span class='ocrx_word' id='word_1_322' title='bbox 395 2725 520 2793; x_wconf 82' lang='lat' dir='ltr'><strong>(Job</strong></span> <span class='ocrx_word' id='word_1_323' title='bbox 574 2742 691 2786; x_wconf 80' lang='lat' dir='ltr'><strong>xm.</strong></span> <span class='ocrx_word' id='word_1_324' title='bbox 720 2726 834 2795; x_wconf 74' lang='grc'>22).</span> <span class='ocrx_word' id='word_1_325' title='bbox 862 2727 1068 2783; x_wconf 84' lang='lat' dir='ltr'><strong>Vorare</strong></span> <span class='ocrx_word' id='word_1_326' title='bbox 1090 2729 1231 2781; x_wconf 79' lang='lat' dir='ltr'><strong>enim</strong></span> <span class='ocrx_word' id='word_1_327' title='bbox 1264 2728 1355 2781; x_wconf 88' lang='lat' dir='ltr'><strong>Dei</strong></span> <span class='ocrx_word' id='word_1_328' title='bbox 1386 2735 1492 2791; x_wconf 88' lang='lat' dir='ltr'><strong>est,</strong></span> <span class='ocrx_word' id='word_1_329' title='bbox 1518 2742 1615 2780; x_wconf 88' lang='lat' dir='ltr'><strong>nos</strong></span> <span class='ocrx_word' id='word_1_330' title='bbox 1641 2740 1829 2780; x_wconf 81' lang='lat' dir='ltr'><strong>aman-</strong></span> 
     </span>
    </p>
   </div>
   <div class='ocr_carea' id='block_1_44' title="bbox 235 2815 1826 2887">
    <p class='ocr_par' dir='ltr' id='par_1_44' title="bbox 235 2815 1826 2887">
     <span class='ocr_line' id='line_1_44' title="bbox 235 2815 1826 2887; baseline 0.001 -18"><span class='ocrx_word' id='word_1_331' title='bbox 235 2818 310 2869; x_wconf 91' lang='lat' dir='ltr'><strong>do</strong></span> <span class='ocrx_word' id='word_1_332' title='bbox 374 2824 430 2869; x_wconf 92' lang='lat' dir='ltr'><strong>et</strong></span> <span class='ocrx_word' id='word_1_333' title='bbox 474 2815 723 2886; x_wconf 87' lang='lat' dir='ltr'><strong>eligendo</strong></span> <span class='ocrx_word' id='word_1_334' title='bbox 778 2818 1071 2887; x_wconf 85' lang='lat' dir='ltr'><strong>respicere.</strong></span> <span class='ocrx_word' id='word_1_335' title='bbox 1113 2817 1460 2886; x_wconf 59' lang='lat' dir='ltr'><strong>[impendere</strong></span> <span class='ocrx_word' id='word_1_336' title='bbox 1499 2826 1687 2871; x_wconf 81' lang='lat' dir='ltr'><strong>autem</strong></span> <span class='ocrx_word' id='word_1_337' title='bbox 1734 2831 1826 2870; x_wconf 89' lang='lat' dir='ltr'><strong>no-</strong></span> 
     </span>
    </p>
   </div>
   <div class='ocr_carea' id='block_1_45' title="bbox 234 2903 1826 2975">
    <p class='ocr_par' dir='ltr' id='par_1_45' title="bbox 234 2903 1826 2975">
     <span class='ocr_line' id='line_1_45' title="bbox 234 2903 1826 2975; baseline -0.001 -15"><span class='ocrx_word' id='word_1_338' title='bbox 234 2916 417 2960; x_wconf 85' lang='lat' dir='ltr'><strong>strum</strong></span> <span class='ocrx_word' id='word_1_339' title='bbox 453 2913 553 2969; x_wconf 89' lang='lat' dir='ltr'><strong>est,</strong></span> <span class='ocrx_word' id='word_1_340' title='bbox 608 2907 778 2961; x_wconf 91' lang='lat' dir='ltr'><strong>amori</strong></span> <span class='ocrx_word' id='word_1_341' title='bbox 818 2906 959 2960; x_wconf 91' lang='lat' dir='ltr'><strong>illius</strong></span> <span class='ocrx_word' id='word_1_342' title='bbox 989 2906 1143 2960; x_wconf 86' lang='lat' dir='ltr'><strong>bonis</strong></span> <span class='ocrx_word' id='word_1_343' title='bbox 1170 2906 1423 2974; x_wconf 86' lang='lat' dir='ltr'><strong>operibus</strong></span> <span class='ocrx_word' id='word_1_344' title='bbox 1467 2921 1678 2975; x_wconf 76' lang='lat' dir='ltr'><strong>parere.</strong></span> <span class='ocrx_word' id='word_1_345' title='bbox 1721 2903 1826 2958; x_wconf 90' lang='lat' dir='ltr'><strong>Lo—</strong></span> 
     </span>
    </p>
   </div>
   <div class='ocr_carea' id='block_1_46' title="bbox 237 2996 1826 3068">
    <p class='ocr_par' dir='ltr' id='par_1_46' title="bbox 237 2996 1826 3068">
     <span class='ocr_line' id='line_1_46' title="bbox 237 2996 1826 3068; baseline -0.003 -14"><span class='ocrx_word' id='word_1_346' title='bbox 237 2998 463 3068; x_wconf 74' lang='lat' dir='ltr'><strong>quimur</strong></span> <span class='ocrx_word' id='word_1_347' title='bbox 514 2998 698 3063; x_wconf 85' lang='lat' dir='ltr'><strong>etiam,</strong></span> <span class='ocrx_word' id='word_1_348' title='bbox 767 3014 890 3053; x_wconf 88' lang='lat' dir='ltr'><strong>cmn</strong></span> <span class='ocrx_word' id='word_1_349' title='bbox 941 2996 1061 3066; x_wconf 90' lang='lat' dir='ltr'><strong>ejus</strong></span> <span class='ocrx_word' id='word_1_350' title='bbox 1112 2997 1304 3051; x_wconf 80' lang='lat' dir='ltr'><strong>faciem</strong></span> <span class='ocrx_word' id='word_1_351' title='bbox 1356 3012 1452 3067; x_wconf 81' lang='lat' dir='ltr'><strong>per</strong></span> <span class='ocrx_word' id='word_1_352' title='bbox 1502 2996 1826 3051; x_wconf 83' lang='lat' dir='ltr'><strong>desiderium</strong></span> 
     </span>
    </p>
   </div>
   <div class='ocr_carea' id='block_1_47' title="bbox 239 3089 1827 3160">
    <p class='ocr_par' dir='ltr' id='par_1_47' title="bbox 239 3089 1827 3160">
     <span class='ocr_line' id='line_1_47' title="bbox 239 3089 1827 3160; baseline -0.002 -15"><span class='ocrx_word' id='word_1_353' title='bbox 239 3090 601 3160; x_wconf 82' lang='lat' dir='ltr'><strong>postulamus.</strong></span> <span class='ocrx_word' id='word_1_354' title='bbox 630 3089 693 3143; x_wconf 90' lang='lat' dir='ltr'><strong>Et</strong></span> <span class='ocrx_word' id='word_1_355' title='bbox 724 3091 837 3159; x_wconf 90' lang='lat' dir='ltr'><strong>ipse</strong></span> <span class='ocrx_word' id='word_1_356' title='bbox 882 3091 1170 3159; x_wconf 78' lang='lat' dir='ltr'><strong>reSpoudet</strong></span> <span class='ocrx_word' id='word_1_357' title='bbox 1197 3089 1559 3160; x_wconf 83' lang='lat' dir='ltr'><strong>loquentibus,</strong></span> <span class='ocrx_word' id='word_1_358' title='bbox 1580 3105 1703 3145; x_wconf 87' lang='lat' dir='ltr'><strong>cum</strong></span> <span class='ocrx_word' id='word_1_359' title='bbox 1730 3104 1827 3143; x_wconf 90' lang='lat' dir='ltr'><strong>no-</strong></span> 
     </span>
    </p>
   </div>
   <div class='ocr_carea' id='block_1_48' title="bbox 241 3174 1035 3249">
    <p class='ocr_par' dir='ltr' id='par_1_48' title="bbox 241 3174 1035 3249">
     <span class='ocr_line' id='line_1_48' title="bbox 241 3174 1035 3249; baseline -0.004 -12"><span class='ocrx_word' id='word_1_360' title='bbox 241 3182 340 3237; x_wconf 77' lang='lat' dir='ltr'><strong>bis.</strong></span> <span class='ocrx_word' id='word_1_361' title='bbox 357 3195 417 3235; x_wconf 88' lang='lat' dir='ltr'><strong>se</strong></span> <span class='ocrx_word' id='word_1_362' title='bbox 449 3174 753 3234; x_wconf 82' lang='lat' dir='ltr'><strong>amantibus</strong></span> <span class='ocrx_word' id='word_1_363' title='bbox 790 3189 1035 3249; x_wconf 81' lang='lat' dir='ltr'><strong>apparet.</strong></span> 
     </span>
    </p>
   </div>
   <div class='ocr_carea' id='block_1_49' title="bbox 317 3267 1826 3337">
    <p class='ocr_par' dir='ltr' id='par_1_49' title="bbox 317 3267 1826 3337">
     <span class='ocr_line' id='line_1_49' title="bbox 317 3267 1826 3337; baseline -0.002 -14"><span class='ocrx_word' id='word_1_364' title='bbox 317 3269 621 3337; x_wconf 75' lang='lat' dir='ltr'><strong>Sequitur:</strong></span> <span class='ocrx_word' id='word_1_365' title='bbox 659 3267 726 3320; x_wconf 78' lang='lat' dir='ltr'><strong>Et</strong></span> <span class='ocrx_word' id='word_1_366' title='bbox 777 3268 1005 3322; x_wconf 80' lang='lat' dir='ltr'><strong>ridentes</strong></span> <span class='ocrx_word' id='word_1_367' title='bbox 1062 3268 1313 3321; x_wconf 74' lang='lat' dir='ltr'><strong>admirati</strong></span> <span class='ocrx_word' id='word_1_368' title='bbox 1370 3279 1509 3322; x_wconf 83' lang='lat' dir='ltr'><strong>sunt.</strong></span> <span class='ocrx_word' id='word_1_369' title='bbox 1564 3267 1826 3321; x_wconf 82' lang='lat' dir='ltr'><strong>Admirati</strong></span> 
     </span>
    </p>
   </div>
   <div class='ocr_carea' id='block_1_50' title="bbox 241 3357 1829 3429">
    <p class='ocr_par' dir='ltr' id='par_1_50' title="bbox 241 3357 1829 3429">
     <span class='ocr_line' id='line_1_50' title="bbox 241 3357 1829 3429; baseline -0.002 -15"><span class='ocrx_word' id='word_1_370' title='bbox 241 3368 375 3415; x_wconf 81' lang='lat' dir='ltr'><strong>sunt</strong></span> <span class='ocrx_word' id='word_1_371' title='bbox 420 3366 676 3429; x_wconf 86' lang='lat' dir='ltr'><strong>parentes</strong></span> <span class='ocrx_word' id='word_1_372' title='bbox 724 3357 860 3428; x_wconf 87' lang='lat' dir='ltr'><strong>ejus,</strong></span> <span class='ocrx_word' id='word_1_373' title='bbox 900 3375 1023 3413; x_wconf 86' lang='lat' dir='ltr'><strong>cum</strong></span> <span class='ocrx_word' id='word_1_374' title='bbox 1072 3375 1194 3413; x_wconf 90' lang='lat' dir='ltr'><strong>eum</strong></span> <span class='ocrx_word' id='word_1_375' title='bbox 1230 3360 1282 3413; x_wconf 89' lang='lat' dir='ltr'><strong>in</strong></span> <span class='ocrx_word' id='word_1_376' title='bbox 1316 3360 1513 3429; x_wconf 87' lang='lat' dir='ltr'><strong>templo</strong></span> <span class='ocrx_word' id='word_1_377' title='bbox 1544 3359 1599 3413; x_wconf 92' lang='lat' dir='ltr'><strong>in</strong></span> <span class='ocrx_word' id='word_1_378' title='bbox 1652 3359 1829 3412; x_wconf 92' lang='lat' dir='ltr'><strong>medio</strong></span> 
     </span>
    </p>
   </div>
   <div class='ocr_carea' id='block_1_51' title="bbox 243 3447 1831 3517">
    <p class='ocr_par' dir='ltr' id='par_1_51' title="bbox 243 3447 1831 3517">
     <span class='ocr_line' id='line_1_51' title="bbox 243 3447 1831 3517; baseline 0 -15"><span class='ocrx_word' id='word_1_379' title='bbox 243 3449 533 3502; x_wconf 88' lang='lat' dir='ltr'><strong>doctorum</strong></span> <span class='ocrx_word' id='word_1_380' title='bbox 561 3447 753 3503; x_wconf 89' lang='lat' dir='ltr'><strong>sedere</strong></span> <span class='ocrx_word' id='word_1_381' title='bbox 788 3448 1072 3503; x_wconf 81' lang='lat' dir='ltr'><strong>vidissent.</strong></span> <span class='ocrx_word' id='word_1_382' title='bbox 1103 3449 1452 3502; x_wconf 84' lang='lat' dir='ltr'><strong>Admirantur</strong></span> <span class='ocrx_word' id='word_1_383' title='bbox 1477 3463 1645 3517; x_wconf 90' lang='lat' dir='ltr'><strong>usque</strong></span> <span class='ocrx_word' id='word_1_384' title='bbox 1671 3447 1831 3502; x_wconf 87' lang='lat' dir='ltr'><strong>hodie</strong></span> 
     </span>
    </p>
   </div>
   <div class='ocr_carea' id='block_1_52' title="bbox 245 3538 1827 3606">
    <p class='ocr_par' dir='ltr' id='par_1_52' title="bbox 245 3538 1827 3606">
     <span class='ocr_line' id='line_1_52' title="bbox 245 3538 1827 3606; baseline -0.003 -11"><span class='ocrx_word' id='word_1_385' title='bbox 245 3538 418 3595; x_wconf 65' lang='lat' dir='ltr'><strong>Judati</strong></span> <span class='ocrx_word' id='word_1_386' title='bbox 448 3538 758 3606; x_wconf 84' lang='lat' dir='ltr'><strong>quicunque</strong></span> <span class='ocrx_word' id='word_1_387' title='bbox 787 3538 853 3592; x_wconf 89' lang='lat' dir='ltr'><strong>ad</strong></span> <span class='ocrx_word' id='word_1_388' title='bbox 891 3539 1186 3593; x_wconf 79' lang='lat' dir='ltr'><strong>Ecclesium</strong></span> <span class='ocrx_word' id='word_1_389' title='bbox 1214 3540 1461 3603; x_wconf 88' lang='lat' dir='ltr'><strong>veniunt,</strong></span> <span class='ocrx_word' id='word_1_390' title='bbox 1491 3548 1547 3593; x_wconf 85' lang='lat' dir='ltr'><strong>et</strong></span> <span class='ocrx_word' id='word_1_391' title='bbox 1576 3541 1642 3592; x_wconf 90' lang='lat' dir='ltr'><strong>ad</strong></span> <span class='ocrx_word' id='word_1_392' title='bbox 1668 3538 1827 3591; x_wconf 82' lang='lat' dir='ltr'><strong>iidem</strong></span> 
     </span>
    </p>
   </div>
   <div class='ocr_carea' id='block_1_53' title="bbox 248 3628 1832 3695">
    <p class='ocr_par' dir='ltr' id='par_1_53' title="bbox 248 3628 1832 3695">
     <span class='ocr_line' id='line_1_53' title="bbox 248 3628 1832 3695; baseline 0.003 -14"><span class='ocrx_word' id='word_1_393' title='bbox 248 3640 641 3684; x_wconf 77' lang='lat' dir='ltr'><strong>convertuntur</strong></span> <span class='ocrx_word' id='word_1_394' title='bbox 673 3646 686 3683; x_wconf 90' lang='lat'><strong>:</strong></span> <span class='ocrx_word' id='word_1_395' title='bbox 718 3628 843 3683; x_wconf 90' lang='lat' dir='ltr'><strong>dum</strong></span> <span class='ocrx_word' id='word_1_396' title='bbox 900 3630 971 3684; x_wconf 89' lang='lat' dir='ltr'><strong>ibi</strong></span> <span class='ocrx_word' id='word_1_397' title='bbox 1000 3629 1273 3695; x_wconf 77' lang='lat' dir='ltr'><strong>Messium,</strong></span> <span class='ocrx_word' id='word_1_398' title='bbox 1332 3631 1384 3684; x_wconf 91' lang='lat' dir='ltr'><strong>id</strong></span> <span class='ocrx_word' id='word_1_399' title='bbox 1431 3640 1517 3685; x_wconf 88' lang='lat' dir='ltr'><strong>est</strong></span> <span class='ocrx_word' id='word_1_400' title='bbox 1556 3629 1832 3685; x_wconf 85' lang='lat' dir='ltr'><strong>Christum</strong></span> 
     </span>
    </p>
   </div>
   <div class='ocr_carea' id='block_1_54' title="bbox 249 3720 1831 3791">
    <p class='ocr_par' dir='ltr' id='par_1_54' title="bbox 249 3720 1831 3791">
     <span class='ocr_line' id='line_1_54' title="bbox 249 3720 1831 3791; baseline 0.001 -20"><span class='ocrx_word' id='word_1_401' title='bbox 249 3721 457 3783; x_wconf 67' lang='lat' dir='ltr'><strong>vident,</strong></span> <span class='ocrx_word' id='word_1_402' title='bbox 490 3734 650 3788; x_wconf 88' lang='lat' dir='ltr'><strong>quem</strong></span> <span class='ocrx_word' id='word_1_403' title='bbox 679 3720 731 3774; x_wconf 92' lang='lat' dir='ltr'><strong>in</strong></span> <span class='ocrx_word' id='word_1_404' title='bbox 762 3720 1061 3791; x_wconf 86' lang='lat' dir='ltr'><strong>Syuagoga,</strong></span> <span class='ocrx_word' id='word_1_405' title='bbox 1087 3730 1141 3775; x_wconf 89' lang='lat' dir='ltr'><strong>et</strong></span> <span class='ocrx_word' id='word_1_406' title='bbox 1166 3722 1302 3774; x_wconf 88' lang='lat' dir='ltr'><strong>inter</strong></span> <span class='ocrx_word' id='word_1_407' title='bbox 1322 3731 1567 3789; x_wconf 85' lang='lat' dir='ltr'><strong>cognatos</strong></span> <span class='ocrx_word' id='word_1_408' title='bbox 1588 3730 1635 3773; x_wconf 88' lang='lat' dir='ltr'><strong>et</strong></span> <span class='ocrx_word' id='word_1_409' title='bbox 1662 3728 1831 3784; x_wconf 87' lang='lat' dir='ltr'><strong>notos,</strong></span> 
     </span>
    </p>
   </div>
   <div class='ocr_carea' id='block_1_55' title="bbox 250 3810 1832 3883">
    <p class='ocr_par' dir='ltr' id='par_1_55' title="bbox 250 3810 1832 3883">
     <span class='ocr_line' id='line_1_55' title="bbox 250 3810 1832 3883; baseline 0.002 -19"><span class='ocrx_word' id='word_1_410' title='bbox 250 3810 401 3869; x_wconf 82' lang='lat' dir='ltr'><strong>nulla</strong></span> <span class='ocrx_word' id='word_1_411' title='bbox 454 3825 641 3865; x_wconf 89' lang='lat' dir='ltr'><strong>eorum</strong></span> <span class='ocrx_word' id='word_1_412' title='bbox 687 3812 1021 3879; x_wconf 78' lang='lat' dir='ltr'><strong>expositione</strong></span> <span class='ocrx_word' id='word_1_413' title='bbox 1066 3812 1249 3867; x_wconf 83' lang='lat' dir='ltr'><strong>videre</strong></span> <span class='ocrx_word' id='word_1_414' title='bbox 1295 3811 1377 3867; x_wconf 89' lang='lat' dir='ltr'><strong>vel</strong></span> <span class='ocrx_word' id='word_1_415' title='bbox 1407 3811 1709 3883; x_wconf 85' lang='lat' dir='ltr'><strong>intelligere</strong></span> <span class='ocrx_word' id='word_1_416' title='bbox 1736 3827 1832 3880; x_wconf 88' lang='lat' dir='ltr'><strong>po-</strong></span> 
     </span>
    </p>
   </div>
   <div class='ocr_carea' id='block_1_56' title="bbox 252 3910 496 3956">
    <p class='ocr_par' dir='ltr' id='par_1_56' title="bbox 252 3910 496 3956">
     <span class='ocr_line' id='line_1_56' title="bbox 252 3910 496 3956; baseline -0.012 0"><span class='ocrx_word' id='word_1_417' title='bbox 252 3910 496 3956; x_wconf 87' lang='lat' dir='ltr'><strong>tueruut.</strong></span> 
     </span>
    </p>
   </div>
   <div class='ocr_carea' id='block_1_57' title="bbox 324 3978 1837 4062">
    <p class='ocr_par' dir='ltr' id='par_1_57' title="bbox 324 3978 1837 4062">
     <span class='ocr_line' id='line_1_57' title="bbox 324 3978 1837 4062; baseline -0.001 -18"><span class='ocrx_word' id='word_1_418' title='bbox 324 3991 396 4044; x_wconf 86' lang='lat' dir='ltr'><strong>Et</strong></span> <span class='ocrx_word' id='word_1_419' title='bbox 431 3993 562 4045; x_wconf 77' lang='lat' dir='ltr'><strong>dixit</strong></span> <span class='ocrx_word' id='word_1_420' title='bbox 584 3978 751 4047; x_wconf 74' lang='lat' dir='ltr'><strong>mater</strong></span> <span class='ocrx_word' id='word_1_421' title='bbox 769 3993 881 4061; x_wconf 85' lang='lat' dir='ltr'><strong>ejus</strong></span> <span class='ocrx_word' id='word_1_422' title='bbox 911 3995 977 4047; x_wconf 83' lang='lat' dir='ltr'><strong>ad</strong></span> <span class='ocrx_word' id='word_1_423' title='bbox 1006 3993 1192 4047; x_wconf 88' lang='lat' dir='ltr'><strong>illum:</strong></span> <span class='ocrx_word' id='word_1_424' title='bbox 1223 3992 1350 4058; x_wconf 83' lang='lat' dir='ltr'><strong>Fili,</strong></span> <span class='ocrx_word' id='word_1_425' title='bbox 1397 3993 1523 4062; x_wconf 87' lang='lat' dir='ltr'><strong>quid</strong></span> <span class='ocrx_word' id='word_1_426' title='bbox 1552 3992 1721 4059; x_wconf 80' lang='lat' dir='ltr'><strong>fecisti</strong></span> <span class='ocrx_word' id='word_1_427' title='bbox 1743 4007 1837 4044; x_wconf 61' lang='lat' dir='ltr'><strong>no.</strong></span> 
     </span>
    </p>
   </div>
   <div class='ocr_carea' id='block_1_58' title="bbox 251 4084 1835 4156">
    <p class='ocr_par' dir='ltr' id='par_1_58' title="bbox 251 4084 1835 4156">
     <span class='ocr_line' id='line_1_58' title="bbox 251 4084 1835 4156; baseline -0.002 -18"><span class='ocrx_word' id='word_1_428' title='bbox 251 4084 335 4138; x_wconf 79' lang='lat' dir='ltr'><strong>bis</strong></span> <span class='ocrx_word' id='word_1_429' title='bbox 358 4085 433 4138; x_wconf 89' lang='lat' dir='ltr'><strong>sic</strong></span> <span class='ocrx_word' id='word_1_430' title='bbox 456 4086 481 4137; x_wconf 75' lang='lat'><strong>1’</strong></span> <span class='ocrx_word' id='word_1_431' title='bbox 519 4084 654 4142; x_wconf 82' lang='lat' dir='ltr'><strong>Ecce</strong></span> <span class='ocrx_word' id='word_1_432' title='bbox 681 4098 830 4156; x_wconf 84' lang='lat' dir='ltr'><strong>pater</strong></span> <span class='ocrx_word' id='word_1_433' title='bbox 869 4096 988 4140; x_wconf 85' lang='lat' dir='ltr'><strong>tuus</strong></span> <span class='ocrx_word' id='word_1_434' title='bbox 1022 4098 1069 4140; x_wconf 87' lang='lat' dir='ltr'><strong>et</strong></span> <span class='ocrx_word' id='word_1_435' title='bbox 1097 4103 1189 4156; x_wconf 86' lang='lat' dir='ltr'><strong>ego</strong></span> <span class='ocrx_word' id='word_1_436' title='bbox 1227 4085 1455 4139; x_wconf 82' lang='lat' dir='ltr'><strong>dolentes</strong></span> <span class='ocrx_word' id='word_1_437' title='bbox 1474 4084 1835 4153; x_wconf 70' lang='lat' dir='ltr'><strong>quwrebamus</strong></span> 
     </span>
    </p>
   </div>
   <div class='ocr_carea' id='block_1_59' title="bbox 253 4173 1836 4247">
    <p class='ocr_par' dir='ltr' id='par_1_59' title="bbox 253 4173 1836 4247">
     <span class='ocr_line' id='line_1_59' title="bbox 253 4173 1836 4247; baseline -0.001 -20"><span class='ocrx_word' id='word_1_438' title='bbox 253 4186 327 4228; x_wconf 87' lang='lat' dir='ltr'><strong>te.</strong></span> <span class='ocrx_word' id='word_1_439' title='bbox 365 4175 610 4232; x_wconf 75' lang='lat' dir='ltr'><strong>Diximus</strong></span> <span class='ocrx_word' id='word_1_440' title='bbox 643 4194 738 4247; x_wconf 89' lang='lat' dir='ltr'><strong>per</strong></span> <span class='ocrx_word' id='word_1_441' title='bbox 770 4187 996 4232; x_wconf 91' lang='lat' dir='ltr'><strong>matrem</strong></span> <span class='ocrx_word' id='word_1_442' title='bbox 1037 4175 1246 4229; x_wconf 89' lang='lat' dir='ltr'><strong>Domini</strong></span> <span class='ocrx_word' id='word_1_443' title='bbox 1285 4175 1624 4245; x_wconf 86' lang='lat' dir='ltr'><strong>Synagogam</strong></span> <span class='ocrx_word' id='word_1_444' title='bbox 1669 4173 1836 4244; x_wconf 84' lang='lat' dir='ltr'><strong>signi-</strong></span> 
     </span>
    </p>
   </div>
   <div class='ocr_carea' id='block_1_60' title="bbox 255 4264 1835 4337">
    <p class='ocr_par' dir='ltr' id='par_1_60' title="bbox 255 4264 1835 4337">
     <span class='ocr_line' id='line_1_60' title="bbox 255 4264 1835 4337; baseline -0.003 -14"><span class='ocrx_word' id='word_1_445' title='bbox 255 4266 434 4331; x_wconf 79' lang='lat' dir='ltr'><strong>ﬁcari,</strong></span> <span class='ocrx_word' id='word_1_446' title='bbox 469 4266 534 4320; x_wconf 89' lang='lat' dir='ltr'><strong>de</strong></span> <span class='ocrx_word' id='word_1_447' title='bbox 560 4283 666 4337; x_wconf 86' lang='lat' dir='ltr'><strong>qua</strong></span> <span class='ocrx_word' id='word_1_448' title='bbox 701 4268 959 4321; x_wconf 85' lang='lat' dir='ltr'><strong>Dominus</strong></span> <span class='ocrx_word' id='word_1_449' title='bbox 1003 4266 1297 4321; x_wconf 81' lang='lat' dir='ltr'><strong>secundum</strong></span> <span class='ocrx_word' id='word_1_450' title='bbox 1321 4280 1541 4320; x_wconf 81' lang='lat' dir='ltr'><strong>carnem</strong></span> <span class='ocrx_word' id='word_1_451' title='bbox 1571 4264 1835 4336; x_wconf 77' lang='lat' dir='ltr'><strong>originem</strong></span> 
     </span>
    </p>
   </div>
   <div class='ocr_carea' id='block_1_61' title="bbox 252 4356 1839 4427">
    <p class='ocr_par' dir='ltr' id='par_1_61' title="bbox 252 4356 1839 4427">
     <span class='ocr_line' id='line_1_61' title="bbox 252 4356 1839 4427; baseline -0.001 -17"><span class='ocrx_word' id='word_1_452' title='bbox 252 4358 432 4411; x_wconf 79' lang='lat' dir='ltr'><strong>duxit.</strong></span> <span class='ocrx_word' id='word_1_453' title='bbox 461 4357 586 4413; x_wconf 71' lang='lat' dir='ltr'><strong>[lare</strong></span> <span class='ocrx_word' id='word_1_454' title='bbox 607 4369 786 4415; x_wconf 87' lang='lat' dir='ltr'><strong>autem</strong></span> <span class='ocrx_word' id='word_1_455' title='bbox 816 4372 1134 4427; x_wconf 84' lang='lat' dir='ltr'><strong>quocunque</strong></span> <span class='ocrx_word' id='word_1_456' title='bbox 1166 4366 1404 4425; x_wconf 88' lang='lat' dir='ltr'><strong>tempore</strong></span> <span class='ocrx_word' id='word_1_457' title='bbox 1432 4358 1499 4410; x_wconf 88' lang='lat' dir='ltr'><strong>ad</strong></span> <span class='ocrx_word' id='word_1_458' title='bbox 1538 4356 1839 4411; x_wconf 77' lang='lat' dir='ltr'><strong>Ecclesium</strong></span> 
     </span>
    </p>
   </div>
   <div class='ocr_carea' id='block_1_62' title="bbox 255 4446 1919 4527">
    <p class='ocr_par' dir='ltr' id='par_1_62' title="bbox 255 4446 1919 4527">
     <span class='ocr_line' id='line_1_62' title="bbox 255 4446 1919 4527; baseline 0.001 -30"><span class='ocrx_word' id='word_1_459' title='bbox 255 4448 507 4511; x_wconf 85' lang='lat' dir='ltr'><strong>veniens,</strong></span> <span class='ocrx_word' id='word_1_460' title='bbox 535 4448 715 4516; x_wconf 85' lang='lat' dir='ltr'><strong>ibique</strong></span> <span class='ocrx_word' id='word_1_461' title='bbox 739 4448 1022 4503; x_wconf 86' lang='lat' dir='ltr'><strong>veritatem</strong></span> <span class='ocrx_word' id='word_1_462' title='bbox 1049 4446 1375 4515; x_wconf 88' lang='lat' dir='ltr'><strong>intelligens,</strong></span> <span class='ocrx_word' id='word_1_463' title='bbox 1408 4461 1560 4501; x_wconf 91' lang='lat' dir='ltr'><strong>suam</strong></span> <span class='ocrx_word' id='word_1_464' title='bbox 1586 4447 1837 4515; x_wconf 86' lang='lat' dir='ltr'><strong>ignoran-</strong></span> <span class='ocrx_word' id='word_1_465' title='bbox 1876 4474 1919 4527; x_wconf 74' lang='grc' dir='ltr'>ι)</span> 
     </span>
    </p>
   </div>
   <div class='ocr_carea' id='block_1_63' title="bbox 259 4538 1841 4603">
    <p class='ocr_par' dir='ltr' id='par_1_63' title="bbox 259 4538 1841 4603">
     <span class='ocr_line' id='line_1_63' title="bbox 259 4538 1841 4603; baseline 0.002 -13"><span class='ocrx_word' id='word_1_466' title='bbox 259 4540 395 4591; x_wconf 88' lang='lat' dir='ltr'><strong>tiam</strong></span> <span class='ocrx_word' id='word_1_467' title='bbox 426 4547 480 4592; x_wconf 83' lang='lat' dir='ltr'><strong>et</strong></span> <span class='ocrx_word' id='word_1_468' title='bbox 514 4539 713 4594; x_wconf 81' lang='lat' dir='ltr'><strong>Christi</strong></span> <span class='ocrx_word' id='word_1_469' title='bbox 758 4538 1057 4593; x_wconf 84' lang='lat' dir='ltr'><strong>absentiam</strong></span> <span class='ocrx_word' id='word_1_470' title='bbox 1090 4538 1406 4603; x_wconf 85' lang='lat' dir='ltr'><strong>admiratur,</strong></span> <span class='ocrx_word' id='word_1_471' title='bbox 1445 4546 1499 4594; x_wconf 91' lang='lat' dir='ltr'><strong>et</strong></span> <span class='ocrx_word' id='word_1_472' title='bbox 1523 4538 1841 4593; x_wconf 89' lang='lat' dir='ltr'><strong>admirando</strong></span> 
     </span>
    </p>
   </div>
   <div class='ocr_carea' id='block_1_64' title="bbox 256 4629 1841 4699">
    <p class='ocr_par' dir='ltr' id='par_1_64' title="bbox 256 4629 1841 4699">
     <span class='ocr_line' id='line_1_64' title="bbox 256 4629 1841 4699; baseline -0.002 -14"><span class='ocrx_word' id='word_1_473' title='bbox 256 4630 395 4685; x_wconf 85' lang='lat' dir='ltr'><strong>dicit</strong></span> <span class='ocrx_word' id='word_1_474' title='bbox 420 4644 436 4683; x_wconf 89' lang='lat'><strong>:</strong></span> <span class='ocrx_word' id='word_1_475' title='bbox 470 4629 601 4697; x_wconf 82' lang='lat' dir='ltr'><strong>Fili,</strong></span> <span class='ocrx_word' id='word_1_476' title='bbox 645 4631 771 4697; x_wconf 81' lang='lat' dir='ltr'><strong>quid</strong></span> <span class='ocrx_word' id='word_1_477' title='bbox 802 4630 970 4699; x_wconf 75' lang='lat' dir='ltr'><strong>fecisti</strong></span> <span class='ocrx_word' id='word_1_478' title='bbox 1000 4629 1146 4683; x_wconf 88' lang='lat' dir='ltr'><strong>nobis</strong></span> <span class='ocrx_word' id='word_1_479' title='bbox 1167 4630 1280 4682; x_wconf 85' lang='lat' dir='ltr'><strong>sic?</strong></span> <span class='ocrx_word' id='word_1_480' title='bbox 1301 4647 1397 4683; x_wconf 87' lang='lat' dir='ltr'><strong>cur</strong></span> <span class='ocrx_word' id='word_1_481' title='bbox 1427 4645 1525 4685; x_wconf 86' lang='lat' dir='ltr'><strong>nos</strong></span> <span class='ocrx_word' id='word_1_482' title='bbox 1553 4630 1841 4699; x_wconf 76' lang='lat' dir='ltr'><strong>reliquisti,</strong></span> 
     </span>
    </p>
   </div>
   <div class='ocr_carea' id='block_1_65' title="bbox 256 4720 1845 4791">
    <p class='ocr_par' dir='ltr' id='par_1_65' title="bbox 256 4720 1845 4791">
     <span class='ocr_line' id='line_1_65' title="bbox 256 4720 1845 4791; baseline -0.004 -15"><span class='ocrx_word' id='word_1_483' title='bbox 256 4731 316 4777; x_wconf 90' lang='lat' dir='ltr'><strong>et</strong></span> <span class='ocrx_word' id='word_1_484' title='bbox 351 4722 421 4776; x_wconf 90' lang='lat' dir='ltr'><strong>ad</strong></span> <span class='ocrx_word' id='word_1_485' title='bbox 470 4723 710 4791; x_wconf 87' lang='lat' dir='ltr'><strong>gentium</strong></span> <span class='ocrx_word' id='word_1_486' title='bbox 759 4720 1052 4775; x_wconf 78' lang='lat' dir='ltr'><strong>Ecclesium</strong></span> <span class='ocrx_word' id='word_1_487' title='bbox 1099 4720 1477 4789; x_wconf 88' lang='lat' dir='ltr'><strong>pertransisti?</strong></span> <span class='ocrx_word' id='word_1_488' title='bbox 1524 4721 1658 4773; x_wconf 81' lang='lat' dir='ltr'><strong>Ecce</strong></span> <span class='ocrx_word' id='word_1_489' title='bbox 1698 4730 1845 4789; x_wconf 79' lang='lat' dir='ltr'><strong>pater</strong></span> 
     </span>
    </p>
   </div>
   <div class='ocr_carea' id='block_1_66' title="bbox 256 4807 1845 4881">
    <p class='ocr_par' dir='ltr' id='par_1_66' title="bbox 256 4807 1845 4881">
     <span class='ocr_line' id='line_1_66' title="bbox 256 4807 1845 4881; baseline -0.004 -16"><span class='ocrx_word' id='word_1_490' title='bbox 256 4821 410 4876; x_wconf 73' lang='lat' dir='ltr'><strong>tuus,</strong></span> <span class='ocrx_word' id='word_1_491' title='bbox 451 4810 679 4881; x_wconf 91' lang='lat' dir='ltr'><strong>populus</strong></span> <span class='ocrx_word' id='word_1_492' title='bbox 707 4808 986 4873; x_wconf 89' lang='lat' dir='ltr'><strong>Judaicus,</strong></span> <span class='ocrx_word' id='word_1_493' title='bbox 1013 4816 1059 4861; x_wconf 90' lang='lat' dir='ltr'><strong>et</strong></span> <span class='ocrx_word' id='word_1_494' title='bbox 1095 4825 1187 4878; x_wconf 87' lang='lat' dir='ltr'><strong>ego</strong></span> <span class='ocrx_word' id='word_1_495' title='bbox 1220 4807 1451 4862; x_wconf 83' lang='lat' dir='ltr'><strong>dolentes</strong></span> <span class='ocrx_word' id='word_1_496' title='bbox 1487 4808 1845 4876; x_wconf 80' lang='lat' dir='ltr'><strong>qua’rebamns</strong></span> 
     </span>
    </p>
   </div>
   <div class='ocr_carea' id='block_1_67' title="bbox 258 4895 1847 4968">
    <p class='ocr_par' dir='ltr' id='par_1_67' title="bbox 258 4895 1847 4968">
     <span class='ocr_line' id='line_1_67' title="bbox 258 4895 1847 4968; baseline -0.006 -11"><span class='ocrx_word' id='word_1_497' title='bbox 258 4914 333 4957; x_wconf 87' lang='lat' dir='ltr'><strong>te.</strong></span> <span class='ocrx_word' id='word_1_498' title='bbox 370 4902 486 4957; x_wconf 87' lang='lat' dir='ltr'><strong>Hoc</strong></span> <span class='ocrx_word' id='word_1_499' title='bbox 514 4909 601 4957; x_wconf 89' lang='lat' dir='ltr'><strong>est</strong></span> <span class='ocrx_word' id='word_1_500' title='bbox 634 4899 802 4963; x_wconf 85' lang='lat' dir='ltr'><strong>enim,</strong></span> <span class='ocrx_word' id='word_1_501' title='bbox 828 4898 970 4968; x_wconf 87' lang='lat' dir='ltr'><strong>quod</strong></span> <span class='ocrx_word' id='word_1_502' title='bbox 1000 4896 1287 4965; x_wconf 84' lang='lat' dir='ltr'><strong>Apostolus</strong></span> <span class='ocrx_word' id='word_1_503' title='bbox 1316 4898 1388 4951; x_wconf 89' lang='lat' dir='ltr'><strong>ait</strong></span> <span class='ocrx_word' id='word_1_504' title='bbox 1427 4915 1439 4951; x_wconf 93' lang='lat'>:</span> <span class='ocrx_word' id='word_1_505' title='bbox 1474 4895 1847 4950; x_wconf 82' lang='lat' dir='ltr'><strong>Testimonium</strong></span> 
     </span>
    </p>
   </div>
   <div class='ocr_carea' id='block_1_68' title="bbox 258 4985 1850 5059">
    <p class='ocr_par' dir='ltr' id='par_1_68' title="bbox 258 4985 1850 5059">
     <span class='ocr_line' id='line_1_68' title="bbox 258 4985 1850 5059; baseline -0.003 -15"><span class='ocrx_word' id='word_1_506' title='bbox 258 4990 374 5045; x_wconf 82' lang='lat' dir='ltr'><strong>illis</strong></span> <span class='ocrx_word' id='word_1_507' title='bbox 402 4990 644 5059; x_wconf 84' lang='lat' dir='ltr'><strong>per/tibeo</strong></span> <span class='ocrx_word' id='word_1_508' title='bbox 673 4988 796 5058; x_wconf 83' lang='lat' dir='ltr'><strong>quia</strong></span> <span class='ocrx_word' id='word_1_509' title='bbox 835 4985 1004 5039; x_wconf 80' lang='lat' dir='ltr'><strong>zelum</strong></span> <span class='ocrx_word' id='word_1_510' title='bbox 1047 4986 1145 5040; x_wconf 87' lang='lat' dir='ltr'><strong>Dei</strong></span> <span class='ocrx_word' id='word_1_511' title='bbox 1176 4986 1382 5049; x_wconf 86' lang='lat' dir='ltr'><strong>habent,</strong></span> <span class='ocrx_word' id='word_1_512' title='bbox 1410 4986 1500 5039; x_wconf 87' lang='lat' dir='ltr'><strong>sed</strong></span> <span class='ocrx_word' id='word_1_513' title='bbox 1544 5002 1646 5038; x_wconf 89' lang='lat' dir='ltr'><strong>non</strong></span> <span class='ocrx_word' id='word_1_514' title='bbox 1673 5001 1850 5054; x_wconf 74' lang='lat' dir='ltr'><strong>sectiu-</strong></span> 
     </span>
    </p>
   </div>
   <div class='ocr_carea' id='block_1_69' title="bbox 258 5075 1847 5147">
    <p class='ocr_par' dir='ltr' id='par_1_69' title="bbox 258 5075 1847 5147">
     <span class='ocr_line' id='line_1_69' title="bbox 258 5075 1847 5147; baseline -0.004 -12"><span class='ocrx_word' id='word_1_515' title='bbox 258 5083 393 5135; x_wconf 82' lang='lat' dir='ltr'><strong>dum</strong></span> <span class='ocrx_word' id='word_1_516' title='bbox 423 5080 696 5134; x_wconf 78' lang='lat' dir='ltr'><strong>scientiam</strong></span> <span class='ocrx_word' id='word_1_517' title='bbox 724 5077 903 5147; x_wconf 85' lang='lat' dir='ltr'><strong>(Rom.</strong></span> <span class='ocrx_word' id='word_1_518' title='bbox 937 5094 992 5143; x_wconf 74' lang='grc' dir='ltr'>ιι,</span> <span class='ocrx_word' id='word_1_519' title='bbox 1022 5078 1103 5147; x_wconf 81' lang='lat'><strong>9.).</strong></span> <span class='ocrx_word' id='word_1_520' title='bbox 1130 5077 1390 5144; x_wconf 62' lang='lat' dir='ltr'><strong>Quaerunt</strong></span> <span class='ocrx_word' id='word_1_521' title='bbox 1409 5075 1621 5141; x_wconf 89' lang='lat' dir='ltr'><strong>Jesum,</strong></span> <span class='ocrx_word' id='word_1_522' title='bbox 1655 5086 1709 5130; x_wconf 89' lang='lat' dir='ltr'><strong>et</strong></span> <span class='ocrx_word' id='word_1_523' title='bbox 1742 5091 1847 5129; x_wconf 88' lang='lat' dir='ltr'><strong>non</strong></span> 
     </span>
    </p>
   </div>
   <div class='ocr_carea' id='block_1_70' title="bbox 259 5166 1848 5239">
    <p class='ocr_par' dir='ltr' id='par_1_70' title="bbox 259 5166 1848 5239">
     <span class='ocr_line' id='line_1_70' title="bbox 259 5166 1848 5239; baseline -0.004 -12"><span class='ocrx_word' id='word_1_524' title='bbox 259 5172 594 5237; x_wconf 88' lang='lat' dir='ltr'><strong>inveniunt;</strong></span> <span class='ocrx_word' id='word_1_525' title='bbox 625 5170 750 5239; x_wconf 86' lang='lat' dir='ltr'><strong>quia</strong></span> <span class='ocrx_word' id='word_1_526' title='bbox 789 5172 1031 5223; x_wconf 86' lang='lat' dir='ltr'><strong>nondum</strong></span> <span class='ocrx_word' id='word_1_527' title='bbox 1069 5169 1136 5223; x_wconf 91' lang='lat' dir='ltr'><strong>ad</strong></span> <span class='ocrx_word' id='word_1_528' title='bbox 1172 5167 1425 5237; x_wconf 85' lang='lat' dir='ltr'><strong>templum</strong></span> <span class='ocrx_word' id='word_1_529' title='bbox 1456 5176 1506 5222; x_wconf 88' lang='lat' dir='ltr'><strong>et</strong></span> <span class='ocrx_word' id='word_1_530' title='bbox 1553 5166 1848 5222; x_wconf 70' lang='lat' dir='ltr'><strong>Eetlesiam</strong></span> 
     </span>
    </p>
   </div>
   <div class='ocr_carea' id='block_1_71' title="bbox 257 5275 659 5339">
    <p class='ocr_par' dir='ltr' id='par_1_71' title="bbox 257 5275 659 5339">
     <span class='ocr_line' id='line_1_71' title="bbox 257 5275 659 5339; baseline -0.01 -18"><span class='ocrx_word' id='word_1_531' title='bbox 257 5275 659 5339; x_wconf 85' lang='lat' dir='ltr'><strong>pervenerunt.</strong></span> 
     </span>
    </p>
   </div>
   <div class='ocr_carea' id='block_1_72' title="bbox 343 5347 1851 5421">
    <p class='ocr_par' dir='ltr' id='par_1_72' title="bbox 343 5347 1851 5421">
     <span class='ocr_line' id='line_1_72' title="bbox 343 5347 1851 5421; baseline -0.008 -10"><span class='ocrx_word' id='word_1_532' title='bbox 343 5357 411 5414; x_wconf 84' lang='lat' dir='ltr'><strong>Et</strong></span> <span class='ocrx_word' id='word_1_533' title='bbox 440 5360 514 5412; x_wconf 88' lang='lat' dir='ltr'><strong>ait</strong></span> <span class='ocrx_word' id='word_1_534' title='bbox 538 5358 609 5411; x_wconf 85' lang='lat' dir='ltr'><strong>ad</strong></span> <span class='ocrx_word' id='word_1_535' title='bbox 632 5356 751 5409; x_wconf 88' lang='lat' dir='ltr'><strong>illos</strong></span> <span class='ocrx_word' id='word_1_536' title='bbox 773 5373 791 5411; x_wconf 91' lang='lat'><strong><em>:</em></strong></span> <span class='ocrx_word' id='word_1_537' title='bbox 816 5354 956 5420; x_wconf 81' lang='lat' dir='ltr'><strong>Quid</strong></span> <span class='ocrx_word' id='word_1_538' title='bbox 979 5364 1053 5407; x_wconf 87' lang='lat' dir='ltr'><strong>est</strong></span> <span class='ocrx_word' id='word_1_539' title='bbox 1096 5352 1235 5421; x_wconf 86' lang='lat' dir='ltr'><strong>quod</strong></span> <span class='ocrx_word' id='word_1_540' title='bbox 1261 5368 1341 5405; x_wconf 87' lang='lat' dir='ltr'><strong>me</strong></span> <span class='ocrx_word' id='word_1_541' title='bbox 1363 5350 1713 5421; x_wconf 69' lang='lat' dir='ltr'><strong>qnwrebajis?</strong></span> <span class='ocrx_word' id='word_1_542' title='bbox 1742 5347 1851 5401; x_wconf 81' lang='lat' dir='ltr'><strong>Ne—</strong></span> 
     </span>
    </p>
   </div>
   <div class='ocr_carea' id='block_1_73' title="bbox 260 5440 1854 5516">
    <p class='ocr_par' dir='ltr' id='par_1_73' title="bbox 260 5440 1854 5516">
     <span class='ocr_line' id='line_1_73' title="bbox 260 5440 1854 5516; baseline -0.009 -11"><span class='ocrx_word' id='word_1_543' title='bbox 260 5451 514 5505; x_wconf 86' lang='lat' dir='ltr'><strong>sciebatis</strong></span> <span class='ocrx_word' id='word_1_544' title='bbox 534 5448 658 5516; x_wconf 83' lang='lat' dir='ltr'><strong>quia</strong></span> <span class='ocrx_word' id='word_1_545' title='bbox 688 5448 743 5499; x_wconf 89' lang='lat' dir='ltr'><strong>in</strong></span> <span class='ocrx_word' id='word_1_546' title='bbox 772 5447 852 5498; x_wconf 88' lang='lat' dir='ltr'><strong>Itis</strong></span> <span class='ocrx_word' id='word_1_547' title='bbox 874 5460 993 5512; x_wconf 64' lang='lat' dir='ltr'><strong>qua?</strong></span> <span class='ocrx_word' id='word_1_548' title='bbox 1030 5440 1208 5495; x_wconf 85' lang='lat' dir='ltr'><strong>Patris</strong></span> <span class='ocrx_word' id='word_1_549' title='bbox 1240 5442 1339 5495; x_wconf 86' lang='lat' dir='ltr'><strong>mei</strong></span> <span class='ocrx_word' id='word_1_550' title='bbox 1367 5450 1508 5503; x_wconf 87' lang='lat' dir='ltr'><strong>sunt,</strong></span> <span class='ocrx_word' id='word_1_551' title='bbox 1550 5447 1747 5507; x_wconf 86' lang='lat' dir='ltr'><strong>oportet</strong></span> <span class='ocrx_word' id='word_1_552' title='bbox 1775 5452 1854 5490; x_wconf 82' lang='lat' dir='ltr'><strong>me</strong></span> 
     </span>
    </p>
   </div>
   <div class='ocr_carea' id='block_1_74' title="bbox 262 5530 1852 5606">
    <p class='ocr_par' dir='ltr' id='par_1_74' title="bbox 262 5530 1852 5606">
     <span class='ocr_line' id='line_1_74' title="bbox 262 5530 1852 5606; baseline -0.009 -9"><span class='ocrx_word' id='word_1_553' title='bbox 262 5543 424 5597; x_wconf 77' lang='lat' dir='ltr'><strong>esse?</strong></span> <span class='ocrx_word' id='word_1_554' title='bbox 449 5539 589 5606; x_wconf 75' lang='lat' dir='ltr'><strong>Quid</strong></span> <span class='ocrx_word' id='word_1_555' title='bbox 625 5548 724 5603; x_wconf 88' lang='lat' dir='ltr'><strong>est,</strong></span> <span class='ocrx_word' id='word_1_556' title='bbox 762 5536 956 5605; x_wconf 36' lang='lat' dir='ltr'><strong>inquit,</strong></span> <span class='ocrx_word' id='word_1_557' title='bbox 988 5534 1127 5604; x_wconf 84' lang='lat' dir='ltr'><strong>quod</strong></span> <span class='ocrx_word' id='word_1_558' title='bbox 1157 5550 1236 5587; x_wconf 88' lang='lat' dir='ltr'><strong>me</strong></span> <span class='ocrx_word' id='word_1_559' title='bbox 1282 5533 1333 5587; x_wconf 88' lang='lat' dir='ltr'><strong>itt</strong></span> <span class='ocrx_word' id='word_1_560' title='bbox 1361 5542 1622 5586; x_wconf 78' lang='lat' dir='ltr'><strong>conventu</strong></span> <span class='ocrx_word' id='word_1_561' title='bbox 1662 5530 1852 5584; x_wconf 88' lang='lat' dir='ltr'><strong>inlide—</strong></span> 
     </span>
    </p>
   </div>
   <div class='ocr_carea' id='block_1_75' title="bbox 265 5620 1857 5702">
    <p class='ocr_par' dir='ltr' id='par_1_75' title="bbox 265 5620 1857 5702">
     <span class='ocr_line' id='line_1_75' title="bbox 265 5620 1857 5702; baseline -0.011 -12"><span class='ocrx_word' id='word_1_562' title='bbox 265 5636 409 5690; x_wconf 88' lang='lat' dir='ltr'><strong>lium</strong></span> <span class='ocrx_word' id='word_1_563' title='bbox 442 5631 775 5702; x_wconf 70' lang='lat' dir='ltr'><strong>qumrsbatis,</strong></span> <span class='ocrx_word' id='word_1_564' title='bbox 799 5638 855 5684; x_wconf 90' lang='lat' dir='ltr'><strong>et</strong></span> <span class='ocrx_word' id='word_1_565' title='bbox 892 5636 1042 5684; x_wconf 78' lang='lat' dir='ltr'><strong>extra</strong></span> <span class='ocrx_word' id='word_1_566' title='bbox 1072 5623 1372 5685; x_wconf 81' lang='lat' dir='ltr'><strong>Ecclesium</strong></span> <span class='ocrx_word' id='word_1_567' title='bbox 1399 5638 1517 5677; x_wconf 89' lang='lat' dir='ltr'><strong>esse</strong></span> <span class='ocrx_word' id='word_1_568' title='bbox 1544 5620 1857 5691; x_wconf 81' lang='lat' dir='ltr'><strong>putabatis?</strong></span> 
     </span>
    </p>
   </div>
   <div class='ocr_carea' id='block_1_76' title="bbox 266 5713 1856 5794">
    <p class='ocr_par' dir='ltr' id='par_1_76' title="bbox 266 5713 1856 5794">
     <span class='ocr_line' id='line_1_76' title="bbox 266 5713 1856 5794; baseline -0.011 -12"><span class='ocrx_word' id='word_1_569' title='bbox 266 5726 379 5783; x_wconf 73' lang='lat' dir='ltr'><strong>Hic</strong></span> <span class='ocrx_word' id='word_1_570' title='bbox 402 5724 570 5791; x_wconf 85' lang='lat' dir='ltr'><strong>enim,</strong></span> <span class='ocrx_word' id='word_1_571' title='bbox 603 5739 689 5779; x_wconf 86' lang='lat' dir='ltr'><strong>me</strong></span> <span class='ocrx_word' id='word_1_572' title='bbox 729 5729 949 5794; x_wconf 77' lang='lat' dir='ltr'><strong>quaerat,</strong></span> <span class='ocrx_word' id='word_1_573' title='bbox 992 5718 1083 5789; x_wconf 89' lang='lat' dir='ltr'><strong>qui</strong></span> <span class='ocrx_word' id='word_1_574' title='bbox 1121 5730 1362 5788; x_wconf 64' lang='lat' dir='ltr'><strong>«manere</strong></span> <span class='ocrx_word' id='word_1_575' title='bbox 1394 5714 1517 5769; x_wconf 82' lang='lat' dir='ltr'><strong>vult.</strong></span> <span class='ocrx_word' id='word_1_576' title='bbox 1551 5716 1631 5767; x_wconf 85' lang='lat' dir='ltr'><strong>An</strong></span> <span class='ocrx_word' id='word_1_577' title='bbox 1666 5713 1856 5767; x_wconf 69' lang='lat' dir='ltr'><strong>nescie-</strong></span> 
     </span>
    </p>
   </div>
   <div class='ocr_carea' id='block_1_77' title="bbox 1851 3138 1897 3200">
    <p class='ocr_par' dir='ltr' id='par_1_77' title="bbox 1851 3138 1897 3200">
     <span class='ocr_line' id='line_1_77' title="bbox 1851 3138 1897 3200; baseline 0 0"><span class='ocrx_word' id='word_1_578' title='bbox 1851 3138 1897 3200; x_wconf 89' lang='lat' dir='ltr'><strong>C</strong></span> 
     </span>
    </p>
   </div>
   <div class='ocr_carea' id='block_1_78' title="bbox 1921 1908 3501 1979">
    <p class='ocr_par' dir='ltr' id='par_1_78' title="bbox 1921 1908 3501 1979">
     <span class='ocr_line' id='line_1_78' title="bbox 1921 1908 3501 1979; baseline 0.001 -17"><span class='ocrx_word' id='word_1_579' title='bbox 1921 1909 2073 1963; x_wconf 90' lang='lat' dir='ltr'><strong>etde</strong></span> <span class='ocrx_word' id='word_1_580' title='bbox 2112 1908 2316 1979; x_wconf 88' lang='lat' dir='ltr'><strong>Spiritu</strong></span> <span class='ocrx_word' id='word_1_581' title='bbox 2346 1919 2533 1965; x_wconf 88' lang='lat' dir='ltr'><strong>sancto</strong></span> <span class='ocrx_word' id='word_1_582' title='bbox 2585 1910 2715 1965; x_wconf 91' lang='lat' dir='ltr'><strong>dicit</strong></span> <span class='ocrx_word' id='word_1_583' title='bbox 2755 1909 3062 1979; x_wconf 86' lang='lat' dir='ltr'><strong>Apostolus,</strong></span> <span class='ocrx_word' id='word_1_584' title='bbox 3102 1911 3235 1978; x_wconf 87' lang='lat' dir='ltr'><strong>quia</strong></span> <span class='ocrx_word' id='word_1_585' title='bbox 3278 1910 3501 1979; x_wconf 81' lang='lat' dir='ltr'><strong>spiritus</strong></span> 
     </span>
    </p>
   </div>
   <div class='ocr_carea' id='block_1_79' title="bbox 1922 1998 3499 2070">
    <p class='ocr_par' dir='ltr' id='par_1_79' title="bbox 1922 1998 3499 2070">
     <span class='ocr_line' id='line_1_79' title="bbox 1922 1998 3499 2070; baseline 0.001 -20"><span class='ocrx_word' id='word_1_586' title='bbox 1922 2000 2307 2068; x_wconf 87' lang='lat' dir='ltr'><strong>prophetarum</strong></span> <span class='ocrx_word' id='word_1_587' title='bbox 2330 2000 2609 2070; x_wconf 89' lang='lat' dir='ltr'><strong>prophetis</strong></span> <span class='ocrx_word' id='word_1_588' title='bbox 2638 1998 2909 2068; x_wconf 86' lang='lat' dir='ltr'><strong>subjectus</strong></span> <span class='ocrx_word' id='word_1_589' title='bbox 2942 2010 3044 2065; x_wconf 90' lang='lat' dir='ltr'><strong>est,</strong></span> <span class='ocrx_word' id='word_1_590' title='bbox 3082 2011 3139 2053; x_wconf 92' lang='lat' dir='ltr'><strong>ut</strong></span> <span class='ocrx_word' id='word_1_591' title='bbox 3168 2000 3373 2055; x_wconf 86' lang='lat' dir='ltr'><strong>scilicet</strong></span> <span class='ocrx_word' id='word_1_592' title='bbox 3406 2016 3499 2053; x_wconf 86' lang='lat' dir='ltr'><strong>vo-</strong></span> 
     </span>
    </p>
   </div>
   <div class='ocr_carea' id='block_1_80' title="bbox 1925 2091 3500 2160">
    <p class='ocr_par' dir='ltr' id='par_1_80' title="bbox 1925 2091 3500 2160">
     <span class='ocr_line' id='line_1_80' title="bbox 1925 2091 3500 2160; baseline -0.001 -16"><span class='ocrx_word' id='word_1_593' title='bbox 1925 2091 2182 2146; x_wconf 88' lang='lat' dir='ltr'><strong>hmtatem</strong></span> <span class='ocrx_word' id='word_1_594' title='bbox 2226 2107 2412 2147; x_wconf 86' lang='lat' dir='ltr'><strong>eorum</strong></span> <span class='ocrx_word' id='word_1_595' title='bbox 2466 2092 2687 2154; x_wconf 80' lang='lat' dir='ltr'><strong>laceret,</strong></span> <span class='ocrx_word' id='word_1_596' title='bbox 2735 2106 2834 2147; x_wconf 89' lang='lat' dir='ltr'><strong>nec</strong></span> <span class='ocrx_word' id='word_1_597' title='bbox 2862 2106 3049 2146; x_wconf 89' lang='lat' dir='ltr'><strong>eorum</strong></span> <span class='ocrx_word' id='word_1_598' title='bbox 3091 2092 3319 2147; x_wconf 88' lang='lat' dir='ltr'><strong>arbitrio</strong></span> <span class='ocrx_word' id='word_1_599' title='bbox 3342 2106 3500 2160; x_wconf 88' lang='lat' dir='ltr'><strong>repu-</strong></span> 
     </span>
    </p>
   </div>
   <div class='ocr_carea' id='block_1_81' title="bbox 1925 2184 3499 2257">
    <p class='ocr_par' dir='ltr' id='par_1_81' title="bbox 1925 2184 3499 2257">
     <span class='ocr_line' id='line_1_81' title="bbox 1925 2184 3499 2257; baseline 0.001 -22"><span class='ocrx_word' id='word_1_600' title='bbox 1925 2192 2133 2253; x_wconf 82' lang='lat' dir='ltr'><strong>gnaret.</strong></span> <span class='ocrx_word' id='word_1_601' title='bbox 2162 2184 2273 2239; x_wconf 92' lang='lat' dir='ltr'><strong>lloc</strong></span> <span class='ocrx_word' id='word_1_602' title='bbox 2302 2187 2445 2239; x_wconf 90' lang='lat' dir='ltr'><strong>enim</strong></span> <span class='ocrx_word' id='word_1_603' title='bbox 2487 2187 2665 2249; x_wconf 92' lang='lat' dir='ltr'><strong>modo,</strong></span> <span class='ocrx_word' id='word_1_604' title='bbox 2702 2186 2842 2239; x_wconf 90' lang='lat' dir='ltr'><strong>sicut</strong></span> <span class='ocrx_word' id='word_1_605' title='bbox 2868 2185 3090 2254; x_wconf 88' lang='lat' dir='ltr'><strong>spiritus</strong></span> <span class='ocrx_word' id='word_1_606' title='bbox 3120 2185 3499 2257; x_wconf 87' lang='lat' dir='ltr'><strong>prophetarum</strong></span> 
     </span>
    </p>
   </div>
   <div class='ocr_carea' id='block_1_82' title="bbox 1926 2274 3501 2348">
    <p class='ocr_par' dir='ltr' id='par_1_82' title="bbox 1926 2274 3501 2348">
     <span class='ocr_line' id='line_1_82' title="bbox 1926 2274 3501 2348; baseline 0.003 -22"><span class='ocrx_word' id='word_1_607' title='bbox 1926 2275 2211 2344; x_wconf 79' lang='lat' dir='ltr'><strong>prophetis</strong></span> <span class='ocrx_word' id='word_1_608' title='bbox 2234 2274 2503 2343; x_wconf 88' lang='lat' dir='ltr'><strong>subjectus</strong></span> <span class='ocrx_word' id='word_1_609' title='bbox 2528 2287 2640 2340; x_wconf 91' lang='lat' dir='ltr'><strong>est;</strong></span> <span class='ocrx_word' id='word_1_610' title='bbox 2681 2278 2758 2331; x_wconf 92' lang='lat' dir='ltr'><strong>sic</strong></span> <span class='ocrx_word' id='word_1_611' title='bbox 2786 2278 3050 2345; x_wconf 83' lang='lat' dir='ltr'><strong>sapientia</strong></span> <span class='ocrx_word' id='word_1_612' title='bbox 3097 2279 3501 2348; x_wconf 70' lang='lat' dir='ltr'><strong>prtedicantium</strong></span> 
     </span>
    </p>
   </div>
   <div class='ocr_carea' id='block_1_83' title="bbox 1927 2364 3504 2435">
    <p class='ocr_par' dir='ltr' id='par_1_83' title="bbox 1927 2364 3504 2435">
     <span class='ocr_line' id='line_1_83' title="bbox 1927 2364 3504 2435; baseline 0.001 -18"><span class='ocrx_word' id='word_1_613' title='bbox 1927 2364 2346 2434; x_wconf 66' lang='lat' dir='ltr'><strong>praedicantibus</strong></span> <span class='ocrx_word' id='word_1_614' title='bbox 2389 2365 2631 2434; x_wconf 86' lang='lat' dir='ltr'><strong>subjecta</strong></span> <span class='ocrx_word' id='word_1_615' title='bbox 2672 2374 2776 2421; x_wconf 77' lang='lat' dir='ltr'><strong>est.</strong></span> <span class='ocrx_word' id='word_1_616' title='bbox 2823 2367 3100 2434; x_wconf 88' lang='lat' dir='ltr'><strong>Sapientia</strong></span> <span class='ocrx_word' id='word_1_617' title='bbox 3153 2381 3279 2431; x_wconf 85' lang='lat' dir='ltr'><strong>vero</strong></span> <span class='ocrx_word' id='word_1_618' title='bbox 3311 2368 3504 2435; x_wconf 60' lang='lat' dir='ltr'><strong>praedi-</strong></span> 
     </span>
    </p>
   </div>
   <div class='ocr_carea' id='block_1_84' title="bbox 1928 2455 3506 2525">
    <p class='ocr_par' dir='ltr' id='par_1_84' title="bbox 1928 2455 3506 2525">
     <span class='ocr_line' id='line_1_84' title="bbox 1928 2455 3506 2525; baseline -0.003 -16"><span class='ocrx_word' id='word_1_619' title='bbox 1928 2456 2163 2509; x_wconf 91' lang='lat' dir='ltr'><strong>cantium</strong></span> <span class='ocrx_word' id='word_1_620' title='bbox 2222 2455 2305 2509; x_wconf 85' lang='lat' dir='ltr'><strong>vel</strong></span> <span class='ocrx_word' id='word_1_621' title='bbox 2337 2456 2738 2525; x_wconf 78' lang='lat' dir='ltr'><strong>magistrorum,</strong></span> <span class='ocrx_word' id='word_1_622' title='bbox 2779 2456 3027 2511; x_wconf 87' lang='lat' dir='ltr'><strong>Christus</strong></span> <span class='ocrx_word' id='word_1_623' title='bbox 3072 2465 3171 2511; x_wconf 89' lang='lat' dir='ltr'><strong>est.</strong></span> <span class='ocrx_word' id='word_1_624' title='bbox 3229 2457 3293 2508; x_wconf 81' lang='lat' dir='ltr'><strong>Et</strong></span> <span class='ocrx_word' id='word_1_625' title='bbox 3341 2466 3506 2508; x_wconf 81' lang='lat' dir='ltr'><strong>mater</strong></span> 
     </span>
    </p>
   </div>
   <div class='ocr_carea' id='block_1_85' title="bbox 1929 2542 3507 2612">
    <p class='ocr_par' dir='ltr' id='par_1_85' title="bbox 1929 2542 3507 2612">
     <span class='ocr_line' id='line_1_85' title="bbox 1929 2542 3507 2612; baseline -0.001 -17"><span class='ocrx_word' id='word_1_626' title='bbox 1929 2542 2043 2612; x_wconf 81' lang='lat' dir='ltr'><strong>ejus</strong></span> <span class='ocrx_word' id='word_1_627' title='bbox 2070 2543 2407 2597; x_wconf 86' lang='lat' dir='ltr'><strong>conservabat</strong></span> <span class='ocrx_word' id='word_1_628' title='bbox 2437 2545 2613 2597; x_wconf 82' lang='lat' dir='ltr'><strong>omnia</strong></span> <span class='ocrx_word' id='word_1_629' title='bbox 2662 2544 2812 2597; x_wconf 83' lang='lat' dir='ltr'><strong>verba</strong></span> <span class='ocrx_word' id='word_1_630' title='bbox 2845 2546 2957 2598; x_wconf 74' lang='lat' dir='ltr'><strong>litvo</strong></span> <span class='ocrx_word' id='word_1_631' title='bbox 2992 2546 3046 2598; x_wconf 82' lang='lat' dir='ltr'><strong>in</strong></span> <span class='ocrx_word' id='word_1_632' title='bbox 3084 2546 3238 2598; x_wconf 78' lang='lat' dir='ltr'><strong>corde</strong></span> <span class='ocrx_word' id='word_1_633' title='bbox 3263 2561 3379 2599; x_wconf 87' lang='lat' dir='ltr'><strong>suo.</strong></span> <span class='ocrx_word' id='word_1_634' title='bbox 3411 2544 3507 2596; x_wconf 80' lang='lat' dir='ltr'><strong>Pia</strong></span> 
     </span>
    </p>
   </div>
   <div class='ocr_carea' id='block_1_86' title="bbox 1931 2632 3507 2704">
    <p class='ocr_par' dir='ltr' id='par_1_86' title="bbox 1931 2632 3507 2704">
     <span class='ocr_line' id='line_1_86' title="bbox 1931 2632 3507 2704; baseline -0.003 -19"><span class='ocrx_word' id='word_1_635' title='bbox 1931 2633 2080 2704; x_wconf 86' lang='lat' dir='ltr'><strong>plebs</strong></span> <span class='ocrx_word' id='word_1_636' title='bbox 2106 2632 2538 2688; x_wconf 86' lang='lat' dir='ltr'><strong>circumcisionis</strong></span> <span class='ocrx_word' id='word_1_637' title='bbox 2577 2633 2764 2688; x_wconf 84' lang='lat' dir='ltr'><strong>sedulo</strong></span> <span class='ocrx_word' id='word_1_638' title='bbox 2793 2634 2957 2688; x_wconf 86' lang='lat' dir='ltr'><strong>corde</strong></span> <span class='ocrx_word' id='word_1_639' title='bbox 2986 2634 3269 2695; x_wconf 87' lang='lat' dir='ltr'><strong>retinebat,</strong></span> <span class='ocrx_word' id='word_1_640' title='bbox 3308 2634 3385 2688; x_wconf 87' lang='lat' dir='ltr'><strong>vel</strong></span> <span class='ocrx_word' id='word_1_641' title='bbox 3413 2650 3507 2702; x_wconf 53' lang='lat' dir='ltr'><strong>pas.</strong></span> 
     </span>
    </p>
   </div>
   <div class='ocr_carea' id='block_1_87' title="bbox 1932 2724 2856 2794">
    <p class='ocr_par' dir='ltr' id='par_1_87' title="bbox 1932 2724 2856 2794">
     <span class='ocr_line' id='line_1_87' title="bbox 1932 2724 2856 2794; baseline 0.001 -17"><span class='ocrx_word' id='word_1_642' title='bbox 1932 2724 2035 2778; x_wconf 91' lang='lat' dir='ltr'><strong>tius</strong></span> <span class='ocrx_word' id='word_1_643' title='bbox 2064 2724 2318 2778; x_wconf 85' lang='lat' dir='ltr'><strong>retinebit</strong></span> <span class='ocrx_word' id='word_1_644' title='bbox 2348 2725 2605 2794; x_wconf 87' lang='lat' dir='ltr'><strong>mysteria</strong></span> <span class='ocrx_word' id='word_1_645' title='bbox 2634 2724 2856 2779; x_wconf 76' lang='lat' dir='ltr'><strong>Chrisd.</strong></span> 
     </span>
    </p>
   </div>
   <div class='ocr_carea' id='block_1_88' title="bbox 2001 2814 3505 2885">
    <p class='ocr_par' dir='ltr' id='par_1_88' title="bbox 2001 2814 3505 2885">
     <span class='ocr_line' id='line_1_88' title="bbox 2001 2814 3505 2885; baseline -0.001 -17"><span class='ocrx_word' id='word_1_646' title='bbox 2001 2814 2069 2868; x_wconf 83' lang='lat' dir='ltr'><strong>Et</strong></span> <span class='ocrx_word' id='word_1_647' title='bbox 2096 2816 2250 2869; x_wconf 72' lang='lat' dir='ltr'><strong>Iesus</strong></span> <span class='ocrx_word' id='word_1_648' title='bbox 2277 2816 2580 2885; x_wconf 78' lang='lat' dir='ltr'><strong>proﬁciebat</strong></span> <span class='ocrx_word' id='word_1_649' title='bbox 2606 2817 2883 2885; x_wconf 80' lang='lat' dir='ltr'><strong>sapientia,</strong></span> <span class='ocrx_word' id='word_1_650' title='bbox 2911 2825 2956 2869; x_wconf 86' lang='lat' dir='ltr'><strong>et</strong></span> <span class='ocrx_word' id='word_1_651' title='bbox 2988 2826 3139 2869; x_wconf 72' lang='lat' dir='ltr'><strong>a’tate</strong></span> <span class='ocrx_word' id='word_1_652' title='bbox 3159 2857 3172 2878; x_wconf 96' lang='lat'><strong>,</strong></span> <span class='ocrx_word' id='word_1_653' title='bbox 3211 2824 3256 2868; x_wconf 85' lang='lat' dir='ltr'><strong>et</strong></span> <span class='ocrx_word' id='word_1_654' title='bbox 3302 2817 3471 2884; x_wconf 80' lang='lat' dir='ltr'><strong>gratia</strong></span> <span class='ocrx_word' id='word_1_655' title='bbox 3490 2855 3505 2875; x_wconf 90' lang='lat'><strong>,</strong></span> 
     </span>
    </p>
   </div>
   <div class='ocr_carea' id='block_1_89' title="bbox 1930 2906 3509 2975">
    <p class='ocr_par' dir='ltr' id='par_1_89' title="bbox 1930 2906 3509 2975">
     <span class='ocr_line' id='line_1_89' title="bbox 1930 2906 3509 2975; baseline 0 -16"><span class='ocrx_word' id='word_1_656' title='bbox 1930 2906 2068 2975; x_wconf 87' lang='lat' dir='ltr'><strong>apud</strong></span> <span class='ocrx_word' id='word_1_657' title='bbox 2094 2906 2257 2959; x_wconf 88' lang='lat' dir='ltr'><strong>Deum</strong></span> <span class='ocrx_word' id='word_1_658' title='bbox 2282 2915 2327 2959; x_wconf 86' lang='lat' dir='ltr'><strong>et</strong></span> <span class='ocrx_word' id='word_1_659' title='bbox 2352 2907 2606 2960; x_wconf 86' lang='lat' dir='ltr'><strong>homines.</strong></span> <span class='ocrx_word' id='word_1_660' title='bbox 2642 2906 2798 2960; x_wconf 86' lang='lat' dir='ltr'><strong>Jesus</strong></span> <span class='ocrx_word' id='word_1_661' title='bbox 2822 2906 3120 2974; x_wconf 79' lang='lat' dir='ltr'><strong>proﬁciebat</strong></span> <span class='ocrx_word' id='word_1_662' title='bbox 3140 2923 3157 2964; x_wconf 69' lang='grc' dir='ltr'><strong><em>ε</em></strong></span> <span class='ocrx_word' id='word_1_663' title='bbox 3180 2906 3304 2975; x_wconf 73' lang='lat' dir='ltr'><strong>qu’a</strong></span> <span class='ocrx_word' id='word_1_664' title='bbox 3330 2920 3509 2959; x_wconf 69' lang='lat' dir='ltr'><strong>:eru‘o</strong></span> 
     </span>
    </p>
   </div>
   <div class='ocr_carea' id='block_1_90' title="bbox 1930 2996 3510 3066">
    <p class='ocr_par' dir='ltr' id='par_1_90' title="bbox 1930 2996 3510 3066">
     <span class='ocr_line' id='line_1_90' title="bbox 1930 2996 3510 3066; baseline -0.003 -16"><span class='ocrx_word' id='word_1_665' title='bbox 1930 2996 2329 3064; x_wconf 73' lang='lat' dir='ltr'><strong>prtedicationis</strong></span> <span class='ocrx_word' id='word_1_666' title='bbox 2376 2996 2494 3066; x_wconf 84' lang='lat' dir='ltr'><strong>ejus</strong></span> <span class='ocrx_word' id='word_1_667' title='bbox 2542 2998 2846 3052; x_wconf 86' lang='lat' dir='ltr'><strong>crescebat.</strong></span> <span class='ocrx_word' id='word_1_668' title='bbox 2897 2996 3207 3064; x_wconf 80' lang='lat' dir='ltr'><strong>Proﬁciebat</strong></span> <span class='ocrx_word' id='word_1_669' title='bbox 3253 2996 3510 3063; x_wconf 78' lang='lat' dir='ltr'><strong>sapientia</strong></span> 
     </span>
    </p>
   </div>
   <div class='ocr_carea' id='block_1_91' title="bbox 1930 3089 3508 3160">
    <p class='ocr_par' dir='ltr' id='par_1_91' title="bbox 1930 3089 3508 3160">
     <span class='ocr_line' id='line_1_91' title="bbox 1930 3089 3508 3160; baseline -0.003 -17"><span class='ocrx_word' id='word_1_670' title='bbox 1930 3090 2185 3159; x_wconf 89' lang='lat' dir='ltr'><strong>quoniam</strong></span> <span class='ocrx_word' id='word_1_671' title='bbox 2237 3090 2409 3160; x_wconf 88' lang='lat' dir='ltr'><strong>major</strong></span> <span class='ocrx_word' id='word_1_672' title='bbox 2459 3090 2721 3160; x_wconf 88' lang='lat' dir='ltr'><strong>sapientia</strong></span> <span class='ocrx_word' id='word_1_673' title='bbox 2773 3090 3143 3158; x_wconf 87' lang='lat' dir='ltr'><strong>reperiebatur</strong></span> <span class='ocrx_word' id='word_1_674' title='bbox 3190 3102 3407 3157; x_wconf 82' lang='lat' dir='ltr'><strong>semper</strong></span> <span class='ocrx_word' id='word_1_675' title='bbox 3457 3089 3508 3138; x_wconf 92' lang='lat' dir='ltr'><strong>in</strong></span> 
     </span>
    </p>
   </div>
   <div class='ocr_carea' id='block_1_92' title="bbox 1930 3178 3512 3251">
    <p class='ocr_par' dir='ltr' id='par_1_92' title="bbox 1930 3178 3512 3251">
     <span class='ocr_line' id='line_1_92' title="bbox 1930 3178 3512 3251; baseline -0.004 -16"><span class='ocrx_word' id='word_1_676' title='bbox 1930 3182 2045 3251; x_wconf 86' lang='lat' dir='ltr'><strong>ejus</strong></span> <span class='ocrx_word' id='word_1_677' title='bbox 2095 3182 2357 3236; x_wconf 72' lang='lat' dir='ltr'><strong>doctrina.</strong></span> <span class='ocrx_word' id='word_1_678' title='bbox 2410 3179 2721 3249; x_wconf 64' lang='lat' dir='ltr'><strong>Pro/Sciebat</strong></span> <span class='ocrx_word' id='word_1_679' title='bbox 2756 3192 2803 3234; x_wconf 88' lang='lat' dir='ltr'><strong>et</strong></span> <span class='ocrx_word' id='word_1_680' title='bbox 2826 3190 3009 3245; x_wconf 78' lang='lat' dir='ltr'><strong>a&#39;tate,</strong></span> <span class='ocrx_word' id='word_1_681' title='bbox 3039 3180 3292 3249; x_wconf 88' lang='lat' dir='ltr'><strong>quoniam</strong></span> <span class='ocrx_word' id='word_1_682' title='bbox 3318 3178 3512 3230; x_wconf 82' lang='lat' dir='ltr'><strong>anima:</strong></span> 
     </span>
    </p>
   </div>
   <div class='ocr_carea' id='block_1_93' title="bbox 1931 3266 3509 3341">
    <p class='ocr_par' dir='ltr' id='par_1_93' title="bbox 1931 3266 3509 3341">
     <span class='ocr_line' id='line_1_93' title="bbox 1931 3266 3509 3341; baseline -0.004 -18"><span class='ocrx_word' id='word_1_683' title='bbox 1931 3270 2261 3341; x_wconf 83' lang='lat' dir='ltr'><strong>prolicientis</strong></span> <span class='ocrx_word' id='word_1_684' title='bbox 2307 3279 2439 3325; x_wconf 75' lang='lat' dir='ltr'><strong>tetas</strong></span> <span class='ocrx_word' id='word_1_685' title='bbox 2492 3271 2755 3323; x_wconf 87' lang='lat' dir='ltr'><strong>maturior</strong></span> <span class='ocrx_word' id='word_1_686' title='bbox 2794 3270 2993 3339; x_wconf 83' lang='lat' dir='ltr'><strong>jugiter</strong></span> <span class='ocrx_word' id='word_1_687' title='bbox 3044 3268 3420 3323; x_wconf 85' lang='lat' dir='ltr'><strong>inveniebatur</strong></span> <span class='ocrx_word' id='word_1_688' title='bbox 3458 3266 3509 3316; x_wconf 88' lang='lat' dir='ltr'><strong>in</strong></span> 
     </span>
    </p>
   </div>
   <div class='ocr_carea' id='block_1_94' title="bbox 1932 3355 3511 3430">
    <p class='ocr_par' dir='ltr' id='par_1_94' title="bbox 1932 3355 3511 3430">
     <span class='ocr_line' id='line_1_94' title="bbox 1932 3355 3511 3430; baseline -0.006 -15"><span class='ocrx_word' id='word_1_689' title='bbox 1932 3362 2048 3430; x_wconf 86' lang='lat' dir='ltr'><strong>ejus</strong></span> <span class='ocrx_word' id='word_1_690' title='bbox 2075 3376 2345 3416; x_wconf 88' lang='lat' dir='ltr'><strong>sermone.</strong></span> <span class='ocrx_word' id='word_1_691' title='bbox 2369 3359 2683 3428; x_wconf 80' lang='lat' dir='ltr'><strong>Proﬁciebat</strong></span> <span class='ocrx_word' id='word_1_692' title='bbox 2703 3370 2747 3415; x_wconf 88' lang='lat' dir='ltr'><strong>et</strong></span> <span class='ocrx_word' id='word_1_693' title='bbox 2764 3361 2955 3428; x_wconf 81' lang='lat' dir='ltr'><strong>gratia,</strong></span> <span class='ocrx_word' id='word_1_694' title='bbox 2976 3359 3225 3428; x_wconf 83' lang='lat' dir='ltr'><strong>quoniam</strong></span> <span class='ocrx_word' id='word_1_695' title='bbox 3254 3355 3511 3423; x_wconf 77' lang='lat' dir='ltr'><strong>majorem</strong></span> 
     </span>
    </p>
   </div>
   <div class='ocr_carea' id='block_1_95' title="bbox 1933 3445 3509 3520">
    <p class='ocr_par' dir='ltr' id='par_1_95' title="bbox 1933 3445 3509 3520">
     <span class='ocr_line' id='line_1_95' title="bbox 1933 3445 3509 3520; baseline -0.005 -17"><span class='ocrx_word' id='word_1_696' title='bbox 1933 3451 2043 3504; x_wconf 88' lang='lat' dir='ltr'><strong>suis</strong></span> <span class='ocrx_word' id='word_1_697' title='bbox 2080 3450 2309 3520; x_wconf 80' lang='lat' dir='ltr'><strong>gratiam</strong></span> <span class='ocrx_word' id='word_1_698' title='bbox 2340 3450 2651 3519; x_wconf 89' lang='lat' dir='ltr'><strong>quotidiano</strong></span> <span class='ocrx_word' id='word_1_699' title='bbox 2698 3449 2940 3518; x_wconf 79' lang='lat' dir='ltr'><strong>profectu</strong></span> <span class='ocrx_word' id='word_1_700' title='bbox 2990 3448 3170 3502; x_wconf 62' lang='lat' dir='ltr'><strong>dabat.</strong></span> <span class='ocrx_word' id='word_1_701' title='bbox 3210 3446 3323 3499; x_wconf 88' lang='lat' dir='ltr'><strong>Non</strong></span> <span class='ocrx_word' id='word_1_702' title='bbox 3363 3445 3509 3498; x_wconf 90' lang='lat' dir='ltr'><strong>enim</strong></span> 
     </span>
    </p>
   </div>
   <div class='ocr_carea' id='block_1_96' title="bbox 1934 3538 3511 3608">
    <p class='ocr_par' dir='ltr' id='par_1_96' title="bbox 1934 3538 3511 3608">
     <span class='ocr_line' id='line_1_96' title="bbox 1934 3538 3511 3608; baseline -0.005 -12"><span class='ocrx_word' id='word_1_703' title='bbox 1934 3541 2056 3604; x_wconf 89' lang='lat' dir='ltr'><strong>sibi,</strong></span> <span class='ocrx_word' id='word_1_704' title='bbox 2088 3542 2180 3596; x_wconf 89' lang='lat' dir='ltr'><strong>sed</strong></span> <span class='ocrx_word' id='word_1_705' title='bbox 2213 3550 2265 3594; x_wconf 89' lang='lat' dir='ltr'><strong>et</strong></span> <span class='ocrx_word' id='word_1_706' title='bbox 2297 3542 2428 3603; x_wconf 90' lang='lat' dir='ltr'><strong>suis,</strong></span> <span class='ocrx_word' id='word_1_707' title='bbox 2459 3541 2731 3608; x_wconf 82' lang='lat' dir='ltr'><strong>prolectus</strong></span> <span class='ocrx_word' id='word_1_708' title='bbox 2754 3541 2857 3596; x_wconf 87' lang='lat' dir='ltr'><strong>iste</strong></span> <span class='ocrx_word' id='word_1_709' title='bbox 2887 3540 3063 3595; x_wconf 74' lang='lat' dir='ltr'><strong>ﬁebat.</strong></span> <span class='ocrx_word' id='word_1_710' title='bbox 3099 3540 3246 3607; x_wconf 80' lang='lat' dir='ltr'><strong>Apud</strong></span> <span class='ocrx_word' id='word_1_711' title='bbox 3270 3538 3435 3591; x_wconf 84' lang='lat' dir='ltr'><strong>Deum</strong></span> <span class='ocrx_word' id='word_1_712' title='bbox 3462 3546 3511 3589; x_wconf 84' lang='lat' dir='ltr'><strong>et</strong></span> 
     </span>
    </p>
   </div>
   <div class='ocr_carea' id='block_1_97' title="bbox 1934 3628 3511 3701">
    <p class='ocr_par' dir='ltr' id='par_1_97' title="bbox 1934 3628 3511 3701">
     <span class='ocr_line' id='line_1_97' title="bbox 1934 3628 3511 3701; baseline -0.003 -18"><span class='ocrx_word' id='word_1_713' title='bbox 1934 3632 2167 3685; x_wconf 84' lang='lat' dir='ltr'><strong>homines</strong></span> <span class='ocrx_word' id='word_1_714' title='bbox 2198 3630 2272 3684; x_wconf 89' lang='lat' dir='ltr'><strong>ita</strong></span> <span class='ocrx_word' id='word_1_715' title='bbox 2301 3631 2621 3699; x_wconf 75' lang='lat' dir='ltr'><strong>proﬁciebat,</strong></span> <span class='ocrx_word' id='word_1_716' title='bbox 2653 3632 2775 3701; x_wconf 89' lang='lat' dir='ltr'><strong>quia</strong></span> <span class='ocrx_word' id='word_1_717' title='bbox 2799 3641 2854 3685; x_wconf 89' lang='lat' dir='ltr'><strong>et</strong></span> <span class='ocrx_word' id='word_1_718' title='bbox 2882 3631 2947 3684; x_wconf 87' lang='lat' dir='ltr'><strong>ad</strong></span> <span class='ocrx_word' id='word_1_719' title='bbox 2980 3631 3071 3684; x_wconf 85' lang='lat' dir='ltr'><strong>Dei</strong></span> <span class='ocrx_word' id='word_1_720' title='bbox 3104 3628 3326 3699; x_wconf 86' lang='lat' dir='ltr'><strong>gloriam</strong></span> <span class='ocrx_word' id='word_1_721' title='bbox 3361 3638 3416 3681; x_wconf 89' lang='lat' dir='ltr'><strong>et</strong></span> <span class='ocrx_word' id='word_1_722' title='bbox 3441 3628 3511 3680; x_wconf 89' lang='lat' dir='ltr'><strong>ad</strong></span> 
     </span>
    </p>
   </div>
   <div class='ocr_carea' id='block_1_98' title="bbox 1936 3720 3511 3791">
    <p class='ocr_par' dir='ltr' id='par_1_98' title="bbox 1936 3720 3511 3791">
     <span class='ocr_line' id='line_1_98' title="bbox 1936 3720 3511 3791; baseline -0.005 -12"><span class='ocrx_word' id='word_1_723' title='bbox 1936 3723 2215 3779; x_wconf 87' lang='lat' dir='ltr'><strong>hominum</strong></span> <span class='ocrx_word' id='word_1_724' title='bbox 2241 3722 2466 3775; x_wconf 87' lang='lat' dir='ltr'><strong>salutem</strong></span> <span class='ocrx_word' id='word_1_725' title='bbox 2495 3722 2605 3775; x_wconf 68' lang='lat' dir='ltr'><strong>haec</strong></span> <span class='ocrx_word' id='word_1_726' title='bbox 2636 3724 2961 3791; x_wconf 83' lang='lat' dir='ltr'><strong>gerebantur</strong></span> <span class='ocrx_word' id='word_1_727' title='bbox 2991 3739 3004 3775; x_wconf 91' lang='lat'>:</span> <span class='ocrx_word' id='word_1_728' title='bbox 3030 3731 3085 3775; x_wconf 91' lang='lat' dir='ltr'><strong>et</strong></span> <span class='ocrx_word' id='word_1_729' title='bbox 3104 3720 3275 3788; x_wconf 64' lang='lat' dir='ltr'><strong>mag‘s</strong></span> <span class='ocrx_word' id='word_1_730' title='bbox 3305 3735 3369 3773; x_wconf 91' lang='lat' dir='ltr'><strong>ac</strong></span> <span class='ocrx_word' id='word_1_731' title='bbox 3400 3735 3511 3771; x_wconf 89' lang='lat' dir='ltr'><strong>tua—</strong></span> 
     </span>
    </p>
   </div>
   <div class='ocr_carea' id='block_1_99' title="bbox 1936 3809 3513 3880">
    <p class='ocr_par' dir='ltr' id='par_1_99' title="bbox 1936 3809 3513 3880">
     <span class='ocr_line' id='line_1_99' title="bbox 1936 3809 3513 3880; baseline -0.004 -15"><span class='ocrx_word' id='word_1_732' title='bbox 1936 3812 2017 3880; x_wconf 84' lang='lat' dir='ltr'><strong>gis</strong></span> <span class='ocrx_word' id='word_1_733' title='bbox 2063 3809 2472 3865; x_wconf 87' lang='lat' dir='ltr'><strong>iunotescebant</strong></span> <span class='ocrx_word' id='word_1_734' title='bbox 2516 3810 2720 3877; x_wconf 77' lang='lat' dir='ltr'><strong>angelis</strong></span> <span class='ocrx_word' id='word_1_735' title='bbox 2748 3811 2839 3879; x_wconf 92' lang='lat' dir='ltr'><strong>qui</strong></span> <span class='ocrx_word' id='word_1_736' title='bbox 2883 3820 3007 3864; x_wconf 90' lang='lat' dir='ltr'><strong>sunt</strong></span> <span class='ocrx_word' id='word_1_737' title='bbox 3046 3810 3185 3878; x_wconf 90' lang='lat' dir='ltr'><strong>apud</strong></span> <span class='ocrx_word' id='word_1_738' title='bbox 3222 3809 3423 3869; x_wconf 89' lang='lat' dir='ltr'><strong>Deum,</strong></span> <span class='ocrx_word' id='word_1_739' title='bbox 3458 3816 3513 3859; x_wconf 83' lang='lat' dir='ltr'><strong>et</strong></span> 
     </span>
    </p>
   </div>
   <div class='ocr_carea' id='block_1_100' title="bbox 1938 3896 3518 3967">
    <p class='ocr_par' dir='ltr' id='par_1_100' title="bbox 1938 3896 3518 3967">
     <span class='ocr_line' id='line_1_100' title="bbox 1938 3896 3518 3967; baseline -0.006 -12"><span class='ocrx_word' id='word_1_740' title='bbox 1938 3900 2244 3959; x_wconf 88' lang='lat' dir='ltr'><strong>hominibus</strong></span> <span class='ocrx_word' id='word_1_741' title='bbox 2287 3900 2356 3952; x_wconf 83' lang='lat' dir='ltr'><strong>ad</strong></span> <span class='ocrx_word' id='word_1_742' title='bbox 2406 3898 2731 3967; x_wconf 71' lang='lat' dir='ltr'><strong>exemplum.</strong></span> <span class='ocrx_word' id='word_1_743' title='bbox 2773 3897 2921 3952; x_wconf 88' lang='lat' dir='ltr'><strong>Unde</strong></span> <span class='ocrx_word' id='word_1_744' title='bbox 2970 3898 3085 3951; x_wconf 86' lang='lat' dir='ltr'><strong>laus</strong></span> <span class='ocrx_word' id='word_1_745' title='bbox 3126 3905 3180 3948; x_wconf 80' lang='lat' dir='ltr'><strong>et</strong></span> <span class='ocrx_word' id='word_1_746' title='bbox 3228 3896 3401 3947; x_wconf 91' lang='lat' dir='ltr'><strong>honor</strong></span> <span class='ocrx_word' id='word_1_747' title='bbox 3446 3896 3518 3946; x_wconf 85' lang='lat' dir='ltr'><strong>sit</strong></span> 
     </span>
    </p>
   </div>
   <div class='ocr_carea' id='block_1_101' title="bbox 1939 3984 3513 4056">
    <p class='ocr_par' dir='ltr' id='par_1_101' title="bbox 1939 3984 3513 4056">
     <span class='ocr_line' id='line_1_101' title="bbox 1939 3984 3513 4056; baseline -0.005 -12"><span class='ocrx_word' id='word_1_748' title='bbox 1939 3990 2111 4044; x_wconf 89' lang='lat' dir='ltr'><strong>eidem</strong></span> <span class='ocrx_word' id='word_1_749' title='bbox 2156 3988 2246 4056; x_wconf 92' lang='lat' dir='ltr'><strong>pio</strong></span> <span class='ocrx_word' id='word_1_750' title='bbox 2290 3987 2556 4041; x_wconf 84' lang='lat' dir='ltr'><strong>Salvatori</strong></span> <span class='ocrx_word' id='word_1_751' title='bbox 2604 4002 2725 4040; x_wconf 93' lang='lat' dir='ltr'><strong>cum</strong></span> <span class='ocrx_word' id='word_1_752' title='bbox 2776 3986 2934 4038; x_wconf 78' lang='lat' dir='ltr'><strong>Patre</strong></span> <span class='ocrx_word' id='word_1_753' title='bbox 2965 3994 3020 4039; x_wconf 92' lang='lat' dir='ltr'><strong>ct</strong></span> <span class='ocrx_word' id='word_1_754' title='bbox 3061 3984 3263 4053; x_wconf 87' lang='lat' dir='ltr'><strong>Spiritu</strong></span> <span class='ocrx_word' id='word_1_755' title='bbox 3296 3990 3513 4046; x_wconf 88' lang='lat' dir='ltr'><strong>sancto,</strong></span> 
     </span>
    </p>
   </div>
   <div class='ocr_carea' id='block_1_102' title="bbox 1940 4076 2737 4151">
    <p class='ocr_par' dir='ltr' id='par_1_102' title="bbox 1940 4076 2737 4151">
     <span class='ocr_line' id='line_1_102' title="bbox 1940 4076 2737 4151; baseline -0.008 -17"><span class='ocrx_word' id='word_1_756' title='bbox 1940 4092 2034 4149; x_wconf 81' lang='lat' dir='ltr'><strong>per</strong></span> <span class='ocrx_word' id='word_1_757' title='bbox 2065 4076 2514 4151; x_wconf 68' lang='lat' dir='ltr'><strong>inlinitasutcula.</strong></span> <span class='ocrx_word' id='word_1_758' title='bbox 2548 4076 2737 4130; x_wconf 88' lang='lat' dir='ltr'><strong>Amen.</strong></span> 
     </span>
    </p>
   </div>
   <div class='ocr_carea' id='block_1_103' title="bbox 2508 4164 2958 4221">
    <p class='ocr_par' dir='ltr' id='par_1_103' title="bbox 2508 4164 2958 4221">
     <span class='ocr_line' id='line_1_103' title="bbox 2508 4164 2958 4221; baseline -0.009 -2"><span class='ocrx_word' id='word_1_759' title='bbox 2508 4166 2785 4221; x_wconf 74' lang='lat' dir='ltr'><strong>llOMlLlA</strong></span> <span class='ocrx_word' id='word_1_760' title='bbox 2832 4164 2958 4221; x_wconf 83' lang='lat' dir='ltr'><strong>Vlll.</strong></span> 
     </span>
    </p>
   </div>
   <div class='ocr_carea' id='block_1_104' title="bbox 1941 4252 3521 4316">
    <p class='ocr_par' dir='ltr' id='par_1_104' title="bbox 1941 4252 3521 4316">
     <span class='ocr_line' id='line_1_104' title="bbox 1941 4252 3521 4316; baseline -0.007 0"><span class='ocrx_word' id='word_1_761' title='bbox 1941 4262 1999 4316; x_wconf 64' lang='lat' dir='ltr'><strong>IN</strong></span> <span class='ocrx_word' id='word_1_762' title='bbox 2034 4275 2368 4315; x_wconf 63' lang='lat' dir='ltr'><strong>EVANGELYUII</strong></span> <span class='ocrx_word' id='word_1_763' title='bbox 2404 4273 2676 4312; x_wconf 71' lang='lat' dir='ltr'><strong>SECUNDUM</strong></span> <span class='ocrx_word' id='word_1_764' title='bbox 2727 4271 2900 4311; x_wconf 67' lang='lat' dir='ltr'><strong>LUCAM</strong></span> <span class='ocrx_word' id='word_1_765' title='bbox 2950 4273 2961 4307; x_wconf 73' lang='grc' dir='ltr'><strong>Ξ</strong></span> <span class='ocrx_word' id='word_1_766' title='bbox 3017 4252 3237 4307; x_wconf 79' lang='lat' dir='ltr'><strong>Factum</strong></span> <span class='ocrx_word' id='word_1_767' title='bbox 3272 4262 3357 4306; x_wconf 70' lang='grc' dir='ltr'><strong>εει</strong></span> <span class='ocrx_word' id='word_1_768' title='bbox 3399 4268 3521 4305; x_wconf 87' lang='lat' dir='ltr'><strong>cum</strong></span> 
     </span>
    </p>
   </div>
   <div class='ocr_carea' id='block_1_105' title="bbox 2013 4342 3520 4418">
    <p class='ocr_par' dir='ltr' id='par_1_105' title="bbox 2013 4342 3520 4418">
     <span class='ocr_line' id='line_1_105' title="bbox 2013 4342 3520 4418; baseline -0.008 -13"><span class='ocrx_word' id='word_1_769' title='bbox 2013 4350 2367 4418; x_wconf 77' lang='lat' dir='ltr'><strong>baptizaretur</strong></span> <span class='ocrx_word' id='word_1_770' title='bbox 2407 4348 2574 4400; x_wconf 83' lang='lat' dir='ltr'><strong>omnis</strong></span> <span class='ocrx_word' id='word_1_771' title='bbox 2606 4344 2860 4415; x_wconf 86' lang='lat' dir='ltr'><strong>populus,</strong></span> <span class='ocrx_word' id='word_1_772' title='bbox 2915 4353 2963 4397; x_wconf 88' lang='lat' dir='ltr'><strong>et</strong></span> <span class='ocrx_word' id='word_1_773' title='bbox 3001 4343 3131 4397; x_wconf 81' lang='lat' dir='ltr'><strong>Jcsu</strong></span> <span class='ocrx_word' id='word_1_774' title='bbox 3175 4342 3438 4411; x_wconf 78' lang='lat' dir='ltr'><strong>baptizata</strong></span> <span class='ocrx_word' id='word_1_775' title='bbox 3471 4351 3520 4394; x_wconf 85' lang='lat' dir='ltr'><strong>et</strong></span> 
     </span>
    </p>
   </div>
   <div class='ocr_carea' id='block_1_106' title="bbox 2014 4428 3517 4506">
    <p class='ocr_par' dir='ltr' id='par_1_106' title="bbox 2014 4428 3517 4506">
     <span class='ocr_line' id='line_1_106' title="bbox 2014 4428 3517 4506; baseline -0.007 -14"><span class='ocrx_word' id='word_1_776' title='bbox 2014 4447 2228 4500; x_wconf 81' lang='lat' dir='ltr'><strong>orante,</strong></span> <span class='ocrx_word' id='word_1_777' title='bbox 2286 4446 2521 4506; x_wconf 86' lang='lat' dir='ltr'><strong>apertum</strong></span> <span class='ocrx_word' id='word_1_778' title='bbox 2568 4444 2640 4488; x_wconf 86' lang='lat' dir='ltr'><strong>est</strong></span> <span class='ocrx_word' id='word_1_779' title='bbox 2701 4433 2905 4487; x_wconf 76' lang='lat' dir='ltr'><strong>caelum.</strong></span> <span class='ocrx_word' id='word_1_780' title='bbox 2975 4432 3042 4486; x_wconf 79' lang='lat' dir='ltr'><strong>Et</strong></span> <span class='ocrx_word' id='word_1_781' title='bbox 3095 4430 3298 4500; x_wconf 83' lang='lat' dir='ltr'><strong>reliqua</strong></span> <span class='ocrx_word' id='word_1_782' title='bbox 3356 4428 3517 4492; x_wconf 86' lang='lat' dir='ltr'><strong>(an.</strong></span> 
     </span>
    </p>
   </div>
   <div class='ocr_carea' id='block_1_107' title="bbox 2020 4528 2248 4594">
    <p class='ocr_par' dir='ltr' id='par_1_107' title="bbox 2020 4528 2248 4594">
     <span class='ocr_line' id='line_1_107' title="bbox 2020 4528 2248 4594; baseline -0.009 -12"><span class='ocrx_word' id='word_1_783' title='bbox 2020 4545 2102 4591; x_wconf 84' lang='grc' dir='ltr'>ιιι,</span> <span class='ocrx_word' id='word_1_784' title='bbox 2136 4528 2248 4594; x_wconf 74' lang='grc'>21).</span> 
     </span>
    </p>
   </div>
   <div class='ocr_carea' id='block_1_108' title="bbox 2017 4612 3525 4688">
    <p class='ocr_par' dir='ltr' id='par_1_108' title="bbox 2017 4612 3525 4688">
     <span class='ocr_line' id='line_1_108' title="bbox 2017 4612 3525 4688; baseline -0.007 -16"><span class='ocrx_word' id='word_1_785' title='bbox 2017 4617 2315 4688; x_wconf 85' lang='lat' dir='ltr'><strong>Baptizavit</strong></span> <span class='ocrx_word' id='word_1_786' title='bbox 2348 4616 2586 4671; x_wconf 78' lang='lat' dir='ltr'><strong>Joannes</strong></span> <span class='ocrx_word' id='word_1_787' title='bbox 2613 4613 2925 4668; x_wconf 88' lang='lat' dir='ltr'><strong>universum</strong></span> <span class='ocrx_word' id='word_1_788' title='bbox 2956 4613 3210 4683; x_wconf 86' lang='lat' dir='ltr'><strong>populum</strong></span> <span class='ocrx_word' id='word_1_789' title='bbox 3242 4612 3307 4665; x_wconf 90' lang='lat' dir='ltr'><strong>ad</strong></span> <span class='ocrx_word' id='word_1_790' title='bbox 3345 4625 3402 4664; x_wconf 92' lang='lat' dir='ltr'><strong>se</strong></span> <span class='ocrx_word' id='word_1_791' title='bbox 3434 4625 3525 4662; x_wconf 87' lang='lat' dir='ltr'><strong>vc-</strong></span> 
     </span>
    </p>
   </div>
   <div class='ocr_carea' id='block_1_109' title="bbox 1950 4704 3524 4776">
    <p class='ocr_par' dir='ltr' id='par_1_109' title="bbox 1950 4704 3524 4776">
     <span class='ocr_line' id='line_1_109' title="bbox 1950 4704 3524 4776; baseline -0.009 -12"><span class='ocrx_word' id='word_1_792' title='bbox 1950 4711 2216 4771; x_wconf 87' lang='lat' dir='ltr'><strong>nientem;</strong></span> <span class='ocrx_word' id='word_1_793' title='bbox 2245 4709 2368 4776; x_wconf 90' lang='lat' dir='ltr'><strong>quia</strong></span> <span class='ocrx_word' id='word_1_794' title='bbox 2400 4708 2444 4762; x_wconf 89' lang='lat' dir='ltr'><strong>si</strong></span> <span class='ocrx_word' id='word_1_795' title='bbox 2475 4706 2645 4761; x_wconf 88' lang='lat' dir='ltr'><strong>solum</strong></span> <span class='ocrx_word' id='word_1_796' title='bbox 2696 4704 2982 4759; x_wconf 92' lang='lat' dir='ltr'><strong>Dominum</strong></span> <span class='ocrx_word' id='word_1_797' title='bbox 3018 4704 3344 4773; x_wconf 83' lang='lat' dir='ltr'><strong>baptizassrt</strong></span> <span class='ocrx_word' id='word_1_798' title='bbox 3367 4741 3381 4764; x_wconf 96' lang='lat'><strong>,</strong></span> <span class='ocrx_word' id='word_1_799' title='bbox 3418 4715 3524 4752; x_wconf 90' lang='lat' dir='ltr'><strong>non</strong></span> 
     </span>
    </p>
   </div>
   <div class='ocr_carea' id='block_1_110' title="bbox 1950 4791 3524 4867">
    <p class='ocr_par' dir='ltr' id='par_1_110' title="bbox 1950 4791 3524 4867">
     <span class='ocr_line' id='line_1_110' title="bbox 1950 4791 3524 4867; baseline -0.006 -13"><span class='ocrx_word' id='word_1_800' title='bbox 1950 4803 2200 4855; x_wconf 87' lang='lat' dir='ltr'><strong>deessent</strong></span> <span class='ocrx_word' id='word_1_801' title='bbox 2255 4798 2345 4867; x_wconf 80' lang='lat' dir='ltr'><strong>qui</strong></span> <span class='ocrx_word' id='word_1_802' title='bbox 2408 4806 2664 4865; x_wconf 89' lang='lat' dir='ltr'><strong>putarent</strong></span> <span class='ocrx_word' id='word_1_803' title='bbox 2723 4797 2964 4853; x_wconf 89' lang='lat' dir='ltr'><strong>sanctius</strong></span> <span class='ocrx_word' id='word_1_804' title='bbox 3035 4794 3199 4848; x_wconf 81' lang='lat' dir='ltr'><strong>fuisse</strong></span> <span class='ocrx_word' id='word_1_805' title='bbox 3256 4791 3524 4858; x_wconf 78' lang='lat' dir='ltr'><strong>baptisma</strong></span> 
     </span>
    </p>
   </div>
   <div class='ocr_carea' id='block_1_111' title="bbox 1949 4877 3525 4958">
    <p class='ocr_par' dir='ltr' id='par_1_111' title="bbox 1949 4877 3525 4958">
     <span class='ocr_line' id='line_1_111' title="bbox 1949 4877 3525 4958; baseline -0.01 -13"><span class='ocrx_word' id='word_1_806' title='bbox 1949 4890 2172 4945; x_wconf 88' lang='lat' dir='ltr'><strong>Joannis</strong></span> <span class='ocrx_word' id='word_1_807' title='bbox 2225 4902 2386 4958; x_wconf 89' lang='lat' dir='ltr'><strong>quam</strong></span> <span class='ocrx_word' id='word_1_808' title='bbox 2414 4887 2640 4952; x_wconf 90' lang='lat' dir='ltr'><strong>Christi,</strong></span> <span class='ocrx_word' id='word_1_809' title='bbox 2664 4889 2817 4957; x_wconf 90' lang='lat' dir='ltr'><strong>quasi</strong></span> <span class='ocrx_word' id='word_1_810' title='bbox 2840 4886 3108 4955; x_wconf 85' lang='lat' dir='ltr'><strong>baptismo</strong></span> <span class='ocrx_word' id='word_1_811' title='bbox 3135 4881 3357 4937; x_wconf 86' lang='lat' dir='ltr'><strong>Joannis</strong></span> <span class='ocrx_word' id='word_1_812' title='bbox 3379 4877 3525 4931; x_wconf 84' lang='lat' dir='ltr'><strong>solus</strong></span> 
     </span>
    </p>
   </div>
   <div class='ocr_carea' id='block_1_112' title="bbox 1952 4966 3526 5047">
    <p class='ocr_par' dir='ltr' id='par_1_112' title="bbox 1952 4966 3526 5047">
     <span class='ocr_line' id='line_1_112' title="bbox 1952 4966 3526 5047; baseline -0.012 -12"><span class='ocrx_word' id='word_1_813' title='bbox 1952 4981 2199 5035; x_wconf 89' lang='lat' dir='ltr'><strong>Christus</strong></span> <span class='ocrx_word' id='word_1_814' title='bbox 2225 4978 2511 5033; x_wconf 89' lang='lat' dir='ltr'><strong>meruisset</strong></span> <span class='ocrx_word' id='word_1_815' title='bbox 2537 4978 2831 5047; x_wconf 84' lang='lat' dir='ltr'><strong>baptizari;</strong></span> <span class='ocrx_word' id='word_1_816' title='bbox 2864 4974 3133 5043; x_wconf 85' lang='lat' dir='ltr'><strong>baptismo</strong></span> <span class='ocrx_word' id='word_1_817' title='bbox 3165 4978 3342 5025; x_wconf 89' lang='lat' dir='ltr'><strong>autem</strong></span> <span class='ocrx_word' id='word_1_818' title='bbox 3369 4966 3526 5020; x_wconf 58' lang='lat' dir='ltr'><strong>tlhri.</strong></span> 
     </span>
    </p>
   </div>
   <div class='ocr_carea' id='block_1_113' title="bbox 1953 5058 3526 5146">
    <p class='ocr_par' dir='ltr' id='par_1_113' title="bbox 1953 5058 3526 5146">
     <span class='ocr_line' id='line_1_113' title="bbox 1953 5058 3526 5146; baseline -0.012 -16"><span class='ocrx_word' id='word_1_819' title='bbox 1953 5075 2045 5139; x_wconf 91' lang='lat' dir='ltr'><strong>sti,</strong></span> <span class='ocrx_word' id='word_1_820' title='bbox 2068 5089 2236 5146; x_wconf 87' lang='lat' dir='ltr'><strong>genus</strong></span> <span class='ocrx_word' id='word_1_821' title='bbox 2273 5073 2588 5127; x_wconf 86' lang='lat' dir='ltr'><strong>humanum.</strong></span> <span class='ocrx_word' id='word_1_822' title='bbox 2615 5072 2671 5127; x_wconf 91' lang='lat' dir='ltr'><strong>Si</strong></span> <span class='ocrx_word' id='word_1_823' title='bbox 2701 5070 2845 5125; x_wconf 89' lang='lat' dir='ltr'><strong>eniut</strong></span> <span class='ocrx_word' id='word_1_824' title='bbox 2887 5067 3031 5122; x_wconf 90' lang='lat' dir='ltr'><strong>solus</strong></span> <span class='ocrx_word' id='word_1_825' title='bbox 3056 5062 3309 5143; x_wconf 91' lang='lat' dir='ltr'><strong>Christus</strong></span> <span class='ocrx_word' id='word_1_826' title='bbox 3346 5058 3526 5125; x_wconf 71' lang='lat' dir='ltr'><strong>bapti~</strong></span> 
     </span>
    </p>
   </div>
   <div class='ocr_carea' id='block_1_114' title="bbox 1954 5147 3524 5235">
    <p class='ocr_par' dir='ltr' id='par_1_114' title="bbox 1954 5147 3524 5235">
     <span class='ocr_line' id='line_1_114' title="bbox 1954 5147 3524 5235; baseline -0.012 -16"><span class='ocrx_word' id='word_1_827' title='bbox 1954 5182 2069 5219; x_wconf 90' lang='lat' dir='ltr'><strong>smo</strong></span> <span class='ocrx_word' id='word_1_828' title='bbox 2111 5163 2333 5223; x_wconf 84' lang='lat' dir='ltr'><strong>Joannis</strong></span> <span class='ocrx_word' id='word_1_829' title='bbox 2379 5173 2525 5218; x_wconf 88' lang='lat' dir='ltr'><strong>esset.</strong></span> <span class='ocrx_word' id='word_1_830' title='bbox 2574 5161 2903 5230; x_wconf 86' lang='lat' dir='ltr'><strong>baptizatus,</strong></span> <span class='ocrx_word' id='word_1_831' title='bbox 2949 5155 3189 5235; x_wconf 84' lang='lat' dir='ltr'><strong>dicerent</strong></span> <span class='ocrx_word' id='word_1_832' title='bbox 3235 5147 3524 5202; x_wconf 86' lang='lat' dir='ltr'><strong>homines:</strong></span> 
     </span>
    </p>
   </div>
   <div class='ocr_carea' id='block_1_115' title="bbox 1954 5239 3528 5322">
    <p class='ocr_par' dir='ltr' id='par_1_115' title="bbox 1954 5239 3528 5322">
     <span class='ocr_line' id='line_1_115' title="bbox 1954 5239 3528 5322; baseline -0.011 -14"><span class='ocrx_word' id='word_1_833' title='bbox 1954 5254 2177 5322; x_wconf 85' lang='lat' dir='ltr'><strong>Qualem</strong></span> <span class='ocrx_word' id='word_1_834' title='bbox 2225 5253 2545 5322; x_wconf 88' lang='lat' dir='ltr'><strong>baptismum</strong></span> <span class='ocrx_word' id='word_1_835' title='bbox 2598 5248 2785 5304; x_wconf 90' lang='lat' dir='ltr'><strong>habuit</strong></span> <span class='ocrx_word' id='word_1_836' title='bbox 2828 5243 3092 5301; x_wconf 87' lang='lat' dir='ltr'><strong>Joannes?</strong></span> <span class='ocrx_word' id='word_1_837' title='bbox 3136 5240 3385 5309; x_wconf 78' lang='lat' dir='ltr'><strong>Magnum</strong></span> <span class='ocrx_word' id='word_1_838' title='bbox 3437 5239 3528 5291; x_wconf 85' lang='lat' dir='ltr'><strong>ba-</strong></span> 
     </span>
    </p>
   </div>
   <div class='ocr_carea' id='block_1_116' title="bbox 1954 5330 3529 5417">
    <p class='ocr_par' dir='ltr' id='par_1_116' title="bbox 1954 5330 3529 5417">
     <span class='ocr_line' id='line_1_116' title="bbox 1954 5330 3529 5417; baseline -0.011 -17"><span class='ocrx_word' id='word_1_839' title='bbox 1954 5347 2207 5417; x_wconf 87' lang='lat' dir='ltr'><strong>ptismum</strong></span> <span class='ocrx_word' id='word_1_840' title='bbox 2238 5343 2442 5406; x_wconf 88' lang='lat' dir='ltr'><strong>habuit,</strong></span> <span class='ocrx_word' id='word_1_841' title='bbox 2470 5338 2733 5394; x_wconf 80' lang='lat' dir='ltr'><strong>ineffabile</strong></span> <span class='ocrx_word' id='word_1_842' title='bbox 2756 5342 3177 5398; x_wconf 89' lang='lat' dir='ltr'><strong>sacramentum,</strong></span> <span class='ocrx_word' id='word_1_843' title='bbox 3201 5331 3379 5384; x_wconf 84' lang='lat' dir='ltr'><strong>videte</strong></span> <span class='ocrx_word' id='word_1_844' title='bbox 3402 5330 3529 5397; x_wconf 85' lang='lat' dir='ltr'><strong>quia</strong></span> 
     </span>
    </p>
   </div>
   <div class='ocr_carea' id='block_1_117' title="bbox 1956 5419 3535 5497">
    <p class='ocr_par' dir='ltr' id='par_1_117' title="bbox 1956 5419 3535 5497">
     <span class='ocr_line' id='line_1_117' title="bbox 1956 5419 3535 5497; baseline -0.011 -7"><span class='ocrx_word' id='word_1_845' title='bbox 1956 5437 2101 5491; x_wconf 88' lang='lat' dir='ltr'><strong>solus</strong></span> <span class='ocrx_word' id='word_1_846' title='bbox 2128 5435 2375 5489; x_wconf 87' lang='lat' dir='ltr'><strong>Christus</strong></span> <span class='ocrx_word' id='word_1_847' title='bbox 2421 5430 2615 5485; x_wconf 89' lang='lat' dir='ltr'><strong>meruit</strong></span> <span class='ocrx_word' id='word_1_848' title='bbox 2670 5426 2931 5497; x_wconf 87' lang='lat' dir='ltr'><strong>baptizari</strong></span> <span class='ocrx_word' id='word_1_849' title='bbox 2982 5424 3248 5493; x_wconf 76' lang='lat' dir='ltr'><strong>baptismo</strong></span> <span class='ocrx_word' id='word_1_850' title='bbox 3285 5419 3535 5485; x_wconf 80' lang='lat' dir='ltr'><strong>Joannis.</strong></span> 
     </span>
    </p>
   </div>
   <div class='ocr_carea' id='block_1_118' title="bbox 1958 5512 3529 5595">
    <p class='ocr_par' dir='ltr' id='par_1_118' title="bbox 1958 5512 3529 5595">
     <span class='ocr_line' id='line_1_118' title="bbox 1958 5512 3529 5595; baseline -0.012 -14"><span class='ocrx_word' id='word_1_851' title='bbox 1958 5530 2132 5595; x_wconf 87' lang='lat' dir='ltr'><strong>Atque</strong></span> <span class='ocrx_word' id='word_1_852' title='bbox 2186 5525 2257 5577; x_wconf 92' lang='lat' dir='ltr'><strong>ita</strong></span> <span class='ocrx_word' id='word_1_853' title='bbox 2298 5520 2469 5590; x_wconf 86' lang='lat' dir='ltr'><strong>major</strong></span> <span class='ocrx_word' id='word_1_854' title='bbox 2518 5520 2788 5573; x_wconf 81' lang='lat' dir='ltr'><strong>videretur</strong></span> <span class='ocrx_word' id='word_1_855' title='bbox 2835 5514 3131 5585; x_wconf 87' lang='lat' dir='ltr'><strong>baptismus</strong></span> <span class='ocrx_word' id='word_1_856' title='bbox 3177 5512 3318 5566; x_wconf 86' lang='lat' dir='ltr'><strong>servi</strong></span> <span class='ocrx_word' id='word_1_857' title='bbox 3368 5524 3529 5579; x_wconf 90' lang='lat' dir='ltr'><strong>quam</strong></span> 
     </span>
    </p>
   </div>
   <div class='ocr_carea' id='block_1_119' title="bbox 1959 5603 3531 5687">
    <p class='ocr_par' dir='ltr' id='par_1_119' title="bbox 1959 5603 3531 5687">
     <span class='ocr_line' id='line_1_119' title="bbox 1959 5603 3531 5687; baseline -0.013 -15"><span class='ocrx_word' id='word_1_858' title='bbox 1959 5617 2257 5687; x_wconf 84' lang='lat' dir='ltr'><strong>baptismus</strong></span> <span class='ocrx_word' id='word_1_859' title='bbox 2289 5611 2520 5667; x_wconf 87' lang='lat' dir='ltr'><strong>Dotniui.</strong></span> <span class='ocrx_word' id='word_1_860' title='bbox 2552 5609 2813 5679; x_wconf 86' lang='lat' dir='ltr'><strong>Baptizati</strong></span> <span class='ocrx_word' id='word_1_861' title='bbox 2847 5615 2972 5662; x_wconf 85' lang='lat' dir='ltr'><strong>sunt</strong></span> <span class='ocrx_word' id='word_1_862' title='bbox 3021 5604 3184 5675; x_wconf 79' lang='lat' dir='ltr'><strong>igitur</strong></span> <span class='ocrx_word' id='word_1_863' title='bbox 3222 5611 3272 5657; x_wconf 88' lang='lat' dir='ltr'><strong>et</strong></span> <span class='ocrx_word' id='word_1_864' title='bbox 3315 5603 3401 5657; x_wconf 86' lang='lat' dir='ltr'><strong>alii</strong></span> <span class='ocrx_word' id='word_1_865' title='bbox 3435 5610 3531 5653; x_wconf 58' lang='lat' dir='ltr'><strong>ba.</strong></span> 
     </span>
    </p>
   </div>
   <div class='ocr_carea' id='block_1_120' title="bbox 1961 5693 3529 5780">
    <p class='ocr_par' dir='ltr' id='par_1_120' title="bbox 1961 5693 3529 5780">
     <span class='ocr_line' id='line_1_120' title="bbox 1961 5693 3529 5780; baseline -0.012 -16"><span class='ocrx_word' id='word_1_866' title='bbox 1961 5711 2158 5780; x_wconf 84' lang='lat' dir='ltr'><strong>ptisuto</strong></span> <span class='ocrx_word' id='word_1_867' title='bbox 2194 5704 2446 5769; x_wconf 83' lang='lat' dir='ltr'><strong>Joannis,</strong></span> <span class='ocrx_word' id='word_1_868' title='bbox 2502 5718 2565 5756; x_wconf 87' lang='lat' dir='ltr'><strong>ue</strong></span> <span class='ocrx_word' id='word_1_869' title='bbox 2614 5700 2801 5756; x_wconf 87' lang='lat' dir='ltr'><strong>melior</strong></span> <span class='ocrx_word' id='word_1_870' title='bbox 2834 5700 3100 5771; x_wconf 85' lang='lat' dir='ltr'><strong>baptimus</strong></span> <span class='ocrx_word' id='word_1_871' title='bbox 3136 5695 3353 5751; x_wconf 73' lang='lat' dir='ltr'><strong>Joannis</strong></span> <span class='ocrx_word' id='word_1_872' title='bbox 3389 5693 3529 5747; x_wconf 82' lang='lat' dir='ltr'><strong>vide-</strong></span> 
     </span>
    </p>
   </div>
  </div>
