4076 6288
261 346 366 402 633

1376 341 1678 400 NOMINA]
1718 342 1805 397 ΕΤ
1858 340 2450 399 ΕΚΠΟΙὶΤΛΤΙΟΝΙ-ΣΒ.

3415 339 3515 393 654

265 457 671 526 Scnptnrarum
714 453 1053 525 genealogias
1108 462 1292 509 texere
1340 469 1440 523 per
1477 458 1722 508 fetttmas.
1763 452 1846 509 Ob
1878 456 1918 512 Α
1952 453 2101 518 tiam,
2128 469 2288 521 quam
2326 463 2509 523 postea
2550 454 2823 522 peccando
2849 452 3062 515 amisit,
3097 461 3352 523 tanquam
3383 452 3529 508 filius

266 552 367 604 hoc
388 548 532 602 enim
566 564 659 617 per
686 546 887 615 Ioseph
919 563 1157 618 congrue
1184 548 1506 603 describitur
1533 548 1840 618 genealogia

265 638 501 703 Christi,
525 639 649 707 quia
675 639 742 693 de
766 636 881 707 ejus
909 639 1136 709 conjuge
1158 680 1173 703 ,
1198 638 1322 694 licet
1360 654 1573 708 semper
1600 638 1807 710 virgine
1825 681 1839 705 ,

267 738 427 783 natus
451 738 555 784 est.
579 727 712 783 Cum
747 738 926 783 autem
959 728 1155 798 Ioseph
1184 731 1489 783 nominatus
1510 739 1653 784 esset
1675 771 1689 793 ,
1718 732 1845 784 sub-

260 823 509 891 junctum
536 828 621 875 est
645 838 658 874 :
692 819 796 885 Qui
825 821 923 889 {ait
958 820 1097 884 Heli,
1130 824 1219 891 qui
1240 823 1342 891 fuit
1368 820 1607 883 Mat/tan,
1631 823 1717 891 qui
1741 823 1843 890 fuit

267 911 390 965 Levi
417 911 567 982 (Luc.
597 926 679 974 Ill,
708 912 822 981 25),
851 921 981 976 etc.;
1010 911 1287 966 Mattbteus
1316 927 1442 966 vero
1480 912 1840 979 descendens,

268 1005 346 1057 sic
390 1004 504 1057 ait:
532 1003 757 1058 Mathait
800 1013 973 1057 autem
1018 1006 1193 1074 genuit
1236 1003 1403 1058 Iacob
1427 1045 1442 1068 ,
1477 1004 1641 1059 Iacob
1671 1016 1845 1058 autem

267 1094 443 1163 genuit
469 1094 659 1163 Ioseph
682 1095 847 1149 virum
882 1093 1070 1148 Mariae
1101 1094 1314 1165 (Matth.
1341 1112 1392 1159 ι,
1421 1094 1528 1165 15).
1555 1094 1692 1162 Quid
1722 1105 1805 1149 est
1828 1136 1844 1162 ,

269 1185 411 1251 quod
440 1185 575 1238 duos
610 1194 822 1252 patres,
847 1184 899 1238 id
926 1195 1009 1238 est
1038 1183 1157 1238 Heli
1186 1194 1234 1238 et
1262 1184 1451 1249 Iacob,
1486 1186 1738 1240 habuisse
1763 1186 1843 1239 vi-

270 1275 427 1329 detur
446 1273 644 1344 Ioseph
665 1273 689 1327 i
712 1273 877 1344 Cujus
898 1275 1209 1344 qumstionis
1250 1275 1531 1331 difﬁcultas
1566 1277 1639 1330 ita
1682 1275 1847 1331 solvi-

271 1372 360 1419 tur
392 1383 405 1418 :
442 1364 662 1419 Hathan
699 1375 748 1419 et
795 1365 1036 1431 Mat/tat,
1072 1367 1139 1423 de
1184 1383 1287 1422 una
1337 1368 1635 1438 eademque
1682 1384 1849 1423 uxore

270 1456 401 1511 Esta
423 1457 670 1521 nomine,
696 1456 933 1528 singulos
973 1457 1110 1513 filios
1155 1469 1529 1527 procrearnnt.
1574 1460 1707 1526 Quia
1738 1460 1849 1513 Ma-

272 1546 404 1601 than
444 1547 534 1617 qui
575 1563 670 1617 per
716 1547 1062 1602 Salomonem
1102 1549 1412 1616 descendit,
1463 1567 1682 1605 uxorem
1726 1568 1846 1606 eam

272 1637 480 1705 primus
526 1647 844 1709 acceperat;
896 1648 949 1691 et
998 1638 1184 1694 relicto
1214 1656 1319 1694 uno
1364 1641 1473 1693 filio
1499 1681 1514 1704 ,
1549 1640 1717 1694 Iacob
1750 1660 1846 1696 no-

274 1726 440 1790 tuine,
473 1727 756 1782 defunctus
782 1737 884 1782 est.
918 1724 1045 1783 Post
1085 1730 1237 1801 cujus
1277 1731 1481 1785 obitum
1523 1730 1727 1785 Muthul
1755 1732 1845 1801 qui

273 1831 370 1882 per
400 1817 609 1871 Nathan
657 1834 826 1888 genus
875 1821 1129 1886 ducebat,
1177 1838 1298 1878 cmn
1353 1833 1495 1878 esset
1550 1840 1612 1878 cx
1660 1826 1847 1881 eadem

275 1903 417 1956 tribu
446 1942 460 1967 ,
491 1904 581 1957 sed
613 1919 719 1959 non
749 1907 935 1960 eodem
964 1923 1192 1976 genere,
1216 1914 1424 1979 accepit
1448 1927 1566 1965 eam
1592 1929 1845 1977 uxorem,

274 1993 564 2063 genuitque
592 1980 665 2051 ex
698 2010 759 2051 ea
791 1997 993 2064 filium,
1021 2000 1239 2055 nomine
1274 2001 1413 2055 "eli.
1467 2003 1569 2057 Per
1612 2006 1750 2072 quod
1782 2022 1849 2059 ex

276 2083 493 2139 diverso
518 2094 730 2155 patrum
758 2104 954 2163 genere
987 2090 1287 2146 efﬁciuntur
1324 2093 1488 2148 Iacob
1517 2107 1563 2148 et
1591 2097 1709 2150 Heli
1736 2108 1853 2152 ute-

270 2175 379 2229 rini
410 2175 623 2233 fratres.
649 2178 887 2245 Quorum
915 2182 1080 2246 alter,
1112 2183 1162 2236 id
1196 2194 1277 2238 est
1317 2186 1480 2239 Iacob
1523 2187 1705 2242 fratris
1735 2190 1854 2247 Heli

275 2267 393 2321 sine
418 2268 600 2323 liberis
627 2269 862 2325 defuncti
893 2288 1114 2326 uxorem
1144 2287 1210 2327 ex
1257 2277 1510 2331 mandato
1552 2277 1682 2348 legis
1713 2285 1854 2336 act-i-

275 2359 431 2427 piens
466 2361 647 2430 genuit
675 2361 898 2430 Ioseph,
940 2373 1135 2419 natura
1159 2366 1374 2435 quidem
1399 2371 1659 2438 germinis
1700 2390 1852 2429 suum

278 2450 489 2513 filium;
535 2459 757 2519 propter
782 2454 923 2520 quod
948 2463 1005 2508 et
1034 2456 1321 2523 scribitur,
1360 2457 1527 2512 Iacob
1562 2473 1733 2515 autem
1769 2482 1853 2534 ge-

276 2541 389 2593 nuit
422 2539 647 2609 Ioseph;
675 2543 971 2597 secundum
1004 2560 1128 2599 vero
1164 2546 1300 2616 legis
1339 2559 1663 2619 prmreptum
1686 2594 1700 2615 ,
1739 2554 1856 2610 lle'i

275 2631 511 2685 efficitur
534 2630 694 2695 filius,
723 2632 876 2702 cujus
895 2633 1085 2705 Iacob,
1107 2638 1233 2706 quia
1267 2638 1435 2694 frater
1465 2652 1607 2705 crat,
1633 2660 1854 2701 uxorem

279 2723 343 2775 ad
368 2724 735 2780 suscitandum
787 2725 944 2782 fratri
985 2743 1169 2783 semen
1194 2742 1507 2801 ;aceeperat.
1541 2734 1600 2787 Et
1636 2751 1731 2803 per
1758 2738 1857 2791 hoc

280 2822 397 2866 rata
426 2813 694 2868 invenitur
723 2826 886 2887 atque
917 2819 1126 2890 integra
1158 2824 1464 2892 generatio,
1496 2837 1549 2879 et
1590 2842 1651 2879 ea
1695 2844 1854 2896 quatn

281 2905 562 2961 Matthtcus
586 2908 753 2964 refert
777 2911 959 2967 dicens
990 2931 1003 2967 :
1032 2913 1196 2968 Iacob
1227 2925 1395 2968 autent
1422 2918 1599 2985 genuit
1626 2919 1855 2987 Ioseph:

280 3005 453 3057 etea,
483 3014 643 3065 quam
689 2999 862 3056 Lucas
907 3003 1187 3074 designat,
1238 3006 1422 3062 dicens
1472 3018 1528 3060 ut
1573 3010 1857 3077 putabatur

280 3085 424 3152 ﬁlius
444 3087 660 3157 Ioseph,
682 3092 770 3160 qui
799 3093 897 3161 fuit
927 3092 1067 3149 Heli.
1116 3097 1215 3164 Qui
1253 3108 1308 3153 et
1338 3099 1450 3168 ipse
1474 3142 1487 3163 ,
1524 3102 1854 3161 subsonante
1882 3117 1927 3176 (ζ

280 3177 469 3266 eadem
505 3179 883 3248 distinctione,
920 3183 1039 3238 Heli
1063 3200 1183 3241 esse
1231 3189 1370 3244 filius
1416 3193 1732 3259 putabatur,
1764 3198 1854 3266 qui

278 3265 491 3321 scilicet
534 3267 653 3321 ΠεΙὶ
705 3270 880 3325 fuerat
930 3271 1069 3328 filius
1120 3274 1362 3331 Matthat.
1391 3277 1653 3344 Quoniam
1695 3298 1858 3338 cvan-

280 3355 473 3425 gelista
508 3357 729 3425 legalem
754 3360 894 3415 hanc
941 3365 1372 3427 successionem,
1401 3383 1518 3437 qum
1567 3371 1711 3425 velut
1759 3374 1856 3428 ad-

279 3445 501 3514 eptione
529 3447 758 3514 quadam
788 3464 914 3519 erga
946 3449 1224 3506 defunctos
1247 3462 1479 3518 constat,
1507 3459 1674 3526 magis
1695 3476 1855 3528 quam

280 3536 541 3605 germinis
577 3538 824 3601 veritate,
857 3542 1179 3610 competenti
1207 3543 1340 3597 satis
1366 3560 1461 3615 per
1485 3546 1586 3601 hoc
1616 3550 1859 3621 designa-

278 3626 357 3678 vit
382 3626 600 3692 indicio,
636 3629 928 3686 ol'servans
954 3646 1023 3685 ne
1047 3633 1264 3688 omnino
1301 3634 1354 3688 in
1395 3636 1696 3706 hujnsmodi
1734 3658 1858 3698 suc-

281 3714 619 3770 cessionibus
640 3719 888 3787 genuisse
905 3720 1135 3791 aliquem
1164 3724 1485 3779 nominaret.
1512 3725 1622 3781 Nec
1646 3730 1859 3787 mireris

281 3802 324 3855 si
355 3801 533 3857 Lucas
563 3818 593 3856 ει
622 3804 786 3859 David
817 3823 985 3877 usque
1022 3811 1087 3863 ad
1132 3810 1404 3868 Christum
1431 3814 1612 3883 plures
1642 3834 1859 3875 succes-

280 3891 485 3954 siones,
511 3902 566 3946 et
595 3893 877 3951 .llatthazus
905 3901 1186 3967 pauciores
1208 3943 1222 3966 ,
1252 3904 1351 3959 hoc
1372 3914 1455 3959 est
1486 3907 1585 3962 iste
1623 3911 1859 3984 quadra-

281 3984 432 4049 ginta
464 3993 573 4040 tres
593 4024 607 4049 ,
652 3992 706 4040 et
730 3986 819 4041 ille
838 3989 1025 4058 viginti
1054 3999 1176 4048 octo
1197 3994 1415 4063 posuit,
1439 4010 1563 4052 cum
1594 4013 1691 4067 per
1726 4001 1859 4057 alias

281 4089 542 4143 personas
570 4079 847 4147 generatio
881 4082 953 4136 sit
991 4083 1235 4139 decursa.
1272 4084 1454 4143 Potest
1487 4090 1631 4145 enim
1657 4092 1768 4145 ﬁeri
1803 4102 1859 4147 ut

282 4165 373 4225 alii
408 4167 704 4239 longaevam
736 4174 1095 4242 transegerint
1116 4175 1312 4243 vitam,
1355 4178 1577 4237 alterius
1609 4197 1738 4237 vero
1768 4199 1858 4255 gr-

280 4258 581 4314 nerationis
617 4260 717 4316 viri
768 4262 821 4317 in
870 4273 1079 4317 matura
1127 4274 1287 4322 aetate
1330 4268 1701 4327 decesserint:
1734 4290 1855 4328 eum

280 4345 564 4403 videamus
593 4350 897 4420 complures
946 4367 1101 4407 senes
1143 4370 1264 4408 cum
1311 4357 1423 4412 suis
1469 4360 1752 4430 nepotibus
1782 4363 1859 4416 vi-

1944 543 1998 597 in
2024 545 2271 612 paradiso
2299 545 2625 598 constitutus
2655 545 2743 599 sit.
2783 543 2883 611 Qui
2929 553 3107 596 tamen
3133 543 3400 607 creditur,
3433 553 3531 613 per

1944 633 2218 689 Christum
2247 645 2465 704 accepta
2509 638 2821 691 remissione
2872 635 3181 704 culparum,
3217 636 3355 689 inter
3386 636 3526 689 filios

1943 727 2245 795 adoptionis
2303 738 2659 797 compntatus.
2728 728 3067 797 Quapropter
3112 726 3161 780 in
3220 728 3524 794 generaliu-

1945 817 2102 870 nibus
2183 816 2414 870 Matthzei
2470 817 2805 886 significatur
2894 828 3204 871 nostrorum
3259 818 3528 886 susceptio

1944 916 2289 975 peccatorum
2342 924 2369 961 a
2419 909 2634 963 Christo
2680 908 2941 974 Domino;
2994 908 3045 962 in
3091 908 3528 978 generationibus

1946 1008 2125 1053 autem
2175 998 2334 1053 Luca:
2376 999 2691 1069 designatur
2738 1010 3048 1055 nostrorum
3086 998 3308 1054 abolitio
3339 1016 3526 1069 pecca-

1948 1099 2123 1143 torum
2152 1105 2180 1143 a
2212 1088 2430 1143 Christo
2461 1091 2706 1145 Domino.
2758 1093 2881 1146 Ideo
2924 1093 3014 1147 ille
3064 1108 3156 1146 eas
3198 1093 3528 1147 descendens

1947 1189 2191 1245 enarrat,
2226 1181 2323 1235 iste
2355 1181 2675 1235 ascendens.
2726 1181 2987 1235 Remissis
3011 1182 3155 1236 enim
3188 1183 3425 1251 peccatis
3460 1182 3525 1233 ad

1949 1271 2234 1325 Dominum
2286 1274 2610 1328 revertimur
2657 1283 2712 1329 et
2764 1275 3149 1339 ascendimus,
3200 1291 3229 1330 a
3281 1293 3387 1346 quo
3435 1292 3531 1346 per

1948 1362 2116 1417 Adam
2144 1373 2430 1433 peccantes
2449 1365 2770 1421 recessimus
2791 1406 2807 1430 ,
2839 1375 2892 1419 et
2924 1368 3030 1420 huc
3079 1367 3280 1435 delapsi
3320 1382 3527 1421 sumus.

1947 1453 2081 1509 Nam
2113 1456 2255 1525 quod
2294 1455 2424 1510 dicit
2446 1455 2733 1525 Apostolus
2764 1471 2779 1510 :
2809 1456 2954 1510 Misit
2984 1456 3125 1510 Deus
3156 1455 3352 1511 Filium
3377 1474 3530 1512 suum

1948 1545 2003 1598 in
2031 1545 2425 1599 similitudinem
2462 1547 2635 1599 carnis
2680 1546 2875 1613 peccati
2918 1545 3101 1614 (Rom.
3122 1562 3215 1600 *ιιι
3239 1590 3252 1613 ,
3283 1548 3340 1616 3)
3366 1587 3379 1609 ,
3413 1548 3527 1601 haec

1948 1648 2031 1689 est
2054 1639 2324 1707 susceptio
2363 1649 2732 1708 peccatorum.
2766 1638 2919 1705 Quod
2967 1647 3145 1691 autem
3200 1640 3435 1703 addidit,
3472 1650 3531 1692 ut

1952 1727 2016 1778 de
2044 1736 2256 1794 peccato
2284 1728 2557 1782 damnaret
2580 1739 2843 1797 peceatum
2877 1730 2929 1780 in
2959 1746 3114 1783 carne
3134 1772 3148 1794 ,
3180 1728 3294 1783 lnrc
3324 1740 3406 1783 est
3437 1746 3531 1782 ex-

1906 1790 2120 1885 ‘piatio
2149 1826 2513 1886 peccatorum.
2537 1790 2770 1873 Proinde
2816 1819 3096 1875 Mattiueus
3136 1790 3175 1874 '2
3228 1821 3391 1874 David
3437 1837 3534 1890 per

1956 1905 2300 1960 Salomonem
2336 1908 2647 1975 descendit,
2694 1908 2745 1962 in
2773 1906 2922 1977 cujus
2948 1919 3119 1963 matre
3146 1911 3232 1963 ille
3261 1913 3529 1979 peccavit;

1953 1993 2127 2048 Lucas
2154 2010 2282 2049 vero
2317 1999 2381 2048 ad
2432 1996 2605 2065 ipsum
2660 1997 2825 2051 David
2872 2012 2970 2066 per
3008 1997 3219 2053 Nathan
3249 2000 3529 2063 ascendit,

1955 2099 2051 2152 per
2074 2082 2224 2150 cujus
2265 2085 2495 2139 nominis
2529 2083 2845 2155 prophetam
2890 2088 3032 2141 Dens
3076 2096 3356 2156 peceatum
3391 2086 3533 2141 illius

1954 2175 2207 2242 expiavit.
2241 2174 2554 2245 lgnoramus
2583 2184 2761 2230 autem
2802 2176 2886 2231 vel
2926 2193 3113 2247 parum
3158 2179 3404 2232 novimus
3441 2178 3531 2245 qui

1956 2264 2037 2316 vel
2068 2263 2221 2330 Cujus
2252 2264 2429 2318 meriti
2463 2264 2658 2319 fuerint
2707 2265 2847 2331 viri,
2889 2282 3024 2336 quos
3066 2267 3241 2322 Lucas
3285 2267 3464 2338 posuit
3502 2283 3531 2319 a

1956 2353 2145 2420 Ioseph
2175 2370 2343 2423 usque
2366 2355 2431 2407 ad
2463 2352 2769 2420 Zorobabef,
2801 2364 2854 2409 et
2879 2371 2917 2409 ιιι
2948 2355 3208 2410 Salathiel
3248 2372 3418 2426 usque
3466 2356 3535 2411 ad

1960 2440 2175 2495 Nullum
2209 2442 2374 2494 filium
2430 2441 2624 2507 David,
2659 2452 3019 2512 pra‘lcrquam
3066 2444 3209 2513 qttod
3238 2443 3302 2497 de
3334 2459 3535 2515 genere

1961 2532 2125 2587 David
2161 2546 2254 2585 eos
2296 2532 2460 2585 fuisse
2505 2546 2610 2585 nou
2660 2532 2989 2587 dubitamus.
3028 2534 3119 2585 Ait
3170 2543 3347 2587 autetn
3394 2532 3538 2588 inter

1958 2633 2150 2678 cetera
2182 2641 2193 2676 :
2224 2622 2325 2687 Qui
2356 2623 2455 2690 fuit
2491 2622 2623 2676 Resa
2647 2664 2660 2687 ,
2691 2624 2781 2693 qui
2810 2623 2909 2692 fuit
2937 2623 3227 2677 Zorobabel
3248 2664 3265 2687 ,
3307 2626 3397 2694 qui
3436 2625 3536 2694 fuit

1960 2710 2217 2765 Salnthiel
2241 2751 2256 2775 ,
2286 2710 2375 2779 qui
2407 2710 2507 2777 fuit
2549 2708 2698 2763 Neri.
2741 2710 2895 2777 Quod
2933 2719 2987 2764 et
3028 2710 3308 2766 Mattltmus
3342 2713 3413 2766 ita
3445 2728 3538 2769 re-

1960 2802 2078 2854 tulit
2112 2818 2124 2853 :
2156 2801 2439 2854 leo/tonius
2489 2801 2663 2868 genuit
2713 2799 2968 2855 Salathiel
2994 2840 3010 2861 .
3052 2799 3311 2855 Sulathiei
3358 2813 3533 2856 autem

1957 2894 2133 2962 genuit
2190 2892 2509 2957 Zorobabel,
2561 2890 2847 2946 Zorobabel
2902 2905 3077 2948 autem
3126 2895 3299 2965 genuit
3341 2894 3538 2950 Abiud.

1956 2982 2097 3036 Ecce
2120 2981 2270 3050 juxta
2300 2983 2434 3036 duos
2480 2980 2837 3050 evangelistas
2862 2992 2914 3036 ct
2963 2981 3221 3038 Salatltiel
3283 2982 3538 3039 habuisse

1956 3072 2170 3127 videtur
2199 3072 2331 3126 duos
2353 3081 2532 3142 patres
2559 3111 2575 3137 ,
2615 3071 2666 3125 id
2696 3082 2779 3126 est
2813 3072 3123 3129 Iechoniam
3154 3084 3209 3129 et
3246 3074 3396 3130 Neri.
3429 3074 3538 3131 Sed

1958 3162 2162 3232 aliquid
2193 3161 2298 3215 tale
2326 3171 2380 3216 et
2408 3163 2475 3215 de
2523 3162 2606 3216 his
2653 3161 2861 3216 duobus
2900 3163 3124 3234 intelligi
3164 3164 3353 3230 debet,
3379 3165 3540 3235 quale

1957 3253 2207 3324 superius
2235 3253 2436 3308 dictum
2467 3261 2551 3307 est
2598 3254 2663 3307 de
2714 3254 2855 3308 binis
2882 3257 3127 3323 patribus
3151 3254 3366 3325 Ioseph.
3398 3256 3533 3310 Nam

1959 3346 2101 3415 apud
2134 3344 2386 3398 Hebraeos
2412 3344 2819 3414 generationum
2843 3346 3056 3399 nomina
3086 3361 3228 3400 nunc
3244 3348 3535 3401 secundum

1959 3445 2242 3499 naturam,
2272 3450 2415 3489 nunc
2456 3434 2748 3488 secundum
2790 3435 2959 3504 legem
3002 3446 3400 3506 computantur.
3440 3436 3542 3493 Se-

1959 3528 2192 3583 cundum
2226 3536 2503 3591 naturam,
2533 3538 2654 3578 cum
2684 3540 2747 3580 ex
2778 3527 2998 3582 seminis
3042 3529 3276 3584 veritate
3313 3530 3539 3585 descen-

1960 3619 2121 3684 dunt;
2164 3618 2460 3674 secundum
2499 3617 2702 3686 legem,
2734 3633 2855 3673 cum
2881 3620 3003 3688 quis
3050 3620 3190 3676 filius
3233 3621 3340 3676 alio
3373 3636 3535 3692 gene-

1960 3720 2116 3765 rante
2148 3709 2493 3765 substituitur
2524 3708 2625 3762 sub
2648 3709 2865 3764 nomine
2912 3710 3096 3766 fratris
3139 3711 3375 3767 defuncti
3417 3713 3533 3767 sine

1959 3799 2163 3854 liberis.
2195 3798 2329 3853 Nam
2363 3807 2418 3852 et
2451 3797 2542 3851 ille
2568 3797 2855 3852 defunctus
2878 3815 2981 3853 non
3006 3799 3142 3856 falso
3169 3802 3366 3855 dicitur
3388 3812 3543 3871 pater

1960 3892 2055 3946 filii
2090 3890 2413 3959 hujusmodi.
2450 3889 2600 3942 Alter
2626 3904 2753 3957 ergo
2788 3890 3011 3943 duorum
3038 3902 3251 3959 patrum
3282 3891 3543 3946 Snlathiel

1962 3982 2281 4052 intelligitur
2329 3980 2624 4035 secundum
2659 3997 2909 4046 carnem,
2950 3981 3089 4057 alter
3133 3984 3427 4036 secundum
3461 3982 3545 4035 lea

1961 4090 2101 4145 gem,
2128 4075 2211 4128 vel
2232 4072 2526 4127 secundum
2552 4070 2914 4141 adoptionem.
2943 4072 3221 4142 Frequens
3247 4073 3389 4125 enim
3414 4082 3535 4126 erat

1962 4161 2102 4232 apud
2149 4159 2362 4215 Indicos
2397 4157 2687 4228 adoptandi
2733 4162 3176 4225 consuetudo,,et
3211 4178 3319 4215 non
3353 4161 3543 4214 incon-.

1960 4268 2093 4324 grue
2121 4253 2320 4308 dicitur
2342 4251 2463 4321 quis
2494 4264 2614 4303 eum
2640 4252 2888 4321 genuisse
2908 4268 3069 4322 quem
3090 4254 3390 4324 adoptavit;
3414 4255 3547 4323 quia.

1960 4346 2212 4401 videlicet
2259 4343 2519 4400 beneficio
2574 4342 2722 4398 illum
2772 4332 2978 4414 getiuii.
3019 4343 3130 4400 Hoc
3174 4346 3336 4399 etiam
3397 4348 3538 4413 quod

280 4451 433 4500 vere,
459 4438 595 4493 alios
620 4449 801 4495 autem
832 4442 978 4497 viros
1020 4444 1201 4497 statim
1250 4443 1375 4499 filiis
1396 4447 1546 4502 obire
1568 4451 1852 4519 susceptis.

1955 4437 2109 4507 juxta
2160 4437 2294 4491 duos
2332 4438 2693 4507 evangelistas
2729 4435 2985 4490 Salathiel
3041 4447 3125 4492 est
3170 4447 3324 4507 pater
3374 4435 3541 4491 Zoro-

281 4526 464 4583 Lucas
486 4546 621 4598 non,
651 4532 793 4586 sicut
816 4531 1120 4595 Matthasus,
1153 4534 1220 4588 ab
1250 4535 1403 4591 initio
1430 4537 1703 4610 Evangelii
1740 4544 1856 4607 sui,

281 4620 381 4674 sed
411 4634 441 4671 a
472 4620 739 4689 baptismo
761 4621 956 4678 Christi
987 4625 1361 4693 generationes
1389 4638 1602 4696 narrat,
1632 4646 1729 4686 nec
1768 4631 1860 4687 de-

281 4710 615 4773 scendendo,
649 4713 741 4766 sed
763 4715 1121 4780 ascendendo,
1161 4725 1415 4787 tanquam
1448 4721 1784 4775 sacerdotem
1808 4722 1859 4775 in

286 4800 574 4868 expiandis
602 4802 835 4870 peccatis
871 4803 1038 4873 magis
1066 4805 1367 4875 assignans,
1402 4808 1490 4861 ubi
1515 4823 1639 4863 eum
1670 4824 1771 4861 vox
1796 4810 1863 4863 de

279 4890 426 4944 coelo
451 4891 771 4951 declaravit,
802 4894 887 4948 ubi
932 4896 1292 4950 testimonium
1330 4896 1563 4952 Ioannes
1593 4899 1707 4967 ipse
1735 4915 1858 4968 per-

280 4980 686 5047 ltibuit,diccns
710 5000 723 5036 :
756 4982 887 5037 Ecce
904 4984 1143 5059 quitollit
1168 4997 1374 5053 peccata
1398 4988 1774 5051 mundi(Ioan.
1796 4991 1857 5060 ι).

279 5069 641 5127 Ascendendo
663 5080 842 5125 autem
873 5074 1060 5126 transit
1087 5114 1100 5134 ,
1134 5084 1186 5127 et
1213 5075 1279 5126 ab
1313 5075 1584 5131 Abraham
1617 5082 1860 5147 pervenit

280 5155 353 5208 ad
382 5155 591 5221 Deum,
650 5160 734 5212 cui
785 5161 1023 5214 nundati
1077 5170 1130 5214 et
1176 5163 1374 5230 expiati
1425 5167 1857 5225 rcconciliamur.

280 5242 481 5297 Merito
511 5255 565 5299 et
610 5247 914 5315 adoptionis
965 5249 1226 5319 originem
1276 5252 1387 5317 ipse
1436 5256 1699 5324 suscepit,
1734 5258 1860 5324 quia

277 5353 385 5406 per
415 5336 755 5407 adoptionem
800 5341 1060 5395 efﬁcimur
1110 5341 1201 5394 filii
1246 5342 1337 5395 Dci
1387 5344 1655 5398 credendo
1688 5345 1741 5399 in
1776 5346 1862 5399 FI-

278 5427 419 5483 lium
470 5427 585 5482 Dei.
638 5430 783 5484 Satis
827 5440 1006 5485 autem
1045 5433 1432 5486 demonstravit
1478 5449 1584 5488 non
1634 5451 1691 5489 se
1742 5436 1863 5490 ideo

277 5516 492 5571 dixisse
519 5517 713 5587 Ioseph
744 5519 910 5574 filium
946 5520 1098 5585 Heli,
1132 5523 1271 5591 quod
1300 5524 1365 5576 de
1405 5522 1492 5576 illo
1521 5525 1732 5594 genitus
1758 5528 1856 5592 sit;

277 5606 383 5664 sed
404 5610 547 5677 quod
574 5609 651 5663 illi
683 5609 847 5665 fuerit
874 5612 1198 5679 adoptatus:
1232 5629 1352 5669 cum
1391 5624 1445 5668 et
1482 5615 1653 5684 ipsum
1688 5615 1860 5669 Adam

279 5699 461 5763 filium
497 5700 588 5755 Dei
616 5702 777 5766 dixit,
810 5718 930 5759 cum
961 5713 1029 5757 slt
1066 5705 1239 5761 factus
1268 5725 1294 5761 a
1326 5706 1461 5773 Deo;
1487 5707 1579 5762 scd
1616 5723 1710 5777 per
1740 5725 1861 5775 gra-

1961 4528 2130 4593 babel,
2164 4528 2263 4582 nisi
2292 4527 2558 4597 praedictae
2586 4528 2822 4582 rationes
2852 4537 3200 4581 occurrerent
3222 4571 3236 4594 ,
3261 4527 3545 4583 dissonare

1961 4618 2236 4673 videretur
2264 4634 2293 4671 a
2327 4616 2517 4672 Verbis
2546 4616 2787 4681 Dierum,
2822 4615 2909 4669 ubi
2942 4617 3200 4686 scriptum
3242 4628 3360 4685 est,
3402 4617 3535 4687 quia

1960 4711 2060 4779 ﬁlii
2113 4710 2379 4764 Iechonite
2421 4710 2633 4779 fuerunt
2684 4707 2940 4764 Sufatltiel
2981 4719 3028 4763 et
3076 4708 3319 4763 Pliaduia
3364 4720 3420 4764 et
3475 4710 3543 4764 de

1965 4798 2205 4851 Phadaia
2230 4800 2330 4851 orti
2350 4809 2471 4852 sunt
2499 4797 2789 4853 Zorobabel
2810 4808 2859 4852 et
2886 4795 3056 4855 Semei
3081 4798 3133 4868 (l
3162 4797 3292 4851 Par.
3320 4814 3399 4861 ut,
3426 4799 3532 4863 i7).

1964 4887 2071 4944 Sed
2101 4889 2387 4944 Zorobabel
2410 4891 2704 4947 secundum
2729 4901 2977 4945 naturam
3006 4900 3156 4943 ortus
3180 4906 3246 4943 ex
3273 4888 3537 4955 l’lmdaia,

1965 4979 2275 5046 intelligitur
2296 4983 2590 5035 secundum
2613 4982 2781 5052 legent
2814 4980 3067 5050 appellari
3092 4980 3232 5034 illius
3261 4978 3543 5037 Salathiel.

1966 5066 2099 5121 Nam
2129 5067 2246 5137 ipse
2279 5066 2567 5123 Zorobabel
2593 5078 2707 5125 erat
2742 5070 3153 5139 primogenitus,
3180 5078 3234 5123 et
3268 5070 3542 5141 primoge‘

1964 5160 2111 5214 nitus
2140 5160 2354 5214 nomine
2393 5160 2577 5216 fratris
2605 5160 2841 5214 defuncti
2871 5159 3057 5228 jussus
3084 5169 3167 5215 est
3190 5162 3396 5215 vocari.
3432 5161 3539 5215 Po-

1965 5250 2064 5303 tuit
2083 5250 2245 5304 etiam
2279 5249 2393 5304 ﬂeri
2426 5257 2483 5302 ut
2505 5248 2757 5303 Salathiel
2786 5248 3174 5303 Zorobabclem
3201 5250 3368 5304 lilium
3395 5250 3540 5304 Pha-

1963 5340 2101 5394 daia:
2131 5340 2316 5397 fratris
2365 5343 2447 5397 sui
2492 5344 2773 5413 adeptaret
2806 5343 2858 5397 in
2902 5341 3111 5407 filium;
3143 5345 3281 5399 sicut
3312 5345 3541 5415 legimus

1965 5431 2088 5500 quia
2120 5432 2488 5489 Mardocltacus
2516 5434 2710 5488 Esther
2741 5433 2905 5488 ﬁliam
2937 5433 3120 5490 fratris
3141 5436 3223 5490 sui
3262 5436 3541 5506 adoptavit

1965 5523 2016 5577 in
2052 5523 2213 5577 filiam
2241 5523 2413 5591 (Esth.
2444 5542 2503 5589 tt,
2535 5526 2610 5595 7).
2640 5525 2773 5580 Item
2805 5524 3094 5581 Zorobabel
3121 5528 3426 5583 ostenditur
3449 5529 3540 5584 hic

1966 5614 2216 5670 habuisse
2259 5615 2395 5671 filios
2438 5618 2605 5670 Abiud
2633 5626 2687 5671 et
2717 5616 2879 5682 Resa,
2915 5634 3038 5673 cum
3064 5620 3115 5674 in
3148 5630 3349 5690 septem
3376 5622 3537 5689 filiis,

1963 5722 2096 5773 quos
2128 5710 2417 5763 secundum
2454 5710 2625 5765 Verba
2656 5710 2870 5767 Dierum
2895 5714 3101 5783 genuit,
3135 5714 3309 5770 nullus
3338 5718 3410 5769 ita
3440 5728 3535 5769 νο·-
