4076 6288
563 281 672 340 635
882 283 944 340 ε.
985 283 1283 342 ᾹΝΒΕΙΜΙ
1314 285 1664 344 CANTUAR.
1703 285 2024 344 ARCHIEP.
2068 286 2117 343 01

2216 324 2218 334 ν
2263 279 2440 342 PARS
2476 285 2542 344 ll.
2570 318 2643 329 —
2680 288 3047 348 ΡΑΠᾹΞΝΕΤ.
3090 293 3177 348 ΕΤ
3215 295 3456 354 ASCEZ.
3715 305 3818 361 656

562 405 723 453 catus
742 397 814 453 sit
837 439 852 464 ,
895 399 997 455 nisi
1026 403 1167 456 forte
1211 402 1375 472 aliqui
1415 406 1604 458 eorum
1648 402 1789 459 binis
1831 403 2139 459 nominibus
2168 403 2213 464 Α
2242 403 2484 473 calognm
2515 402 2648 472 legis
2673 405 3050 476 impleverunt,
3079 413 3359 481 aptissime
3380 418 3650 486 congruit,
3678 427 3738 474 ut
3765 422 3819 476 in

569 489 649 544 nsi
677 488 897 546 fuerint.
934 489 1046 547 lloc
1067 493 1212 546 enim
1249 508 1390 562 stupe
1427 494 1794 565 contingebat.
1827 496 1938 551 Aut
1963 496 2008 551 si
2034 494 2139 550 hoc
2241 500 2483 562 tempore
2526 498 2947 553 resurrectionis
2995 501 3378 559 iudenmtabili
3406 506 3498 560 Dei
3542 508 3821 579 sapientia:

563 593 670 633 non
710 578 838 646 fuit,
866 591 1081 636 constat
1114 598 1210 650 pro
1237 595 1387 639 certo
1416 586 1543 654 quia
1578 584 1659 640 vel
1684 587 1981 645 secundum
2006 585 2138 656 legis
2237 584 2664 655 contemplanda:
2696 590 3020 658 persazcula
3051 602 3316 649 monstret
3349 611 3473 651 esse
3490 578 3818 669 jungendos.

560 683 908 742 prteceptum,
942 673 1026 728 vel
1054 676 1348 730 secundum
1387 677 1692 748 adoptionis
1726 677 2050 734 beneﬁcium
2080 679 2113 732 Ιι

2236 671 2318 745 Ad
2354 672 2600 751 ultimum
2632 692 2758 731 vero
2794 679 2992 733 dicitur
3024 698 3036 734 :
3086 680 3199 753 Qui.-
3238 684 3341 753 fnit
3393 685 3545 755 Seth,
3583 689 3676 758 qui
3714 690 3819 758 fuit

559 762 666 816 duo
686 761 905 817 fuerunt
948 763 1065 833 ejus
1108 766 1221 820 filii.
1259 766 1491 823 Rursum
1549 768 1693 823 inter
1745 769 1855 825 alia
1884 770 2084 824 dicitur
2114 787 2130 825 ε
2204 762 2427 857 Atium.
2452 768 2542 836 qui
2563 767 2663 857 fuit
2687 768 2784 823 Dei
2820 769 2997 841 (ιησο,
3031 788 3112 840 III'.
3148 775 3261 857 58)·
3288 776 3430 849 Quia
3455 778 3706 838 Christus
3726 782 3819 851 ju-

557 851 663 917 Qui
684 852 784 920 [uit
816 853 970 919 Sale,
1020 858 1114 927 qui
1151 857 1250 925 fuit
1292 858 1529 924 Cuinmt,
1569 860 1661 931 qui
1689 860 1789 930 fuit
1823 861 2131 931 Arpltuxatl.

552 940 761 1000 Nomen
815 954 998 1004 autem
1048 957 1105 1004 et
1151 952 1435 1021 generatio
1485 953 1646 1024 bujus
1693 954 1934 1019 Cainan,
1978 955 2132 1024 juxta

553 1033 877 1092 llebraicum
948 1040 1003 1094 in
1075 1039 1274 1097 Genesi
1339 1057 1446 1098 non
1511 1043 1817 1112 invenitur;
1872 1046 1964 1100 sed
2026 1044 2129 1098 Ar-

551 1122 766 1192 pliazad
807 1123 1143 1198 Saleiﬁlium
1197 1130 1344 1185 nullo
1374 1130 1695 1201 interposito
1734 1133 1985 1203 genuisse
2043 1149 2128 1188 re-

551 1208 743 1267 lertur.
802 1212 894 1269 Sic
962 1216 1105 1271 enim
1147 1217 1373 1288 legimus
1408 1208 1422 1273 ὲ
1460 1219 1630 1275 Porro
1670 1221 1955 1292 Arplmzad
2004 1224 2129 1277 vixit

549 1301 772 1372 triginta
859 1304 1087 1376 quinque
1158 1311 1350 1374 antiis,
1413 1320 1461 1364 et
1527 1312 1704 1379 genuit
1774 1309 1898 1366 Sale
1953 1310 2125 1384 (Cen.

552 1405 641 1458 ιιι,
691 1392 828 1462 l2).-
859 1392 964 1450 Sed
1021 1398 1346 1466 eVangelista
1410 1400 1642 1470 sumpsit
1702 1401 1844 1457 lianc
1901 1418 2130 1472 genera-

550 1480 748 1536 tionem
775 1484 934 1555 175
956 1488 1022 1541 de
1050 1489 1388 1558 scptnaginta
1454 1490 1809 1560 interpretum
1866 1494 2125 1561 editione,

551 1572 641 1625 ubi
680 1575 942 1645 scriptum
984 1587 1066 1633 est
1108 1581 1252 1649 quod
1282 1581 1570 1649 Arphaxad
1594 1584 1697 1638 135
1724 1602 1982 1640 armorum
2029 1603 2125 1658 ge-

550 1663 732 1717 nuerit
776 1663 1015 1733 Caimtn;
1052 1677 1107 1724 et
1144 1669 1257 1739 ipse
1306 1670 1509 1727 Cuintm
1550 1690 1673 1729 cum
1721 1677 1823 1731 150
1857 1688 2005 1734 esset
2035 1696 2126 1734 an-

2235 852 2398 910 stitia:
2426 871 2537 912 sua:
2562 856 2847 929 Patrisque
2896 876 2992 917 nos
3029 853 3277 933 eXpiatos
3308 867 3378 921 ab
3410 870 3558 924 omni
3592 881 3819 940 peccato

2234 953 2595 1016 purgatusque
2645 949 2944 1021 conjungit,
2979 961 3040 1006 ut.
3085 954 3178 1007 fiat
3220 957 3363 1025 quod
3394 958 3816 1029 aitApnstolus:

2235 1031 2340 1096 Qui
2368 1044 2545 1089 autent
2573 1037 2803 1093 adliceret
2835 1039 3081 1109 Domino,
3099 1061 3234 1099 unus
3265 1044 3495 1116 Spiritus
3516 1060 3591 1104 est
3614 1050 3664 1122 (1
3688 1050 3812 1108 Cor.

2234 1138 2309 1203 vt,
2338 1124 2420 1195 l7)
2454 1145 2468 1181 :
2502 1118 2786 1197 propterea
2845 1131 2898 1186 in
2949 1134 3052 1189 hoc
3102 1140 3330 1192 munero
3372 1118 3812 1210 generationem,

2231 1226 2285 1268 et
2321 1216 2432 1285 ipse
2460 1217 2727 1284 Christus,
2765 1238 2930 1293 aquo
2966 1226 3155 1296 incipit
3193 1231 3555 1296 enumeratio,
3590 1243 3646 1288 et
3672 1233 3815 1292 Deus

2231 1310 2296 1362 ad
2324 1298 2482 1380 quem
2511 1315 2789 1383 pervenit,
2844 1312 3303 1394 connumeranlur
3331 1339 3345 1376 :
3383 1334 3438 1379 et
3467 1327 3527 1379 lit
3551 1343 3815 1385 numerus

2230 1404 2569 1475 septuaginta
2594 1418 2819 1476 septem,
2839 1426 2946 1479 quo
2970 1411 3304 1482 signiﬁcatur
3324 1417 3565 1472 omnium
3587 1433 3815 1487 prorsus

2229 1492 2477 1547 remissio
2502 1501 2559 1548 et
2586 1497 2808 1550 abolitio
2849 1509 3196 1567 peccatorum
3230 1520 3243 1556 :
3291 1521 3453 1574 quam
3480 1508 3646 1563 etiam
3682 1509 3814 1578 ipse

2228 1580 2487 1638 Dominus
2542 1601 2640 1655 per
2670 1582 2856 1658 hujus
2896 1592 3105 1645 numeri
3157 1598 3475 1665 mysterium
3525 1599 3813 1656 evidenter

2230 1676 2520 1742 expressit,
2570 1677 2756 1734 dicens
2809 1682 3190 1739 remittendum
3244 1702 3365 1743 esse
3415 1700 3638 1760 peccata
3700 1708 3813 1749 non

547 1764 739 1806 norum
777 1756 1023 1824 genuerit
1048 1756 1194 1813 Sate.
1247 1760 1415 1816 Nemo
1476 1764 1926 1823 autetn'ﬁdeliutn
1977 1779 2130 1839 putet
2160 1740 2400 1818 l‘solum
2448 1769 2657 1837 septies.
2708 1771 2798 1825 sed
2842 1773 3004 1827 eliam
3060 1791 3222 1847 usque
3271 1740 3565 1852 Septuagies
3619 1784 3815 1853 septies

548 1836 664 1897 hoc'
696 1843 752 1899 in
793 1845 913 1903 loco
936 1848 1079 1906 LXX
1121 1852 1475 1910 translators
1520 1870 1765 1923 errasse;
1812 1861 1906 1915 sed
1945 1862 2130 1917 credat

546 1931 916 1994 indubitanter
960 1957 1075 2007 eos,
1104 1944 1248 2013 quod
1296 1938 1481 2001 verum
1531 1962 1653 2004 esse
1696 1960 1979 2018 noverant,
2029 1968 2128 2022 po-

546 2024 753 2093 suisse;
793 2036 847 2082 et
876 2030 1018 2099 quod
1063 2030 1275 2103 Moyses
1322 2034 1501 2089 minus
1544 2036 1778 2102 dixerat,
1826 2041 2124 2109 supplesse.

543 2111 728 2186 Neque
762 2119 904 2174 enim
935 2119 1170 2190 Spiritus
1203 2136 1429 2181 sanctus
1461 2126 1561 2182 hoc
1612 2128 1663 2182 in
1711 2129 2001 2202 Evangelia
2032 2148 2128 2203 po-

541 2204 761 2276 suisset,
791 2209 893 2264 nisi
924 2225 1109 2267 verum
1137 2215 1358 2271 omnino
1387 2227 1551 2273 esset.
1590 2217 1726 2274 Nam
1761 2221 1858 2290 ipsi
1906 2233 2120 2293 septua-

542 2296 693 2367 ginta
724 2299 970 2356 seniores
1000 2317 1045 2371 a_
1065 2312 1306 2376 tempore
1334 2306 1501 2379 Moysi
1532 2311 1902 2380 magisterium
1938 2314 1992 2370 in
2024 2314 2126 2387 Sy-

542 2403 750 2460 nagoga
803 2394 1082 2462 tenebant,
1135 2406 1190 2452 et
1231 2398 1298 2453 de
1323 2397 1517 2468 spiritu
1563 2401 1730 2473 Moysi
1780 2416 2121 2475 πτερω-πω,

541 2494 607 2534 ac
647 2479 817 2552 legem
866 2499 936 2541 ex
985 2484 1156 2563 ipsius
1202 2488 1370 2561 Moysi
1412 2492 1723 2550 traditione
1776 2496 2118 2553 didicerant:

540 2569 771 2657 ideoque
796 2575 839 2660 si
869 2576 999 2647 quid
1032 2578 1104 2633 ibi
1129 2584 1554 2649 prietermissum
1593 2594 1757 2651 esset,
1792 2596 1848 2642 et
1882 2591 2122 2660 suppleri

535 2656 738 2729 posset,
767 2651 849 2718 vel
879 2664 1036 2722 aliter
1067 2666 1412 2741 interpretari
1444 2684 1724 2730 noverant.
1754 2675 1963 2747 Moyses
1994 2695 2122 2735 vero

540 2759 761 2819 propter
782 2752 1017 2826 aliquam
1043 2772 1288 2823 causam,
1315 2777 1434 2832 quae
1456 2762 1566 2818 Deo
1590 2773 1712 2818 nota
1737 2776 1840 2832 est,
1870 2770 2122 2825 transiliit

528 2845 949 2909 generationem
983 2830 1207 2912 Cainan,
1244 2859 1301 2906 et
1338 2862 1544 2922 partem
1582 2871 1849 2912 annorum
1886 2860 1976 2927 qui
2018 2862 2121 2916 sub

538 2945 606 2983 eo
631 2940 687 2985 et
712 2934 814 2989 sub
845 2935 963 3005 ejus
993 2947 1151 3006 patre
1178 2938 1472 2996 ﬂuxerunt.
1523 2942 1776 3013 Fortasse
1812 2948 1957 3003 enim
1996 2967 2120 3006 cum

538 3025 833 3079 secundam
857 3035 1073 3083 :etatem
1099 3030 1452 3102 describeret,
1483 3035 1648 3090 voluit
1674 3054 1703 3093 a
1726 3038 1927 3094 diluvio
1951 3057 2119 3113 usque

540 3110 904 3171 adAbrabam
957 3116 1145 3173 decem
1197 3120 1536 3179 solummodo
1592 3128 1971 3195 generationes
2022 3110 2120 3202 po-

542 3210 709 3269 nere;
759 3213 815 3260 et
864 3206 985 3263 ideo
1043 3212 1448 3281 generationem
1526 3231 1687 3271 uuam
1751 3221 2115 3287 praetermisit.

541 3290 676 3347 Nam
710 3305 759 3349 et
792 3296 1077 3355 Mattluens
1123 3317 1153 3355 a
1187 3294 1352 3358 David
1386 3321 1557 3377 usque
1584 3308 1650 3362 ad
1688 3311 2121 3383 transmigratio-

537 3399 664 3440 nem
714 3387 1001 3461 Babylonis
1047 3395 1455 3463 quatuordecim
1502 3402 1875 3468 generationes
1918 3419 2119 3473 ponere

536 3470 750 3543 volens,
776 3485 1121 3556 praetorirrisit
1170 3478 1315 3562 tres,
1335 3488 1425 3543 ubi
1456 3491 1531 3544 ait
1555 3509 1568 3544 :
1592 3490 1777 3547 lorum
1816 3506 1990 3550 autent
2022 3513 2116 3568 ge-

538 3569 653 3624 nuit
676 3568 862 3625 Otium
893 3574 1133 3643 (Muttlt.,
1160 3595 1199 3644 ι,
1226 3580 1304 3650 8).
1353 3582 1506 3638 Sicut
1534 3600 1662 3654 ergo
1700 3584 1910 3653 lorum,
1945 3589 2116 3645 tribtts

538 3660 594 3714 in
620 3662 800 3716 medio
835 3666 1046 3733 positis,
1081 3671 1331 3739 genuisse
1354 3656 1555 3729 dicitur
1584 3675 1793 3740 Oxiam,
1832 3678 1913 3733 sic
1937 3687 1993 3732 et
2016 3679 2118 3734 Ar-

533 3740 751 3820 phnxad
777 3769 885 3810 uno
905 3755 1108 3821 Caiuan
1135 3760 1458 3831 interposito
1477 3763 1676 3818 dieitur
1696 3767 1950 3833 genuisse
1966 3767 2114 3824 Sale."

533 3838 691 3908 Quod
712 3852 897 3900 autem
925 3862 1054 3917 pars
1079 3864 1344 3907 annorum
1373 3854 1431 3909 in
1459 3856 1752 3927 Seripturis
1778 3859 1984 3916 sanctis
2011 3859 2113 3914 ali-

534 3935 752 4002 quando
782 3948 1036 4014 ponatur,
1083 3949 1139 3995 et
1182 3958 1310 4012 pars
1345 3945 1649 4012 on'iittatur,
1696 3948 1935 4003 ostendit
1978 3948 2115 4007 liber

533 4021 741 4094 Regum
774 4025 957 4082 dicens
983 4046 996 4080 :
1025 4027 1074 4082 F
1075 4030 1196 4085 ilius
1232 4033 1389 4093 unius
1428 4035 1553 4089 anni
1585 4045 1696 4089 erat
1721 4034 1853 4091 δραι
1883 4053 2000 4091 cum
2025 4054 2111 4092 re-

528 4130 695 4183 gnare
722 4119 987 4185 ctepisset.
1022 4120 1238 4197 duobus
1275 4132 1448 4178 autem
1485 4126 1639 4180 anuis
1684 4127 1916 4196 regnavit
1957 4143 2113 4198 super

534 4202 705 4280 Israel
730 4205 782 4278 (Ι
804 4207 911 4280 Reg
933 4252 953 4275 ,
980 4227 1098 4287 sui,
1133 4213 1195 4284 ι).
1226 4213 1478 4286 Nunquid
1506 4218 1649 4272 enim
1680 4233 1844 4274 unum
1875 4228 2111 4275 tantum-

534 4297 696 4352 modo
722 4302 904 4355 :etatis
934 4320 1139 4379 annum
1171 4307 1426 4373 habebat,
1456 4309 1546 4378 qui
1585 4311 1651 4362 ab
1677 4309 1895 4364 ltunteru
1918 4319 1966 4364 et
1986 4327 2109 4365 sur.

2231 1852 2441 1922 (Matth.
2471 1859 2760 1929 xvtu,‘2‘2).
2793 1859 2903 1917 Nec
2925 1862 3125 1919 frustra
3164 1865 3264 1921 iste
3294 1884 3555 1925 numerus
3583 1872 3653 1925 ad
3685 1887 3813 1942 pec-

2228 1955 2470 2001 catorum
2509 1950 2749 2005 omnium
2781 1953 3013 2022 pertinet
3047 1957 3484 2027 mundationem,
3505 1962 3549 2016 si
3581 1963 3812 2035 diligen-

2231 2039 2339 2091 tius
2371 2039 2677 2109 inquiratnr
2706 2059 2720 2094 :
2753 2054 2968 2101 constat
3010 2048 3153 2102 enim
3186 2064 3251 2104 ex
3279 2051 3575 2107 nntlenario
3618 2063 3674 2109 et
3716 2071 3803 2111 se-

2225 2117 2493 2198 ptenario,
2526 2131 2650 2199 quia
2684 2133 2766 2186 vel
2804 2135 3061 2192 undecies
3090 2148 3337 2207 septem,
3361 2142 3441 2196 vel
3476 2144 3681 2213 septies
3711 2162 3812 2200 un-

2225 2216 2423 2282 decim,
2450 2216 2651 2274 faciuut
2677 2224 3014 2295 septuaginta
3044 2237 3283 2297 septem..
3304 2229 3650 2289 Umlenarius
3678 2249 3809 2290 vero

2228 2310 2712 2379 transgressionem
2757 2312 2968 2370 denarii
2992 2317 3291 2389 significat.
3311 2322 3579 2377 Denarius
3606 2325 3809 2396 quippe

2227 2404 2484 2466 tanquam
2506 2397 2731 2467 justitite
2756 2394 3012 2462 numerus
3033 2407 3095 2462 iu
3111 2407 3296 2464 decem
3336 2413 3625 2483 praaceptis
3671 2394 3806 2485 legis

2224 2489 2549 2545 ostenditur.
2906 2532 2911 2537 ι
3384 2570 3387 2571 ν

2212 2636 2219 2639 ,
2294 2578 2464 2636 Porro
2493 2588 2772 2653 peccatum
2799 2596 2888 2643 est
2926 2589 3060 2659 legis
3098 2594 3492 2663 trausgrchio;
3532 2605 3588 2650 et
3618 2597 3805 2666 utique

2225 2675 2583 2743 transgressio
2618 2676 2822 2733 denarii
2866 2681 3075 2735 numeri
3112 2694 3474 2755 congruenter
3503 2689 3806 2745 unde-nario

2224 2759 2504 2831 figuratur.
2548 2764 2699 2821 Unde
2724 2779 2779 2823 et
2807 2768 2940 2824 vella
2980 2771 3195 2826 eilicina
3217 2773 3483 2840 jubentur
3524 2776 3579 2831 in
3620 2780 3805 2834 taber-

2179 2858 2183 2863 ‘
2224 2852 2416 2906 uaculo
2447 2856 2694 2912 undecim
2723 2860 2860 2915 ﬁeri.
2887 2861 3021 2929 Quis
3050 2874 3228 2918 autem
3257 2865 3477 2922 dubitrt
3494 2868 3563 2923 ad
3590 2873 3801 2940 peccati

2221 2945 2669 3016 significationem
2701 2952 2934 3008 cilitium
2959 2957 3278 3025 pertinere?
3312 2959 3389 3015 Ac
3414 2976 3514 3029 per
3543 2962 3649 3018 hoc
3675 2965 3803 3034 quia

2149 3074 2193 3135 Ο
2224 3038 2533 3093 universum
2570 3055 2780 3113 tempus
2835 3048 3145 3116 septenario
3175 3049 3383 3104 dierum
3426 3069 3660 3112 numero
3694 3057 3804 3112 vol-

2223 3126 2390 3193 vitur,
2427 3131 2811 3187 convenienter
2850 3134 3153 3189 untlcuario
3184 3137 3380 3213 septies
3419 3142 3801 3213 multiplicato,

2222 3216 2288 3269 ad
2331 3232 2613 3272 numerum
2664 3223 3126 3292 septuagesimum
3166 3212 3220 3279 et
3266 3212 3801 3297 septimumicuncta
3866 3262 3877 3273 ο

2221 3314 2474 3373 peccata,
2526 3324 2646 3379 qme
2693 3313 3062 3387 temporaliter
3116 3324 3398 3384 geruntur,
3453 3323 3799 3389 perveniunt.

2218 3392 2275 3448 In
2303 3410 2409 3464 quo
2433 3413 2657 3454 munero
2685 3399 2935 3459 etiamfit
2964 3401 3116 3471 plena
3150 3404 3398 3460 remissio
3424 3418 3801 3476 peccatorum,

2217 3487 2470 3557 expiante
2494 3504 2592 3545 nos
2616 3506 2780 3546 carne
2808 3494 3108 3549 sacerdotis
3135 3510 3217 3550 no.
3236 3496 3300 3549 tri
3334 3513 3363 3551 a
3391 3515 3500 3567 quo
3527 3516 3677 3557 nutic
3704 3503 3804 3558 iste

2218 3593 2478 3633 numerus
2510 3579 2725 3651 incipit;
2764 3591 2820 3637 et
2846 3584 3231 3643 reconciliaute
3258 3603 3355 3643 nos
3380 3589 3511 3654 Deo,
3541 3594 3614 3647 ad
3641 3609 3803 3663 quem

2219 3685 2362 3724 nunc
2391 3671 2494 3726 iste
2521 3688 2779 3728 numerus
2802 3675 3081 3744 pervenit;
3113 3693 3211 3748 per
3234 3678 3493 3742 Spiritum
3525 3695 3801 3747 sanetum.

2216 3760 2309 3830 qui
2348 3761 2398 3816 in
2429 3762 2693 3818 eolumbze
2729 3766 2911 3834 specie
2944 3767 2998 3821 in
3028 3767 3131 3823 hoc
3160 3769 3453 3838 baptismo,
3488 3773 3580 3827 ubi
3607 3791 3802 3829 tiume—

2218 3867 2310 3907 rus
2340 3853 2453 3923 ipse
2481 3866 2960 3922 commemoratur,
2993 3860 3262 3931 apparuit.
3301 3860 3369 3914 At
3395 3862 3440 3916 si
3487 3863 3539 3916 in
3576 3865 3805 3918 denario

2215 3942 2476 4011 perfectio
2518 3942 2872 4002 beatitudinis
2920 3947 3259 4018 significatur
3293 3951 3459 4021 (unde
3500 3964 3585 4007 est
3631 3955 3803 4008 etiam

2215 4031 2345 4088 illud
2384 4034 2528 4104 quod
2569 4025 2758 4092 omnes
2793 4037 3048 4093 conducti
3091 4038 3158 4092 ad
3193 4040 3404 4094 vineam
3433 4040 3667 4097 denario
3711 4060 3799 4098 re-

2215 4125 2597 4195 munerantur)
2633 4126 2776 4195 quod
2817 4112 2879 4182 fit
2915 4131 3393 4200 cum-septenaria
3421 4141 3703 4201 creatura,
3744 4135 3803 4191 id

2211 4218 2295 4267 est
2330 4213 2488 4266 homo
2526 4212 2752 4269 interior
2787 4221 2842 4269 et
2879 4215 3137 4283 exterior,
3171 4216 3447 4289 Trinitati,
3488 4235 3613 4290 qua:
3652 4222 3800 4278 Deus

2212 4311 2316 4369 est,
2358 4302 2698 4374 adiungitur:
2739 4305 3084 4361 manifestum
3120 4316 3205 4362 est
3243 4309 3387 4379 quod
3429 4312 3800 4379 transgressio

529 4404 649 4443 sum
679 4390 839 4446 altior
866 4398 1066 4450 cunctis
1092 4400 1249 4453 erat?
1293 4399 1357 4453 Et
1404 4399 1644 4470 nunquid
1675 4403 1877 4457 duobus
1908 4402 2110 4458 solum-

2216 4393 2418 4447 denarii
2455 4404 2734 4464 peccatum
2765 4396 3035 4466 significat
3062 4413 3160 4468 per
3192 4400 3502 4468 superbiam
3534 4402 3661 4472 plus
3691 4404 3794 4461 ali-

534 4477 696 4533 modo
717 4482 869 4562 annis
894 4486 1146 4554 regnarit,
1168 4488 1260 4556 qui
1289 4496 1396 4542 tam
1423 4489 1584 4558 longo
1615 4499 1859 4559 tempore
1886 4506 2113 4563 regnum

534 4567 751 4647 tenuit?
786 4556 942 4626 Sicut
978 4572 1142 4643 igitur
1168 4572 1295 4644 pars
1322 4556 1587 4631 annorum
1616 4556 1745 4631 Sani
1773 4586 1857 4647 est
1885 4556 2109 4647 practer-

537 4644 735 4726 missa,
772 4658 854 4716 sic
896 4671 951 4717 et
989 4677 1122 4735 pars
1178 4681 1443 4721 annorum
1468 4668 1757 4738 Arpinum!
1791 4680 1847 4724 et
1880 4669 2104 4728 Cainan.

528 4749 1016 4833 Itaque‘veridicus
1041 4765 1122 4811 est
1148 4765 1205 4813 et
1226 4756 1457 4829 Moyses,
1479 4769 1535 4815 et
1562 4770 1749 4816 noster
1775 4762 2106 4833 evangelista

526 4857 650 4907 eum
685 4828 1028 4922 septuaginta
1054 4828 1382 4904 senioribus.
1429 4849 1560 4904 Item
1601 4854 1691 4923 qui
1717 4853 1820 4923 fuit
1842 4893 1859 4918 ,
1907 4828 2102 4924 inquit,

528 4932 733 4992 Euasit.
773 4936 841 4992 Et
875 4939 1100 5007 pulchre
1150 4942 1557 5012 generatiotnnn
1596 4946 1730 5000 ordo
1771 4962 1802 4999 a
1833 4946 2113 5017 baptizata.

526 5025 621 5082 Di-i
651 5028 785 5087 Filio
815 5046 984 5103 usque
1013 5032 1079 5087 ad
1106 5033 1271 5089 Deum
1293 5033 1508 5090 Patrem
1538 5038 1859 5103 ascendens,
1887 5051 2105 5109 septua-

525 5116 743 5193 gesimo
762 5121 934 5191 gradu
964 5120 1143 5179 Enoclt
1178 5112 1363 5191 habet,
1388 5124 1479 5195 qui
1515 5125 1678 5180 dilata
1711 5135 1884 5182 morte
1929 5138 2105 5185 trans-

523 5206 667 5262 latus
691 5220 772 5265 est
803 5212 855 5266 in
878 5213 1211 5282 paradisum,
1236 5225 1296 5270 ut
1319 5217 1586 5286 sTgniticet
1608 5231 1707 5272 eos
1733 5218 1823 5288 qui
1848 5219 1902 5274 in
1928 5220 2103 5287 gratia

525 5299 837 5370 adoptionis
884 5302 1115 5382 filiorum
1145 5320 1213 5360 ex
1241 5320 1375 5375 aqua
1405 5315 1457 5363 et
1490 5307 1692 5379 Spiritu
1733 5319 1924 5363 sancto
1954 5324 2103 5380 rcge-

528 5400 809 5460 uerautur,
841 5393 1056 5450 interim
1080 5405 1204 5466 post
1243 5397 1636 5454 absolutionem
1668 5400 1911 5469 corporis
1944 5410 2101 5456 teter-

526 5490 652 5531 uam
678 5482 1047 5551 suscipiendos
1068 5484 1122 5539 in
1146 5485 1405 5556 requiem.
1427 5487 1886 5561 Septuagenarins
1906 5488 2110 5558 quippe

525 5580 808 5634 numerus,
861 5582 1081 5643 prOpter
1129 5574 1418 5645 septimam
1455 5574 1695 5638 Sabbati,
1745 5577 1815 5631 ad
1861 5578 2099 5647 requiem

525 5672 715 5715 eorum
757 5660 1188 5731 significandam,
1217 5665 1306 5735 qui
1334 5662 1557 5735 juvante
1584 5664 1781 5723 Christi
1799 5667 1980 5743 gratia
2010 5666 2104 5724 de-

2211 4486 2339 4555 quid
2382 4487 2586 4541 habere
2638 4488 2931 4556 cupientis,
2977 4499 3032 4544 et
3081 4489 3454 4561 integritatem
3498 4492 3795 4562 perfectio.

2209 4590 2440 4645 nemque
2465 4576 2782 4631 amittentis.
2826 4576 3166 4633 Undenarius
3208 4589 3387 4634 autem
3429 4580 3551 4636 ideo
3592 4584 3796 4651 septies

2209 4665 2444 4731 ducitur,
2491 4674 2550 4719 ut
2582 4677 2751 4722 .motu
2811 4667 3048 4724 hominis
3103 4669 3219 4724 fieri
3279 4669 3619 4740 significetur
3676 4672 3793 4743 ipsa

2210 4755 2585 4825 transgressio.
2613 4755 2877 4813 Ternario
2901 4757 3044 4813 enim
3072 4773 3296 4814 numero
3322 4759 3640 4830 incorpo:ea
3664 4778 3794 4832 pars

2208 4846 2442 4902 hominis
2494 4845 2831 4916 designatur,
2880 4848 2970 4902 ubi
3000 4847 3167 4902 Deum
3217 4858 3324 4903 toto
3370 4850 3549 4917 corde,
3590 4861 3648 4906 et
3680 4862 3794 4907 tota

2206 4940 2405 5006 auium,
2434 4950 2492 4994 et
2522 4949 2632 4995 tota
2667 4950 2835 4995 mente
2867 4939 3095 5012 diligere
3130 4941 3308 5011 (Deut.
3338 4958 3415 5007 vr,
3446 4942 3503 5015 5)
3537 4942 3788 5012 jubetnr.

2205 5030 2562 5099 Quaternario
2597 5038 2777 5086 autem
2814 5047 3010 5102 corpus
3038 5033 3377 5102 exprimitur,
3407 5043 3630 5104 propter
3654 5053 3795 5107 qua-

2207 5133 2328 5178 tuor
2362 5121 2479 5192 ejus
2516 5122 2834 5194 principalia
2878 5124 3144 5188 membra,
3173 5124 3258 5179 vel
3296 5134 3516 5194 propter
3548 5138 3793 5197 quatuor

2203 5198 2493 5280 elementa,
2538 5215 2737 5285 quibus
2797 5224 3032 5271 constat.
3090 5216 3157 5271 Et
3210 5233 3279 5272 ex
3326 5217 3412 5272 his
3447 5221 3802 5288 compositus.

2204 5308 2365 5369 homo
2403 5314 2525 5377 apte
2557 5306 2871 5377 designatur
2917 5308 3249 5376 septenario.
3302 5306 3476 5364 Motus
3514 5317 3699 5364 autem
3730 5311 3789 5364 in

2206 5397 2451 5453 numeris
2480 5411 2586 5451 non
2614 5395 2968 5465 exprimitur,-
2984 5411 3106 5450 cuin
3137 5413 3298 5451 ununt
3321 5397 3447 5464 duo,
3484 5398 3614 5464 tria,
3646 5415 3786 5469 quo-

2200 5497 2344 5553 tuor,
2368 5497 2509 5554 etc.;
2551 5487 2643 5542 sed
2679 5503 2800 5541 cum
2831 5486 3061 5542 dicimus
3092 5488 3269 5553 semel,
3304 5487 3405 5551 bis,
3439 5500 3543 5552 ter,
3573 5499 3783 5556 quater.

2201 5577 2433 5646 Ideoque
2463 5592 2567 5632 non
2598 5584 2803 5646 septem
2838 5584 2894 5631 et
2921 5576 3168 5632 undecim
3190 5616 3204 5640 ,
3234 5578 3330 5632 sed
3369 5577 3579 5647 septies
3611 5578 3791 5631 unde-

2212 5668 2317 5725 cim
2360 5666 2690 5737 signiﬁcatur
2733 5666 3118 5737 transgressio,
3152 5682 3272 5738 quae
3311 5675 3461 5723 motu
3492 5664 3641 5724 facta
3676 5667 3783 5722 ho-
