4076 6288
259 324 356 386 O37

1395 326 1532 382 non
1544 331 1548 363 ῖ
1561 326 1694 382 Ι,ξῶ
1737 325 1826 381 ΕΤ
1862 326 1949 395 EX
1960 324 2097 383 ιιυιι
2106 322 2464 381 TATIO‘NES.

3428 329 3570 387 διεδ

266 432 430 494 minis
458 434 759 505 precantis,
790 435 894 492 hoc
933 444 1014 491 est
1046 433 1397 506 perfectionis
1424 451 1539 491 sua:
1576 436 1846 507 stabilita-
1876 441 1920 499 Α
1951 436 2326 490 mandatorum
2370 436 2461 490 Dei
2507 437 2689 491 tendat
2732 435 2799 491 ad
2838 435 3114 492 cmlestem
3155 437 3383 507 patriam
3423 408 3525 494 sil-,i

254 535 363 586 ιαιι
401 527 864 599 transgredientis
912 527 1207 599 cupiditate
1250 528 1481 598 amplius
1510 528 1712 600 aliquid
1743 529 1840 584 ba-

254 619 438 675 bendt.
467 616 653 688 Itaque
679 618 805 689 quia
838 619 890 672 in
917 619 1317 691 septuagesimo
1356 620 1586 691 septimo
1615 635 1842 677 numero

191 722 194 726 λ
253 706 573 779 designatur
608 717 664 763 et
700 708 861 778 primi
902 709 1161 775 hominis,
1200 720 1257 765 ct
1292 719 1610 767 creterorum
1650 711 1741 781 qui
1770 726 1841 787 es

251 813 315 853 eo
343 799 665 870 prodierunt
695 800 1089 871 transgressio,
1121 811 1248 872 apte
1275 803 1418 857 Deus
1440 804 1839 881 septuagesima

252 903 306 946 et
356 892 590 961 septima
651 893 1005 961 generatione
1058 894 1248 960 venit,
1299 894 1604 950 aboliturus
1654 896 1839 966 omnia

250 992 476 1050 peccata
525 996 750 1037 suorum
801 981 1063 1038 ﬁdelium.
1111 981 1313 1041 Omnes
1362 985 1508 1040 enim
1548 986 1640 1055 qui
1688 1000 1838 1042 more

249 1076 563 1133 Christiano
610 1079 877 1135 accedunt
921 1078 991 1133 ad
1028 1078 1332 1153 lavacrum,
1379 1078 1728 1153 continentur
1781 1077 1835 1133 in

249 1178 406 1239 myst
434 1171 515 1224 rio
559 1171 900 1242 septuaginta
939 1158 996 1227 et
1026 1182 1235 1242 septem
1285 1171 1734 1241 generatinnum;
1781 1178 1838 1227 et

251 1259 373 1313 ideo
407 1259 783 1316 remissionem
824 1272 1168 1332 peccatorum
1210 1270 1614 1330 consequuntur
1644 1261 1711 1316 ab
1769 1276 1835 1317 co

254 1349 346 1419 qui
392 1360 471 1405 tot
507 1352 886 1422 generationes
924 1354 1191 1406 mnudans
1237 1351 1291 1405 iu
1334 1352 1437 1406 hoc
1474 1366 1701 1406 mtmero
1750 1367 1837 1408 re-

248 1441 570 1498 missionem
603 1442 882 1512 culparum
928 1442 1230 1504 constituit,
1264 1454 1320 1496 et
1349 1442 1403 1496 in
1434 1444 1541 1497 line
1573 1450 1652 1497 tot
1674 1457 1837 1512 gene-

245 1532 518 1587 rationum
546 1534 692 1587 venit
742 1532 928 1589 tollere
964 1542 1183 1602 peccata
1224 1533 1431 1587 mutuli.
1488 1533 1603 1589 Non
1659 1533 1832 1591 solum

245 1622 334 1678 cui
359 1639 391 1675 ιι
415 1638 511 1678 eos
561 1625 652 1692 qui
697 1624 748 1678 in
781 1622 933 1685 Novo,
962 1623 1309 1679 Testamento
1337 1623 1680 1700 baptizautur
1735 1640 1835 1695 pu-

244 1717 458 1783 rltlcat,
509 1717 603 1772 sed
648 1725 703 1771 et
749 1717 874 1772 illos
898 1717 989 1788 qui
1024 1716 1091 1772 ab
1123 1715 1348 1771 exordio
1389 1715 1573 1771 nmndi
1615 1716 1671 1770 in
1707 1733 1830 1773 eum

245 1821 535 1867 venturum
561 1821 706 1870 recte
735 1796 1097 1869 crediderant.
1134 1813 1287 1870 Unde
1314 1826 1529 1867 sursum
1559 1810 1833 1867 redeundo

244 1910 508 1957 numerat
545 1902 877 1971 evangelista
917 1912 1139 1959 sanctas
1177 1903 1278 1957 bas
1321 1898 1734 1971 generationes,
1775 1908 1863 1969 ut,

240 1989 505 2044 ostendat
537 2000 591 2044 et
623 1990 690 2045 ad
729 2006 920 2046 omnes
965 2006 1063 2051 cas
1102 1991 1412 2062 pertingere
1457 1989 1831 2061 purgatoriaut

239 2090 289 2136 et
335 2081 821 2139 reconciliatricem
858 2083 1061 2139 Christi
1101 2082 1367 2153 gratiam,
1406 2099 1704 2154 omnesque
1739 2083 1831 2153 ιιιιί

238 2188 392 2227 nunc
420 2172 674 2243 baptismi
700 2188 1106 2231 sacramentum
1135 2186 1279 2233 recte
1304 2176 1635 2245 servant,ad
1664 2176 1829 2243 Deum

236 2262 445 2318 redire.
479 2263 614 2319 Nam
639 2266 814 2335 gratia
846 2266 1043 2322 divina:
1072 2267 1465 2322 incarnationis
1493 2275 1548 2322 et
1578 2266 1831 2336 puriﬁca-

238 2352 409 2408 tiouis
440 2354 494 2408 in
533 2370 722 2409 omnes
761 2365 907 2411 retro
936 2359 1316 2426 generationes
1360 2359 1626 2423 ascendit,
1657 2367 1714 2413 ut
1748 2359 1831 2413 in-

238 2443 561 2515 telligamus
586 2444 791 2503 nullum
817 2455 1031 2518 tempus
1057 2464 1294 2519 unquam
1321 2449 1439 2505 sine
1460 2448 1648 2504 electis
1672 2448 1830 2505 Chri-

235 2536 301 2589 sti
350 2535 638 2600 transisse,
667 2537 760 2617 qui
802 2552 900 2606 per
941 2553 1068 2594 eum
1104 2541 1174 2596 ab
1202 2540 1452 2611 originali
1501 2541 1653 2611 culpa
1703 2549 1830 2596 sunt

236 2626 480 2682 liberati.
521 2627 749 2698 Propter
781 2633 925 2698 quod
966 2630 1174 2701 etipse
1197 2631 1393 2695 Adam,
1423 2648 1583 2701 quem
1615 2631 1705 2686 Dei
1740 2648 1828 2687 sa-

234 2719 470 2803 pientia,
502 2734 624 2789 quae
651 2718 905 2777 Christus
945 2729 1051 2789 est,
1089 2722 1291 2786 eduxit,
1338 2731 1401 2803 ut
1427 2708 1686 2794 scriptum
1723 2734 1825 2790 est,

236 2796 495 2865 adeiicto
517 2828 611 2865 suo
647 2809 802 2880 (Sap.
834 2811 1001 2882 x,2),
1037 2812 1231 2868 in'ﬁne
1273 2796 1553 2869 relationis
1598 2830 1827 2885 genera-

236 2899 472 2963 tiouum,
505 2898 793 2956 Filius'Dei
834 2916 931 2971 per
960 2902 1101 2957 hanc
1126 2902 1330 2959 Christi
1381 2906 1613 2972 gratiam
1642 2917 1827 2963 osten-

235 2988 406 3041 ditur.
444 2988 520 3043 Ac
556 2989 680 3044 imle
705 2989 869 3046 Pater
892 2990 1035 3045 Deus
1058 2990 1341 3069 Christqu
1365 2994 1532 3049 Deum
1573 3006 1629 3051 et
1652 2997 1830 3057 hami-.-

237 3094 365 3133 nem
401 3080 616 3151 recipit,
656 3090 727 3137 et.
750 3097 848 3151 per
891 3082 1032 3137 hunc
1068 3098 1260 3140 omnes
1293 3085 1385 3154 qui
1418 3089 1661 3144 membra
1697 3097 1825 3145 sunt
1850 3117 1896 3181 ε

237 3171 373 3241 eius.
424 3170 623 3228 Deinde
657 3174 873 3245 nomina
903 3180 1116 3245 patrum
1164 3186 1313 3231 retro
1352 3178 1433 3234 sic
1476 3179 1821 3252 interpretari

239 3265 581 3328 stmlcamus,
630 3274 690 3320 ut
725 3280 1009 3323 ascensum
1064 3269 1120 3324 in
1166 3270 1252 3325 his
1299 3277 1465 3340 atque
1510 3280 1823 3339 provectum

238 3364 460 3421 semper
490 3351 873 3425 intelligamus,
905 3371 971 3411 ac
1000 3358 1199 3413 seriem
1228 3358 1555 3429 genealogize
1583 3359 1823 3429 ipsorum

237 3441 406 3498 veluti
447 3444 650 3500 scalam
691 3462 862 3517 usque
890 3451 957 3503 ad
988 3451 1190 3517 Deum,
1232 3468 1329 3523 per
1357 3467 1520 3522 quam
1550 3462 1605 3508 et
1635 3468 1826 3509 omnes

236 3531 498 3601 baptizati
548 3535 814 3604 gradatim
860 3539 1161 3595 ascendere
1200 3539 1457 3596 debeant.
1509 3539 1636 3596 Haec
1678 3541 1822 3596 enim

237 3621 578 3691 genealogia,
611 3639 732 3693 qua:
783 3641 812 3678 a
841 3625 969 3682 Jesu
1002 3628 1278 3698 baptizata
1323 3631 1389 3685 ad
1418 3631 1585 3685 Deum
1627 3633 1822 3695 tendit,

236 3711 456 3766 videtur
493 3715 651 3770 nobis
686 3731 809 3771 esse
843 3717 988 3772 scala
1016 3719 1114 3773 illa
1192 3721 1259 3776 de
1294 3737 1399 3791 qua
1436 3722 1666 3794 legimus
1696 3724 1823 3792 quia

235 3799 406 3858 laeui»
443 3802 677 3874 lapidem
702 3823 995 3878 supponens
1028 3811 1188 3877 capiti
1211 3828 1307 3867 suo
1332 3812 1593 3878 dormivit,
1621 3825 1670 3868 et
1698 3815 1826 3869 vidit

239 3891 293 3944 in
324 3894 528 3946 somnis
550 3893 749 3948 scalam
779 3904 1000 3951 stantem
1034 3914 1192 3969 super
1227 3909 1454 3965 terram,
1492 3911 1540 3955 et
1578 3920 1825 3958 cacumen

237 3977 379 4033 illius
420 3990 636 4051 tangens
664 3983 870 4050 caelum,
896 3986 1108 4056 angelos
1140 4005 1344 4060 quoque
1365 3990 1463 4045 Dei
1491 3993 1824 4048 ascendentes

236 4076 285 4120 et
306 4068 675 4126 descendentes
709 4089 801 4141 per
827 4090 965 4138 eam,
1008 4085 1055 4127 et
1082 4075 1363 4133 Dominum
1393 4080 1631 4135 innixum
1668 4080 1828 4150 scalte

238 4155 628 4226 (Gen.~_xxvm,
662 4162 768 4230 li).
815 4163 977 4235 Lapis
1021 4168 1164 4223 enim
1201 4168 1361 4237 capiti
1412 4171 1743 4240 suppositus,
1771 4180 1830 4227 et

241 4245 390 4300 velut
434 4247 846 4307 fundamentum
898 4254 1059 4313 scala:
1106 4257 1283 4313 factus
1313 4256 1563 4314 Christus
1601 4266 1685 4315 est
1732 4259 1825 4331 qui

240 4335 480 4423 seipsum
509 4339 862 4408 'humiliavit,
900 4354 961 4399 ut
999 4360 1189 4403 omnes
1238 4362 1367 4405 suos
1412 4350 1697 4418 exultaret,
1732 4352 1825 4423 qui

1950 527 2303 597 promissam,
2332 536 2388 582 et
2420 543 2516 598 per
2542 526 2744 595 gradus
2772 526 2932 582 scalae
2962 530 3324 597 generationis
3360 546 3526 585 cune-

1944 627 2034 673 tur
2061 619 2397 685 ascendere,
2426 620 2474 675 si
2523 621 2590 674 ad
2618 619 2811 687 Deum,
2847 620 2938 690 qui
2982 621 3034 674 in
3076 622 3386 677 summitate
3412 624 3527 694 ejus

1940 718 2044 790 est,
2064 708 2335 763 desiderat
2360 709 2663 779 pervenire.
2682 708 2809 765 Hice
2832 719 3010 764 autem
3033 710 3355 783 genealogiae
3368 709 3526 768 scala

1940 797 2025 851 via
2068 798 2250 852 estad
2295 796 2496 852 ctnlum
2538 808 2593 853 et
2631 797 2700 851 ad
2742 795 2906 852 Deum
2940 796 3164 862 ducens,
3215 812 3376 868 quam
3417 814 3525 870 quo

1940 889 2122 944 verius
2151 888 2383 959 quisque
2417 889 2683 954 ascendit,
2710 903 2777 944 eo
2802 890 3074 960 potentius
3105 887 3230 944 illuc
3255 892 3522 959 pervenit.

1938 980 2092 1037 Alius
2124 981 2269 1036 enim
2306 980 2414 1036 alio
2448 979 2642 1035 fortius
2668 996 2788 1036 eam
2831 980 3065 1048 scandit,
3096 989 3152 1035 et
3180 980 3320 1037 alius
3348 982 3527 1039 adhuc

1938 1066 2132 1129 fortius
2166 1072 2251 1127 vel
2288 1072 2599 1143 perfectius,
2637 1073 2778 1127 sicut
2823 1071 3115 1142 unicuique
3148 1071 3406 1145 divinitus
3441 1081 3527 1131 est

1937 1166 2144 1221 datum.
2181 1162 2268 1220 Vae
2291 1174 2470 1220 autem
2500 1164 2570 1219 illi
2595 1165 2685 1237 qui
2716 1163 2918 1220 nullum
2940 1165 3056 1236 ejus
3080 1166 3305 1238 gradum
3335 1180 3528 1221 ascen-

1942 1248 2107 1325 derit,
2139 1256 2265 1327 quia
2298 1255 2351 1311 in
2381 1255 2581 1312 inﬁmis
2612 1257 2931 1313 remanebit.
3305 1258 3310 1263 ’

2010 1348 2303 1405 Veniamus
2332 1346 2498 1419 igitur
2521 1349 2586 1403 ad
2616 1338 2713 1404 hos
2739 1349 2939 1421 gradus
2984 1347 3389 1419 interpretando
3417 1348 3523 1403 Pa-

1939 1448 2080 1495 trum
2108 1438 2346 1493 nomina.
2382 1437 2727 1496 Humillimus
2757 1441 3004 1498 omnium
3044 1441 3318 1509 invenitur
3342 1438 3521 1510 Iesus,

1936 1522 2125 1602 utpote
2193 1529 2606 1587 fundamentum
2674 1533 3075 1598 universorum,
3136 1533 3524 1602 interpretatur

1936 1622 2204 1691 Salvator,
2247 1626 2372 1697 quia
2416 1625 2531 1695 ipse
2580 1624 2727 1680 solus
2774 1625 3066 1679 lmmanum
3126 1640 3295 1696 genus
3323 1625 3519 1692 salvat,

1936 1725 1990 1770 et
2045 1732 2151 1771 non
2201 1725 2286 1771 est
2312 1717 2390 1772 'in
2439 1715 2562 1787 alio,
2600 1716 2781 1786 aliquo
2829 1716 3018 1773 salus:
3054 1714 3233 1786 Neque
3269 1716 3405 1769 enim
3445 1726 3522 1770 est

1866 1783 2082 1895 Balipd
2144 1824 2330 1862 nomen
2388 1808 2483 1862 sub
2540 1806 2670 1862 ctclo
2726 1807 2906 1861 datum
2952 1807 3279 1872 hominibus,
3322 1808 3376 1861 in
3419 1823 3522 1878 quo

1935 1910 2167 1970 oporteat
2210 1917 2303 1955 nos
2337 1900 2509 1956 salvos
2551 1901 2669 1970 ﬁeri
2700 1898 3076 1969 (Act.tv,12).
3125 1898 3296 1966 llujus
3342 1900 3523 1968 itaque

1932 1979 2124 2064 salutis
2173 2007 2270 2064 per
2311 1993 2637 2064 baptismum
2686 1992 2918 2063 quisque
2962 1991 3076 2061 ﬁeri
3113 1992 3383 2062 particeps
3434 1991 3522 2045 in-

1932 2078 2113 2142 choat.
2155 2084 2260 2142 Sed
2290 2086 2334 2142 si
2367 2085 2475 2142 vult
2507 2101 2612 2149 non
2641 2085 2892 2139 amittere
2922 2084 3064 2153 quod
3092 2083 3260 2155 gratis
3288 2072 3518 2151 accepit,

1932 2185 2145 2247 Oportet
2173 2186 2231 2232 ut
2264 2177 2316 2231 in
2351 2192 2417 2231 eo
2442 2160 2692 2232 crescere
2739 2172 3091 2242 studeat‘per
3122 2171 3399 2242 proprimu
3438 2170 3520 2223 la-

1930 2266 2117 2321 borem
2167 2276 2370 2322 saneta:
2420 2267 2672 2324 actionis.
2721 2252 2876 2322 Unde
2907 2280 3031 2319 mox
3056 2263 3248 2333 Joseplt
3279 2262 3515 2334 ponitur,

1932 2357 2022 2426 qui
2053 2367 2386 2428 augmentum
2418 2358 2838 2427 interpretatur;
2887 2357 3012 2427 quia
3046 2355 3134 2409 ille
3161 2364 3516 2425 augmentum

1929 2447 2122 2519 gratia:
2164 2455 2287 2516 post
2338 2446 2664 2516 baptismum
2716 2445 3090 2515 consequitur,
3128 2444 3221 2514 qui
3274 2445 3341 2499 ad
3380 2444 3520 2498 bene

1930 2537 2195 2609 agendum
2229 2537 2380 2606 piger
2416 2552 2522 2591 non
2556 2534 2743 2590 fuerit.
2800 2534 2926 2590 Inde
2973 2534 3217 2603 sequitur
3247 2518 3396 2599 ﬁcii,
3425 2533 3519 2604 qui

1930 2628 2214 2703 ascendens
2253 2628 2469 2691 dicitur,
2518 2635 2576 2681 ut
2621 2640 2905 2692 ascensum
2941 2626 3275 2696 proticientis
3314 2624 3381 2679 de
3411 2626 3521 2678 vir-

1931 2726 2046 2777 tute
2076 2717 2129 2777 itt
2160 2718 2415 2773 virtutem
2438 2718 2748 2789 signiﬁcet.
2786 2717 2990 2771 Deinde
3031 2725 3115 2772 est
3147 2715 3396 2782 Mattltat,
3426 2715 3519 2786 qui

1927 2799 2129 2863 donum
2170 2807 2589 2878 interpretatur;
2634 2806 2763 2877 quia
2807 2804 2897 2876 ιιιιί
2950 2805 3208 2859 virtutum
3261 2804 3520 2876 gradibus
3589 2843 3592 2845 λ

1926 2897 1996 2969 ad
2019 2896 2127 2951 alta
2162 2895 2372 2962 nititur,
2403 2895 2622 2965 majoris
2658 2897 2835 2950 adlmc
2860 2895 3046 2966 gratim
3073 2894 3273 2949 donum
3312 2911 3507 2951 conse-

1927 2988 2131 3060 quitur.
2161 2988 2227 3042 Et
2255 2987 2381 3064 inde
2410 2987 2657 3056 sequitur
2680 2984 2822 3052 Leri,
2850 2985 2940 3056 qui
2970 2973 3267 3056 assumptus
3297 2986 3517 3053 dicitur;

1928 3079 2053 3148 quia
2078 3078 2398 3134 Deusillum
2426 3078 2527 3133 sibi
2565 3076 2860 3147 assumpsit
2889 3076 2956 3131 ad
2981 3074 3165 3148 iugem
3201 3074 3518 3143 famulatum

1926 3186 2116 3237 sumn,
2153 3170 2485 3225 conﬁrmans
2517 3169 2568 3223 in
2604 3169 2926 3223 assiduitate
2962 3168 3224 3222 bonorum
3263 3181 3513 3236 operum.

1926 3258 2184 3329 Sequitur
2206 3269 2261 3313 et
2286 3257 2495 3327 Melclti,
2526 3257 2617 3328 qui
2648 3274 2739 3312 rea:
2766 3274 2909 3312 meus
2935 3259 3356 3328 interpretatur;
3385 3258 3516 3326 quia

1926 3366 2067 3419 szepe
2096 3350 2359 3420 contingit
2397 3359 2454 3404 ut
2481 3349 2571 3419 qui
2598 3348 2710 3419 jam
2745 3348 2868 3403 talis
2904 3336 3021 3413 est,
3056 3356 3237 3402 rector
3262 3346 3520 3402 Ecclesiae

1925 3438 2209 3497 eﬁiciatur.
2270 3439 2376 3494 Sed
2421 3435 2681 3516 et.lanue
2735 3436 2997 3506 sequitur,
3049 3436 3140 3505 qui
3187 3446 3519 3505 purpuratus

1926 3533 2154 3599 dicitur;
2189 3532 2313 3603 quia
2348 3530 2470 3587 talis
2501 3530 2584 3585 vir
2607 3529 2674 3585 ad
2701 3543 2864 3585 omne
2890 3528 3090 3584 bonum
3132 3542 3267 3598 opus
3293 3535 3376 3582 est
3396 3528 3511 3599 jam

1914 3608 2166 3693 paratus.
2210 3621 2403 3691 Ioseph
2445 3630 2661 3692 quoque
2695 3617 3064 3691 subjungitur,
3104 3617 3217 3690 qui,
3255 3618 3394 3674 sicut
3426 3633 3520 3674 su-

1926 3710 2253 3784 pra’dictum
2278 3710 2385 3775 est,
2413 3698 2749 3782 augmentum
2772 3709 3196 3781 interpretatur,
3227 3711 3353 3782 quia
3389 3716 3517 3783 pro;

1929 3804 2038 3860 ﬁcit
2062 3818 2276 3875 semper
2304 3810 2357 3857 et
2379 3802 2655 3875 religionis
2692 3812 3037 3874 augmentum
3063 3804 3229 3874 capit.
3260 3803 3372 3859 Nec
3400 3820 3513 3860 non

1927 3904 1980 3951 et
2003 3893 2277 3959 Matt/tias,
2303 3893 2394 3963 qui
2420 3893 2617 3948 donum
2646 3892 2740 3947 Dei
2768 3893 2999 3959 dicitur;
3038 3894 3164 3962 quia
3194 3894 3392 3949 donum
3429 3895 3515 3951 di-

1928 3986 2064 4040 vina:
2088 3984 2275 4055 gratia:
2305 3982 2461 4038 novis
2486 3976 2663 4036 adhuc
2696 3981 2749 4036 in
2784 3994 2911 4038 eum
2948 3982 3236 4038 beneﬁciis
3275 3983 3517 4040 infundi-

1919 4088 2037 4141 ,tur.
2076 4077 2143 4133 Et
2171 4076 2357 4138 Amos,
2389 4073 2478 4143 qui
2506 4074 2794 4137 honoratis,
2826 4073 2907 4127 vel
2935 4074 3091 4144 [ortis
3110 4116 3125 4141 ,
3156 4073 3240 4129 vel
3262 4075 3517 4146 populum

1928 4168 2150 4225 arcllcns
2182 4168 2606 4236 interpretatur;
2638 4165 2764 4233 quia
2798 4167 2965 4220 Deum
2992 4165 3225 4222 honorat
3256 4168 3392 4223 bene
3430 4167 3517 4223 vi-

1928 4257 2127 4324 vendo,
2157 4255 2394 4331 etfortis
2424 4263 2507 4310 est
2539 4253 2607 4309 ad
2638 4254 2868 4310 adversa
2902 4254 3198 4321 toleranda,
3231 4266 3282 4311 et
3311 4256 3516 4312 doctri-

1930 4348 2014 4405 nis
2049 4363 2114 4403 ac
2166 4344 2427 4415 exemplis
2473 4344 2586 4400 suis
2633 4345 2702 4400 ab
2742 4359 2929 4400 amore
2975 4345 3160 4401 mundi
3185 4361 3282 4402 cor
3332 4347 3517 4403 avellit

238 4422 833 4521 sicut—fundamentum
862 4448 1053 4490 omnes
1080 4443 1278 4505 portat,
1318 4449 1371 4493 et
1404 4454 1434 4493 a
1460 4439 1607 4495 nullo
1638 4422 1823 4512 porta-
1849 4439 2133 4521 D‘populi.
2178 4437 2284 4494 Sed
2325 4444 2380 4492 et
2410 4435 2609 4502 Naum,
2639 4437 2732 4507 qui
2774 4437 3073 4494 consolator
3104 4439 3186 4493 vel
3228 4441 3517 4496 consolatio

242 4507 370 4570 tur.’
391 4516 460 4572 Et
485 4533 585 4588 per
609 4520 748 4577 hanc
774 4524 1105 4597 genealogite
1144 4528 1348 4586 scalam
1380 4530 1470 4586 alii
1499 4507 1820 4601 ascendunt,

237 4616 294 4663 et
340 4608 436 4664 alii
482 4611 836 4693 descendunt.
881 4614 1197 4681 Aseendunt
1238 4621 1330 4690 qui
1375 4623 1684 4693 proﬁciunt,
1733 4627 1825 4683 de-

238 4690 628 4774 scendunt'qui
661 4705 940 4764 deﬁciunt.
986 4708 1179 4781 Angeli
1226 4690 1437 4780 autem,
1470 4716 1634 4787 176
1662 4716 1713 4773 id
1740 4728 1826 4775 est

237 4791 418 4847 nuntii
464 4792 565 4852 Dei
618 4805 902 4863 vocantur,
971 4801 1100 4870 quia
1158 4801 1438 4858 Christum
1508 4806 1821 4876 loquuntur.

234 4878 498 4954 Quisquis
539 4884 707 4959 igitur
750 4888 804 4944 in
829 4888 1049 4947 Christo
1087 4891 1390 4963 baptizatus
1424 4904 1530 4963 est,
1576 4907 1822 4967 apertum

233 4982 319 5029 est
363 4975 415 5043 ei
467 4976 700 5044 costum,
748 4988 806 5035 et
830 4980 975 5037 Deus
1020 4983 1253 5055 desuper
1299 4996 1525 5057 paratus
1568 4997 1653 5045 est
1697 5005 1822 5047 eum

232 5066 556 5137 suscipere;
608 5071 702 5124 sed
747 5070 838 5127 ille
881 5088 978 5144 per
1020 5075 1224 5143 gradus
1269 5076 1450 5151 scalae,
1500 5094 1622 5149 qua;
1657 5095 1689 5135 a
1724 5081 1823 5137 ba-

231 5157 435 5225 ptismo
476 5174 648 5230 usque
687 5163 757 5216 ad
786 5163 952 5219 Deum
994 5176 1244 5235 porrecta
1282 5178 1389 5235 est,
1429 5169 1591 5227 debet
1632 5187 1824 5229 ascen-

221 5246 396 5314 dere;
434 5251 585 5321 quia,
616 5262 674 5308 et
699 5254 840 5311 sicut
869 5254 1125 5314 Salomon
1153 5258 1231 5314 ait
1255 5278 1269 5317 :
1292 5262 1478 5317 semita
1517 5264 1636 5325 vitae
1669 5282 1826 5336 super

230 5343 493 5399 eruditum
525 5343 709 5418 (Prov.
738 5365 829 5415 xv,
858 5350 970 5421 2i),
1035 5365 1141 5422 qua
1185 5354 1394 5411 scilicet
1434 5358 1683 5414 eruditus
1712 5359 1825 5429 ipse

232 5436 422 5491 tendat
468 5437 522 5492 in
553 5440 801 5496 caelum-
831 5442 966 5499 Nam
1015 5453 1069 5501 et
1098 5446 1342 5519 populus
1380 5448 1546 5506 Israel
1594 5453 1824 5508 transito

227 5528 368 5581 mari
397 5528 581 5586 Rubro
601 5547 716 5588 non
745 5536 926 5601 stetit;
956 5537 1063 5593 sed
1093 5547 1283 5609 postea
1323 5539 1502 5612 longis
1536 5542 1824 5600 itineribus

227 5631 294 5672 ac
326 5615 608 5678 laboribus
642 5624 711 5678 ad
738 5632 940 5680 terram
988 5627 1369 5697 promissionis
1412 5630 1679 5707 pervenit.
1731 5634 1823 5690 Sic

228 5717 285 5763 et
310 5709 435 5782 ,ιιιιί
462 5711 771 5785 baptizatus
804 5725 911 5788 est,
949 5733 1058 5776 non
1095 5720 1166 5778 sit
1198 5721 1381 5794 piger;
1416 5724 1510 5782 sed
1556 5741 1651 5802 per
1680 5726 1820 5784 viam

1924 4532 2157 4597 dicitur;
2192 4527 2320 4600 quia
2363 4524 2515 4592 illos,
2557 4527 2646 4598 qui
2688 4527 3004 4599 temporalia
3046 4537 3515 4602 contempserunt,

1925 4624 2283 4698 promissione
2327 4633 2654 4681 aeternorum
2699 4621 3034 4678 consolatur.
3113 4621 3240 4678 Heli
3276 4639 3515 4697 quoque,

1924 4717 2016 4789 qni
2057 4718 2255 4773 vicinus
2286 4733 2431 4772 meus
2467 4714 2699 4781 dicitur;
2725 4713 2863 4784 quia
2898 4713 3107 4770 vicinus
3151 4714 3200 4770 ei
3238 4715 3313 4772 ﬁt.
3349 4730 3514 4783 quem

1924 4806 2296 4864 consolatione
2350 4805 2640 4862 demulcet.
2694 4804 2764 4861 Et
2811 4804 3011 4877 Nngge,
3048 4805 3160 4875 “qui
3210 4803 3517 4860 sotenmitns

1925 4898 2344 4970 interpretatur,
2387 4898 2512 4970 quia
2567 4899 2683 4969 ipse
2732 4897 3049 4953 solemnitas
3096 4895 3295 4949 laetitize
3342 4895 3402 4949 ﬁt
3437 4894 3514 4957 ei.

1924 5006 2086 5064 quem
2139 4991 2474 5048 consolatur.
2520 4990 2698 5061 Atque
2739 4987 2984 5051 Multam.
3034 4987 3116 5043 vel
3164 4985 3369 5053 Ηιιηιιι,
3421 4988 3516 5058 qui

1926 5084 2250 5155 requiescens
2286 5083 2511 5150 dicitur;
2552 5082 2680 5153 quia
2725 5081 3017 5151 requiescit
3044 5078 3158 5147 jatn
3203 5080 3257 5135 in
3300 5080 3516 5136 secreto

1924 5175 2121 5231 divina:
2159 5173 2668 5245 contemplationis,
2719 5179 3091 5241 sequestratus
3129 5187 3158 5226 a
3193 5170 3379 5226 labore
3412 5186 3517 5228 stc-

1925 5266 2131 5323 cularis
2179 5266 2518 5338 cupiditatis;
2565 5263 2647 5320 vel
2674 5263 2726 5318 in
2760 5277 2826 5318 eo
2857 5262 3096 5333 requiem
3128 5263 3311 5328 habet,
3345 5278 3509 5332 quem

1924 5343 2080 5417 suam
2121 5359 2550 5416 consolationem
2593 5354 2871 5426 accepisse
2904 5354 3071 5419 videt,
3110 5363 3165 5411 et
3202 5354 3254 5410 in
3289 5342 3519 5411 tribula‘

1927 5434 2163 5527 notarius
2192 5455 2289 5522 pro
2314 5449 2530 5506 Christo
2550 5447 2663 5519 jam
2692 5446 2932 5517 gloriari.
2954 5444 3059 5502 Sed
3081 5453 3136 5501 et
3157 5438 3507 5508 Μαιιιαιῆίαέ.

1902 5545 2015 5615 ,ιιιιί
2056 5528 2254 5625 donum
2294 5541 2410 5607 Dei,
2464 5540 2606 5597 sicut
2654 5539 3035 5608 przcmisimus,
3095 5538 3326 5605 dicitur;
3379 5536 3509 5611 quia

1902 5635 2103 5709 .majus
2141 5635 2320 5691 adhuc
2355 5635 2554 5690 donum
2600 5648 2846 5704 superna:
2884 5630 3071 5703 gratia:
3099 5630 3349 5703 percipit,
3382 5645 3514 5702 pro-

1924 5737 2042 5798 pter
2075 5726 2389 5803 supradicta
2417 5727 2578 5796 bona,
2607 5741 2725 5798 qua:
2756 5726 2832 5783 sic
2866 5739 3024 5798 agerc
3061 5724 3287 5785 studuit.
3325 5714 3514 5799 Neque
