4076 6288
223 339 315 400 6H

225 466 332 523 quo
361 448 631 507 excelsius
660 446 714 503 in
740 457 868 502 arce
892 443 1092 500 men’tis
1122 441 1344 505 residet,
1373 456 1438 496 eo
1464 438 1686 494 liberius
1715 441 1799 507 ja-
1831 443 1878 501 Α

224 540 730 601 cula'tcntationum
754 537 928 594 hostis
954 535 1161 605 antiqui
1186 533 1463 605 praevidet.
1488 532 1553 586 Et
1580 530 1800 596 Phares,

225 634 314 703 qui
359 633 552 686 divisio
585 629 670 685 vel
705 630 969 698 dissipans
999 627 1224 691 dicitur;
1273 625 1402 695 quia
1438 634 1664 691 sagittas
1706 624 1809 677 ini-

227 725 372 790 mici,
404 739 539 793 quas
565 722 842 792 praevidet,
882 721 1074 774 dividit
1103 734 1169 774 ac
1216 718 1461 786 dissipat.
1497 717 1603 771 S'ed
1628 726 1683 770 et
1708 716 1810 769 Ju-

225 816 342 874 das,
367 814 459 880 qui
487 811 738 879 conﬁtens
768 809 849 864 vel
877 809 1182 880 gloriﬁcans
1225 810 1646 877 interpretatur;
1683 808 1809 875 quia

224 900 519 957 conﬁtetur
548 900 841 963 humiliter,
876 900 921 954 si
950 901 1080 967 quid
1104 898 1279 953 adhuc
1317 900 1367 955 ei
1398 900 1691 953 humanum
1718 912 1805 952 ac-

225 992 450 1056 ciderit;
488 990 573 1045 vel
601 991 995 1047 confessionem
1018 990 1203 1060 gloria:
1227 992 1335 1046 Deo
1359 992 1553 1047 reddit.
1587 989 1807 1044 Necnon

225 1091 279 1136 et
323 1081 515 1149 Iacob,
543 1082 632 1150 qui
663 1080 1032 1151 supplantator
1063 1082 1293 1147 dicitur;
1339 1083 1463 1151 quia
1499 1081 1811 1150 supplantat

224 1170 354 1225 vitia
388 1171 442 1225 itt
479 1186 557 1234 se,
600 1169 681 1224 vel
729 1171 780 1225 in
811 1169 954 1223 aliis.
988 1170 1176 1225 Solent
1200 1172 1345 1225 enim
1389 1181 1443 1226 et
1474 1179 1596 1241 post
1639 1170 1805 1225 tttulta

221 1259 486 1313 virtutum
511 1258 793 1322 exercitia,
824 1259 1036 1327 pulsare
1065 1273 1297 1315 utentem
1327 1261 1507 1330 aliqua
1550 1262 1807 1315 vitiorum

227 1351 560 1403 contamina.
594 1348 851 1419 Sequitur
900 1358 963 1404 et.
1005 1349 1184 1415 Isaac,
1226 1352 1315 1421 qtti
1368 1353 1505 1406 risus
1551 1352 1635 1406 vel
1678 1369 1810 1421 gau-

225 1444 376 1496 dium
431 1443 656 1506 dicitur,
680 1443 806 1511 quia
831 1444 899 1497 de
924 1443 1282 1513 supplautatis
1312 1446 1454 1499 vitiis
1480 1445 1709 1500 lzetutur.
1743 1446 1809 1499 Et

220 1532 515 1595 Abraham,
564 1532 654 1601 qui
698 1533 1083 1602 interpretatur
1125 1542 1275 1602 pater
1318 1534 1493 1587 ridens
1535 1533 1806 1603 populum,

218 1623 353 1690 quia
384 1623 512 1676 talis
539 1623 831 1677 ntultoruut
871 1623 930 1676 tit
968 1631 1144 1691 pater,
1178 1634 1235 1676 et
1278 1622 1640 1691 spiritualium
1674 1623 1810 1676 lilio.

219 1723 349 1766 ‘rum
382 1728 601 1767 suorum
640 1713 784 1767 videt
813 1712 1082 1783 ingentem
1127 1713 1404 1783 populum,
1442 1730 1505 1769 ac
1544 1714 1806 1769 virtutum

223 1818 362 1871 quas
388 1804 574 1871 genuit
614 1804 935 1858 exercitum.
967 1802 1081 1867 llis,
1113 1820 1248 1873 quas
1289 1805 1665 1870 describimus,
1701 1806 1810 1858 vir-
1841 1782 1883 1841 Β

220 1903 403 1947 tutum
439 1894 717 1963 gradibus,
760 1905 815 1949 et
849 1910 985 1964 quas
1012 1896 1306 1950 ostendunt
1338 1896 1810 1965 interpretationes

216 1983 453 2037 istorum
484 1985 783 2051 uomimnn,
817 1987 899 2040 vir
917 1984 1098 2053 justus
1121 1988 1363 2055 quotidie
1393 1988 1723 2057 proliciendo
1749 1988 1809 2043 fit

219 2089 443 2143 semper
470 2078 605 2133 caelo
635 2077 884 2143 vicinior,
911 2086 966 2132 et
1010 2080 1093 2133 his
1123 2079 1176 2132 in
1204 2080 1400 2134 emlum
1434 2080 1806 2137 ascensionem

210 2180 376 2221 suam
415 2168 665 2232 reditieat,
692 2184 757 2225 ac
795 2170 1004 2224 cantica
1039 2171 1300 2240 graduum
1347 2181 1594 2240 cantans,
1625 2191 1810 2230 ascen-

209 2256 396 2310 -‘sioues
421 2257 474 2311 in
510 2259 665 2311 corde
688 2275 783 2311 suo
809 2258 1065 2327 disponit,
1105 2269 1159 2313 et
1183 2260 1246 2312 de
1270 2261 1451 2314 virtute
1477 2262 1528 2315 in
1571 2263 1808 2318 uirtutem

210 2349 438 2403 assidue
462 2350 695 2417 prolicit,
721 2358 779 2403 ttt
805 2351 1017 2405 tandem
1046 2351 1101 2405 in
1123 2349 1250 2405 Sion
1281 2351 1446 2406 Deum
1472 2352 1701 2407 Deorum
1733 2354 1811 2407 via

217 2442 346 2494 dere
395 2440 571 2509 possit
620 2438 792 2507 (Psal.
849 2454 1099 2501 sxum).
1156 2442 1309 2497 Unde
1359 2442 1496 2496 ultra
1542 2444 1807 2497 Abraham

212 2529 399 2582 adhuc
424 2528 751 2597 evangelista
784 2538 962 2598 patres
992 2529 1233 2585 referens
1259 2532 1602 2586 ascendendo
1627 2540 1808 2586 trans-

211 2616 282 2681 it,
316 2626 373 2672 et
406 2631 577 2685 usque
617 2618 683 2670 ad
712 2618 886 2686 ipsum
924 2619 1092 2673 Deum
1134 2623 1400 2689 pervenit,
1435 2630 1494 2675 ttt
1544 2623 1593 2676 ei
1631 2623 1805 2676 virum

210 2716 470 2762 sanctum
501 2722 594 2777 per
622 2709 762 2762 hanc
793 2709 1055 2778 graduum
1085 2710 1289 2764 scalam
1326 2712 1707 2767 ascendentem
1739 2713 1805 2767 ad

216 2798 473 2851 ultimum
492 2795 699 2866 jungat.
728 2796 860 2851 Nam
889 2807 1009 2867 post
1026 2799 1315 2864 Abraham,
1343 2800 1434 2869 qui
1457 2811 1606 2869 pater
1629 2802 1805 2855 videns

213 2888 471 2959 populum
502 2888 721 2953 dicitur,
750 2897 833 2944 est
861 2891 1109 2960 superius
1141 2890 1330 2958 Thare,
1361 2892 1453 2961 qui
1474 2902 1690 2961 pastum
1721 2892 1804 2947 vel

214 2996 441 3046 pascens
481 2979 886 3047 interpretatur,
920 2989 977 3033 ut
1003 2979 1275 3049 signiticet
1307 2980 1452 3037 illum
1486 2995 1580 3035 eos
1607 2981 1804 3050 pabulo

214 3071 370 3124 verbi
404 3071 612 3124 nutrire
665 3084 802 3141 quos
831 3070 1187 3139 spirituaiiter
1210 3072 1411 3140 genuit.
1455 3071 1523 3126 Et
1562 3073 1687 3127 inde
1708 3088 1803 3128 se-

213 3160 414 3229 quitur
472 3159 707 3222 Νηπήιον,
755 3160 907 3227 cujus
949 3151 1323 3227 interpretatio
1354 3169 1439 3214 est
1482 3164 1803 3232 requiescens

213 3252 358 3315 luce,
394 3250 481 3306 vel
527 3251 814 3305 obsecratio
853 3250 1170 3315 notissima;
1204 3252 1328 3319 quia
1370 3252 1473 3306 hoc
1515 3254 1685 3307 solum
1723 3254 1807 3308 vir

210 3343 328 3397 iste
355 3343 554 3409 qtnerit
587 3350 644 3395 ut
690 3343 996 3410 requiescat
1031 3350 1083 3395 et
1133 3341 1343 3410 placeat
1381 3358 1564 3398 coram
1614 3345 1722 3399 Deo
1750 3346 1803 3399 itt

213 3433 431 3489 lumine
449 3433 767 3497 viventium,
796 3440 849 3486 et
874 3447 972 3501 pro
1001 3432 1599 3492 novissintisobsecrat.
1629 3436 1806 3505 Atque

211 3524 417 3593 Serug,
443 3523 524 3576 vel
551 3521 746 3591 Sarug,
773 3522 865 3591 qui
886 3522 1147 3590 perfectus
1171 3522 1399 3587 dicitur;
1426 3533 1482 3576 ut
1511 3522 1803 3592 perfectio-

210 3626 343 3668 nem
373 3613 632 3667 virtutum
666 3611 895 3680 adeptus
926 3624 1050 3665 esse
1082 3621 1435 3667 monstretur.
1469 3612 1575 3668 Sed
1611 3622 1664 3668 et
1698 3613 1801 3668 Ra-

205 3721 323 3775 gau
349 3705 466 3760 sive
492 3702 622 3765 Reu,
648 3704 738 3773 qui
766 3704 962 3758 dicitur
987 3714 1268 3773 trgrotans,
1300 3706 1382 3760 vel
1411 3722 1647 3775 pascens,
1687 3708 1804 3763 sive

208 3795 422 3861 pastio;
443 3796 568 3863 quia
590 3808 732 3862 aegre
758 3791 863 3848 fert
895 3808 1073 3847 moras
1099 3794 1221 3848 vitae
1251 3797 1561 3863 praesentis,
1593 3805 1647 3851 et
1678 3812 1801 3852 cor-

204 3884 406 3953 porale
434 3885 601 3940 robur
628 3885 681 3939 in
719 3899 786 3940 eo
814 3885 1184 3954 spiritualium
1227 3887 1483 3941 virtutunt
1527 3890 1803 3946 exercitiis

204 3973 508 4039 emarcuit,
531 3989 770 4044 ovesque
799 3975 1104 4031 Dominicas
1125 3976 1316 4043 pascit.
1341 3974 1560 4031 Necnon
1588 3987 1642 4032 et
1666 3976 1804 4033 Pha-

198 4067 317 4136 leg,
342 4067 435 4136 qui
472 4067 705 4120 dividens
755 4066 836 4121 vel
866 4068 1040 4121 divisit
1074 4068 1490 4138 interpretatur;
1523 4069 1649 4139 quia
1676 4071 1804 4124 sub-

205 4158 387 4214 tititer
431 4158 749 4213 discernens
787 4159 930 4212 inter
970 4159 1196 4214 virtutes
1240 4170 1296 4213 ct
1341 4161 1494 4225 vitia,
1530 4163 1804 4230 separavit

196 4249 517 4318 pretiosum
563 4265 593 4303 a
632 4250 744 4304 vili.
797 4250 865 4303 Et
911 4248 1101 4315 lleber,
1146 4252 1236 4320 qui
1284 4254 1537 4305 transitur
1572 4254 1797 4321 dicitur;

197 4341 340 4409 quia
386 4355 497 4395 non
543 4341 660 4396 ﬁxit
701 4351 937 4396 mentem
986 4345 1039 4396 in
1070 4357 1254 4398 amore
1284 4345 1564 4412 prtesentis
1594 4347 1798 4413 smculi,

194 4432 301 4486 sed
356 4433 427 4485 ad
466 4431 701 4486 futurum
737 4433 996 4488 szeculum
1038 4434 1321 4489 desideriis
1365 4444 1419 4489 et
1464 4437 1799 4506 profectibus
1832 4447 1876 4506 ι)

194 4523 434 4578 assidue
467 4525 653 4577 tendit.
684 4525 790 4579 Sed
828 4535 884 4579 et
928 4523 1076 4591 Sale,
1109 4526 1200 4594 qui
1236 4542 1341 4595 pax
1376 4527 1795 4596 interpretatur;

188 4617 337 4687 quia
372 4615 489 4685 jam
530 4618 814 4673 exstinctis
842 4619 987 4674 vitiis
1017 4635 1208 4689 magna
1240 4634 1374 4687 pace
1404 4612 1701 4673 delectatur
1745 4620 1796 4672 in
1827 4667 1833 4673 .

184 4707 477 4761 virtutum
506 4708 829 4763 actionibus.
861 4708 1037 4777 Atque
1076 4706 1302 4772 Caiuan,
1335 4708 1424 4776 qui
1454 4708 1651 4761 dicitur
1680 4725 1800 4777 pos-

186 4799 377 4853 sessib
401 4815 617 4864 cortem;
638 4802 761 4869 quia
792 4801 897 4856 iste
917 4802 1029 4870 jam
1058 4816 1085 4854 a
1118 4801 1293 4866 bonis,
1324 4801 1427 4855 hoc
1454 4809 1537 4855 est
1569 4815 1598 4853 a
1627 4802 1797 4855 virtu-

185 4890 375 4955 tibus,
406 4890 733 4959 possidetur,
759 4906 860 4946 nec
890 4892 1054 4947 ullum
1083 4892 1136 4945 in
1163 4907 1230 4947 eo
1253 4891 1441 4946 vitiutn
1471 4890 1673 4960 aliquid
1700 4893 1798 4946 do-

180 4982 528 5036 minationis
559 4983 737 5037 habet.
779 4983 847 5037 Et
882 4983 1190 5053 Arphaxad,
1223 4987 1311 5054 qui
1341 5002 1538 5039 sanans
1564 4985 1798 5055 depopuo

178 5075 460 5128 lationem
516 5074 937 5144 interpretatur;
980 5077 1104 5146 quia
1156 5078 1415 5131 virtutum
1473 5078 1798 5131 devastatio«

174 5178 350 5225 nem,
382 5177 520 5231 quas
552 5162 723 5218 hostis
747 5164 1002 5233 antiquus
1023 5164 1075 5218 in
1105 5164 1289 5219 multis
1320 5164 1478 5229 tresit,
1509 5180 1574 5220 ac
1604 5165 1797 5218 barba-

171 5257 307 5309 rice
332 5253 642 5317 destruxit,
674 5254 786 5322 ipse
811 5261 969 5308 sanat
988 5263 1045 5309 et
1073 5265 1309 5323 reparat.
1341 5253 1560 5309 Necnon
1588 5264 1644 5309 et
1669 5252 1796 5320 Sen,

167 5344 355 5413 Cujus
398 5344 775 5414 interpretatio
819 5353 904 5401 est
952 5361 1166 5409 nomen,
1200 5345 1283 5400 vel
1313 5346 1642 5411 nominatus;
1669 5347 1795 5417 quia

165 5437 273 5507 qui
312 5434 531 5490 talibus
559 5435 759 5499 studet,
794 5436 1000 5491 clarum
1031 5452 1095 5492 ac
1126 5437 1344 5494 celebre
1388 5453 1584 5494 nomen
1623 5438 1797 5509 possi-

162 5530 293 5584 det.
325 5526 449 5581 Sed
481 5537 536 5581 et
562 5526 701 5595 Noe,
729 5529 821 5597 qui
855 5528 1244 5598 interpretatur
1268 5530 1499 5600 requies;
1536 5530 1794 5599 quoniaut

161 5618 467 5676 Davidico
503 5618 689 5673 labore
716 5618 998 5675 debellatis
1043 5620 1302 5675 vitiorum
1333 5619 1540 5686 cuneis,
1583 5620 1794 5689 requie-

158 5714 295 5770 scit
316 5713 391 5769 in
443 5722 576 5781 pace
604 5710 930 5769 Salomonis.
964 5710 1093 5768 Post
1130 5710 1244 5767 tunc
1273 5710 1520 5780 sequitur
1547 5708 1793 5779 Lanterlt,

1318 315 1630 382 ⁸ΙῘΟΜΙΙΛΑΕ
1664 320 1750 377 ET
1781 317 2387 377 EXIIORTATIONES.

3393 320 3499 375 642

1908 435 2061 504 cujus
2107 435 2484 506 interpretatio
2512 444 2618 499 est,
2659 433 2989 499 humiliatus,
3032 448 3330 503 percussus,
3377 434 3493 489 sive

1909 527 2232 596 percutiens;
2261 537 2313 581 et
2342 542 2463 580 euut
2492 523 2797 594 significare
2830 527 3065 591 videtur,
3102 525 3191 595 qui
3223 532 3343 594 post
3375 523 3498 578 ditt-

1912 621 2021 674 tina
2048 620 2306 674 virtutum
2331 619 2588 674 exercitia
2610 619 2857 688 pervenit
2880 619 2946 672 ad
2975 617 3219 688 manyrii
3248 616 3497 687 gloriam,

1909 722 1963 766 et
1990 710 2303 766 lnuniliatus
2343 727 2406 767 ac
2444 727 2730 781 pctcussus
2765 711 3046 780 suppliciis
3084 711 3293 764 hostem
3341 726 3499 764 suum

1910 803 2268 873 Spiritualitcr
2302 804 2521 872 gravius
2550 804 2799 872 percutit.
2834 803 2897 856 Et
2926 812 3048 871 apte
3080 802 3331 857 subditur
3375 799 3501 854 Ma-

1910 894 2136 959 thusale,
2165 893 2264 963 qui
2290 894 2678 963 interpretatur
2729 907 2965 945 mortuus
2997 902 3092 957 est,
3131 904 3184 946 et
3208 893 3502 960 interroga-

1909 987 2002 1048 vit,
2027 985 2112 1040 vel
2137 987 2226 1053 qui
2252 985 2694 1053 mortisemissio,
2725 984 2850 1053 quia
2882 983 3002 1036 talis
3029 982 3260 1052 quisque
3289 996 3388 1051 pro
3407 979 3499 1051 ju-

1910 1078 2055 1132 stitia
2084 1087 2328 1131 mortuus
2363 1076 2610 1145 exemplo
2642 1075 2723 1129 vel
2758 1076 3017 1128 memoria
3056 1090 3166 1128 suae
3193 1073 3382 1129 mortis
3417 1074 3499 1127 in-

1913 1177 2149 1237 terrogat
2172 1178 2224 1221 et
2244 1168 2503 1222 convenit
2534 1167 2868 1236 singulorum
2893 1166 3277 1228 conscientias,
3311 1176 3491 1217 utrum

1902 1255 2166 1323 justitiam
2198 1269 2252 1312 et
2280 1258 2443 1311 vitam
2476 1272 2769 1326 perennem
2810 1256 3051 1325 diligant,
3085 1272 3152 1307 an
3189 1254 3318 1308 solis
3361 1264 3497 1305 tem—

1912 1345 2187 1415 poralibus
2216 1346 2582 1410 delectentur;
2611 1355 2667 1400 et
2695 1358 2919 1399 mortem
2948 1361 2977 1399 a
3006 1362 3062 1399 se
3097 1345 3336 1398 fmulitus
3363 1345 3499 1398 emi-

1910 1433 2003 1497 sit,
2031 1434 2217 1502 utjam
2252 1436 2605 1489 nullateuusa
2640 1445 2814 1488 morte
2844 1434 2961 1488 lzedi
2995 1433 3077 1489 vel
3112 1433 3255 1505 tangi
3294 1433 3494 1499 valeat,

1909 1525 2003 1579 sed
2029 1542 2080 1579 ut
2112 1537 2430 1595 perpetuum
2455 1525 2617 1580 vivat.
2640 1525 2871 1581 Pulchre
2897 1536 2951 1581 et
2980 1525 3194 1579 lleuoch
3219 1527 3494 1595 adjicitur,

1910 1618 2001 1688 qui
2041 1618 2302 1673 dedicatio
2338 1619 2570 1685 dicitur;
2604 1619 2727 1689 quia
2762 1618 2944 1673 taliter
2980 1627 3406 1682 consummatus,
3440 1618 3495 1672 itt

1911 1708 2053 1764 illius
2082 1710 2265 1764 saeculi
2312 1710 2571 1766 felicitate
2600 1710 2898 1766 dedicatur.
2948 1711 3015 1764 Et
3056 1709 3238 1776 lares,
3284 1710 3374 1780 qui
3405 1710 3497 1764 de-

1908 1800 2178 1866 scendens,
2230 1800 2309 1855 vel
2362 1802 2612 1855 roborans
2653 1802 3075 1870 interpretatur;
3117 1801 3375 1873 quoniam
3410 1803 3495 1871 pia

1910 1893 2365 1949 condescensione
2394 1894 2459 1948 de
2480 1896 2728 1964 supernis
2751 1894 3038 1948 inclinatur
3067 1895 3131 1947 ad
3163 1909 3283 1959 nos,
3313 1903 3371 1947 ut
3401 1910 3496 1947 no-

1910 1993 2076 2039 stram
2120 1984 2492 2040 inﬁrmitatem
2535 1987 2772 2041 roborct.
2817 1986 2992 2055 Atque
3040 1984 3307 2051 Malaleel,
3342 1986 3498 2053 cujus

1908 2076 2284 2146 interpretatio
2310 2086 2394 2132 cst.
2445 2077 2670 2131 laudans
2699 2076 2860 2130 Deum
2896 2089 2914 2128 :
2943 2079 3068 2146 quia
3098 2077 3294 2131 divinis
3324 2077 3497 2130 laudi-

1909 2166 2011 2221 bus
2043 2167 2096 2220 itt
2126 2167 2353 2222 excelsis
2378 2175 2549 2221 vacat.
2579 2166 2797 2222 Necnon
2835 2177 2887 2222 et
2920 2165 3146 2227 Caiaan,
3179 2167 3270 2236 qui
3297 2167 3499 2222 dicitur

1906 2258 2162 2325 possessio
2189 2274 2391 2321 eorum,
2418 2259 2671 2327 quoniam
2703 2258 2861 2312 Pater
2897 2266 2951 2311 et
2980 2257 3148 2312 Filius
3184 2267 3239 2312 et
3263 2257 3511 2328 Spiritus

1910 2356 2149 2412 sanctus,
2184 2349 2272 2416 qtti
2301 2358 2427 2402 sunt
2461 2365 2601 2403 unus
2630 2348 2792 2414 Deus,
2818 2349 3095 2419 possident
3124 2349 3270 2404 illum
3304 2349 3355 2403 in
3386 2364 3497 2403 cte-

1911 2440 2157 2495 Iestilms.
2192 2442 2254 2495 Et
2284 2441 2481 2507 lienes,
2524 2443 2613 2511 qtti
2641 2442 2892 2495 violentus
2919 2442 3333 2511 interpretatur,
3362 2458 3496 2512 quo—

1908 2531 2053 2585 niam
2085 2531 2334 2599 violentia
2364 2532 2542 2586 niutize
2582 2531 2799 2585 virtutis
2828 2547 2938 2586 sua:
2972 2547 3194 2602 regnum
3228 2533 3493 2587 caelorum

1910 2624 2108 2692 rapuit,
2139 2624 2283 2692 quol
2316 2640 2343 2677 a
2376 2624 2568 2677 diebus
2604 2622 2829 2677 Joannis
2863 2622 3119 2691 Baptista:
3149 2622 3248 2675 vim
3273 2623 3497 2691 patitur,

1907 2722 1953 2765 et
1980 2711 2189 2766 violenti
2216 2712 2473 2783 diripiunt
2502 2712 2635 2765 illud
2656 2711 2872 2783 (Matth.
2903 2727 2980 2779 XI,
3011 2712 3120 2783 12).
3147 2713 3319 2781 Atque
3345 2711 3495 2775 Seth,

1907 2799 2060 2867 cujus
2084 2802 2460 2870 interpretatio
2490 2810 2594 2865 est,
2626 2802 2845 2864 positus,
2872 2800 2954 2855 vel
2976 2801 3175 2869 posito;
3198 2801 3323 2869 quia
3352 2816 3497 2854 inme

1908 2890 1961 2944 in
1993 2907 2158 2961 regno
2195 2892 2286 2945 illo
2314 2909 2562 2962 superna:
2593 2891 2962 2955 beatitudinis,
2995 2906 3024 2944 a
3072 2907 3180 2960 qtto
3211 2893 3301 2945 diu
3331 2906 3497 2946 exsu-

1906 2976 2132 3045 laverat,
2172 2991 2254 3035 est
2280 2982 2507 3050 positus.
2543 2980 2936 3050 Interpretatur
2962 2980 3125 3035 etiam
3170 2997 3365 3045 senteu,
3411 2980 3494 3034 vel

1907 3071 2247 3135 resurrectio;
2269 3071 2393 3141 quia
2419 3070 2743 3126 seminatunt
2768 3079 2852 3124 est
2875 3085 3073 3139 corpus
3098 3068 3214 3137 ejus
3235 3070 3492 3135 animale,

1906 3159 2001 3213 sed
2027 3170 2207 3230 surget
2232 3162 2370 3216 idem
2395 3178 2590 3232 corpus
2615 3162 2783 3232 ipsius
2806 3160 3107 3231 spiritualc.
3133 3162 3213 3215 Ad
3243 3161 3490 3215 ultiunmt

1906 3249 1960 3303 in
1990 3252 2257 3320 superiori
2290 3254 2510 3320 ponitttr
2543 3252 2728 3312 Adam,
2768 3253 2857 3321 qui
2891 3253 3276 3320 interpretatur
3305 3254 3492 3324 Itonia;

1906 3340 2030 3409 quia
2058 3342 2141 3395 his
2172 3342 2509 3410 profectuum
2539 3342 2798 3413 gradibus
2821 3342 2992 3395 fidelis
3020 3340 3247 3411 quilibet
3277 3356 3495 3409 promo-

1910 3443 2012 3498 tus,
2036 3443 2090 3488 et
2114 3436 2356 3503 corporis
2383 3434 2547 3489 etiam
2577 3432 2974 3488 resurrectione
3005 3434 3318 3492 innovatus.
3343 3447 3493 3486 sunt-

1907 3540 2049 3578 mam
2099 3526 2482 3594 perfectionem
2530 3525 2673 3579 illam
2718 3524 3072 3595 consequitur
3112 3537 3273 3594 quam
3329 3522 3493 3577 homo

1904 3616 1991 3671 vel
2024 3616 2209 3671 habuit
2244 3618 2327 3671 vel
2382 3618 2581 3671 habere
2623 3624 2826 3685 potest;
2862 3624 2918 3669 ttt
2953 3624 3078 3670 tunc
3118 3614 3386 3685 perfectus
3422 3615 3495 3669 sit

1904 3708 2086 3772 homo,
2119 3716 2173 3764 et
2202 3709 2431 3764 idoneus
2452 3707 2563 3778 jam
2594 3708 3030 3780 inseparabiliter
3051 3707 3333 3762 adluercre
3357 3706 3487 3761 Deo.

1906 3798 2059 3855 Unde
2082 3809 2134 3855 et
2167 3802 2218 3855 in
2251 3816 2462 3855 summo
2491 3802 2775 3856 caunainc
2802 3815 2966 3869 super
2991 3799 3173 3853 onmia
3204 3798 3343 3850 Deus
3376 3798 3491 3866 ipse

1904 3893 2142 3962 ponitur,
2189 3906 2360 3961 usque
2408 3894 2473 3946 ad
2515 3908 2674 3961 quem
2707 3891 2905 3961 gradus
2936 3890 3095 3943 scala:
3126 3888 3492 3959 generationis

1904 3981 2300 4043 deseribunlur,
2337 3980 2517 4049 ibique
2552 3980 2842 4043 liniuntur;
2871 3979 2995 4048 quia
3031 3978 3103 4031 ibi
3144 3976 3266 4031 finis
3290 3986 3493 4031 nostra:

1902 4072 2253 4143 perfectionis
2279 4087 2453 4143 usque
2481 4075 2548 4126 ad
2572 4087 2730 4141 quem
2758 4070 3046 4135 tendimus,
3071 4077 3128 4123 ut
3150 4068 3202 4123 in
3228 4068 3343 4138 ipso
3371 4069 3492 4123 sine

1905 4160 2011 4217 line
2038 4162 2405 4232 quiescamus.
2443 4161 2515 4217 Ibi
2545 4162 2690 4215 enim
2727 4168 2812 4215 est
2857 4156 3177 4213 sullicientia
3221 4157 3486 4213 bonorum

1902 4254 2178 4318 omnium;
2222 4254 2347 4324 quia
2394 4262 2520 4308 tunc
2552 4256 2692 4309 Deus
2722 4260 2805 4310 est
2834 4252 3016 4307 onmia
3046 4249 3097 4305 itt
3127 4250 3401 4314 omnibus,
3430 4258 3493 4304 ut

1905 4344 2031 4398 nulli
2053 4345 2122 4398 sit
2149 4359 2285 4414 opus
2314 4345 2452 4400 ultra
2473 4345 2766 4415 quidquam
2798 4358 3066 4414 quaerere.
3099 4342 3273 4399 Locus
3306 4351 3490 4398 autem

1904 4433 2236 4502 prtemissus,
2276 4451 2435 4505 quem
2473 4436 2540 4489 de
2578 4442 2817 4504 martyre
2853 4450 2995 4489 nunc
3030 4434 3370 4506 interpretati
3401 4450 3493 4489 su-

1905 4541 2044 4589 mus,
2079 4525 2303 4596 intelligi
2350 4535 2523 4595 potest
2564 4533 2617 4579 et
2643 4525 2710 4579 de
2738 4540 2803 4579 eo
2833 4524 3095 4595 perfecto,
3131 4526 3222 4596 qui
3256 4542 3363 4580 non
3392 4542 3493 4595 per

1904 4614 2149 4684 martyrii
2181 4615 2490 4683 passionem
2525 4630 2587 4666 ex
2616 4614 2718 4668 hac
2748 4612 2864 4667 huc
2897 4615 3109 4685 migrat,
3139 4630 3313 4685 neque
3344 4616 3489 4669 enim

1901 4720 2091 4759 omnes
2133 4704 2357 4774 perfecti
2396 4704 2540 4758 ferro
2578 4706 2938 4773 perimuntur.
2974 4704 3109 4759 Nam
3138 4704 3362 4760 Lamech
3399 4707 3487 4760 in-

1904 4805 2229 4864 terpretatur
2258 4795 2494 4858 humilis,
2527 4796 2608 4850 vel
2641 4796 2969 4849 humiliatus.
3009 4794 3311 4849 Mathusale
3335 4811 3485 4861 vero,

1901 4898 2136 4973 mortuus
2162 4897 2258 4953 est,
2299 4896 2354 4941 et
2389 4888 2742 4958 interrogavit.
2784 4886 3000 4941 llenoch
3043 4894 3246 4951 autem,
3275 4888 3490 4940 dedica-

1900 4980 2006 5043 tio;
2048 4989 2103 5034 et
2140 4978 2329 5041 Jared,
2357 4979 2694 5033 descendens.
2735 4978 2992 5046 Soletque
3022 4976 3339 5045 frequenter
3363 4990 3488 5032 eve-

1901 5072 2019 5125 nire
2041 5070 2210 5141 utqui
2238 5070 2399 5140 178
2420 5071 2508 5123 ditt
2532 5069 2816 5124 laudabilis
2840 5068 3096 5121 virtutum
3122 5066 3377 5136 operibus
3405 5067 3488 5120 in-

1900 5158 2131 5227 sndavit,
2177 5160 2352 5213 inanis
2376 5156 2559 5228 glorise
2600 5157 2765 5227 typho
2815 5167 3118 5221 moveatur,
3152 5163 3209 5209 ut
3245 5155 3486 5210 extet-ius

1899 5249 2119 5322 gloriari
2165 5249 2233 5304 de
2278 5248 2573 5303 virtutibus
2616 5246 2861 5317 incipiat.
2910 5246 2976 5301 Et
3030 5246 3150 5301 ideo
3196 5262 3340 5300 nunc
3385 5246 3488 5300 iste

1898 5353 2021 5413 post
2042 5351 2120 5398 tot
2140 5340 2483 5395 laudabiliter
2505 5347 2624 5393 acta
2649 5337 3110 5401 dicitttrhuntilis;
3134 5337 3257 5408 quia
3280 5348 3486 5404 quanto

1899 5450 2128 5505 magnus
2152 5442 2256 5498 est,
2290 5431 2540 5486 humiliat
2564 5446 2622 5485 se
2645 5430 2698 5484 iu
2720 5430 2996 5494 omnibus,
3024 5438 3077 5483 ct
3102 5429 3323 5485 abomni
3351 5428 3485 5483 vit’o

1894 5526 2167 5599 iactantiae
2196 5525 2281 5581 vel
2313 5523 2580 5593 superbia:
2606 5521 2667 5577 fit
2692 5521 2921 5578 alienus.
2957 5521 3023 5576 Et
3045 5521 3135 5589 qui
3166 5520 3344 5576 saeculi
3368 5521 3487 5593 glo-

1898 5619 2033 5672 riam
2073 5615 2154 5671 sic
2183 5612 2402 5681 abiecit,
2435 5622 2700 5665 mortuum
2745 5627 2804 5667 se
2848 5612 3050 5667 mundo
3076 5625 3199 5666 esse
3235 5623 3485 5679 compro-

1898 5708 2061 5765 bavit.
2092 5704 2457 5775 Exemploque
2482 5700 2613 5761 tatis
2648 5718 2758 5761 suae
2785 5704 2977 5761 mortis
3007 5712 3235 5761 caeteros
3255 5701 3482 5758 interro-
