4076 6288
603 245 723 324 ets

967 245 1026 302 s.
1065 247 1367 304 assum
1407 245 1761 317 CANI‘L'AR,
1799 243 2120 300 Atttttlltit‘.
2158 249 2189 300 ι

2346 242 2524 299 PARS
2561 243 2622 302 Il.
2663 275 2733 286 -
2773 244 3144 302 ΡΑΒΕΝΕΤ.
3186 247 3276 303 ΕΤ
3313 249 3563 307 ASCET.

3780 252 3889 311 ϐυ

614 386 730 447 9m,
756 377 876 448 quis
903 392 1091 434 emam
1133 378 1214 434 sic
1245 377 1445 433 mundo
1494 377 1631 432 mori
1661 385 1900 448 appcm.
1951 375 2018 431 ει
2067 374 2194 432 hinc
2230 362 2276 420 Λ
2309 356 2394 412 nis
2423 357 2693 448 lmjusqde
2736 374 2842 430 qua
2880 368 3169 416 tractatum
3199 369 3302 426 est,
3330 362 3595 420 Dominus
3622 364 3678 420 in
3706 366 3890 438 seipse

616 469 861 540 sequitur
887 470 1145 524 dedicatio
1183 486 1205 536 ,°
1251 469 1374 540 quia
1407 467 1521 537 jam
1557 485 1654 540 per
1683 467 2192 539 contemplationem

615 559 670 614 in
689 560 945 630 supernis
967 560 1263 615 dedicatur.
1295 559 1361 614 Et
1383 560 1506 615 inde
1532 560 1594 614 lit
1612 558 1958 625 descendens;
1985 559 2110 630 quia
2136 571 2193 613 ut

612 645 838 702 eaéteros
867 648 932 702 ad
956 664 1019 703 ea
1050 663 1169 717 qua:
1202 663 1416 703 sursqu
1459 648 1816 718 contemplari
1863 648 2056 703 solitus
2085 656 2191 716 est,

611 740 803 798 elevet.
833 745 898 794 ad
928 755 1112 795 eorum
1141 740 1248 794 ima
1272 739 1358 809 pie
1388 739 1684 813 descendit,
1709 739 1864 816 juxta
1888 737 2017 793 illud
2045 740 2193 809 Apo-

610 829 732 884 stoli
766 847 780 860 ·
812 828 930 886 Siue
951 842 1116 885 mente
1145 820 1461 895 excedimtts,
1499 830 1638 897 Deo,
1665 831 1770 886 sive
1798 834 1961 889 sobrii
1988 847 2190 898 sumus,

608 925 748 980 vobis
774 924 857 996 (11
883 924 1005 981 Cor.
1031 943 1085 993 v,
1112 927 1222 997 15).
1253 926 1367 982 Duo
1390 926 1613 981 nomina
1637 940 1759 995 quae
1784 932 2104 996 sequuntur,
2138 923 2193 978 id

606 1022 690 1069 est
740 1013 1023 1084 Malaleel,
1086 1015 1241 1085 cujus
1292 1016 1667 1089 interpretatio
1732 1026 1890 1072 sonat
1964 1016 2190 1072 laudans

606 1103 774 1159 I‘ount
792 1123 813 1171 ;
844 1116 900 1160 et.
942 1106 1170 1169 Cainan,
1199 1109 1288 1178 qui
1319 1108 1517 1164 dicitur
1547 1108 1804 1178 possessio
1826 1124 2025 1172 eorum,
2052 1107 2193 1162 indi-

600 1207 734 1273 cant
761 1197 988 1268 mystice
1019 1198 1148 1267 quid
1176 1208 1372 1269 agatur
1396 1198 1446 1252 in
1476 1197 1564 1252 illa
1593 1196 2068 1266 contemplationis
2093 1197 2188 1253 de-

600 1289 900 1361 dicatione,
931 1298 986 1345 et
1012 1290 1078 1345 ad
1115 1291 1389 1361 proximos
1417 1290 1797 1356 descensione;
1828 1289 1955 1359 quia
1994 1290 2185 1346 videli-

602 1391 693 1438 θοι
723 1382 793 1437 ibi
813 1381 974 1436 Deum
996 1382 1202 1448 laudat,
1226 1394 1280 1438 et
1299 1382 1387 1438 hic
1405 1382 1701 1453 possidetur
1715 1382 1778 1436 ab
1802 1381 1928 1443 illis,
1956 1398 2186 1452 quorum

604 1471 930 1527 utilitatibus
958 1470 1149 1531 servit.
1193 1470 1454 1540 Sequitur
1489 1480 1545 1526 et
1584 1469 1783 1536 llenos,
1825 1468 1982 1540 cujus
2020 1468 2187 1525 inter-

602 1562 836 1633 pretatio
866 1571 964 1622 est,
992 1562 1329 1632 desperatus;
1360 1561 1485 1632 quia
1527 1576 1675 1632 spem
1708 1560 1763 1616 in
1799 1561 2188 1633 temporalibus

601 1661 657 1705 et
679 1652 901 1720 Caducis
929 1652 1126 1707 habere
1153 1653 1496 1722 contempsit,
1522 1651 1676 1724 juxta
1709 1651 1839 1706 illud
1867 1652 2008 1706 beati
2035 1651 2137 1707 Job
2168 1669 2182 1707 :

2301 448 2482 501 statim
2519 446 2674 503 nobis
2703 449 2985 514 indicavit,
3017 451 3087 507 dc
3119 466 3229 520 quo
3251 452 3599 521 subiunctum
3622 463 3753 511 est:
3789 457 3891 513 ho

2298 553 2389 591 sus
2414 528 2587 591 autem
2627 539 2813 608 plenus
2846 540 3049 610 Spiritu
3089 550 3274 597 sancto
3306 539 3576 613 regressus
3603 554 3680 599 est
3706 562 3743 599 α
3767 545 3888 601 Jor-

2299 631 2436 684 dane
2455 628 2607 701 (Luc.
2640 646 2715 698 tv,
2742 630 2819 702 1).
2855 630 2972 686 Non
3002 640 3185 686 autem
3214 632 3415 688 dicitur
3436 634 3646 689 uitiatus
3674 634 3888 707 Spiritu

2297 729 2504 783 sancto,
2539 721 2633 776 sed
2657 722 2875 792 plenus;
2905 724 3031 793 quia
3058 723 3112 776 in
3142 724 3254 793 ipso
3290 724 3491 778 habitat
3520 726 3694 779 omnis
3718 726 3890 795 pleni-

2295 812 2423 866 tudo
2472 811 2773 867 Dirinitatis
2815 813 3158 881 corporaliter
3198 811 3428 885 (Coloss.
3488 829 3551 883 tt,
3600 816 3692 885 9).
3766 815 3887 872 Non

2294 903 2440 969 enim
2469 894 2866 959 admensuram
2888 906 2982 960 dat
3006 905 3148 961 Deus
3171 902 3434 974 Spiritum
3456 905 3579 975 ipsi,
3633 905 3889 963 videlicet

2292 994 2531 1051 Christo.
2555 993 2689 1050 Nam
2718 986 3166 1052 cateris'sanctis
3206 997 3303 1051 dat
3327 1011 3451 1052 eum
3478 987 3544 1052 ad
3568 1011 3886 1055 mensuram

2293 1085 2512 1157 (Epltes.
2561 1088 2670 1159 tv);
2722 1087 2853 1144 huic
2890 1097 3071 1144 autem
3116 1081 3659 1156 immensumhiliter,
3708 1090 3766 1146 id
3802 1099 3889 1146 est

2292 1186 2464 1234 totum
2501 1180 2674 1250 ipsum
2712 1180 3034 1238 immensum
3080 1181 3366 1253 Spiritum.
3414 1183 3600 1255 Neque
3645 1186 3884 1256 primum

2293 1272 2547 1342 impletus
2580 1281 2666 1328 est
2713 1271 2915 1343 Spiritu
2956 1282 3177 1340 sancto;
3223 1275 3318 1329 sed
3361 1289 3428 1331 ex
3461 1290 3571 1347 quo
3609 1277 3777 1347 «epit
3827 1276 3884 1333 in

2291 1371 2447 1417 utero
2484 1362 2724 1432 Virginis
2757 1363 2995 1432 concipi,
3038 1378 3255 1434 semper
3296 1364 3350 1419 in
3391 1379 3458 1420 eo
3501 1374 3649 1421 totus
3681 1368 3884 1422 mansit

2292 1449 2529 1521 Spiritus
2553 1459 2794 1507 sanctus.
2835 1451 2941 1508 Sed
2970 1438 3175 1508 idcirco
3204 1468 3347 1508 nunc
3375 1454 3466 1509 illo
3494 1455 3686 1525 plenus
3712 1455 3883 1513 fuisse

2290 1542 2509 1608 dicitur,
2543 1542 2669 1614 quia
2694 1530 2861 1599 'nunc
2887 1544 3053 1615 empit
3087 1545 3343 1615 operibus
3381 1546 3664 1604 declarare
3698 1549 3881 1618 pleni-

2293 1634 2533 1690 tudinem
2562 1635 2678 1704 ejus
2709 1636 2762 1690 in
2806 1650 2867 1692 se
2895 1651 3139 1692 manere.
3182 1637 3251 1692 Et
3284 1636 3367 1693 sic
3400 1652 3683 1710 regressus
3724 1650 3811 1697 est
3850 1658 3878 1696 α

602 1742 906 1812 Itesperart,
931 1760 1254 1815 nequaquam
1279 1720 1418 1797 ultra
1434 1720 1550 1814 jam
1573 1743 1741 1798 vivam
1771 1743 1891 1816 (Job
1946 1743 2181 1816 vtt,16).
2217 1744 2262 1803 Β
2287 1720 2553 1816 “mima;
2599 1723 2726 1793 quia
2780 1720 3007 1816 'feg'm'“
3058 1725 3323 1795 Ρτίηθίβίδ
3364 1728 3546 1782 "mm"
3588 1743 3881 1800 “837m

603 1829 844 1885 Mortuus
889 1832 1034 1885 enim
1082 1833 1285 1888 mundo
1328 1849 1432 1886 non
1478 1832 1628 1886 habet
1664 1831 1779 1901 jam
1827 1830 1968 1903 spent
2007 1832 2059 1887 in
2099 1846 2184 1886 eo.

602 1922 813 1985 Deinde
834 1923 981 1981 venit
1024 1922 1182 1989 Setlt,
1225 1924 1315 1994 qui
1356 1924 1557 1978 dicitur
1592 1924 1803 1992 positio,
1840 1922 1923 1977 vel
1959 1939 2189 1977 resurre-

600 2014 704 2065 ctio
732 2026 751 2065 :
787 2012 912 2083 quia
950 2029 1093 2069 nune
1121 2014 1266 2084 ponit
1299 2030 1496 2084 corpus
1522 2014 1663 2084 quod
1709 2012 1763 2067 in
1801 2013 1907 2067 line
1937 2022 2186 2083 resurget.

596 2103 672 2177 ‘Et
699 2113 824 2159 tunc
845 2105 949 2160 erit
974 2104 1247 2175 perfectus
1271 2105 1434 2159 homo
1464 2105 1788 2161 reformatus
1819 2104 1872 2158 in
1905 2103 2186 2174 antiquum

574 2202 656 2275 Oet
710 2193 986 2248 meliorem
1048 2202 1252 2249 statum
1282 2235 1299 2258 ,
1351 2195 1497 2251 sicut
1557 2210 1896 2265 consequens
1947 2195 2189 2250 insinuat

601 2283 791 2347 Adam,
824 2285 913 2355 qui
950 2285 1343 2356 interpretatur
1383 2288 1570 2354 homo;
1598 2296 1652 2342 ct
1678 2288 1889 2360 primus
1929 2286 2031 2342 fuit
2058 2303 2191 2342 con-

599 2374 782 2430 ditus:
812 2375 1000 2447 sicque
1021 2374 1133 2446 jam
1162 2379 1420 2437 sociatur
1444 2376 1574 2440 Deo,
1619 2387 1681 2433 ut
1719 2377 1775 2433 ei
1805 2376 2191 2448 perpetualiter

600 2464 870 2521 inbzereus
902 2469 1043 2523 vivat
1072 2467 1123 2521 in
1166 2468 1301 2539 ipso.
1340 2468 1420 2525 0b
1458 2469 1560 2524 ltoc
1587 2469 1734 2524 enint
1776 2485 1835 2526 se
1876 2469 1973 2525 Dei.
1999 2467 2186 2538 Filius,

599 2555 1024 2611 misericorditer
1048 2557 1370 2625 ltumiliavit,
1403 2567 1461 2613 ιιι
1484 2572 1655 2629 usque
1691 2560 1758 2615 ad
1801 2558 1939 2614 Itane
1970 2558 2190 2615 celsitu-

598 2646 778 2701 dinem
805 2663 956 2712 suos,
986 2648 1077 2718 qui
1111 2648 1245 2719 lapsi
1283 2644 1521 2717 fat-rant,
1552 2650 1854 2714 exultaret;
1886 2660 1941 2705 et
1970 2667 2034 2706 ex
2065 2668 2189 2721 gra-

598 2738 758 2793 dibus
785 2742 1218 2809 generatiouum,
1268 2746 1364 2811 per
1407 2756 1545 2812 quos
1573 2742 1899 2805 ceciderant,
1944 2740 2071 2797 fecit
2112 2743 2191 2798 eis

599 2830 801 2896 gradus
845 2831 1106 2884 virtutum
1169 2844 1269 2899 per
1300 2845 1438 2900 quos
1459 2833 1839 2887 ascenderem.
1870 2833 2017 2901 Quos
2042 2835 2188 2890 scili-
2286 2832 2291 2839 ’

602 2925 691 2971 cet
731 2919 930 2988 gradus
970 2918 1024 2973 in
1062 2920 1369 2975 nominibus
1397 2930 1634 2991 patrum,
1677 2930 1737 2976 ιιι
1775 2932 2052 2979 ostensum
2083 2933 2186 2991 est,

600 3005 913 3089 designatos
937 3009 1309 3079 unusquisque
1350 3009 1749 3082 proficientium
1781 3012 1934 3083 juxta
1959 3015 2186 3070 modum

601 3115 757 3155 suum
788 3100 1052 3167 ascendit,
1073 3110 1127 3156 et
1148 3101 1352 3172 aliquid
1381 3101 1447 3158 de
1470 3102 1697 3174 singulis
1724 3104 2016 3161 virtutibus
2041 3123 2187 3164 asse-
2213 3093 2259 3156 C

515 3214 522 3220 -
599 3191 814 3263 quitur;
847 3191 942 3245 sed
973 3189 1123 3248 t'anto
1155 3191 1348 3248 fortius
1376 3193 1738 3266 etgloriOsius
1769 3199 1837 3251 ad
1871 3196 2036 3252 Deum
2063 3213 2187 3268 per.

599 3282 769 3348 venit,
798 3290 1002 3352 quanto
1027 3283 1207 3339 verius
1233 3300 1297 3339 ac
1324 3284 1620 3356 perfectius
1652 3287 1704 3341 in
1732 3287 1817 3343 his
1845 3284 2138 3360 profecerit
2168 3308 2181 3345 :

602 3383 861 3443 tantoque
897 3390 1109 3430 rursum
1144 3375 1349 3433 tardius
1391 3391 1453 3430 ac
1483 3375 1751 3433 difﬁcilius
1781 3379 1847 3432 ad
1891 3392 2013 3433 eum
2060 3390 2185 3449 per-

608 3464 788 3535 tingit,
813 3474 1012 3534 quauto
1036 3466 1316 3521 remissius
1334 3481 1398 3520 ac
1421 3467 1777 3538 negligentius
1801 3468 1851 3521 in
1880 3468 1964 3522 his
1988 3470 2183 3540 egerit.

602 3554 797 3610 Posset
817 3556 996 3609 autem
1025 3557 1090 3609 de
1115 3571 1222 3610 uno
1246 3571 1459 3625 quoque
1485 3556 1677 3626 gradu,
1705 3557 1789 3611 vel
1817 3559 2034 3613 nomine
2063 3575 2188 3635 prof

603 3645 711 3701 lixa
746 3645 859 3701 fieri
893 3645 1128 3711 locutio;
1184 3646 1277 3701 sed
1309 3650 1606 3701 cavendum
1637 3658 1756 3703 erat
1786 3648 2083 3718 fastidium,
2132 3661 2188 3707 et

603 3739 1011 3809 relinquendum
1042 3739 1121 3794 eis
1148 3738 1237 3809 qui
1281 3739 1459 3794 sciunt
1484 3754 1549 3794 ex
1573 3740 1760 3810 paucis
1785 3740 1950 3795 multa
1981 3742 2186 3808 dicere,

602 3831 744 3886 unde
768 3837 986 3900 possent
1009 3838 1064 3885 et
1093 3829 1192 3901 ipsi
1223 3838 1477 3885 tractare.
1524 3829 1657 3885 Nam
1728 3842 1782 3886 et
1819 3832 2016 3888 multas
2047 3832 2191 3904 ipso-

596 3939 723 3997 :runt
759 3923 1036 3976 nominum
1069 3920 1573 3997 interpretationes,
1603 3936 1739 3992 quas
1780 3923 2043 3979 similiter
2063 3939 2190 3995 pro-

602 4014 747 4070 ferre
775 4010 1156 4084 quivissemus,
1205 4013 1684 4083 praetermisimus;
1717 4012 2021 4084 multasque
2054 4014 2190 4070 alias

603 4108 779 4161 adhuc
797 4121 938 4174 esse,
962 4119 1192 4176 quarum
1221 4104 1469 4159 notitiam
1501 4104 1730 4160 necdum
1756 4104 2055 4176 attigimus,
2082 4120 2187 4161 non

609 4197 936 4263 dubitamus,
975 4210 1095 4266 quae
1150 4209 1280 4249 suos
1329 4194 1529 4249 habent
1572 4194 1829 4265 mysticos
1871 4209 2082 4250 sensus.
2124 4195 2191 4250 Et

602 4288 733 4353 ideo
769 4287 905 4354 nihil
933 4285 1284 4357 perfcetionis
1314 4284 1367 4339 in
1407 4285 1785 4341 observatione
1804 4284 2031 4354 iustitiae
2057 4302 2187 4342 con-

605 4378 756 4447 sequi
788 4385 1015 4447 possunt
1040 4374 1290 4431 homines
1329 4374 1444 4441 Dei,
1476 4375 1618 4445 quod
1649 4374 1700 4428 in
1730 4375 1829 4429 hac
1860 4374 2188 4446 genealogis:

2291 1819 2375 1866 est
2406 1811 2687 1867 destruere
2716 1826 2748 1865 a
2792 1812 3089 1882 baptismo,
3109 1828 3442 1885 regnumque
3468 1829 3626 1869 suum
3657 1817 3711 1869 in
3737 1819 3878 1873 orbe

2288 1908 2856 1958 novum‘eonstruere.
2890 1901 3024 1956 Nam
3054 1913 3110 1958 et
3150 1904 3377 1975 quilibet
3420 1904 3614 1972 ﬁdelis,
3641 1908 3764 1977 ejus
3790 1922 3878 1963 ac-

2288 2000 2447 2060 cepto
2493 1992 2546 2046 in
2584 1991 2910 2062 baptismate
2953 1993 3159 2064 Spiritu
3206 2003 3397 2051 sancto
3433 2034 3449 2061 ,
3497 1998 3809 2068 regreditur
3848 2015 3876 2051 a

2286 2078 2541 2144 Iordane,
2584 2097 2709 2136 cum
2749 2097 2779 2136 a
2832 2082 3053 2138 lavacro
3101 2084 3336 2150 rediens,
3368 2084 3658 2141 adversum
3690 2087 3873 2143 surculi

2286 2172 2519 2237 vitia,in
2539 2173 2736 2242 quibus
2759 2181 2885 2227 ante
2905 2172 3350 2237 conversabatur,
3375 2189 3610 2244 pugnam
3633 2177 3875 2232 inchoat.

2286 2261 2330 2315 A
2374 2261 2610 2317 Iordane
2639 2263 2780 2319 enim
2811 2263 3137 2334 regreditur,
3165 2263 3257 2333 qui
3285 2280 3314 2318 a
3340 2265 3612 2333 baptismo
3636 2267 3707 2319 az!
3746 2281 3866 2321 cer-

2290 2361 2470 2408 tamen
2506 2363 2694 2409 contra
2731 2354 2950 2410 relictas
2983 2355 3166 2409 mundi
3221 2356 3546 2410 tentatioaes
3595 2368 3874 2427 properat,
3968 2418 3975 2423 ἢ

2290 2455 2368 2510 ιιι,
2393 2443 2480 2500 Itis
2505 2443 2753 2512 devictis,
2787 2450 3044 2500 coronam
3075 2445 3201 2501 vitat
3238 2457 3517 2501 mereatur
3556 2463 3653 2518 per
3702 2449 3878 2519 ipsum

2290 2533 2643 2591 Mediatorem
2669 2535 2762 2590 Dei
2798 2545 2854 2590 et
2884 2535 3186 2601 hominum,
3215 2537 3307 2606 qui
3336 2550 3461 2591 cum
3490 2537 3655 2592 Patre
3677 2548 3736 2593 et
3755 2539 3879 2608 Spio

2291 2625 2397 2679 ritu
2444 2635 2636 2681 sancto
2679 2625 2811 2681 vivit
2856 2634 2912 2680 et
2961 2635 3152 2697 regnat
3190 2626 3244 2680 in
3285 2626 3483 2681 saecula
3518 2626 3876 2683 "seculorum.

2289 2714 2484 2771 Amen.

2860 2807 2877 2838 ³
2899 2797 3182 2861 llOMILIA
3213 2804 3306 2861 IX.

2291 2913 2346 2970 IN
2379 2930 2717 2971 EVANCELIUII
2765 2932 3039 2973 sscuaouu
3076 2916 3265 2973 Lucan
3299 2934 3314 2971 :
3355 2917 3581 2974 Intravit
3622 2918 3782 2975 Iesus
3822 2921 3883 2975 iu

2361 3007 2626 3076 quoddam
2665 2994 2936 3061 castellum
2975 3023 2994 3061 :
3025 3016 3073 3061 et
3122 3006 3311 3061 mulier
3349 3007 3614 3078 quantam,
3666 3008 3882 3063 Martha

2363 3095 2590 3159 nomine,
2638 3097 2835 3165 excepit
2865 3094 3014 3149 illaut
3057 3094 3115 3150 in
3141 3095 3355 3150 domum
3378 3111 3553 3164 suam,
3580 3104 3690 3153 etc.
3727 3097 3882 3168 (Luc.

2365 3202 2397 3240 ιι
2422 3225 2439 3250 ,
2471 3176 2593 3252 38.)
2656 3199 2659 3201 ‘
2984 3216 2987 3220 ι
3210 3184 3213 3185 ⁷

2361 3277 2499 3345 Quid
2536 3279 2604 3332 ad
2651 3276 2940 3348 gloriosam
2992 3276 3267 3349 Virginem
3318 3276 3410 3333 Dei
3463 3280 3484 3310 ⁸
3531 3276 3887 3357 Genitriccm

2289 3369 2449 3439 lectio
2476 3368 2496 3400 ⁸
2528 3369 2636 3424 "ista
2663 3370 2957 3440 pertineat,
2995 3376 3054 3423 ut
3083 3369 3136 3423 itt
3164 3366 3280 3436 ejus
3315 3368 3613 3426 festivitate
3647 3370 3884 3443 legatur,

2290 3463 2535 3534 plerique
2557 3460 2731 3517 solent
2751 3476 2994 3532 quaerere
3026 3479 3040 3515 :
3074 3461 3215 3516 unde
3244 3461 3268 3493 ⁸
3288 3462 3417 3532 quid
3451 3478 3554 3532 ego
3584 3465 3883 3531 sentirem,

2290 3550 2346 3605 iu
2373 3559 2637 3619 conventu
2667 3548 2895 3603 fratrum
2917 3558 3074 3619 prout
3096 3549 3244 3619 potui
3275 3549 3576 3622 vulgariter
3595 3549 3707 3620 iam
3732 3553 3887 3621 plus-

2287 3637 2661 3713 quautsemel'
2682 3642 2910 3712 exposui
2954 3640 2997 3696 '.
3040 3641 3107 3696 Et
3127 3642 3251 3712 quia
3293 3644 3436 3712 quod
3466 3642 3578 3697 dixi
3616 3646 3889 3698 auditori-

2291 3735 2393 3791 bus
2438 3733 2665 3806 placuit,
2710 3735 2855 3789 dicta
2904 3718 3101 3790 litteris
3141 3735 3399 3791 mandare
3456 3736 3525 3792 ab
3576 3737 3785 3814 eisdem
3834 3744 3892 3793 et

2293 3827 2527 3883 maxime
2554 3842 2584 3882 a
2607 3825 2840 3882 dominis
2864 3827 2886 3858 °
2915 3826 3206 3882 abbatibus
3228 3826 3502 3883 Willelmo
3534 3826 3886 3891 Fiscan’eusi,

2289 3922 2570 3993 Arnulpho
2610 3919 2939 3978 Troarnensi
2982 3923 3026 3991 ⁷,
3069 3921 3276 3992 jussus,
3311 3924 3420 3979 imo
3456 3937 3687 3980 coactus
3735 3941 3890 3981 sunt.

2291 4013 2442 4083 Quod
2466 4013 2838 4085 idcoprtedixi
2865 4013 2909 4079 ⁸,
2937 4022 2997 4069 ιιι
3020 4014 3453 4086 expositiuucula
3486 4016 3591 4072 ista
3623 4025 3891 4087 tanquam

2291 4118 2320 4157 a
2368 4111 2795 4172 praesumptuoso
2837 4103 2980 4157 edita
3038 4119 3145 4159 tton
3200 4090 3504 4175 displiceat,
3558 4120 3724 4176 quam
3776 4119 3895 4158 non

2291 4192 2415 4266 [al.,
2445 4194 2569 4263 quia
2611 4209 2717 4248 non
2760 4193 2929 4266 hanc]
2968 4198 3316 4267 prtesumptio
3343 4197 3387 4261 ’,
3430 4198 3529 4252 sed
3567 4197 3891 4254 obedientia

2290 4284 2478 4338 edidit.
2506 4282 2626 4338 Jant
2666 4300 2808 4338 nunc
2854 4283 3018 4354 igitur
3060 4287 3418 4340 ratiunculam
3460 4286 3503 4317 ¹⁰
3531 4287 3692 4342 istam
3730 4288 3894 4342 salva

2292 4373 2400 4427 ﬁde
2466 4388 2531 4428 ac
2602 4373 2719 4449 sine
2779 4373 3020 4430 melioris
3086 4374 3457 4447 praeiudicio,
3531 4377 3600 4432 ad
3668 4376 3896 4431 laudem

606 4471 749 4526 scala
781 4468 1076 4538 figuraliter
1102 4484 1210 4524 non
1237 4468 1309 4523 sit
1332 4482 1673 4537 expressum.
1698 4465 1804 4522 Sed
1831 4474 1887 4520 et
1942 4466 2188 4521 hraviam
2222 4470 2268 4525 D
2294 4465 2538 4536 ejusdem
2569 4464 2805 4536 Virginis
2834 4475 2889 4520 et
2932 4466 3123 4523 matris
3165 4464 3294 4524 Jesu
3324 4467 3610 4524 humiliter
3642 4470 3901 4524 scribere

600 4558 673 4629 ad
701 4560 841 4630 quod
869 4568 965 4629 per
990 4573 1111 4619 eam
1142 4546 1387 4625 tendunt,
1418 4559 1534 4629 ipse
1572 4558 1715 4613 Deus
1743 4574 1960 4614 sursum
1999 4558 2050 4612 in
2080 4557 2187 4614 line

547 4652 553 4657 ⁷
606 4653 814 4727 positus
835 4660 938 4707 est.
969 4648 1300 4719 Principium
1331 4663 1457 4704 vero
1482 4648 1778 4720 profectus,
1801 4649 1885 4705 vel
1910 4650 2186 4705 ascensioc

2290 4554 2605 4627 aggrediar.

2367 4648 2422 4701 In
2451 4647 2492 4678 “
2528 4646 2811 4716 Scriptura
2844 4662 2998 4702 sacra
3034 4663 3122 4706 res
3164 4665 3270 4704 una
3310 4660 3363 4706 et
3391 4651 3583 4707 eadem
3611 4651 3906 4707 mttltolies

1884 4741 1967 4795 VA
1978 4738 2114 4796 RIIE
2150 4737 2553 4794 LECTIONES.

600 4828 608 4841 ’
680 4836 697 4866 ί
736 4835 943 4890 Collata
975 4844 1052 4889 est
1090 4851 1209 4887 cum
1242 4832 1369 4888 Mss.
1407 4833 1811 4889 Corbeiensibns
1846 4835 1971 4891 507.
2002 4847 2048 4890 et
2080 4835 2139 4889 S.
2167 4834 2289 4889 596.
2315 4851 2419 4887 uno
2457 4832 2702 4887 Beccensi
2732 4832 2781 4887 Ε
2792 4875 2799 4885 .
2833 4834 2934 4890 10.Δ
2956 4844 3004 4888 et
3029 4851 3132 4888 uno
3159 4834 3411 4890 Ecclesia:
3436 4836 3906 4892 Carcasonensis‘

606 4904 677 4963 Et
713 4922 829 4959 cum
861 4904 1098 4959 Edition.
1128 4902 1498 4975 Coloniensiet
1520 4902 1769 4975 Gothica.
1811 4904 2079 4975 M51596.
2122 4905 2197 4959 Ex
2230 4905 2387 4975 dictis
2411 4902 2892 4975 Dmniniﬁnselmi
2926 4904 3335 4975 Arclticpiscopi
3379 4924 3479 4960 ms.
3509 4907 3751 4961 Carras.
3790 4905 3909 4960 Pro

608 4976 749 5031 festo
776 4974 1175 5047 essuntptionis
1197 4974 1376 5047 Beata:
1400 4973 1585 5047 Marite
1610 4974 1869 5047 Virginis.
1906 4971 2039 5029 Tum
2069 4976 2148 5047 sic
2179 4973 2323 5043 ponit
2349 4984 2549 5047 textum
2589 4988 2607 5025 :
2626 4973 2688 5047 ln
2714 4974 2806 5047 illo
2829 4983 3077 5047 tempore
3105 4971 3378 5047 {Intravit
3412 4974 3573 5047 Jesus
3604 4978 3659 5031 in

606 5047 730 5127 dam
760 5041 1053 5129 (Este-llum
1079 5061 1094 5099 :
1122 5052 1179 5099 et
1208 5044 1412 5129 mulier.
1431 5041 2156 5129 qutedamﬂartltanomine
2180 5041 2412 5129 ext-epit
2444 5043 2591 5124 illum
2624 5044 2676 5097 in
2694 5041 3156 5129 ἐροιιιιιιηἰξιιξιιειι.Δ
3278 5046 3523 5129 reliqua;
3539 5045 3674 5127 Dein
3720 5041 3887 5129 subii

606 5116 675 5169 cit
712 5131 732 5170 :
773 5115 1003 5185 lloutilia
1028 5115 1355 5185 venerabilis
1383 5113 1628 5185 Auselmi
1665 5113 2075 5185 A_reltiepiscopi

2191 5114 2212 5144 ²
2251 5111 2650 5183 Αιιειιηῆοδιιιῐι
2694 5111 2788 5183 Dei
2821 5130 2946 5166 mss.
2976 5112 3102 5183 507.
3135 5111 3450 5183 aculeatam
3482 5115 3580 5172 Dei
3617 5131 3757 5168 mss.

607 5185 695 5254 10.
729 5185 795 5238 ad
824 5184 1114 5254 gloriosam
1144 5184 1406 5254 virginem
1432 5184 1523 5237 Dei
1548 5181 1898 5254 ηιείϐατείηί.
1943 5185 2009 5239 ad
2026 5181 2248 5240 beatam
2276 5191 2332 5254 et
2358 5181 2650 5253 gloriosam
2673 5182 2943 5254 virginem
2974 5181 3070 5254 Dei
3147 5182 3169 5213 ³
3203 5182 3559 5254 Genitricem,
3587 5184 3767 5254 lectio
3787 5199 3909 5254 tus.

606 5250 1176 5324 Carcasfgenitricem
1205 5253 1449 5324 Mariam,
1481 5254 1640 5324 lectio
1714 5253 1737 5286 ⁵
1778 5253 1930 5310 Unde
1961 5264 2060 5308 etc.
2105 5266 2207 5307 ms.
2259 5250 2658 5324 Carcasonense
2705 5250 2968 5324 reliquum
2994 5251 3360 5324 ΔΡιίιειὴιίοῃίε
3410 5254 3633 5324 omittit.
3693 5253 3737 5324 f
3775 5252 3917 5308 Jan

603 5324 728 5392 plus
745 5320 973 5395 exposui
1000 5340 1137 5395 mss.
1190 5321 1261 5395 Ε.
1298 5326 1365 5378 l0
1398 5334 1446 5377 et
1469 5323 1593 5378 307.
1620 5325 1735 5395 jam
1763 5326 1884 5395 plus
1910 5339 2073 5395 quam
2113 5321 2274 5395 simul
2348 5322 2370 5353 ⁸
2395 5321 2580 5395 §t_a_b
2605 5320 2823 5395 eisdem
2851 5320 3098 5395 Dominis
3126 5320 3225 5395 tas.
3266 5321 3334 5395 19:.
3374 5323 3464 5379 10.
3492 5325 3563 5380 ab
3590 5321 3831 5395 eisdem
3854 5334 3917 5376 et

607 5388 848 5460 maxime
869 5411 897 5446 a
930 5393 1174 5449 Dominis
1244 5394 1263 5424 ⁷
1307 5388 1645 5459 νὶεοιιηθηείζ
1678 5388 1903 5451 Arnolfo
1929 5388 2233 5449 Tuarnensi
2262 5408 2358 5447 ms.
2384 5388 2454 5444 E.
2486 5390 2575 5445 10.
2602 5391 3257 5460 [τίεοιιηειιεί.,Αι·ιιιιιρΙιο
3289 5391 3623 5449 'froarneusi
3699 5392 3731 5424 ⁸
3772 5392 3920 5447 Ideo

2173 5462 2188 5481 Ν

609 5459 720 5534 dixi
752 5478 878 5534 mss.
919 5464 1039 5517 ideo
1072 5463 1296 5534 praedixi
1342 5463 1393 5534 .-ξ’
1433 5461 1547 5517 Non
1599 5465 1948 5534 praesumptio
1991 5480 2111 5534 mss
2141 5462 2184 5516 Ε

2195 5461 2329 5532 μω.
2364 5476 2468 5515 non
2504 5461 2656 5532 hanc
2684 5448 3039 5532 prtesumiitio
3082 5448 3162 5532 '7“
3191 5448 3703 5532 Expositiunculam
3754 5464 3921 5516 ‘um.

596 5528 973 5600 ratiunculam
1052 5523 1477 5599 ‘i-Evangclium
1510 5523 1805 5589 secundum
1835 5523 2062 5589 Lucam.
2095 5533 2151 5586 In
2202 5529 2293 5586 illo
2320 5541 2564 5598 tempore
2594 5549 2608 5584 :
2641 5523 2866 5585 Intravit
2890 5523 3050 5587 Jesus
3070 5531 3144 5585 'in
3177 5523 3449 5600 quoddam
3474 5530 3829 5599 Castellum.
3863 5542 3927 5585 et

609 5598 813 5674 mulier
830 5603 1078 5674 quaedam
1105 5598 1317 5674 Martha
1346 5605 1569 5674 nomine
1592 5606 1817 5674 excepit
1834 5606 1991 5661 illum
2020 5604 2073 5659 in
2097 5604 2314 5660 domum
2346 5615 2500 5656 suam
2524 5612 2623 5657 etc.
2658 5599 2891 5657 Humilia
2919 5601 3174 5660 lectionis
3189 5598 3455 5674 ejusdem.
3489 5619 3621 5658 nus.
3652 5598 3935 5660 Intravit

609 5665 769 5723 Jesus
797 5665 863 5724 in'
875 5671 1144 5740 quoddam
1179 5671 1472 5727 Castellum
1499 5697 1505 5743 ς
