4076 6288
257 360 357 416 (ἱὶὸ

1350 354 1652 415 ΗΟΜΙΙΛΑΞ
1688 357 1771 411 ET
1813 356 2391 415 l‘lelORTATlONES

3405 371 3511 426 646

259 480 533 535 invenitur
558 478 769 533 diversa
790 475 1116 545 significare,
1140 475 1281 531 sicut
1310 475 1415 540 leo,
1439 476 1647 542 luedus,
1671 476 1831 545 ignis,
1864 482 1908 538 Α
1939 491 1979 542 ι,
2002 474 2116 546 51.)
2138 476 2191 530 Si
2215 478 2433 532 cuilibet
2457 477 2644 547 virgini
2661 479 2994 549 desponsata:
3017 481 3267 553 injanimo
3287 500 3385 540 suo
3409 485 3521 543 dis-

260 588 420 642 aqua,
448 570 528 624 vel
562 569 727 623 etiam
764 570 806 601 ¹¹
833 568 936 629 sol.
974 576 1027 622 et
1059 568 1164 621 alia
1199 567 1388 621 multa.
1439 568 1532 621 Est
1562 567 1705 622 enim
1756 566 1840 622 leo

256 662 325 716 de
354 661 495 715 tribu
522 658 658 713 Juda
688 660 869 727 (Apoc.
893 657 986 727 v);
1013 666 1069 711 et
1100 666 1183 711 est
1223 656 1328 721 leo,
1355 657 1445 725 qui
1471 656 1664 711 circuit
1688 672 1837 725 quae-

258 768 385 807 rens
412 767 571 819 quem
602 751 825 805 devoret
859 749 913 818 (Ι
958 747 1104 802 Petr.
1147 751 1222 817 v).
1268 749 1363 802 Est
1391 749 1573 804 hmdus
1609 749 1839 804 emissa-

255 846 372 898 rius
401 842 589 912 (Leuit.
630 843 761 909 xvn),
807 842 897 909 qui
947 850 1163 908 peccata
1220 850 1401 895 nostra
1449 841 1714 909 portavit,
1758 848 1841 894 est

256 936 444 988 haedus
474 949 503 986 a
537 933 773 987 sinistris
802 930 1015 1000 (Matth.
1050 930 1199 998 xxv),
1250 932 1341 999 qui
1392 932 1697 985 damnatur.
1748 930 1841 985 Est

254 1023 399 1092 ignis
429 1038 591 1091 quem
625 1022 884 1076 Dominus
925 1021 1075 1075 misit
1133 1021 1177 1052 ³³
1223 1021 1278 1075 in
1320 1029 1544 1084 terram,
1588 1029 1643 1075 et
1680 1036 1839 1090 queat

252 1114 372 1168 vult
402 1122 461 1168 ut
492 1113 680 1167 ardeat
703 1110 851 1180 (Luc.
883 1110 982 1181 xu)
1007 1128 1019 1163 :
1044 1120 1128 1166 est
1157 1111 1315 1181 ignis,
1340 1110 1430 1180 qui
1461 1126 1624 1180 super
1647 1111 1841 1179 impios

252 1204 424 1267 cadit,
459 1213 517 1256 ut
557 1217 661 1257 non
707 1202 924 1256 videant
953 1201 1121 1256 solem
1148 1201 1323 1271 (Psal.
1367 1201 1520 1272 Lvu).
1560 1202 1659 1258 Est
1701 1217 1837 1272 aqua

252 1293 415 1361 cujus
447 1293 667 1347 flumina
690 1292 861 1348 fluunt
891 1294 957 1349 de
985 1303 1174 1349 ventre
1199 1294 1475 1349 credentis
1495 1294 1678 1364 (Joan.
1710 1295 1836 1366 vn);

249 1390 341 1437 est
362 1398 501 1452 aqua
558 1383 712 1452 cujus
745 1392 1033 1453 tempestas
1056 1400 1160 1438 non
1194 1399 1293 1439 nos
1316 1384 1593 1454 demergat
1620 1386 1837 1454 (Matth.

252 1472 393 1541 XIV).
425 1474 468 1503 “
508 1473 598 1528 Est
641 1472 732 1527 Sol
774 1472 1016 1541 iustitiae,
1066 1474 1156 1543 qui
1199 1490 1296 1527 nos
1332 1476 1599 1529 illuminet
1646 1474 1836 1543 (Eccli.

252 1559 395 1629 xui)
430 1561 494 1623 ”,
526 1569 580 1616 et
605 1561 684 1617 sol
726 1562 817 1630 qui
848 1577 948 1617 nos
971 1578 1077 1617 non
1110 1571 1233 1617 urat
1275 1563 1316 1594 ¹⁶
1362 1579 1459 1632 per
1484 1565 1626 1618 diem
1664 1562 1836 1634 (Psal.

250 1653 407 1717 cxx).
454 1651 604 1707 Licet
630 1668 759 1721 ergo
801 1653 1078 1708 castellum
1124 1654 1259 1709 alias
1305 1654 1511 1709 malmn
1547 1656 1836 1726 significet,

252 1753 313 1795 ut
346 1742 474 1796 illud
501 1744 566 1796 de
595 1758 700 1813 quo
723 1743 920 1798 dicitur
948 1762 961 1797 :
991 1744 1074 1798 Ite
1110 1746 1163 1797 iu
1187 1745 1458 1799 castellum
1484 1765 1502 1800 :
1533 1747 1647 1809 ubi.
1680 1748 1835 1801 addi-

1943 570 2162 638 ponenti
2210 572 2411 625 nubere
2425 572 2711 638 diceretur,
2743 574 2935 628 Filium
2953 575 3206 638 habebis,
3232 578 3519 634 nonmira-

1945 669 2117 725 retur,
2165 676 2335 729 neque
2374 662 2731 733 interrogaret
2767 668 3034 732 quomodo
3072 666 3212 722 istud
3259 668 3430 731 ﬁeret,
3463 680 3528 724 ut

1942 758 2065 818 pote
2092 766 2211 819 qua:
2236 766 2296 805 se
2326 751 2727 821 desponsatam,
2762 764 2812 808 et
2852 755 2902 807 in
2944 757 3191 824 provimo
3230 767 3519 827 nupturam

1944 838 2128 902 sciret,
2174 848 2229 892 et
2268 856 2297 891 a
2335 841 2453 893 viro
2481 840 2748 909 gravidari
2782 841 2823 871 ’⁷
2858 859 2955 896 usu
2993 854 3198 899 natura:
3228 856 3472 916 speraret
3505 864 3521 900 :

1942 928 2057 984 haec
2088 941 2266 983 autem
2290 946 2395 985 non
2422 930 2693 985 immerito
2716 934 2905 987 mirata
2929 944 3040 1001 est;
3059 945 3113 989 et
3136 939 3402 1005 quomodo
3427 937 3522 992 fic-

1944 1028 2045 1085 ret,
2070 1020 2210 1088 quod
2234 1021 2667 1089 promittebatur,
2692 1024 2963 1078 sciscitata
2989 1036 3068 1079 est
3097 1024 3191 1097 [aL
3219 1029 3363 1081 omit.
3413 1027 3520 1101 est]

1950 1109 2111 1179 179
2157 1112 2410 1179 quoniam
2468 1113 2715 1181 quamvis
2758 1115 3161 1183 desponsatam,
3224 1128 3397 1171 tamen
3460 1136 3521 1173 se

1951 1216 2227 1269 nunquam
2266 1214 2551 1271 nupturam
2608 1204 2675 1269 ’⁸,
2725 1220 2899 1274 neque
2956 1207 3126 1260 virmn
3182 1211 3520 1280 cogniturant

1945 1292 2246 1346 certissime
2288 1295 2514 1347 sciebat.
2562 1295 2686 1349 llaec
2718 1297 2785 1350 de
2836 1298 3163 1367 virginitate.
3198 1301 3271 1353 De
3307 1302 3518 1355 humili-

1946 1392 2055 1437 tate
2087 1400 2214 1438 vero
2271 1385 2555 1439 dicemlum
2582 1397 2663 1440 est
2692 1388 2737 1418 ²⁹
2769 1389 2907 1456 quod
2947 1405 3067 1444 cmn
3114 1394 3181 1443 ah
3218 1393 3403 1462 angelo
3432 1411 3519 1446 sa-

1943 1474 2233 1539 lutaretur,
2278 1486 2452 1529 mater
2506 1478 2596 1531 Dei
2645 1478 2975 1548 eligeretur,
3031 1482 3299 1549 qno'i;odo
3370 1483 3522 1535 fieret

1943 1565 2087 1619 salva
2128 1566 2440 1635 virginitate
2486 1567 2592 1637 (cui
2644 1576 2849 1620 tantmn
2889 1570 3151 1639 timebat),
3189 1572 3510 1636 doceretur,

1942 1655 2223 1709 benedicta
2264 1672 2426 1724 super
2472 1671 2660 1709 onmes
2706 1657 2957 1709 mulieres
2988 1658 3390 1725 praedicaretur,
3437 1676 3520 1713 re-

1943 1746 2153 1814 spondit
2182 1763 2195 1798 :
2225 1743 2361 1797 Ecce
2384 1745 2576 1798 ancilla
2605 1746 2814 1799 Domini
2839 1745 2989 1815 (Luc.
3024 1762 3062 1811 t,
3086 1748 3212 1816 58);
3242 1758 3293 1800 et
3321 1748 3373 1799 in
3411 1748 3516 1801 alio

253 1838 345 1883 tur
372 1831 437 1893 ",
465 1811 805 1901 quodcoutra
830 1850 913 1887 eos
937 1843 1033 1899 est,
1058 1833 1213 1904 plane
1238 1834 1616 1890 manifestatur
1639 1835 1683 1866 ¹⁸
1706 1837 1831 1904 quid
1869 1811 1908 1869 Β
1940 1836 2059 1890 loco
2093 1854 2105 1888 :
2142 1835 2279 1901 Quia
2308 1836 2528 1905 respexit
2552 1835 2895 1911 humilitatem
2927 1837 3135 1891 aucillw
3154 1855 3263 1891 sure
3288 1838 3438 1909 (Luc.
3461 1852 3515 1902 ἰ.

251 1919 549 1990 significet;
596 1931 769 1976 tamen
803 1923 888 1978 hic
915 1923 957 1954 ¹⁹
984 1924 1291 1989 castellum,
1337 1926 1390 1978 in
1437 1927 1578 1994 quod
1617 1926 1831 1981 intravit

248 2010 432 2071 Jesus,
461 2013 784 2083 singularem
808 2023 859 2068 et
884 2016 1256 2071 intemeratum
1285 2017 1562 2086 Virginem
1593 2016 1833 2084 ejusdem

246 2098 381 2155 Jesu
413 2102 749 2171 genitricem.
778 2102 927 2157 salva
961 2104 1367 2173 Scripturarum
1410 2106 1615 2176 regula,
1645 2124 1739 2177 per
1765 2108 1839 2161 si-

248 2191 613 2250 militudinem
636 2193 948 2260 accipimus.
974 2193 1268 2248 Castellum
1294 2194 1437 2247 enim
1461 2195 1661 2249 dicitur
1687 2211 1836 2265 qua:-

246 2280 389 2334 libet
414 2282 601 2345 turris,
634 2290 687 2335 et
711 2296 898 2335 murus
918 2282 969 2335 in
996 2283 1224 2335 circuitu
1257 2281 1395 2350 ejus.
1431 2283 1562 2349 Quae
1587 2285 1690 2337 duo
1719 2300 1837 2339 sese

250 2371 491 2425 invicem
524 2370 836 2433 defendunt,
871 2370 946 2424 ita
991 2382 1051 2426 ut
1089 2373 1272 2426 hostes
1312 2387 1407 2440 per
1436 2389 1648 2426 murum
1694 2374 1738 2403 ²⁰
1771 2376 1838 2427 al)

244 2475 399 2520 arce,
436 2468 494 2513 et
524 2474 553 2512 a
598 2472 751 2512 muro
790 2473 886 2528 per
933 2474 1115 2513 arcem
1155 2470 1464 2514 arceantur.
1516 2460 1833 2528 llujusmodi

245 2548 481 2603 castello
530 2564 636 2601 non
689 2548 978 2619 incongrue
1027 2549 1191 2619 Virgo
1237 2550 1403 2604 Maria
1469 2553 1836 2617 assimilatur,

246 2655 420 2709 quam
447 2639 724 2709 virginitas
749 2642 943 2695 mentis
970 2650 1023 2694 et
1048 2641 1309 2710 corporis,
1334 2642 1488 2710 quasi
1524 2658 1733 2707 murus,
1763 2645 1836 2696 ita

252 2730 497 2797 undique
525 2729 771 2794 vallavit,
802 2740 860 2784 ιιι
889 2731 1067 2785 nullus
1109 2748 1343 2801 unquam
1373 2731 1577 2785 libidini
1619 2734 1684 2787 ad
1716 2749 1835 2787 eam

248 2828 404 2875 esset
441 2834 782 2886 accessurus,
822 2836 921 2875 nec
944 2836 1135 2877 sensus
1167 2823 1282 2892 ejus
1313 2822 1495 2892 aliqua
1522 2838 1836 2893 corrumpe-

253 2919 449 2964 rentur
478 2912 521 2941 "
549 2911 817 2966 illecebra.
848 2913 913 2966 Et
937 2914 1059 2982 quia
1091 2914 1476 2984 vuginitatem,
1510 2930 1633 2969 cum
1669 2915 1834 2971 libido

252 3020 364 3058 non
391 3005 435 3033 "
456 3005 642 3073 possit,
664 3004 800 3060 solet
821 3006 1135 3076 impugnare
1158 3006 1426 3075 superbia,
1456 3017 1539 3061 est
1567 3008 1616 3061 in
1642 3008 1833 3063 eadem

251 3095 467 3164 virgine
495 3098 657 3150 turris
702 3098 1041 3162 lmmilitatis,
1084 3113 1204 3169 qua:
1236 3113 1265 3151 a
1306 3114 1458 3151 muro
1509 3099 1835 3168 virginitatis

249 3202 471 3251 omnem
527 3188 736 3256 repellit
779 3189 1107 3259 superbiam.
1158 3189 1225 3243 Et
1269 3190 1394 3258 quia
1449 3190 1828 3253 humilitatem,

249 3293 380 3331 cum
420 3278 666 3347 superbia
706 3295 812 3334 nou
855 3281 1049 3349 possit,
1095 3280 1232 3335 solet
1284 3280 1600 3351 impugnare
1646 3282 1830 3344 libido,

252 3381 447 3420 murus
472 3367 796 3437 virginitatis
824 3384 852 3421 a
880 3379 1027 3423 turre
1056 3369 1380 3423 humilitatis
1404 3385 1618 3424 omnem
1664 3372 1833 3439 repel-

250 3458 316 3511 lit
353 3458 652 3513 libidinem.
696 3460 879 3529 Itaque
926 3462 1040 3515 litec
1090 3461 1134 3491 ”
1178 3461 1306 3524 duo,
1351 3477 1537 3514 murus
1588 3462 1833 3516 videlicet

251 3547 584 3618 virginitatis
648 3556 703 3601 et
737 3549 899 3603 turris
944 3548 1263 3603 lunnilitatis
1310 3550 1377 3603 ab
1418 3549 1673 3603 alterutro
1715 3568 1830 3603 tnu-

253 3637 508 3697 ninntur;
540 3645 597 3690 ut
637 3652 910 3707 nunquam
950 3640 1005 3692 in
1052 3639 1237 3693 humili
1282 3639 1497 3710 Virgine
1540 3640 1701 3694 fuerit
1734 3657 1832 3697 nec

252 3728 490 3796 superba
519 3728 799 3797 virginitas
846 3728 915 3795 “,
945 3745 1041 3783 nec
1072 3730 1353 3798 inquinata
1386 3730 1661 3785 humilitas
1689 3749 1701 3785 :
1736 3732 1829 3786 sed

252 3833 470 3886 semper
495 3819 546 3871 in
581 3820 767 3873 eadem
796 3820 841 3850 ’⁸
872 3821 1229 3887 permanserit
1278 3829 1333 3874 ct
1364 3821 1579 3874 humilis
1610 3821 1830 3891 virgini-

253 3918 338 3962 tas
365 3916 421 3962 et
447 3908 597 3977 virgo
628 3910 899 3963 humilitas
929 3909 995 3962 ’⁸.
1029 3910 1285 3976 Quamvis
1318 3921 1495 3963 autem
1527 3912 1667 3978 quod
1696 3910 1832 3965 dici-

254 4009 344 4051 tur
374 3999 447 4053 ita
486 4016 668 4053 verum
714 4000 807 4065 sit,
856 4009 913 4053 ut
959 4001 1092 4054 nihil
1139 4000 1317 4053 verius
1347 4000 1649 4054 Christiana
1700 4001 1830 4056 fides

252 4090 480 4143 credere
510 4090 696 4158 poSsit,
722 4105 984 4157 portamus
1014 4099 1189 4144 tamen
1220 4090 1398 4159 aliqua
1424 4090 1489 4145 de
1512 4089 1827 4161 Evangelia,

251 4182 582 4252 virginitatis
614 4182 778 4250 ipsius
806 4193 861 4238 et
894 4182 1215 4237 humilitatis
1260 4183 1587 4237 testimonia.
1622 4184 1829 4253 Quippe

250 4288 377 4326 cum
392 4274 462 4327 ab
474 4272 664 4342 angelo
677 4272 816 4327 filius
830 4274 1337 4342 ei,promitteretur,
1370 4275 1670 4343 respondit:
1688 4274 1802 4340 Quo
1813 4305 1830 4318 -

250 4365 408 4417 modo
434 4365 519 4431 ﬁet
553 4366 712 4430 istud,
738 4367 983 4435 quoniam
1013 4367 1176 4418 virum
1208 4382 1311 4419 non
1340 4383 1591 4436 cognosco
1613 4370 1638 4421 Υ
1675 4366 1824 4437 (Luc.

1940 1928 2051 1998 48).
2084 1927 2127 1982 Ο
2156 1928 2402 1981 sublimis
2429 1927 2578 1997 virgo
2606 1938 2782 1983 mater
2805 1928 2847 1959 3°
2880 1929 2971 1983 Dei
2998 1929 3009 1981 !
3043 1946 3075 1982 ο
3103 1941 3275 1984 mater
3298 1931 3515 1985 humilis

1942 2018 2135 2072 ancilla
2176 2018 2299 2072 Dei!
2336 2017 2478 2083 Quid
2516 2018 2799 2073 sublimius
2826 2033 2945 2074 esse
2989 2022 3207 2088 posset?
3238 2020 3373 2087 Quid
3420 2023 3518 2075 ltlt-

1941 2108 2122 2163 milius
2149 2109 2214 2162 de
2257 2124 2315 2163 se
2353 2110 2553 2163 sentire
2587 2110 2812 2177 posset?
2840 2109 2977 2163 Sunt
3008 2111 3049 2140 ³¹
3104 2111 3194 2179 qui
3239 2110 3516 2164 castellum

1940 2197 2041 2251 hoc
2067 2198 2367 2269 Magdalnm
2400 2199 2563 2255 fuisse
2586 2202 2900 2266 arbitratur,
2928 2217 2956 2254 a
2982 2217 3088 2272 quo
3114 2201 3275 2256 Maria
3302 2202 3517 2273 Magda-

1941 2288 2063 2342 lena
2096 2292 2510 2359 cognominatur
2561 2309 2573 2345 :
2620 2293 2761 2362 quod
2809 2293 2851 2346 si
2884 2310 3065 2347 verum
3097 2304 3199 2359 est,
3247 2296 3517 2364 praedictae

1942 2378 2377 2445 interpretationi
2432 2380 2739 2434 fatnnlatur.
2775 2382 3049 2452 Magdalus
3085 2386 3229 2437 enim
3270 2385 3315 2416 ³¹
3344 2388 3506 2440 turris

1940 2468 2162 2533 dicitur,
2185 2482 2238 2523 et
2267 2470 2556 2524 humilitati
2583 2483 2867 2541 coaptatur
2900 2474 2965 2526 ³³.
2995 2474 3093 2529 llic
3118 2492 3246 2529 vero
3276 2492 3379 2529 non
3421 2492 3518 2529 no-

1941 2561 2200 2623 minatur,
2245 2560 2336 2613 sed
2380 2570 2583 2613 tantum
2612 2562 2876 2631 quoddam
2905 2563 3102 2616 dicitur
3129 2578 3144 2616 :
3168 2565 3308 2633 quod
3341 2566 3511 2619 indis-

1940 2665 2156 2703 cussum
2201 2650 2475 2719 praeterire
2523 2666 2627 2703 non
2660 2651 2936 2705 debcnms.
2984 2650 3286 2717 Quoddam,
3317 2654 3366 2705 id
3428 2664 3514 2708 est

1942 2739 2217 2809 singulare
2242 2740 2521 2793 castellum
2558 2740 2657 2793 fuit
2687 2740 2837 2808 virgo
2865 2739 3049 2793 Maria.
3093 2741 3349 2807 Quamvis
3368 2742 3513 2796 enim

1910 2839 1994 2903 ‘et
2023 2830 2202 2883 multa:
2228 2830 2344 2882 alia:
2380 2845 2591 2882 murum
2623 2829 3197 2899 virginitatishaheant
3222 2830 3288 2894 ",
3319 2840 3373 2883 et
3395 2841 3509 2884 tur—

1941 2918 2041 2970 rim
2069 2917 2411 2980 luunilitatis,
2446 2918 2496 2970 id
2535 2928 2613 2971 est
2640 2927 2694 2972 et
2725 2918 2961 2989 virgines
2990 2918 3119 2983 sint,
3148 2929 3200 2973 et
3239 2920 3470 2975 humiles
3493 2960 3511 2988 ,

1940 3016 2120 3060 tamen
2167 3005 2313 3059 salva
2355 3005 2667 3071 virginitate
2706 3015 2910 3061 matres
2939 3021 3060 3061 esse
3108 3024 3211 3062 non
3261 2998 3507 3078 possunt,

1939 3110 2113 3166 neque
2145 3095 2284 3150 filios
2322 3110 2585 3164 generare
2616 3114 2629 3150 :
2661 3098 2801 3167 quod
2832 3097 2931 3150 ista
2965 3099 3076 3152 sola
3109 3097 3252 3153 fecit.
3285 3101 3350 3153 Et
3394 3101 3517 3155 ideo

1940 3186 2216 3241 castellum
2245 3188 2348 3241 hoc
2385 3188 2580 3240 merito
2619 3188 2907 3257 quoddam,
2938 3188 2989 3241 id
3030 3200 3110 3242 est
3142 3189 3410 3257 singulare
3435 3192 3516 3243 di-

1941 3278 2113 3341 citur;
2147 3277 2273 3346 quia
2309 3278 2409 3331 ista
2440 3278 2789 3347 singulariter
2818 3290 2870 3332 et
2906 3280 3054 3348 virgo
3087 3290 3141 3332 et
3172 3289 3345 3333 mater
3368 3280 3464 3332 fuit
3497 3297 3509 3331 :

1938 3368 2080 3436 quod
2147 3366 2289 3419 nulla
2336 3367 2440 3420 alia
2491 3382 2613 3419 esse
2680 3369 2850 3436 potuit
2903 3368 2985 3421 vel
3034 3382 3152 3421 esse
3200 3370 3398 3437 poterit
3443 3369 3510 3421 ³⁵.

1938 3458 2136 3512 Verum
2183 3458 2541 3511 concedamus
2569 3458 2613 3489 ³⁸
2638 3459 2873 3527 aliquam
2918 3473 3077 3526 posse
3106 3474 3225 3514 esse
3254 3469 3305 3514 et
3344 3460 3508 3530 virgi-

1938 3563 2086 3611 nem,
2115 3558 2165 3602 ct
2196 3558 2424 3602 matrem
2448 3548 2512 3613 ³⁷,
2542 3534 2791 3618 quamvis
2819 3550 2889 3602 sit
2928 3548 3258 3618 impossibile
3284 3569 3295 3604 :
3323 3550 3510 3618 etiam,

1940 3636 2023 3690 sic
2053 3635 2216 3706 Virgo
2244 3636 2288 3667 ³⁸
2320 3634 2488 3689 Maria
2518 3635 2810 3705 singularis
2853 3637 2976 3700 erit,
3015 3637 3137 3704 quia
3169 3638 3381 3692 unicum
3415 3638 3508 3693 Dei

1938 3727 2133 3782 Filium
2162 3728 2369 3798 genuit,
2400 3728 2491 3796 qui
2521 3728 2659 3783 sicut
2685 3736 2766 3782 est
2796 3728 2986 3781 unicus
3013 3727 3170 3783 unico
3217 3727 3382 3793 Patri,
3431 3731 3503 3783 ita

1935 3830 2017 3874 cst
2065 3810 2257 3872 imicus
2306 3820 2480 3873 unica:
2523 3820 2703 3873 matri.
2737 3820 2799 3873 Et
2850 3820 2969 3873 ideo
3023 3820 3187 3882 nulla,
3242 3822 3507 3889 etiamsi

1942 3912 2091 3976 virgo
2122 3909 2321 3978 pariat,
2352 3908 2433 3961 vel
2464 3910 2711 3962 eumdem
2757 3909 2839 3961 vel
2889 3908 3053 3962 alium
3088 3909 3246 3962 talem
3290 3924 3510 3979 genera-

1938 3998 2015 4052 bit
2047 3996 2111 4050 ”.
2141 3998 2231 4050 Est
2261 4012 2390 4066 ergo
2415 3996 2695 4049 castellum
2724 3996 3014 4065 quoddam,
3039 3996 3091 4050 in
3116 3996 3258 4064 quod
3292 3997 3509 4051 intravit

1936 4088 2126 4151 Jesus;
2164 4096 2315 4155 porta
2345 4101 2476 4139 vero
2506 4101 2603 4155 per
2630 4101 2792 4154 quam
2828 4085 3043 4153 intravit
3073 4095 3155 4140 est
3188 4084 3340 4139 fides.
3371 4086 3507 4152 Quia

1937 4181 2079 4234 enim
2110 4179 2358 4243 credidit,
2409 4179 2644 4246 perfecta
2690 4186 2818 4231 sunt
2865 4177 2913 4231 ei
2948 4193 2976 4230 a
3030 4177 3255 4232 Domino
3284 4192 3402 4247 qum
3438 4178 3510 4231 ab

1939 4272 2130 4342 angelo
2161 4271 2302 4323 dicta
2350 4279 2474 4322 sunt
2499 4269 2574 4334 ei,
2609 4270 2746 4322 sicut
2782 4268 2829 4299 “
2859 4268 2932 4322 ait
2962 4269 3027 4321 ad
3058 4284 3174 4321 eam
3208 4268 3509 4322 Elizabcth.

1940 4362 2049 4416 Nec
2078 4362 2200 4430 quia
2226 4359 2383 4415 Iesus
2412 4360 2634 4413 intravit
2655 4358 2935 4413 castellum
2956 4359 3079 4423 hoc,
3108 4359 3365 4413 violatum
3392 4368 3507 4413 est:

1544 4496 1766 4552 VARUE
1811 4492 2212 4552 LICCTIONES.

328 4612 372 4641 "
439 4609 529 4663 Vel
582 4611 746 4663 etiam
796 4627 895 4663 ms.
937 4607 1224 4662 Carcasou.
1287 4607 1369 4661 vel
1429 4610 1596 4662 aether
1702 4607 1773 4660 ι¹³

1832 4604 2089 4659 Dominus
2138 4603 2285 4657 misit
2346 4618 2442 4655 ms.
2500 4601 2654 4654 Carr.

2737 4600 2993 4654 Dozninus
3044 4599 3200 4655 Jesus
3255 4598 3510 4658 Christus

248 4683 408 4735 misit
480 4679 523 4710 “
586 4681 699 4733 Non
754 4680 1015 4747 demergit
1067 4695 1192 4731 mss.
1257 4677 1409 4731 Carr.
1468 4690 1513 4730 et
1566 4675 1632 4729 Ε.
1696 4677 1781 4731 10.
1836 4692 1939 4728 non
1992 4675 2417 4747 nos_d_emergat
2470 4680 2566 4725 ms.
2607 4670 2730 4723 507.
2801 4687 2899 4725 nos
2954 4674 3234 4747 demerget
3287 4674 3501 4747 credit.

248 4751 413 4805 Gotlt.
448 4766 545 4805 nos
588 4749 849 4819 demergit

961 4749 1000 4777 ³⁵
1032 4748 1335 4800 lllttzninare
1372 4747 1507 4800 solet
1542 4764 1664 4799 mss.
1710 4747 1976 4800 illumiuet

2081 4743 2123 4773 ¹⁶
2169 4742 2273 4796 Nos
2307 4737 2413 4795 urit
2441 4758 2563 4794 mss.
2615 4757 2712 4794 nos
2763 4758 2867 4793 non
2925 4752 3045 4794 ttrat
3147 4737 3234 4769 ’¹⁷
3293 4737 3391 4791 Uhi
3446 4748 3502 4793 et

248 4822 400 4891 quod
430 4820 644 4873 additur
671 4807 865 4872 rasili.
902 4818 985 4873 10.
1017 4819 1227 4893 omittit.
1266 4817 1549 4893 mslgarc.
1589 4818 1681 4893 ubi
1712 4817 1927 4869 additur
1984 4813 2044 4893 ν¹⁸
2083 4811 2255 4893 Plane
2288 4811 2593 4893 [iungite-stat
2629 4827 2725 4863 ms.
2764 4812 2916 4863 (iure.
2948 4807 3495 4893 plane'malpif'estuns

247 4875 353 4944 ms.
387 4890 514 4942 307.
559 4890 646 4941 ubi
693 4889 848 4956 plane
892 4888 1269 4941 manifestatur
1304 4887 1387 4956 .7”
1420 4886 1620 4939 Tamen
1671 4887 1771 4939 hoc
1818 4902 1940 4937 mss.
1977 4892 2169 4956 tatnetr
2197 4883 2298 4956 _l_ti_c_
2369 4883 2412 4912 ¹⁰
2446 4881 2546 4933 Per
2573 4897 2754 4956 muros
2788 4875 3005 4956 mam-et
3047 4879 3173 4930 edit.
3204 4875 3338 4929 Galli
3396 4893 3490 4945 per

247 4974 471 5013 murum
546 4960 587 4989 ²¹
626 4955 1112 5027 Corrumperentur
1160 4974 1257 5010 ms.
1292 4955 1445 5027 Care.

1518 4968 1958 5024 corrumperetur

2059 4953 2103 4982 “
2149 4949 2338 5004 Libido
2386 4967 2489 5004 non
2537 4968 2634 5003 ms.
2680 4950 2834 5003 Care.
2881 4949 3042 5001 libido
3088 4960 3347 5015 superare
3394 4962 3497 4997 nou

249 5030 299 5063 ³³
331 5030 517 5095 Itaque
544 5030 659 5083 haec
678 5044 773 5080 ms.
802 5015 956 5079 (lare.
987 5027 1056 5080 ita
1079 5029 1189 5080 lucc
1264 5026 1309 5057 “
1333 5025 1440 5080 Nec
1468 5026 1699 5095 superba
1736 5015 2016 5095 virginitas
2036 5020 2370 5095 edit_.__Colou.
2401 5035 2500 5075 nee
2532 5017 3170 5095 superbiavirginitatis“
3195 5015 3249 5095 ’ξ
3272 5015 3500 5095 Semper

247 5100 305 5151 itt
335 5085 525 5151 eadem
558 5115 653 5151 ms.
690 5097 840 5149 (ἔατε.
884 5112 1094 5167 semper
1121 5097 1171 5149 in
1208 5098 1435 5150 eandem
1510 5094 1554 5127 ’⁸
1584 5096 1648 5148 Et
1687 5085 1962 5167 virgiiialis
1995 5091 2281 5167 littittilitzis
2332 5108 2453 5144 mss.
2490 5100 2541 5144 et
2580 5085 2729 5157 virgo
2779 5085 3075 5167 humilitas.
3126 5085 3170 5116 '7
3210 5085 3495 5167 (iravidari

250 5168 406 5220 Edit.
440 5168 626 5220 Colon.
653 5164 972 5219 Ftecundari
1002 5155 1016 5167 ’
1051 5166 1095 5195 ³⁸
1127 5167 1195 5219 Se
1232 5174 1524 5236 nupturam
1550 5182 1674 5217 mss.
1708 5155 1950 5236 eiEi/tt.
1984 5160 2139 5236 Colit.
2182 5176 2239 5214 se
2278 5175 2550 5229 nunquam
2577 5155 2892 5236 ‘ntq'ttura-m.
2951 5157 2997 5236 ξθ
3038 5155 3177 5236 Vero
3207 5155 3493 5236 dies-Indum

244 5246 359 5300 est,
392 5254 493 5289 ms.
522 5236 674 5289 Carc.
708 5250 833 5289 vero
860 5234 1038 5289 Beata:
1072 5223 1623 5305 Virginisdieemlnm
1702 5234 1751 5265 ³ο
1781 5223 2533 5305 sublimisvirgotuaterms.
2567 5223 2721 5278 (lare.
2758 5225 3003 5305 sublimis
3037 5234 3240 5305 mater“
3361 5224 3498 5305 lisse

245 5292 479 5376 posset?
516 5308 654 5359 Sunt
682 5316 780 5358 etc.
813 5322 936 5357 mss.
970 5315 1015 5358 et
1066 5292 1196 5356 edit:
1219 5304 1501 5376 Colsesse
1516 5305 1734 5376 posset?
1757 5303 1898 5369 Quid
1929 5292 2275 5376 humiliusde
2302 5298 2588 5376 sescntire
2629 5296 2996 5376 |10s50l?-stlttt
3020 5304 3118 5346 etc.
3197 5293 3241 5373 ξ’
3281 5292 3499 5376 Magda-

244 5364 364 5429 Ῐιιιιι
391 5376 536 5429 enim
568 5392 694 5446 mss.
726 5376 1001 5443 tnagdalus
1032 5376 1172 5446 enim
1202 5443 1210 5446 Α
1248 5374 1291 5446 ξ³
1327 5364 1631 5446 lltuuilitati
1660 5364 2011 5446 comparatur
2035 5387 2157 5423 mss.
2187 5368 2482 5446 humilitati
2501 5374 2786 5446 eoaptatur
2814 5365 2903 5446 [³⁵
2930 5364 3140 5446 illorum
3171 5364 3501 5446 virginitatis

245 5446 497 5499 habeant
528 5462 624 5497 ms.
656 5433 1053 5498 (Iarcfnmrum
1078 5443 1446 5517 virginitatem
1467 5444 1753 5517 habebant
1786 5433 1801 5443 ’
1827 5443 1872 5473 ³⁵
1908 5442 1999 5495 Vel
2028 5441 2381 5517 poterittuss.
2406 5436 2484 5491 vel
2509 5433 2627 5489 esse
2657 5434 2854 5517 poterit
2928 5434 2973 5464 ³⁶
3006 5433 3201 5487 Verum
3236 5434 3498 5517 coireedzt-

242 5531 375 5568 mus
401 5532 500 5567 ms.
526 5514 679 5567 Carc.
711 5522 893 5584 utrum
913 5502 1260 5584 concedimus
1335 5514 1377 5543 ³⁷
1416 5514 1668 5583 Aliquam
1691 5520 2001 5584 etdmatrem
2027 5502 2149 5563 esse
2170 5522 2224 5584 et
2243 5502 2902 5584 \_'irg_inemmssfaliqnam
2931 5517 3228 5584 posse-csse
3254 5502 3502 5584 et__Virgi-_-

243 5600 380 5637 nem
408 5595 462 5637 et
494 5594 721 5637 matrem
797 5581 842 5613 ³⁸
883 5583 1056 5636 Etiam
1097 5583 1174 5635 sic
1208 5584 1356 5651 virgo
1399 5570 1696 5656 ηιμ-’.σανα
1748 5582 1816 5656 Et
1849 5583 1927 5635 sic
1952 5582 2103 5656 virgo
2150 5578 2220 5656 .“
2261 5570 2480 5656 Dt'ideo
2524 5570 2941 5656 etiamsi—virgo
2984 5574 3182 5656 pariat,
3232 5570 3498 5656 nulla“ch

243 5656 505 5707 eumdem
539 5652 619 5704 vel
653 5652 811 5705 talem
841 5654 1121 5721 generabit
1150 5642 1335 5706 aliuni.
1370 5671 1468 5705 tm.
1504 5653 1660 5705 (.‘arc.
1687 5662 1742 5705 et
1771 5652 1891 5705 ideo
1923 5642 2064 5721 muta
2090 5648 2301 5700 etiamsi
2342 5647 2493 5716 virgo
2521 5646 2715 5714 pariat,
2748 5642 2918 5698 ullum
2952 5642 3183 5699 eundem
3221 5642 3301 5698 vel
3335 5642 3499 5696 alium

242 5724 418 5776 talem
448 5723 729 5793 generabit
804 5720 861 5754 “’7
891 5723 1039 5776 Dicta
1073 5731 1219 5787 sunt,
1254 5724 1393 5777 si'cut
1427 5739 1551 5775 mss.
1587 5724 1730 5776 dicta
1777 5733 1908 5774 sunt
1951 5720 2025 5785 ei,
2079 5721 2217 5771 sicut
