4060 6292
551 260 655 316 617

872 261 933 316 s.
973 260 1269 317 ANSELMI
1305 257 1650 314 caurum.
1694 240 1995 311 Aecum
2059 248 2124 305 Ol

2242 248 2421 305 PARS
2453 250 2511 305 11.
2544 202 2617 294 ἶ·-
2657 254 3031 313 PAR/ENET.
3076 257 3164 314 ET
3202 258 3448 318 ASCET.

3723 265 3825 322 διε

546 374 706 430 Jesus
751 375 894 428 enim
938 375 1133 440 salvat,
1184 388 1286 428 non
1332 373 1527 436 violat;
1579 371 1858 425 confracta
1906 370 2121 433 solidat,
2153 374 2198 428 Α
2225 366 2389 434 pavit,
2422 366 2696 423 sitientem
2747 370 2885 425 lacte
2929 376 3137 442 potavit
3166 378 3251 442 ⁸⁸,
3298 380 3575 438 infirmum
3612 398 3712 453 per
3746 386 3825 439 iu-

550 481 657 520 non
686 466 973 536 coafringit
999 466 1189 520 solida.
1232 464 1540 519 Secundum
1584 476 1780 516 nomen
1808 458 1945 528 ejus,
1972 460 2047 513 ita
2078 469 2134 515 et

544 552 685 628 ’opus
708 558 843 624 ejus.
873 557 940 610 Et
966 558 1155 611 muIier
1178 561 1441 626 quantam,
1469 555 1682 609 Martha
1715 554 1942 617 nomine,
1981 567 2133 606 exce-

546 648 620 717 pit
649 664 765 700 eum
798 646 850 700 in
894 646 1105 699 domum
1143 662 1292 700 suam
1317 662 1336 699 :
1363 656 1410 699 et
1438 647 1560 699 huic
1588 653 1701 697 erat
1736 660 1886 697 soror
1927 641 2133 697 nomine

548 720 744 810 Maria.
778 737 904 809 Duze
944 737 1059 790 ista:
1089 752 1329 801 sorores,
1360 736 1501 790 sicut
1530 734 1722 789 Patres
1747 734 1922 787 sancti
1946 733 1987 764 ⁸¹
2022 732 2133 801 plc-

546 828 771 882 nissime
796 827 951 881 nobis
977 838 1366 900 exposuerunt,
1394 828 1529 882 duas
1555 827 1606 881 in
1640 826 1697 881 S.
1725 826 1967 881 Ecclesia
1993 828 2132 883 vitas

544 919 832 988 designant
873 938 884 972 :
931 919 1142 975 Martha
1183 920 1412 985 scilicet,
1458 920 1733 984 activam;
1769 919 1956 978 Maria,
1997 933 2130 972 con-

545 1012 933 1081 templativam.
980 1011 1087 1068 lsta
1148 1012 1362 1065 laborat
1404 1011 1470 1065 ad
1517 1011 1821 1065 exhibenda
1869 1009 2129 1079 indigenti

541 1100 725 1153 omnia
750 1100 1101 1156 humanitatis
1122 1100 1327 1167 oﬂicia;
1363 1101 1449 1155 illa
1469 1111 1625 1155 vacat
1643 1101 2126 1170 etvidetquoniam

542 1190 688 1244 Deus
717 1201 803 1245 est
826 1193 892 1245 ⁸⁸.
922 1193 1024 1246 Ista
1053 1194 1200 1248 circa
1237 1193 1511 1247 exteriora
1544 1202 1885 1262 OCCUpnltll‘;
1922 1192 2009 1246 illa
2044 1192 2129 1246 iu-

544 1282 743 1335 tcriora
772 1282 1193 1353 contemplatur.
1234 1283 1391 1336 Sicut
1433 1294 1613 1336 autent
1662 1295 1838 1337 mater
1872 1282 1918 1314 ⁸³
1955 1283 2047 1338 Dei
2076 1293 2130 1337 et

542 1371 868 1442 singularis;
912 1373 983 1427 ita
1012 1383 1068 1428 et
1099 1374 1325 1428 istarum
1358 1374 1592 1428 vitarqu
1621 1372 1866 1437 ell‘ectus,
1898 1388 2127 1444 quarum

543 1461 662 1516 istae
683 1464 801 1518 diue
825 1479 1043 1519 sorores
1071 1464 1116 1496 ⁸⁸
1150 1474 1331 1535 typum
1365 1473 1573 1530 tenent,
1608 1466 1660 1518 iu
1689 1480 1751 1519 ea
1781 1466 1993 1519 exstitit
2019 1466 2130 1520 siu-

541 1555 767 1626 gularis.
816 1557 1100 1626 Nunquam
1155 1557 1209 1611 in
1258 1558 1440 1628 aliqua
1486 1574 1743 1629 persona,
1792 1557 2003 1613 Martha
2052 1558 2129 1614 sic

540 1653 762 1712 operata
797 1654 919 1711 est;
957 1662 1234 1716 nunquam
1275 1646 1432 1712 alias,
1475 1647 1553 1703 sic
1592 1647 1759 1701 Maria
1796 1648 2129 1719 contempla—

2238 457 2460 511 fantiam
2491 458 2767 526 jacentem
2800 465 2845 496 ⁸⁷
2893 481 2998 519 non
3029 466 3204 521 solum
3235 469 3501 535 visitavit,
3531 474 3628 527 sed
3656 474 3823 528 etiam

2236 550 2536 606 balneando
2571 554 2638 617 ",
2678 554 2932 623 fovendo,
2973 557 3249 624 leniendo,
3276 562 3540 631 gestando
3570 563 3827 635 frequens

2237 642 2389 706 tavit,
2422 650 2481 696 ut
2511 644 2709 700 merito
2738 648 2803 701 de
2827 663 2888 703 ea
2917 649 3133 703 dicatur
3157 663 3177 702 τ
3206 649 3385 705 Maria
3419 663 3596 706 autem
3625 666 3827 724 satage-

2233 733 2321 786 bat
2346 735 2485 789 circa
2509 736 2751 807 frequens
2779 739 3126 793 ministerium
3157 738 3311 808 (Luc.
3340 758 3394 805 x,
3420 742 3537 811 40).
3564 744 3827 812 Comprc.

2235 824 2424 889 lienso,
2469 835 2525 881 et
2557 828 2845 891 crucifixo.
2878 830 3031 897 quasi
3075 831 3129 884 iu
3170 846 3394 886 carcere
3417 834 3599 902 posito
3618 834 3823 898 adfuit,

2233 914 2373 969 sicut
2403 914 2667 985 scriptum
2693 924 2777 971 est
2809 930 2823 969 :
2861 915 3055 971 Stabat
3080 928 3251 971 autem
3274 919 3432 987 juxta
3460 936 3666 973 crucem
3692 920 3822 975 Jesst

2231 1016 2398 1059 mater
2423 1004 2536 1075 ejus
2566 1005 2750 1075 (Joan.
2785 1018 2897 1072 xn’,
2925 1008 3041 1067 2:3).
3075 1008 3220 1064 Inter
3241 1009 3357 1064 haec
3379 1021 3559 1063 autem
3582 1012 3820 1066 sollicita

2231 1106 2371 1160 erat,
2400 1106 2453 1148 et
2477 1094 2813 1160 turbabatur,
2841 1112 2963 1151 cum
2990 1097 3199 1167 fugeret
3225 1099 3277 1151 in
3310 1098 3657 1170 Egyptuma
3684 1102 3824 1157 facie

2234 1186 2478 1251 llcrodis,
2503 1189 2593 1256 qui
2630 1203 2785 1242 suum
2816 1187 2975 1243 talem
3017 1190 3185 1243 lilium
3219 1191 3357 1246 adeo
3387 1194 3824 1261 persequebatur

2236 1286 2294 1330 ut
2320 1278 2519 1332 multos
2548 1294 2646 1348 pro
2668 1294 2733 1333 eo
2754 1285 3078 1350 suspectis,"
3108 1283 3285 1336 artatis
3307 1298 3504 1353 pueros
3524 1285 3821 1341 occideret.

2232 1368 2530 1433 Turbatur,
2563 1387 2686 1424 cum
2717 1370 2933 1426 Judzeos
2971 1373 3294 1429 insidiantes
3318 1384 3373 1429 et
3401 1386 3634 1430 mortem
3662 1377 3713 1431 ei
3740 1380 3823 1430 in-

2232 1456 2376 1513 ferre
2397 1459 2741 1515 “molientes
2764 1462 2805 1491 ⁶¹
2831 1471 3204 1532 cognosceret.
3232 1462 3311 1517 Ad
3330 1462 3579 1518 ultimum
3602 1466 3821 1521 turbata

2231 1559 2315 1605 est
2350 1552 2528 1617 valde,
2560 1562 2614 1605 et
2634 1551 2789 1619 juxta
2825 1553 3096 1608 Simeonis
3134 1569 3319 1609 vocem
3355 1556 3419 1618 ⁸³.
3452 1571 3605 1609 suam
3651 1558 3821 1626 ipsius

2231 1644 2465 1696 animant
2506 1644 2814 1712 pertransiit
2848 1642 3057 1713 gladius
3093 1643 3245 1714 (Luc.
3283 1661 3347 1711 11,
3378 1645 3492 1713 55),
3518 1662 3643 1700 cum
3672 1648 3822 1703 vitio-

541 1736 674 1789 tioni
722 1738 954 1791 vacavit.
1013 1738 1302 1809 Nunquam
1340 1738 1385 1770 ⁵⁸
1422 1739 1500 1793 sic
1535 1741 1692 1805 alias,
1725 1741 1809 1794 vel
1854 1742 1992 1807 lucc,
2040 1741 2124 1795 vel
2158 1726 2203 1785 Β
2234 1743 2315 1789 rcl
2352 1750 2506 1789 summ
2542 1735 2701 1790 talem
2747 1736 2917 1789 ﬁlium
2946 1737 2992 1767 ⁵³
3039 1738 3453 1807 comprehendi.
3493 1739 3674 1810 ligari.
3719 1738 3817 1793 ﬂa-

539 1824 655 1890 illa,
686 1832 828 1896 quod
876 1845 1030 1883 suum
1071 1840 1176 1897 est,
1226 1832 1494 1886 exhibuit.
1542 1831 1675 1886 Cum
1720 1831 2008 1897 Martham,
2045 1834 2125 1888 vel

540 1916 765 1973 Mariam
798 1922 937 1984 dico,
959 1937 1149 1976 earum
1178 1923 1224 1954 ⁸⁸
1259 1923 1565 1994 signiﬁcata
1597 1924 1856 1995 intelligo.
1888 1925 2124 1995 Sedjam

539 2005 819 2061 videamus
849 2009 1121 2065 actionem
1155 2009 1315 2079 hujus
1345 2011 1603 2078 Marthae;
1639 2012 1837 2067 deinde
1865 2015 2126 2084 conjicia-

540 2107 664 2148 mus
687 2096 1201 2166 contemplationem
1226 2097 1387 2169 hujus
1408 2100 1611 2154 Mariae.
1640 2100 1729 2166 Et,
1757 2110 1814 2156 ut
1837 2102 2050 2171 planius
2074 2104 2125 2160 id

538 2182 827 2255 faciamus,
854 2188 983 2256 quid
1013 2188 1103 2243 alii
1131 2189 1397 2245 Martbam
1421 2202 1758 2262 operantur;
1795 2204 1850 2247 et
1871 2196 1999 2264 quid
2023 2196 2123 2251 ista

536 2286 763 2344 operata
799 2286 883 2331 est
919 2280 1288 2336 conferamus.
1314 2281 1416 2335 Alii
1449 2283 1716 2353 hospitem
1744 2285 2041 2354 quemlibet
2069 2288 2121 2341 in

535 2363 697 2420 domo
731 2381 829 2420 sua
854 2370 1187 2439 suscipiunt;
1222 2372 1324 2426 ista
1352 2388 1457 2427 non
1495 2375 1813 2443 quemlibet,
1847 2377 1941 2431 sed
1998 2394 2124 2447 pro-

542 2456 724 2526 prium
757 2457 852 2513 Dei
895 2460 1111 2529 Filium,
1147 2464 1237 2533 qui
1270 2480 1374 2518 nan
1411 2465 1566 2519 habet
1595 2466 1684 2519 ubi
1719 2478 1874 2534 caput
1907 2469 2122 2522 reclinet
2163 2494 2173 2506 ε

538 2544 755 2616 (Matth.
788 2564 908 2613 vni,
932 2550 1047 2621 20),
1074 2568 1177 2607 non
1204 2553 1257 2607 in
1282 2553 1465 2621 domo,
1496 2557 1588 2609 sed
1616 2556 1668 2609 in
1696 2567 1852 2610 utero
1873 2558 2119 2627 suscipit.

534 2637 641 2689 Alii
674 2638 873 2692 nudum
902 2642 1203 2710 quemlibet
1246 2654 1400 2698 veste
1445 2647 1690 2713 mutabili
1725 2657 1891 2716 atque
1930 2665 2122 2703 corru-

535 2726 710 2793 ptibili
743 2729 1020 2786 undelibet
1044 2735 1343 2804 composita
1372 2735 1416 2767 ⁸⁷
1446 2738 1723 2807 cperiunt,
1757 2738 1857 2793 ista
1886 2740 2120 2795 Verbum

537 2816 632 2871 Dei
679 2821 1079 2888 quodammodo
1115 2829 1318 2882 nudum
1355 2843 1523 2885 carne
1569 2830 1772 2895 induit;
1816 2833 1943 2886 dum
1975 2834 2116 2888 idcnt

533 2910 758 2965 verbum
798 2913 853 2969 in
895 2915 1083 2971 eadem
1119 2918 1330 2989 virgine
1354 2936 1572 2976 carnem
1607 2924 1659 2978 in
1692 2922 1896 2980 unitate
1925 2926 1970 2958 ⁸⁸
1996 2943 2119 2997 per-

536 3013 687 3054 sona:
711 3005 1028 3075 assumpsit,
1058 3021 1179 3076 qua:
1207 3010 1452 3081 sineﬂine
1477 3010 1523 3043 ⁸³
1552 3012 2007 3070 iuconuuutabilis
2030 3026 2114 3071 at-

531 3105 641 3160 que
684 3093 1118 3165 incorruptibilis
1158 3103 1499 3169 permanebit
1548 3102 1615 3159 ”.
1661 3104 1761 3158 Alii
1824 3107 2117 3175 quemlibet

530 3184 864 3240 esurientem
921 3189 1003 3243 vel
1050 3190 1327 3247 sitientem
1374 3193 1519 3258 cibo,
1576 3195 1655 3249 vel
1688 3206 1816 3266 potu
1858 3199 2115 3252 exteriori

536 3272 819 3342 reficiunt;
872 3278 975 3334 ista
1016 3280 1292 3337 hominem
1339 3285 1507 3338 Deum
1555 3285 1595 3316 "
1633 3286 1947 3342 humanitus
1980 3288 2118 3342 indi-

533 3377 746 3433 gentem
770 3369 841 3436 ",
874 3387 980 3427 non
1023 3374 1203 3430 solum
1232 3376 1593 3431 exterioribus
1620 3378 1759 3431 cibis
1791 3378 1871 3431 vel
1901 3380 2117 3448 potilius

530 3457 697 3535 pavit,
742 3462 1099 3516 verumetiam
1144 3464 1392 3519 interiori
1438 3482 1536 3520 suo
1576 3466 1621 3497 ”
1670 3466 1806 3521 lacte
1838 3467 1989 3521 aluit.
2026 3468 2111 3531 Et,

530 3540 595 3598 ιιι
619 3546 857 3603 breviter
885 3550 973 3603 illa
1003 3566 1097 3605 sex
1124 3555 1515 3609 misericordiae
1538 3571 1703 3625 opera
1734 3572 2119 3624 percurramus

534 3650 657 3705 qua:
699 3655 822 3693 eum
862 3641 951 3695 uni
1002 3657 1071 3696 ex
1113 3644 1353 3701 minimis
1402 3648 1515 3702 suis
1552 3651 1686 3702 liunt
1725 3648 1792 3711 ⁸⁸,
1842 3648 1981 3702 Deus
2012 3649 2115 3704 sibi

534 3723 678 3780 facta
707 3728 1028 3797 confitetur;
1058 3732 1157 3788 ista
1190 3749 1296 3788 non
1327 3736 1622 3805 quemlibet
1643 3753 1708 3791 ex
1736 3737 1992 3798 minimis,
2021 3739 2113 3792 sed

524 3830 805 3887 summum
840 3821 934 3876 Dei
967 3821 1162 3879 Filium
1191 3825 1461 3896 hospitem
1493 3828 1543 3881 in
1586 3838 1740 3883 utero
1765 3827 2003 3896 suscepit
2042 3826 2108 3892 ⁸⁸,

528 3908 733 3964 nudum
771 3925 934 3965 carne
965 3914 1047 3968 vel
1080 3915 1243 3993 etiam
1274 3919 1468 3987 pannis
1507 3921 1736 3990 operuit,
1776 3920 2107 3975 esurientem

2230 1824 2438 1893 gellari,
2474 1826 2724 1894 conspui,
2761 1825 2933 1895 spinis
2968 1827 3249 1891 coronari,
3288 1827 3546 1893 derideri,
3577 1828 3820 1899 colaphi-

2230 1914 2366 1979 zari,
2391 1915 2659 1985 eruciligi,
2693 1916 2852 1979 mori,
2884 1916 3125 1985 sepeliri.
3172 1916 3328 1971 Unde
3350 1926 3403 1971 et
3435 1918 3575 1972 bene
3600 1919 3650 1973 ei
3682 1934 3816 1974 con-

2228 2005 2375 2075 gruit
2403 2004 2448 2035 ⁶⁸
2476 2005 2620 2074 quod
2661 2006 2864 2060 dicitur
2894 2021 2907 2058 :
2942 2003 3178 2072 Martha,
3211 2005 3449 2068 Martha,
3483 2007 3714 2062 sollicita
3740 2026 3817 2077 es,

2227 2103 2277 2149 et
2324 2093 2554 2148 turbaris
2604 2110 2729 2163 erga
2771 2093 3001 2163 plurima
3053 2093 3207 2164 (an.
3253 2110 3309 2159 κ,
3340 2095 3452 2165 Η).
3486 2095 3656 2151 Neuzo
3686 2112 3817 2153 vero

2227 2186 2441 2240 dubitat
2467 2188 2611 2255 quod
2635 2186 2694 2239 Β.
2726 2185 2894 2240 Maria
2927 2186 3094 2240 lilium
3127 2202 3284 2241 suum
3313 2188 3475 2242 vellet
3500 2188 3725 2243 liberari
3748 2191 3819 2246 de

2226 2279 2372 2332 Omni
2401 2276 2768 2341 tribulatione,
2813 2287 2868 2333 et
2895 2279 3134 2348 seipsam
3179 2280 3230 2334 in
3261 2280 3306 2310 ⁵⁸
3334 2282 3747 2350 perturbatione
3772 2282 3816 2312 “

2238 2367 2483 2437 adjuvari
2509 2384 2537 2421 a
2589 2370 2895 2432 divinitate,
2919 2385 3080 2439 quam
3103 2372 3276 2426 cidem
3308 2373 3416 2426 lilio
3439 2388 3539 2426 suo
3567 2373 3745 2428 iueSsc
3769 2374 3813 2404 "

2226 2458 2433 2512 sciebat
2460 2474 2556 2528 per
2597 2460 2862 2513 theoriam
2900 2460 2966 2525 ⁵⁸,
3011 2476 3133 2530 qum
3170 2470 3255 2516 est
3300 2478 3427 2531 pars
3460 2462 3662 2517 Mariae.
3697 2463 3814 2518 lloc

2225 2560 2331 2615 est,
2365 2551 2507 2619 quod
2540 2550 2753 2606 Martha
2782 2554 3141 2622 conqueritur
3198 2556 3340 2622 quod
3373 2570 3493 2609 eam
3520 2571 3679 2610 soror
3716 2572 3814 2611 sua

2226 2642 2506 2710 reliquerit
2536 2642 2579 2673 τ’
2612 2643 2781 2697 solam
2830 2645 3165 2708 ministrare,
3211 2655 3266 2700 et
3297 2647 3415 2716 ejus
3444 2647 3709 2701 auxilium
3759 2650 3811 2701 in

2226 2732 2532 2785 ministerio
2559 2732 2604 2763 7°
2648 2732 2874 2802 ﬂagitat.
2908 2734 3032 2788 llzec
3075 2737 3141 2789 de
3177 2747 3331 2806 parte
3361 2735 3606 2790 Marthae.
3644 2737 3815 2791 Porro

2223 2821 2290 2876 de
2314 2831 2466 2891 parte
2490 2822 2692 2889 Mariar,
2726 2840 2847 2893 qua:
2870 2824 3075 2895 optima
3116 2827 3464 2894 prmdicalur,
3494 2837 3702 2895 quanta
3731 2827 3813 2881 vel

2222 2914 2402 2984 qualis
2432 2914 2487 2968 in
2516 2913 2576 2969 Β.
2608 2914 2775 2968 Maria
2822 2916 3005 2981 fuerit,
3048 2917 3171 2986 quis
3214 2918 3377 2988 digne
3422 2918 3726 2987 loquatur?
3755 2918 3812 2973 Si

2223 3004 2349 3057 talis
2398 3012 2503 3069 est,
2554 3013 2613 3058 ut
2669 3004 2927 3068 diximus,
2981 3004 3090 3059 imo
3133 3005 3259 3075 quia
3298 3005 3493 3061 melior
3528 3015 3613 3061 est
3643 3021 3811 3077 quam

2220 3094 2472 3156 diximus,
2500 3096 2551 3147 in
2572 3094 2725 3149 beata
2741 3092 2910 3148 Maria
2929 3109 3056 3164 pars
3075 3093 3322 3159 Marthae,
3343 3112 3463 3166 qua:
3486 3105 3697 3150 tantum
3717 3114 3747 3151 ιι
3767 3098 3809 3129 ⁷⁸

2223 3187 2450 3241 Domino
2485 3202 2588 3240 non
2619 3186 2901 3252 laudatur,
2933 3186 3026 3241 sed
3057 3194 3239 3241 tamen
3279 3202 3384 3243 non
3419 3188 3765 3259 vituperatur
3794 3204 3811 3242 :

2220 3278 2398 3347 qualis
2420 3288 2504 3332 est
2532 3293 2679 3347 pars,
2698 3293 2860 3349 quam
2885 3277 3148 3349 optimam
3175 3278 3342 3333 Maria
3365 3279 3550 3349 elegit,
3584 3294 3707 3350 qua:
3731 3280 3817 3337 sie

2220 3368 2494 3434 laudatur,
2528 3376 2586 3422 ut
2618 3370 2686 3423 ab
2707 3385 2772 3423 ea
2800 3385 2906 3424 non
2932 3369 3133 3425 auferri
3164 3369 3346 3440 (ibid,
3370 3369 3463 3441 49.)
3498 3371 3715 3425 dicatur
3739 3373 3812 3425 ".

2218 3459 2263 3516 Ο
2309 3476 2474 3530 quam
2521 3476 2717 3531 magna
2748 3461 3036 3517 multitudo
3068 3462 3370 3518 dulcedinis
3411 3461 3506 3517 Dei
3540 3462 3643 3517 fuit
3672 3463 3721 3495 ⁷³
3756 3464 3813 3519 in

2223 3552 2382 3607 beata
2415 3552 2659 3623 Virgine,
2703 3553 2921 3620 quando
2966 3552 3204 3621 Spiritus
3229 3562 3450 3607 sanctus
3487 3567 3655 3621 super
3682 3567 3810 3606 eam

2219 3647 2367 3698 venit
2412 3644 2485 3707 ⁷⁸,
2527 3654 2583 3699 et
2614 3644 2785 3699 virtus
2823 3633 3086 3699 Altissimi
3123 3645 3466 3699 obumbravit
3500 3644 3549 3698 ei
3578 3643 3736 3713 (Lar.
3766 3659 3811 3708 t,

2217 3735 2332 3797 '55),
2373 3744 2428 3789 et
2464 3735 2530 3789 de
2558 3736 2747 3789 eodem
2778 3736 2981 3804 Spiritu
3021 3726 3221 3790 sancto
3243 3737 3491 3805 caucepit
3519 3736 3532 3788 !
3563 3735 3701 3800 Quid
3738 3736 3811 3788 de

2220 3825 2329 3879 Deo
2358 3842 2463 3880 non
2495 3826 2763 3895 sapiebat,
2792 3826 2971 3896 inqua
3004 3828 3267 3897 sapientia
3297 3827 3389 3880 Dei
3421 3827 3622 3881 latebat
3644 3826 3710 3886 ",
3748 3834 3812 3880 et

2217 3916 2270 3971 in
2318 3917 2471 3987 cujus
2518 3926 2675 3973 utero
2705 3932 2902 3988 corpus
2928 3917 3031 3972 sibi
3062 3920 3284 3989 aptabat
3314 3919 3395 3973 7"I
3426 3918 3666 3973 Christus
3696 3926 3805 3983 est,

1845 4057 2076 4113 VARle
2116 4054 2515 4112 LECTIONES.

599 4182 642 4214 “
680 4182 840 4255 Sicut
873 4183 1061 4240 Patres
1108 4190 1279 4244 sancti
1325 4208 1422 4247 ms.
1487 4192 1641 4248 Caro.
1690 4191 1827 4246 sicut
1882 4192 2055 4247 sancti
2115 4193 2307 4248 Patres
2358 4188 2531 4245 nostri
2634 4189 2679 4220 “
2747 4188 3011 4255 Quoniam
3067 4189 3208 4245 Deus
3268 4198 3351 4244 est
3410 4206 3507 4244 ms.
3573 4186 3637 4242 E.
3703 4191 3805 4250 10.

529 4254 782 4319 quoniam
818 4254 988 4325 [Deus
1054 4256 1224 4333 bonus
1279 4270 1335 4314 ct
1399 4263 1569 4316 dulcis
1628 4272 1711 4316 est
1749 4280 1847 4316 ms.
1905 4261 2060 4317 Carc.
2115 4279 2276 4333 quam
2325 4261 2467 4333 Deus
2522 4267 2607 4333 est
2649 4274 2674 4318 Α
2740 4254 2786 4291 ⁸³
2826 4259 2980 4313 Sicut
3039 4261 3588 4333 enimunater‘mss.
3649 4262 3808 4320 sicut

532 4333 718 4400 autem
763 4335 955 4400 mater
1002 4396 1012 4400 _
1057 4326 1102 4358 ⁸⁸
1144 4328 1393 4400 Quarum
1453 4332 1568 4386 ista:
1630 4347 1846 4387 sorores
1912 4350 2038 4388 mss.
2100 4326 2340 4400 Quarum
2406 4331 2521 4400 isne
2574 4330 2693 4384 dum
2741 4344 2955 4385 sorores
3097 4328 3142 4361 ⁸⁸
3204 4329 3373 4400 Immo
3434 4329 3486 4383 in
3538 4333 3806 4389 omnibus

527 4392 653 4443 edit.
680 4390 791 4469 Col.
843 4396 1054 4469 omittit
1140 4390 1199 4469 ⁸⁸⁷
1226 4401 1353 4454 Dico
1386 4442 1399 4464 ,
1440 4418 1626 4455 eorum
1687 4418 1811 4455 mss.
1863 4404 2020 4469 dico,
2077 4390 2268 4459 earum
2383 4400 2426 4432 ⁸⁷
2474 4398 2761 4454 Undclibet
2816 4399 3112 4468 composita
3178 4416 3275 4454 ms.
3329 4398 3804 4469 Carc._videlieet

533 4465 843 4541 reiiiposita
892 4462 959 4541 _"
1000 4465 1104 4541 Illa_
1145 4462 1395 4541 Verbum
1438 4472 1528 4524 Dei
1587 4472 1639 4523 in
1695 4471 1881 4524 eadem
1938 4462 2178 4541 virginea
2236 4486 2401 4527 carne
2444 4470 2495 4524 in
2560 4470 2766 4541 unitate
2816 4462 2955 4541 niss:
3000 4469 3158 4523 Corb.
3214 4469 3341 4541 5979.
3370 4479 3441 4541 fet
3480 4467 3631 4524 Carr.
3683 4472 3804 4529 ista

532 4529 764 4608 Verbum
815 4534 1196 4608 Dei_q_uodam
1250 4540 1408 4608 modo
1466 4540 1667 4594 uirium
1725 4557 1893 4595 carne
1947 4529 2148 4607 induit,
2225 4544 2351 4596 dum
2406 4541 2547 4595 idem
2598 4539 2829 4594 Verbum
2883 4539 2933 4592 in
2985 4540 3173 4593 eadem
3235 4538 3452 4608 Virgine
3478 4554 3698 4593 carnem
3734 4543 3796 4599 in

536 4601 750 4680 imitate
774 4620 874 4680 ms.
903 4601 1029 4680 507.
1060 4616 1108 4659 et
1139 4608 1265 4680 edit.
1285 4606 1410 4680 Col.
1442 4608 1595 4663 l576.
1630 4611 1732 4665 ista
1766 4610 1999 4666 Verbum
2030 4613 2082 4666 in
2116 4601 2311 4666 eadem
2337 4610 2558 4680 Virgine
2587 4625 2806 4680 carnem
2836 4609 2887 4662 in
2918 4610 3124 4680 unitate
3152 4626 3248 4680 ms.
3291 4601 3357 4661 Εἶ
3410 4610 3491 4663 l0.
3532 4608 3616 4680 illa
3646 4609 3802 4667 Ver-

524 4670 667 4750 bum
700 4672 791 4727 Dei
830 4675 880 4727 in
921 4676 1110 4750 eadem
1150 4676 1387 4750 Virgine,
1414 4680 1558 4733 salva
1591 4681 1712 4749 ejus
1742 4682 2071 4750 integritate,
2098 4682 2262 4737 homo
2291 4670 2513 4743 factuin,
2541 4679 2837 4750 carnemin
2870 4679 3075 4732 unitate
3147 4679 3191 4710 ⁸⁸
3224 4680 3352 4744 Qum
3381 4680 3499 4733 sine
3540 4678 3645 4732 fine
3682 4699 3804 4738 nm

531 4740 973 4821 {inquamquia
1003 4747 1121 4821 sine
1150 4740 1270 4801 line'
1325 4748 1368 4779 "°
1401 4740 1691 4805 Permanet
1720 4740 2207 4821 mssfpermaitebit
2279 4752 2323 4783 ⁵⁸
2362 4751 2462 4806 Ista
2500 4740 2663 4804 Deum
2694 4759 2745 4803 et
2772 4749 3044 4821 hominem
3090 4765 3216 4801 mss.
3236 4740 3549 4821 ihominem
3616 4751 3802 4807 Deum

529 4810 576 4842 ⁸⁸
622 4810 982 4901 11ιιιιιξιιιιὶίίιιίβ
1008 4815 1336 4901 indigentem
1366 4836 1491 4901 nisa.
1526 4823 1654 4875 edit.
1686 4810 1961 4901 colonici
1978 4820 2135 4901 6:0th
2166 4822 2475 4901 humanitus
2507 4821 2962 4901 intli‘genleurmf.
2999 4818 3216 4901 (larens.
3260 4820 3492 4901 humana
3530 4819 3799 4901 indigen-

532 4893 638 4957 tem
672 4953 683 4957 _
712 4882 761 4915 ⁸³
800 4885 1046 4957 lutet'iori
1071 4882 1172 4941 suo
1218 4889 1345 4942 edit.
1374 4887 1489 4944 Col.
1521 4893 1657 4944 uteri
1685 4892 1767 4946 sui
1843 4892 1889 4924 ⁵⁸
1929 4892 2054 4947 Suis
2092 4891 2228 4946 fecit
2268 4908 2391 4943 mss.
2447 4890 2560 4944 suis
2599 4882 2732 4942 ﬁunt
2805 4889 2851 4919 ³⁸
2885 4887 3164 4956 llospitem
3195 4890 3434 4957 suscepit
3479 4905 3575 4941 ms.
3622 4882 3802 4947 Care.

533 4953 803 5032 hospitem
827 4955 878 5008 in
907 4958 1323 5032 umrostu‘scepit
1392 4959 1439 5032 ξ’
1480 4959 1762 5032 Sitientem
1794 4962 1932 5016 lacte
1958 4963 2163 5032 potavit
2204 4978 2315 5032 ηιξ.⁸
2338 4959 2625 5032 Carcason.
2661 4960 2849 5010 omittit
2917 4957 2969 5032 _'_"
3099 4953 3370 5032 jacenteui
3399 4960 3519 5011 edit.
3546 4958 3664 5009 Col.
3706 4963 3808 5011 ut-

530 5025 656 5075 timu
686 5034 975 5107 timenem
1048 5025 1445 5107 _“-Balneand9_
1476 5047 1575 5083 ms.
1604 5029 1762 5083 Care.
1809 5025 2107 5086 habitando
2172 5031 2226 5107 _'_’
2252 5029 2465 5107 Multos
2493 5038 2760 5107 suspectae
2780 5044 2876 5080 ms.
2906 5027 3088 5107 E._10.
3123 5029 3452 5107 nmltuspro
3480 5042 3563 5107 eo.
3593 5042 3805 5107 snspe-

528 5103 630 5145 (επις
706 5094 750 5126 ⁸ο
789 5096 1012 5149 Mortem
1047 5096 1249 5151 inferre
1271 5115 1373 5152 ms.
1405 5098 1560 5153 Care.
1592 5111 1820 5154 mortem
1867 5103 1914 5156 ei
1950 5103 2093 5155 ferre
2169 5102 2211 5132 ⁸¹
2250 5099 2530 5155 Molientes
2568 5094 2666 5148 ms.
2721 5096 2875 5149 Care.
2921 5097 3163 5151 volentes
3237 5098 3279 5127 ⁸⁸
3319 5094 3477 5151 Juxta
3511 5094 3807 5154 Siutco'nis

533 5178 717 5215 vocent
744 5180 869 5218 mss.
916 5164 985 5220 E.
1019 5166 1106 5221 10.
1137 5178 1184 5220 et
1218 5168 1546 5236 Carc.juxta
1585 5169 1900 5226 Simeonem
1978 5172 2025 5203 ⁸³
2057 5171 2254 5225 Filium
2306 5171 2511 5222 videret
2555 5182 2654 5218 ms.
2700 5165 2856 5219 Care.
2894 5168 3058 5220 lilium
3093 5168 3287 5220 viderit
3333 5167 3405 5236 _°‘
3436 5166 3494 5220 Ei
3531 5180 3807 5236 magnus

530 5248 655 5316 mss:
686 5243 737 5286 et
768 5235 972 5316 bene'ei
1004 5238 1256 5316 congruit
1311 5240 1371 5316 ff
1398 5234 1478 5316 ’ξι
1504 5241 1741 5316 εθὶρειιιιι
1775 5241 1827 5294 in
1853 5257 1985 5316 mss.
2016 5250 2063 5316 et
2100 5241 2245 5294 Edit.
2278 5238 2464 5316 Cobet
2494 5236 2649 5316 Goth:
2692 5245 2747 5316 et
2802 5237 3035 5316 seipsant
3076 5236 3127 5289 in
3174 5255 3274 5316 nis.
3316 5234 3470 5316 Carc'.
3516 5246 3569 5288 et
3618 5234 3680 5289 se
3746 5241 3805 5293 in

529 5299 575 5329 “
616 5301 1026 5384 Perturbatioiie
1058 5299 1179 5384 mss.
1210 5306 1273 5360 E.
1310 5309 1390 5363 10.
1418 5310 1541 5384 ξω.
1571 5299 1619 5365 ἐι
1650 5308 1801 5384 Care.
1829 5310 2147 5384 turbatione
2178 5327 2282 5364 ms.
2324 5306 2831 5384 596._tribu_l_:_ttion_e
2888 5299 2947 5338 ’⁶⁷
2990 5310 3159 5384 Quam
3189 5306 3297 5359 lilio
3328 5322 3422 5358 suo
3446 5308 3798 5384 inessent“.

530 5375 893 5456 quain-eidem
926 5376 1359 5431 lilioinessems.
1414 5379 1567 5434 Carc.
1616 5396 1722 5449 qua
1754 5381 2088 5456 eidem‘iilio
2118 5382 2326 5456 ineSse“
2371 5380 2414 5414 ⁶³
2457 5376 3052 5456 Ρρι*ιἸίιιξρτίιιῖιιιιηειλ
3092 5374 3247 5456 flare.
3303 5390 3399 5443 per
3444 5375 3793 5456 :l’beorigam

529 5439 575 5469 "
617 5440 911 5510 lleliquerit
938 5462 1034 5527 nis.
1065 5448 1217 5517 care.
1249 5465 1341 5502 suzt
1376 5450 1600 5520 reliquit
1634 5439 1647 5449 ’
1667 5452 1713 5481 ⁷⁰
1740 5451 1796 5527 tu
1825 5450 2128 5527 ministerio
2156 5467 2253 5504 ms.
2285 5447 2438 5527 Care.
2462 5448 2830 5527 ministerium
2851 5447 2977 5527 edit.
3013 5443 3128 5497 Col.
3158 5447 3208 5497 in
3237 5439 3493 5527 mysterio
3567 5445 3611 5475 ⁷¹
3639 5446 3800 5527 Quae

530 5518 900 5589 t:unen_a_nis_.
963 5514 1262 5589 gat-aqua:
1293 5514 1554 5573 (antuuia
1583 5514 1710 5573 edit.
1733 5519 1848 5574 Col.
1883 5536 2001 5588 qum
2027 5520 2245 5589 quidem
2270 5535 2299 5571 a
2373 5519 2419 5549 ⁷³
2458 5516 3045 5589 Non;auferri__dicatur
3074 5532 3197 5567 niss.
3238 5514 3451 5567 auferre
3482 5517 3804 5589 inpudica-

532 5586 622 5657 tur
686 5580 739 5657 _"’
765 5582 1086 5657 Pulcedinis
1116 5580 1209 5638 fuit
1242 5604 1365 5657 mss.
1414 5590 1713 5646 dulcedinis
1743 5592 1837 5645 Dei
1868 5580 1967 5645 fuit
2042 5580 2088 5621 ⁷⁸
2117 5588 2289 5657 Super
2316 5596 2434 5640 eam
2473 5587 2617 5638 venit
2649 5601 2742 5657 ms.
2793 5584 2947 5657 Care.
2968 5586 3027 5638 in
3057 5600 3181 5657 eam
3207 5585 3521 5653 supervenit
3594 5585 3641 5617 "
3676 5587 3803 5643 Sa-

529 5648 730 5717 pientia
762 5649 856 5706 Dei
886 5651 1088 5709 latebat
1110 5671 1208 5710 ms.
1232 5654 1386 5711 Care.
1420 5661 1681 5727 sapientia
1710 5661 1919 5721 latebat
1998 5661 2044 5693 ⁷⁸
2085 5648 2209 5714 Sibi
2234 5659 2454 5727 aptabat
2485 5672 2581 5709 ms.
2637 5654 2790 5706 (ἔατε.
2823 5655 2922 5708 sibi
2971 5648 3289 5724 eoriptabat'
3334 5724 3340 5730 θ
