4060 6292
254 278 365 338 αθ

1377 277 1680 335 ﬂOMlLUE
1711 276 1796 332 ET
1828 274 2425 335 EXIIORTATIONES.

3408 279 3519 343 650

254 398 333 454 ait
351 397 402 432 "
419 394 728 465 Apostolus,
752 394 849 450 Dei
875 395 1064 460 virtus,
1102 406 1148 449 et
1175 396 1267 450 Dei
1285 394 1623 464 sapientiai!
1646 394 1768 447 Cor.
1794 409 1833 456 ι.

1939 395 2252 443 noscuntur.
2298 387 2432 444 Nam
2455 384 2744 459 Pharisacl.
2791 387 2880 457 qui
2904 386 3331 459 interpretantur
3357 392 3515 475 divis,

256 482 351 555 2")
377 503 391 539 :
422 493 479 541 et
506 484 579 539 In
600 500 668 541 eo
690 496 813 541 sunt
843 503 1020 541 omnes
1054 488 1286 541 thesauri
1310 487 1577 555 sapientia
1600 496 1646 538 et
1672 486 1833 540 scien-

1942 476 2246 546 signiﬁcant
2267 478 2481 535 Iudaeos
2504 476 2572 533 ab
2588 476 2840 534 omnibus
2863 476 2987 534 aliis
3012 479 3261 549 gentibus
3285 481 3518 539 circum-

257 579 345 633 εἰς
370 576 660 632 abseouditi
681 575 906 645 (Coloss.
930 593 993 641 ιι.
1010 578 1091 646 5),
1108 577 1352 633 Christus
1373 586 1555 631 autem
1572 576 1623 631 in
1646 575 1834 631 Maria.

257 667 400 737 Ergo
430 666 524 723 Dei
548 666 722 723 virtus
751 675 808 721 et
841 667 935 723 Dei
967 668 1261 736 sapientia,
1298 675 1353 721 et
1381 682 1572 723 omnes
1597 666 1838 725 thesauri

253 754 541 825 sapientiae
569 763 625 811 et
650 754 891 811 scientia:
933 756 987 810 in
1024 754 1191 811 Maria
1224 756 1294 810 ⁷⁸.
1323 755 1453 811 Ητεε
1481 771 1590 811 non
1628 764 1836 813 tantum

254 845 323 897 ad
356 843 541 912 pedes,
568 844 663 898 sed
688 843 854 899 etiam
881 843 948 899 ad
978 852 1143 915 caput
1184 844 1396 918 Domini
1423 845 1621 900 sedens
1646 844 1838 901 audieo

254 931 351 986 bat
380 933 606 988 verbum
629 948 697 987 ex
724 931 821 988 ore
846 933 893 965 "
921 933 1060 1004 ejus.
1102 934 1227 990 llaec
1266 937 1627 990 conservabat
1653 935 1836 991 omnia

253 1023 299 1055 ⁸⁸
333 1024 496 1079 verba
539 1023 877 1094 angelorum,
914 1034 1217 1095 pastorum,
1253 1041 1555 1097 magorum,
1600 1042 1701 1083 nec
1728 1042 1836 1082 non

257 1113 435 1182 ipsius
464 1113 558 1173 ﬁlii
593 1114 698 1178 sui,
726 1114 1015 1171 conferens
1043 1115 1096 1169 in
1130 1115 1295 1171 corde
1328 1130 1425 1169 suo
1455 1115 1607 1185 (Luc.
1633 1133 1693 1178 ιι.
1723 1116 1833 1188 t9).

253 1204 428 1265 Nemo
460 1221 697 1275 unquam
748 1207 890 1262 sicut
925 1205 1047 1277 ipsa
1067 1207 1305 1277 gustavit
1342 1223 1504 1276 quam
1544 1208 1726 1263 suavis
1753 1216 1837 1263 est

252 1294 520 1349 Dominus
545 1293 720 1364 (Psal.
756 1312 946 1359 χχχιιι,
981 1296 1058 1366 9).
1089 1296 1470 1353 lnebriabatur
1491 1299 1559 1354 ab
1590 1300 1837 1356 ubertate

249 1391 447 1442 donius
483 1384 597 1451 Dei,
640 1394 698 1443 et
741 1396 982 1444 torrente
1004 1387 1294 1458 voluptatis
1315 1386 1432 1456 ejus
1457 1390 1499 1422 ⁸¹
1550 1392 1835 1458 putabatur

250 1472 429 1540 (Psal.
462 1491 637 1542 xxxv,
680 1476 756 1545 9).
821 1475 933 1531 Nec
959 1476 1190 1542 mirum;
1225 1480 1476 1548 quoniam
1509 1482 1648 1550 apud
1686 1497 1831 1548 eam,

251 1559 365 1614 imo
406 1562 549 1617 intra
589 1579 711 1619 eam
756 1573 877 1619 erat
916 1564 1039 1621 fons
1081 1567 1204 1623 vitae
1243 1566 1433 1638 (lbid.,
1477 1569 1590 1640 10),
1632 1572 1698 1625 de
1725 1587 1833 1641 quo

253 1651 521 1707 manabat
556 1662 753 1709 cuncta
790 1655 1052 1723 perfectio
1086 1654 1133 1690 ⁸³
1177 1661 1463 1731 utriusque
1500 1662 1640 1717 vitae.
1674 1662 1829 1718 Circa

1940 566 2150 623 cisione
2206 576 2263 622 et
2323 568 2442 640 lege
2501 568 2726 625 divisos.
2795 566 3059 639 Princeps
3119 566 3519 630 Pharisaeorum

1939 657 2167 726 mystice
2196 671 2278 714 est
2316 656 2590 728 prontifex
2619 658 2749 714 olim
2776 656 3106 715 Iudaeorum.
3131 661 3332 717 Domus
3360 664 3510 732 prin-

1939 747 2069 816 eipis
2121 747 2303 815 hujus,
2340 748 2645 822 Synagoga.
2698 749 2765 803 In
2812 764 2975 820 quam
3037 751 3247 807 scilicet
3304 744 3518 827 domum

1938 834 2164 891 intravit
2189 837 2473 903 Dominus,
2499 838 2717 908 quando
2738 848 2987 910 tanquam
3007 856 3227 909 sponsus
3237 843 3523 909 procedens

1936 926 2002 980 de
2021 928 2255 984 thalamo
2273 927 2448 999 (Psal.
2480 929 2720 1000 xvm,6),
2749 938 2907 985 natus
2934 942 3018 986 est
3052 932 3107 986 in
3131 931 3286 1002 plebe
3309 931 3519 989 Iudaeo-

1944 1033 2064 1072 rum
2108 1035 2177 1074 ex
2217 1020 2550 1075 intemeratae
2590 1018 2830 1091 Virginis
2878 1029 3065 1087 utero;
3119 1031 3179 1076 et
3230 1021 3337 1078 hoc
3386 1021 3521 1081 fecit

1938 1108 2191 1177 sabbato,
2221 1112 2273 1167 id
2306 1121 2387 1168 est
2416 1128 2537 1167 cum
2560 1113 2675 1183 jam
2707 1122 2988 1169 cessarent
3008 1112 3160 1182 juxta
3201 1115 3295 1170 Dei
3327 1114 3517 1171 volun-

1939 1209 2106 1256 tatem
2137 1201 2375 1256 carnalia
2407 1201 2540 1271 legis
2569 1218 2759 1272 opera,
2792 1211 2848 1257 et
2874 1217 3099 1271 operum
3128 1203 3347 1269 edicta;
3387 1205 3515 1274 quia

1938 1290 2023 1347 lex
2056 1300 2111 1345 et
2141 1292 2433 1365 propheta;
2456 1306 2626 1360 usque
2656 1291 2721 1345 ad
2749 1290 3036 1346 Joannem.
3059 1289 3192 1344 Nam
3217 1293 3515 1348 secundum

1935 1380 2107 1452 legem
2141 1380 2382 1435 Sabbato
2421 1378 2736 1435 cessabatur
2777 1381 2845 1435 ab
2877 1380 3139 1435 exteriori
3182 1381 3425 1447 actione;
3460 1378 3519 1439 et

1936 1452 2058 1525 ideo
2094 1470 2315 1527 Sabbati
2350 1472 2567 1527 nomine
2599 1472 2914 1543 designatur
2942 1474 3174 1528 cessatio
3213 1472 3514 1528 carnalium

1935 1560 2071 1630 legis
2096 1561 2267 1631 ipsius
2308 1562 2605 1617 actionum.
2636 1561 2693 1615 In
2722 1560 3027 1632 huiusmodi
3061 1561 3303 1617 Sabbato
3332 1562 3517 1617 Domi-

1935 1669 2039 1708 nus
2065 1654 2121 1709 in
2150 1655 2361 1710 domum
2394 1657 2710 1727 prmdictam
2744 1657 2992 1722 intravit,
3025 1667 3082 1711 et
3110 1656 3333 1711 intravit
3364 1675 3519 1711 man-

248 1737 509 1808 plurima,
558 1752 616 1796 ut
652 1742 886 1821 Martha,
930 1748 1336 1816 occupabatur;
1374 1751 1517 1807 circa
1549 1769 1737 1819 unum,
1771 1763 1828 1809 ιιι
1861 1740 1903 1795 Β
1928 1747 2126 1801 ducare
2173 1765 2384 1818 panem,
2430 1750 2482 1803 id
2518 1758 2606 1806 est
2641 1757 2703 1805 ut
2728 1759 2953 1820 caperet
2980 1751 3182 1817 cibum,
3216 1750 3319 1806 hoc
3346 1761 3519 1809 estut

250 1825 450 1895 Maria,
494 1830 888 1900 delectabatur,
934 1837 1062 1906 quia
1118 1855 1283 1894 unum
1330 1850 1414 1896 est
1458 1846 1824 1900 necessarium

247 1917 410 1988 (Luc.
462 1936 519 1986 ι,
567 1922 691 1993 42);
746 1925 979 1994 plurima
1026 1927 1369 1997 auferuntur,
1415 1948 1579 1988 unum
1625 1945 1826 1991 manet.

246 2008 622 2080 Singulariter
646 2013 815 2083 igitur
838 2026 1046 2087 partem
1086 2018 1309 2075 Martha:
1337 2020 1566 2092 peregit,
1593 2024 1832 2093 singula-

247 2098 395 2154 riter
417 2100 676 2168 optimam
706 2112 916 2171 partem
948 2103 1133 2161 Mariae
1163 2108 1326 2179 elegit
1360 2127 1374 2163 :
1408 2112 1502 2164 sed
1526 2126 1653 2179 pars
1679 2112 1829 2167 Mar-

243 2187 364 2241 thae
394 2189 443 2243 ei
473 2189 717 2245 aufertur
741 2192 931 2261 (Ibid.,
955 2193 1069 2262 42).
1098 2195 1219 2251 Jam
1246 2199 1390 2252 enim
1416 2216 1520 2252 non
1555 2201 1661 2254 erit
1684 2201 1834 2256 solli-

245 2276 367 2329 cita
401 2286 460 2330 ut
489 2279 763 2334 ministret
792 2282 865 2346 ei,
888 2282 1029 2338 sicut
1056 2300 1245 2355 puero,
1276 2289 1363 2342 cui
1393 2303 1584 2344 omnes
1613 2292 1834 2347 ordines

239 2366 576 2436 angelorum
616 2370 949 2439 ministrant,
986 2384 1047 2427 ut
1085 2374 1334 2431 Domino.
1362 2376 1482 2431 Jam
1516 2394 1619 2433 non
1649 2381 1835 2435 turba-

237 2456 400 2512 bitur
431 2458 650 2528 fugiens
686 2475 810 2516 cum
842 2476 908 2518 eo
934 2464 987 2519 in
1016 2463 1312 2536 Aigyptum
1349 2484 1378 2522 a
1406 2468 1548 2523 facie
1573 2468 1828 2536 Herodis;

238 2547 380 2615 quia
414 2546 529 2615 ipse
555 2550 803 2605 ascendit
832 2551 884 2605 in
920 2552 1141 2619 coelum,
1189 2566 1246 2609 et
1277 2555 1517 2611 Herodes
1556 2558 1835 2614 descendit

239 2633 303 2687 in
331 2634 605 2689 infernum
629 2652 658 2690 a
681 2636 820 2693 facie
847 2638 893 2670 ⁸³
921 2641 1064 2711 ejus.
1092 2640 1211 2696 Jam
1240 2658 1345 2698 non
1382 2626 1685 2701 turbabitur
1705 2663 1833 2717 erga

238 2722 508 2791 plurima,
538 2740 657 2795 quae
687 2723 937 2784 fecerunt
980 2731 1091 2785 filio
1121 2746 1221 2786 suo
1250 2731 1451 2798 Judaei;
1482 2736 1607 2803 quia
1649 2737 1834 2791 omnia

240 2813 493 2895 subjecta
518 2827 643 2872 sunt
662 2819 709 2873 ei
727 2817 777 2889 (I
803 2818 925 2874 Cor.
942 2821 1051 2891 xv).
1067 2822 1185 2877 Jam
1212 2824 1352 2879 filius
1370 2824 1546 2880 Maria:
1564 2841 1594 2879 a
1614 2825 1832 2893 Judaeis,

240 2905 335 2959 vel
393 2908 671 2974 militibus,
713 2925 819 2966 non
840 2910 1215 2981 ﬂagellabitur,
1246 2930 1347 2970 nec
1374 2918 1681 2983 occidetur;
1708 2917 1835 2987 quia

243 2994 505 3051 Christus
528 3015 594 3053 ea:
620 3006 1136 3075 mortuis.resurgens
1148 3006 1265 3074 jam
1292 3024 1396 3062 non
1423 3010 1665 3075 moritur,
1694 3025 1834 3063 mors

242 3084 331 3137 illi
382 3087 525 3141 ultra
567 3092 671 3146 non
712 3072 1071 3149 dominabitur
1101 3072 1280 3167 (liam.
1314 3112 1391 3163 vt,
1435 3098 1512 3169 9).
1544 3072 1676 3153 Pars
1702 3114 1832 3170 ergo
1858 3072 1905 3136 ε

251 3175 489 3233 Marthae
515 3179 563 3211 “
602 3181 652 3236 ei
681 3182 928 3238 aufertur
968 3185 1039 3250 ⁸⁸,
1069 3186 1165 3241 sed
1195 3186 1509 3253 bonosuo;
1546 3202 1675 3256 pars
1703 3202 1833 3245 vero

246 3264 441 3321 Maria:
463 3266 510 3299 '"
552 3269 601 3324 ei
644 3272 946 3342 perficitur,
990 3289 1111 3345 quae
1156 3275 1588 3342 nonjaut‘eretur
1633 3279 1701 3335 ab
1744 3295 1829 3335 ea.

248 3358 502 3413 Exaltata
552 3371 635 3417 cst
687 3364 833 3419 enim
866 3379 1033 3435 super
1060 3366 1260 3435 choros
1288 3368 1627 3438 angelorum,
1661 3368 1835 3438 reple-

248 3454 364 3500 tum
415 3456 502 3502 est
552 3449 605 3503 in
656 3449 815 3507 bonis
860 3451 1193 3511 desiderium
1234 3470 1390 3509 suum
1421 3454 1593 3520 (Psal.
1626 3471 1721 3521 cu,
1749 3455 1830 3526 5),

208 3574 229 3584 α
246 3537 397 3592 videt
420 3538 585 3593 Deum
614 3539 751 3596 facie
778 3542 844 3597 ad
870 3542 1083 3610 faciem,
1107 3545 1264 3600 sicuti
1287 3555 1369 3602 est
1386 3546 1435 3616 (ι
1460 3549 1620 3602 Jaaa.
1642 3563 1729 3616 ιιι,
1750 3548 1829 3618 9),

252 3628 459 3697 gaudet
486 3644 607 3684 cum
634 3631 745 3687 ﬁlio
772 3632 825 3687 in
855 3642 1144 3690 aeternum.
1174 3635 1299 3692 llaec
1329 3646 1411 3692 est
1441 3653 1570 3708 pars
1605 3640 1828 3709 optima,

253 3734 378 3788 quae
408 3735 515 3775 non
545 3720 825 3778 auferetur
865 3724 934 3779 ab
960 3739 1065 3793 ea;
1106 3727 1260 3797 cujus
1288 3737 1343 3784 et
1387 3743 1486 3785 nos
1534 3730 1831 3799 participes

247 3808 444 3873 simus,
474 3810 681 3866 meritis
704 3819 761 3867 et
784 3815 1037 3883 precibus
1061 3815 1196 3885 ejus,
1225 3831 1325 3888 per
1350 3816 1533 3872 Jesum
1554 3817 1830 3874 Christum

247 3891 448 3951 Filium
476 3897 617 3966 ejus,
644 3900 741 3970 qui
768 3901 905 3956 vivit
930 3910 986 3957 et
1023 3912 1214 3974 regnat
1254 3920 1376 3963 cum
1425 3906 1537 3961 Deo
1580 3905 1742 3962 Patre
1776 3908 1829 3963 in

249 3987 460 4041 unitate
510 3988 748 4058 Spiritus
792 3992 965 4047 sancti
1015 3992 1085 4059 ",
1142 3995 1464 4064 per.omnia
1509 3996 1829 4053 seculorum

248 4075 469 4129 saecula.
500 4077 672 4135 Amen
695 4078 763 4134 ⁸⁸.

740 4169 902 4240 ιεο
939 4169 1223 4226 HOMILIA
1260 4170 1337 4227 x.

244 4252 305 4309 lu
332 4244 672 4317 nvsucsuuu
696 4276 970 4318 sscusouu
993 4262 1183 4319 Lucan
1214 4282 1227 4317 ε
1264 4263 1397 4318 Cum
1428 4265 1648 4319 intraret
1669 4264 1829 4319 .Iesus

320 4351 379 4403 in
408 4352 625 4406 domum
649 4354 928 4423 cujusdam
960 4356 1213 4426 principis
1256 4354 1653 4410 Pharisteorum
1694 4355 1831 4410 Sab-

321 4440 445 4494 bato
481 4443 802 4500 manducare
825 4461 1051 4513 panem;
1089 4454 1136 4500 et
1164 4446 1268 4516 ipsi
1309 4446 1650 4500 observabant
1681 4462 1824 4501 eum.

315 4528 384 4583 Et
416 4529 642 4603 reliqua.
671 4533 823 4601 (Luc.
851 4548 963 4600 xxv,
993 4534 1070 4605 1.)

317 4617 467 4686 Haec,
494 4636 613 4691 quae
636 4628 781 4678 nu’u’c
799 4625 1093 4679 secundum
1116 4624 1399 4681 historiam
1426 4623 1562 4679 mira
1584 4622 1828 4680 referun-

245 4718 358 4776 tur,
387 4712 686 4767 secundum
723 4714 1022 4783 spiritalem
1069 4729 1290 4771 sensum
1338 4714 1462 4784 plus
1503 4704 1823 4769 admiranda

1933 1836 2139 1893 faceret
2160 1837 2343 1895 Patris
2365 1839 2725 1895 voluntatem.
2749 1838 2842 1893 Ait
2868 1839 3013 1893 enim
3036 1857 3048 1892 :
3076 1839 3223 1893 Meus
3247 1840 3395 1893 cibus
3416 1851 3515 1901 est,

1933 1938 1987 1983 ut
2016 1928 2213 1995 faciam
2240 1930 2555 1985 voluntatem
2574 1930 2689 1999 ejus
2709 1930 2799 1998 qui
2822 1946 2903 1984 me
2926 1930 3066 1984 misit
3086 1929 3269 2000 (Joan.
3295 1947 3369 1996 tv,
3397 1931 3515 2003 54).

2005 2018 2070 2073 Et
2092 2019 2192 2089 ipsi
2212 2020 2551 2075 obseruabant
2573 2037 2714 2085 eum,
2738 2022 2791 2077 id
2813 2016 2917 2086 est,
2945 2021 3112 2077 etiam
3138 2023 3259 2092 ipsi,
3278 2022 3344 2076 ad
3368 2037 3508 2092 quos

1932 2117 2175 2169 venerat,
2236 2108 2633 2165 insidiabantur
2683 2110 2753 2165 ei.
2823 2108 3284 2179 Signiﬁcaverunt
3333 2122 3514 2166 autem

1931 2211 2051 2251 eam
2079 2196 2387 2253 Iudaeorum
2411 2208 2649 2268 partem,
2680 2200 2732 2254 in
2759 2215 2865 2270 qua
2894 2210 2947 2257 et
2975 2202 3075 2270 ipsi
3105 2210 3285 2267 erant,
3317 2217 3437 2279 quas
3464 2198 3515 2256 ei

1932 2300 2147 2354 semper
2163 2286 2410 2341 invidens
2425 2286 2804 2355 insidiabatur,
2822 2301 2877 2346 et
2897 2293 3176 2359 quaerebat
3202 2286 3520 2349 occasiones

1934 2374 2362 2445 reprehendendi
2388 2377 2471 2432 vel
2510 2380 2801 2434 accusandi
2832 2393 2978 2435 eum.
3504 2452 3513 2463 ι

1972 2468 1981 2471 “
2006 2466 2077 2520 Et
2112 2482 2227 2520 ecce
2252 2467 2407 2520 homo
2438 2468 2656 2537 quidam
2695 2469 3013 2540 hydmpicus
3049 2482 3162 2525 erat
3189 2482 3311 2527 ante
3342 2471 3511 2527 illum.

1938 2555 2275 2626 Hydropicus
2326 2556 2429 2610 iste
2479 2555 2570 2625 qui
2618 2568 2728 2610 erat
2764 2559 2818 2611 in
2854 2560 3014 2614 domo
3040 2560 3294 2631 principis
3322 2561 3513 2617 Phari-
3596 2550 3599 2555 ’

1932 2663 2182 2710 smorum,
2218 2655 2377 2717 typus
2426 2645 2529 2700 fuit
2558 2646 2764 2717 populi,
2819 2649 2911 2719 qui
2958 2661 3079 2705 erat
3129 2651 3182 2706 in
3233 2650 3515 2723 Synagoga

1933 2732 2266 2800 Judaeorum,
2307 2734 2555 2790 avaritias
2602 2737 2794 2793 morbo
2847 2737 3123 2795 laborans.
3179 2741 3518 2812 Hydropicus

1933 2825 2102 2886 enim.
2135 2840 2244 2895 quo
2288 2827 2522 2895 amplius
2564 2828 2720 2894 bibit,
2772 2843 2836 2884 eo
2868 2831 3099 2901 amplius
3149 2828 3288 2888 sitit.
3338 2834 3431 2889 Sic
3459 2826 3519 2895 et

1935 2931 2133 2969 avarus
2163 2931 2271 2986 quo
2297 2917 2470 2989 magis
2504 2919 2787 2989 pecuniam
2819 2930 3000 2991 auget,
3036 2936 3103 2976 eo
3141 2924 3313 2993 magis
3345 2940 3515 2994 pecu-3

1938 3006 2041 3060 nise
2067 3006 2157 3062 siti
2186 3008 2370 3074 ardet;
2419 3018 2473 3062 et
2511 3008 2559 3064 ei
2587 3010 2771 3063 crescit
2812 3027 2963 3064 amor
2994 3015 3214 3078 nummi,
3257 3024 3518 3084 quantum

1935 3095 2048 3161 ipsa
2079 3098 2299 3167 pecunia
2341 3100 2545 3153 crescit.
2589 3097 2885 3168 Talemque
2924 3100 3187 3159 Dominus
3213 3101 3518 3176 Synagoga:

1934 3186 2187 3255 populum
2219 3188 2443 3253 invenit,
2482 3188 2574 3257 qui
2605 3186 2777 3242 solam
2815 3187 2949 3258 legis
2991 3189 3224 3245 litteram
3253 3195 3514 3248 occiden-

1935 3284 2043 3330 tem
2072 3275 2408 3339 seclabatur,
2438 3285 2493 3330 et
2518 3276 2770 3346 spiritum
2797 3276 3160 3332 vivificantem
3198 3272 3511 3349 nesciebat;

1935 3372 2098 3431 atque
2152 3364 2573 3434 promissiones,
2624 3380 2745 3433 qua:
2791 3366 3086 3420 secundum
3146 3367 3384 3424 litteram
3440 3370 3512 3426 ibi

1933 3451 2153 3506 nonnisi
2204 3452 2453 3506 carnales
2507 3452 2879 3515 inveniuntur,
2927 3457 3281 3525 exspectabat
3328 3474 3359 3512 a
3404 3457 3515 3515 Deo

1928 3546 2033 3611 pro
2064 3542 2499 3597 remuneratione
2536 3541 2779 3597 laborum
2821 3534 3062 3609 suorum,
3104 3546 3248 3602 velut
3278 3544 3517 3604 maxima

1931 3632 2071 3687 bona
2102 3650 2116 3685 :
2144 3641 2197 3685 et
2227 3632 2348 3689 ideo
2374 3648 2433 3688 se
2457 3640 2628 3689 totum
2660 3635 2711 3689 in
2741 3638 2982 3707 appetitu
3012 3638 3198 3692 talium
3226 3637 3513 3706 effuderat,

1932 3723 2154 3792 solaque
2183 3725 2468 3794 praesentis
2507 3726 2634 3781 vita:
2670 3726 2811 3782 bona
2858 3728 3097 3793 sitiebat,
3144 3745 3265 3800 qua:
3294 3730 3348 3785 in
3396 3730 3512 3785 sola

1929 3813 2026 3869 Dei
2058 3814 2176 3885 lege
2214 3814 2459 3883 promitti
2511 3819 2780 3884 putabat;
2820 3827 2874 3873 et
2901 3819 2979 3873 sic
3008 3833 3130 3872 eum
3162 3819 3339 3874 littera
3372 3820 3517 3876 male

1932 3904 2205 3959 intellecta
2255 3905 2579 3975 perimebat,
2626 3917 2683 3962 et
2726 3915 2951 3976 prapter
2997 3907 3158 3976 hujus
3198 3897 3515 3979 languorem

1935 3991 2277 4062 spiritualem
2310 3993 2573 4048 Dominus
2607 3993 3015 4051 insidiatoribus
3041 3995 3155 4051 suis
3176 3996 3511 4067 respondens,

1932 4082 2068 4135 dixit
2104 4082 2173 4135 ad
2212 4080 2536 4151 legisperitos
2569 4092 2618 4136 et
2663 4082 2988 4151 Phariswos,
3033 4085 3126 4154 qui
3156 4099 3215 4140 se
3258 4085 3515 4143 volebant

1892 4170 2331 4241 'reprehendere
2360 4187 2376 4225 :
2409 4170 2469 4226 Si
2516 4172 2636 4227 licet
2680 4172 2911 4228 Sabbato
2962 4191 3172 4240 curare,
3229 4175 3282 4231 id
3329 4184 3414 4231 est
3463 4178 3516 4235 si

1927 4260 2075 4333 juste
2122 4269 2304 4329 potest
2362 4260 2480 4315 neri
2532 4271 2593 4315 ut
2650 4260 2994 4318 cessantibus
3044 4261 3183 4335 legis
3222 4265 3513 4336 “Operibus,

1933 4368 2163 4422 quorum
2186 4353 2358 4408 otium
2388 4354 2749 4424 appellatione
2777 4352 3003 4411 Sabbati
3040 4355 3376 4429 designatur,
3409 4358 3515 4415 iStc

1933 4442 2166 4514 populus
2197 4452 2425 4498 sanetur
2451 4444 2520 4499 ab
2560 4444 2664 4499 hoc
2701 4444 2947 4501 avaritia
2982 4448 3201 4516 morbo,
3238 4462 3348 4519 quo
3396 4457 3517 4505 tur-

1934 4533 2091 4604 gidus
2141 4540 2336 4588 azstuat
2373 4550 2389 4587 :
2430 4541 2487 4589 et
2533 4547 2723 4588 revera
2779 4535 2995 4591 nonnisi
3041 4536 3284 4595 Sabbato
3330 4540 3515 4596 curari

1930 4630 2172 4692 poterat,
2200 4621 2350 4692 quia,
2378 4621 2485 4677 nisi
2528 4632 2799 4678 cessasset
2833 4624 2979 4681 actio
3012 4628 3311 4684 carnalium
3339 4629 3510 4685 bono-

1933 4728 2054 4767 rum
2102 4714 2156 4768 in
2201 4712 2320 4783 lege
2358 4714 2749 4788 promissorum
2779 4713 2901 4787 [at.,
2931 4717 3369 4789 promissiones],
3411 4731 3512 4772 nec

1518 4867 1751 4926 VARIE
1795 4866 2176 4925 LECTIONES

246 5079 281 5117 χ
316 5051 363 5083 ’⁷
385 5048 503 5112 Bst,
535 5059 593 5105 ut
614 5051 691 5107 ait
712 5065 843 5107 mss.
881 5059 991 5117 est,
1013 5059 1092 5106 ait

1238 5050 1311 5107 Et
1341 5049 1395 5106 in
1422 5063 1490 5108 eo
1510 5056 1640 5106 sunt
1656 5063 1848 5105 omnes
1869 5046 2107 5104 thesauri
2129 5044 2410 5115 sapientia:
2436 5054 2491 5101 et
2516 5046 2758 5101 scientiae
2784 5046 3110 5102 absconditi.
3140 5046 3393 5104 Christus
3415 5063 3513 5105 au-

238 5114 355 5191 t_em
374 5120 439 5191 in
466 5120 635 5175 Maria
659 5138 675 5176 :
701 5136 832 5191 ergo
860 5120 953 5176 Dei
978 5114 1160 5177 virtus
1185 5129 1243 5177 et
1270 5121 1365 5176 Dei
1396 5120 1686 5191 sapientia,
1707 5129 1773 5191 et
1792 5133 1983 5191 omnes
2009 5114 2246 5191 thesauri
2269 5116 2547 5184 sapientia:
2566 5124 2623 5171 et
2646 5114 2975 5191 scientiatum
2992 5116 3193 5191 _Maria.
3218 5134 3322 5191 ms.
3334 5117 3513 5191 Δ(ἔργα.

236 5188 314 5244 Et
334 5189 458 5260 ideo
483 5199 610 5244 sunt
636 5182 828 5260 omnes
854 5192 1096 5246 thesauri
1118 5191 1399 5260 sapientia:
1418 5182 1477 5245 εἰ
1492 5182 1739 5260 scientia:
1749 5188 1817 5260 _i_n
1835 5186 2026 5260 Maria
2042 5186 2086 5219 "'
2102 5182 2345 5239 Verbum
2370 5200 2437 5260 es
2465 5199 2561 5238 ore
2584 5182 3057 5260 ms._Carc.)’e_rba
3083 5202 3150 5242 ex
3176 5200 3271 5260 ore
3305 5187 3350 5260 ’ἲ
3372 5187 3514 5260 Con-

235 5257 504 5312 servabat
529 5259 711 5315 omnia
746 5277 846 5316 ms.
873 5259 1030 5315 Care.
1059 5253 1378 5316 conferebat
1406 5261 1588 5314 omnia
1661 5257 1709 5291 ⁸¹
1749 5255 2059 5326 Voluptatis
2078 5270 2187 5310 sua:
2215 5271 2315 5307 ms.
2341 5253 2633 5326 voluptatis
2654 5253 2772 5326 ejus
2841 5254 2889 5286 ⁶²
2927 5254 3099 5311 Tanta
3125 5254 3385 5326 perfectio
3409 5255 3512 5310 ms‘.

236 5326 378 5399 ξοῖ.
412 5339 605 5399 cuncta
646 5330 909 5399 perfectio
978 5330 1028 5399 ξ’
1064 5330 1179 5399 Ipsa
1209 5330 1456 5385 ascendit
1485 5329 1553 5383 ad
1584 5326 1858 5399 infernum
1892 5320 1925 5399 Ξι
1954 5325 2088 5399 facie
2128 5339 2257 5378 mss.
2302 5330 2351 5399 et
2377 5320 2507 5399 edit.
2534 5320 2649 5399 ροι.
2675 5320 3069 5399 lpse_ascendit
3096 5320 3149 5381 in
3182 5326 3383 5399 cretum
3410 5340 3426 5390 ;
3454 5333 3514 5381 et

237 5396 494 5453 Herodes
523 5392 805 5453 descendit
830 5400 885 5453 in
909 5392 1177 5454 infernum
1202 5414 1233 5453 a
1260 5400 1398 5454 facie
1415 5399 1544 5454 edit.
1570 5396 1687 5452 Col.
1720 5406 1770 5450 et
1791 5392 1949 5450 Goth.
1979 5394 2029 5456 in

247 5467 301 5538 ff
341 5464 477 5538 Pars
503 5482 635 5538 ergo
662 5467 888 5538 Marthae
926 5484 1029 5521 ms.
1055 5468 1211 5538 Care.
1241 5483 1370 5538 pars
1396 5482 1527 5538 vero
1557 5466 1796 5538 “Martha

237 5534 433 5590 “arise
458 5552 555 5589 ms.
575 5534 745 5589 'Carc.

2122 5391 2369 5448 ascendit
2393 5391 2448 5444 in
2469 5391 2777 5457 cmlum,'et
2803 5393 3045 5449 Herodes
3064 5405 3174 5451 etc.
3203 5407 3261 5449 ut
3286 5396 3505 5452 ἐνιέναι.

1935 5458 2082 5519 ⁸³Έί
2113 5461 2358 5517 aufertur
2380 5475 2481 5515 ms.
2509 5458 2677 5517 Care.
2712 5463 2761 5519 ei
2792 5462 3068 5519 auferetur
3137 5464 3186 5501 “
3214 5464 3349 5521 Pars
3380 5474 3512 5519 vero

870 5520 1055 5617 ἐκρψ
1070 5520 1293 5617 ﬁeri};
1324 5535 1374 5617 ξ’
1394 5520 2155 5617 Οἷξἰἰι.1)εε-ῐξειιιςείιιᾼιιηὶιιιιε
2176 5529 2413 5603 Spirltus
2434 5528 2608 5586 sanati
2637 5542 2750 5586 ms.
2776 5532 2932 5588 Care.
2957 5534 3149 5588 omittit
3218 5520 3291 5570 θεῖ
3554 5520 3561 5536 ³

237 5537 433 5590 Ilarize
458 5552 555 5589 ms.
590 5537 745 5589 Care.
773 5537 899 5659 Euia
926 5551 1055 5617 pars
1075 5537 1257 5593 Mariae
1327 5537 1374 5583 η
1394 5537 1529 5591 Cum
1553 5537 1667 5591 Deo
1686 5537 1849 5589 Patre
1868 5537 1923 5587 in
1945 5548 1971 5586 ιι

236 5621 346 5658 ms.
388 5604 515 5661 596.
551 5606 743 5658 Amen.
825 5621 857 5659 ι
884 5604 1048 5668 dnctis
1075 5606 1277 5662 domini
1308 5604 1548 5661 Ansslmi
1573 5601 1971 5673 archieoisoopl

527 5699 799 5759 Ps-raon.
843 5678 1112 5763 CLVIII.

3060 5698 3137 5759 εὶι
