4060 6292
527 222 628 314 ὀίω

529 367 1027 440 θοι-ωηιωρίᾶὶως
1075 368 1514 435 exstingueretur
1559 361 1612 416 in
1672 357 1837 414 corde
1894 353 2103 410 Judaici
2137 361 2182 422 Α

533 458 741 532 populi.
782 456 851 511 At
902 457 1004 523 illi,
1047 457 1137 526 qui
1189 455 1256 509 de
1297 454 1398 508 hac
1428 467 1487 506 re
1515 450 1729 506 fuerant
1763 443 2102 515 interrogati,

530 545 857 612 tacuerunt;
909 546 1034 615 quia
1088 545 1154 600 de
1183 543 1474 600 abolitione
1504 541 1805 599 carnalium
1853 537 2110 593 observa-

532 639 739 693 tionum
767 636 915 706 loqui
945 636 1254 703 noluerunt,
1282 650 1420 705 quas
1439 633 1554 696 iam
1585 635 1784 690 debere
1814 629 2110 687 secundum
2157 689 2164 695 δ

533 729 802 784 rationem
851 715 997 783 stare
1040 726 1341 798 nequibant
1385 715 1693 782 ostendere.
1729 724 1864 779 Nam
1905 737 1971 778 ex
2020 721 2111 776 illo

536 826 776 888 tempore
800 817 912 887 jam
946 832 977 871 a
1007 817 1351 873 confessione
1380 817 1628 873 veritatis
1657 831 1752 871 ora
1783 814 2108 877 clauserant,

530 923 597 962 ex
621 922 729 977 quo
755 909 822 964 de
857 907 1139 964 Salvatore
1178 908 1640 979 conspirationem
1661 906 1952 969 ‘fecerant,
1983 914 2037 958 ut
2066 905 2111 958 si

527 1001 646 1071 quis
670 1017 788 1055 eum
806 1001 1140 1068 conﬁteretur
1151 1001 1438 1068 Christum,
1454 1011 1602 1056 extra
1619 1001 1949 1072 Synagogam
1967 1001 2110 1068 ﬁeret

531 1089 713 1165 (Joan.
767 1108 845 1159 lx,
884 1092 998 1164 22).
1030 1092 1270 1159 Quorum
1301 1095 1642 1149 taciturnitas
1671 1093 1883 1148 silentio
1909 1092 2112 1146 Zacha-

530 1169 628 1239 rite
673 1199 782 1240 non
831 1185 1106 1241 credentis
1149 1195 1233 1241 est
1283 1186 1586 1256 designata.
1631 1185 1894 1241 Dominus
1931 1193 2111 1238 autem

530 1286 792 1345 aegrotum
827 1278 1184 1348 apprehendit
1211 1286 1266 1334 et
1289 1279 1524 1342 sanavit;
1568 1278 1694 1347 quia
1723 1276 1978 1347 populum
2013 1275 2111 1330 Ju-

533 1368 773 1424 daeorum
798 1370 987 1425 morbo
1018 1369 1283 1436 avaritize,
1321 1371 1464 1426 sicut
1493 1371 1695 1425 dictum
1725 1378 1828 1435 est,
1857 1369 2113 1424 laboran-

533 1465 643 1513 tem
672 1461 1032 1530 apprehendit
1057 1461 1111 1516 in
1149 1461 1235 1518 his
1263 1477 1400 1532 quos
1423 1461 1606 1532 elegit,
1632 1470 1688 1516 et
1717 1460 1784 1514 ab
1826 1460 1971 1516 omni
1999 1468 2110 1514 ter—

531 1555 665 1602 rena
697 1550 994 1619 cupiditate
1025 1550 1308 1617 liberavit;
1346 1552 1562 1622 quando
1596 1551 1829 1607 venditis
1862 1551 2114 1619 omnibus

529 1652 649 1706 quae
674 1639 1047 1708 possederant,
1081 1648 1136 1696 et
1173 1642 1366 1712 positis
1391 1656 1578 1697 eorum
1623 1642 1815 1712 pretiis
1842 1643 1908 1697 ad
1948 1643 2113 1712 pedes

524 1729 920 1797 apostolorum,
952 1745 1244 1802 pauperem
1275 1731 1442 1786 vitam
1467 1737 1918 1801 commonemque
1948 1732 2111 1786 duce-

528 1820 664 1875 bant
693 1822 976 1878 unanimes
1019 1823 1072 1877 in
1112 1823 1378 1879 charitate
1406 1804 1543 1894 (Act.
1580 1839 1652 1887 tv,
1686 1823 1799 1895 52).
1851 1823 1944 1879 Sic
1981 1838 2111 1894 ergo

520 1925 626 1980 per
656 1913 888 1982 gratiam
921 1929 1074 1969 suam
1116 1913 1366 1970 Christus
1408 1929 1502 1970 eos
1543 1915 1611 1970 ab
1639 1915 1784 1970 omni
1831 1915 1920 1970 illa
1962 1928 2113 1985 peste

529 2001 855 2060 insatiabilis
894 2005 1137 2059 avaritias
1172 2005 1417 2071 sanavit;
1451 2012 1505 2060 et
1540 2005 1612 2059 ita
1643 2005 1863 2071 dimisit,
1895 2005 1946 2059 id
1976 2014 2111 2074 esta

527 2089 656 2164 iugo
697 2094 830 2165 legis
869 2095 1051 2161 solvit,
1081 2104 1135 2150 et
1173 2097 1229 2149 in
1273 2095 1526 2150 libertate
1569 2095 1856 2150 charitatis
1885 2095 2112 2150 arbitrio

530 2198 630 2239 suo
659 2183 941 2244 relaxavit.
978 2193 1036 2238 ut
1065 2183 1302 2251 nonxjam
1324 2185 1522 2250 coacti,
1546 2185 1639 2240 sed
1662 2185 1944 2255 spontanei
1971 2185 2113 2240 bona

529 2272 788 2328 facerent.
829 2271 1086 2342 Quisquis
1123 2281 1267 2328 enim
1314 2273 1583 2328 Charitate
1628 2271 1841 2343 ﬂagrat,
1875 2288 1980 2328 non
2013 2287 2113 2327 ne-

521 2376 682 2417 cesse
715 2369 800 2417 est
833 2372 893 2417 ut
940 2364 990 2418 ei
1021 2363 1388 2433 prmcipiatur,
1422 2363 1525 2419 nisi
1557 2373 1618 2420 ut
1647 2364 1811 2419 faciat
1850 2365 2112 2436 quidquid

527 2453 786 2509 voluerit.
847 2455 1054 2510 Dehinc
1113 2455 1432 2510 aemulorum
1495 2456 1755 2511 invidiam
1822 2456 2112 2513 confutans

528 2543 804 2610 Salvator,
836 2546 914 2600 ait
943 2545 1052 2600 illis
1081 2563 1093 2599 :
1127 2544 1294 2616 Cujus
1325 2556 1553 2601 vestrum
1583 2549 1764 2602 asinus
1806 2557 1897 2602 aut
1933 2549 2024 2603 bos
2056 2550 2113 2603 in

525 2635 738 2704 puteum
789 2635 959 2702 cadet,
1006 2645 1054 2689 et
1093 2652 1211 2690 non
1259 2637 1510 2691 continuo
1547 2640 1786 2692 extrahet
1823 2637 1978 2691 illum
2029 2641 2114 2693 die

525 2721 784 2778 Sabbati‘?
819 2723 949 2792 Quae
982 2724 1190 2779 scilicet
1221 2723 1489 2780 sententia
1514 2735 1571 2794 et
1599 2727 1944 2782 insidiatores
1984 2743 2114 2784 con-

527 2815 717 2878 vincit,
762 2823 818 2868 et
862 2814 928 2868 ad
973 2815 1147 2885 ipsum
1208 2824 1410 2871 nostra:
1456 2817 1792 2874 liberationis
1831 2828 2113 2876 auctorem

529 2906 842 2974 specialiter
872 2905 1112 2974 reSpicit.
1141 2906 1257 2974 Ipse
1289 2907 1434 2961 enim
1465 2909 1762 2964 secundum
1789 2911 1973 2966 carnis
2002 2926 2115 2966 ma-

855 255 928 310 S.
968 198 1277 310 ΑΝεειω
1306 247 1656 306 CANTUAll.
1696 238 2016 300 ARCHIEP.
2053 237 2116 295 01

2238 236 2418 293 PAﬂS
2446 233 2609 292 114-
2645 233 3018 290 ΡΑΙΏΕΝΕΤ.
3061 229 3152 289 ΕΤ
3191 229 3437 288 ASCET.

3695 229 3802 292 es:

2284 349 2460 404 Homo
2513 349 2614 404 iste
2654 357 2739 402 est
2783 347 3046 426 Mediator
3086 345 3273 400 Deiot
3317 342 3610 406 hominum,
3652 348 3805 404 hunc

2213 443 2455 497 Christus
2484 442 2642 496 Iesus
2665 440 2888 512 (I‘Tim.
2925 455 2984 504 ll,
3015 439 3092 510 5).
3135 439 3324 508 Magna
3355 435 3474 501 eius
3503 450 3685 501 creua,
3724 453 3806 496 est

2213 551 2347 591 nova
2373 534 2676 610 spiritualis
2709 531 2959 596 scientia,
2987 546 3150 601 quam
3181 531 3249 584 ad
3278 529 3529 585 ultimum
3575 542 3675 601 per
3719 545 3803 600 se,

2211 633 2268 679 et
2311 638 2410 694 per
2445 623 2738 693 apostolos,
2783 636 2849 676 ac
2880 637 2976 690 per
3015 613 3358 690 expositorcs
3384 619 3801 690 Scripturarum

2211 713 2369 768 nobis
2395 712 2613 781 copiose
2641 712 2894 780 dignatus
2933 717 3017 762 est
3053 709 3205 775 dare,
3249 717 3310 762 ut
3348 709 3561 763 animas
3582 721 3806 766 nostras

2214 800 2589 871 spiritualibus
2615 799 2824 854 deliciis
2853 798 3146 867 saginaret.
3179 796 3340 851 Addit
3369 806 3427 852 et
3453 797 3598 851 aliud
3632 798 3806 853 fercu-

2214 893 2343 955 lum.
2379 896 2505 948 dum
2539 901 2746 948 mentes
2787 901 3006 946 nostras
3039 877 3244 944 amore.
3269 905 3370 944 suo
3407 887 3808 946 delectabiliter

2215 985 2404 1055 pascit.
2440 984 2604 1038 Addit
2633 991 2688 1037 et
2728 981 2971 1045 tertium,
3006 980 3133 1034 dum
3170 979 3325 1034 nobis
3362 994 3473 1034 sua:
3502 978 3808 1033 divinitatis

2215 1075 2478 1129 visionem
2527 1073 2672 1128 inter
2716 1071 2939 1142 angelos
2967 1071 3282 1140 perenniter
3316 1068 3525 1124 tribuit.
3568 1069 3696 1124 Haec
3721 1080 3810 1124 est

2215 1163 2330 1231 ejus
2353 1156 2536 1228 (coena,
2564 1178 2729 1233 quam
2755 1162 2872 1217 suis
2915 1161 3146 1231 paravit,
3191 1167 3247 1214 et
3285 1160 3353 1214 ad
3397 1173 3559 1230 quam
3601 1160 3806 1214 multos

2216 1253 2448 1318 vocavit,
2484 1251 2698 1307 Judaeos
2743 1251 2954 1306 scilicet
3019 1257 3073 1303 et
3117 1248 3348 1320 gentiles
3383 1249 3453 1303 de
3490 1257 3603 1302 toto
3627 1250 3801 1314 orbe;

2217 1346 2310 1399 sed
2337 1343 2510 1413 primo
2535 1335 2770 1402 Judar'os.
2812 1341 3011 1395 deinde
3033 1340 3281 1409 gentiles.
3314 1338 3440 1393 Haec
3466 1338 3613 1394 enim
3644 1353 3803 1394 creua

2215 1436 2662 1505 per-convivium
2705 1435 2835 1488 illud
2873 1433 3028 1502 181
3070 1431 3354 1501 designata
3381 1439 3486 1495 est,
3529 1431 3674 1498 quod
3701 1431 3802 1484 As-

2217 1541 2411 1582 suerus
2455 1526 2614 1580 tertio
2655 1539 2799 1579 anno
2849 1523 2999 1592 regni
3049 1521 3132 1576 sui
3177 1521 3305 1576 fecit
3349 1520 3708 1590 optimatibus
3748 1530 3803 1575 et

2218 1618 2411 1673 amicis
2459 1618 2602 1682 suis;
2651 1630 2717 1670 ac
2766 1614 2964 1668 dehinc
3006 1612 3074 1666 ad
3106 1611 3238 1667 illud
3269 1616 3484 1665 omnem
3517 1609 3800 1679 populum,

2144 1700 2188 1759 Β
2217 1711 2307 1782 qui
2344 1711 2394 1764 in
2441 1711 2555 1764 suis
2597 1714 2844 1776 repertus
2892 1713 2996 1770 est,
3039 1702 3291 1757 invitavit
3331 1701 3505 1769 (Esth.
3555 1717 3596 1768 ι,
3634 1701 3691 1765 5,
3723 1699 3799 1770 5).

2213 1802 2350 1857 Nam
2389 1803 2678 1865 Assuerus,
2727 1796 2958 1868 mystice
3012 1793 3303 1859 Christus;
3367 1793 3560 1847 tertius
3604 1807 3802 1856 annus,

2216 1895 2433 1948 tertium
2463 1901 2678 1961 tempus
2709 1897 2816 1944 est.
2845 1886 3088 1940 Primum
3125 1885 3270 1940 enim
3305 1892 3516 1952 tempus
3544 1883 3647 1936 fuit
3679 1893 3803 1937 ante

2214 1983 2407 2052 legem,
2445 1981 2740 2037 secundum
2784 1979 2886 2034 sub
2921 1977 3060 2049 lege,
3113 1977 3332 2031 tertium
3379 1977 3482 2030 sub
3511 1975 3711 2046 gratia.
3743 1974 3801 2030 ln

2215 2073 2319 2128 hoc
2349 2072 2463 2127 Rex
2497 2086 2682 2140 regum
2710 2069 2959 2125 exhibuit
2988 2068 3297 2124 convivium
3325 2061 3508 2124 suum.
3555 2069 3804 2137 Optima-

2216 2172 2298 2218 tes
2323 2172 2378 2216 et
2407 2162 2568 2216 amici
2599 2169 2728 2216 sunt
2768 2159 3020 2232 apostoli,
3063 2167 3120 2212 et
3155 2159 3248 2227 qui
3284 2159 3352 2212 de
3389 2157 3593 2213 Judzeis
3627 2160 3807 2227 primo

2217 2251 2584 2307 crediderunt.
2633 2250 2870 2318 Populus
2919 2249 2988 2304 de
3034 2257 3143 2302 tota
3191 2248 3326 2302 urbe
3378 2248 3666 2310 invitatus,
3721 2257 3808 2301 est

2216 2343 2507 2399 multitudo
2531 2343 2770 2413 gentium
2797 2342 2863 2396 de
2892 2350 3003 2394 toto
3026 2341 3160 2395 orbe
3189 2349 3404 2405 vocata,
3433 2341 3694 2409 quoniam
3723 2340 3807 2396 ci-

2216 2435 2356 2490 vitas
2385 2433 2470 2488 vel
2494 2437 2774 2497 mundum,
2805 2432 2889 2485 vel
2919 2431 3276 2502 gentilitatem
3312 2431 3573 2501 designat.

2294 2526 2439 2581 Misit
2471 2528 2655 2596 itaque
2684 2525 2934 2580 dominus
2965 2525 3065 2579 iste
3090 2542 3293 2578 servum
3315 2541 3469 2578 suum
3485 2526 3618 2578 hora
3648 2541 3806 2578 caena:

2216 2619 2388 2672 dicere
2417 2617 2645 2670 invitatis
2664 2627 2719 2670 ut
2743 2616 2999 2679 venirent,
3031 2616 3154 2686 quia
3183 2614 3300 2683 jam
3329 2624 3518 2683 parata
3544 2625 3670 2668 sunt
3694 2631 3795 2668 om-

2216 2709 2326 2762 nia.
2363 2708 2582 2770 Servus,
2635 2715 2722 2762 est
2751 2706 2886 2761 ordo
2923 2706 3362 2775 praedicatorum.
3402 2703 3554 2758 Hora
3604 2723 3792 2768 εωηαι,

2217 2807 2459 2854 extrema
2484 2807 2614 2852 artas
2643 2797 2848 2861 saeculi,
2882 2796 2948 2850 de
2988 2811 3094 2865 qua
3119 2797 3310 2851 beatus
3346 2794 3583 2850 Joannes
3616 2796 3799 2866 loqui-

2219 2900 2356 2945 tur:
2400 2889 2608 2955 Filioli,
2643 2888 2921 2943 novissima
2971 2889 3101 2942 hora
3153 2898 3228 2942 est
3275 2887 3362 2959 (II
3399 2888 3562 2942 Joan.
3598 2904 3661 2951 Il,
3697 2889 3806 2957 l8).

532 2994 726 3049 teriam
760 3010 900 3051 unus
922 2994 1230 3050 Judaeorum
1266 3006 1410 3063 erat,
1449 2998 1540 3068 qui
1569 3013 1791 3055 carnem
1828 3015 1895 3056 ex
1923 3016 2112 3058 eorum

2220 2980 2347 3036 Haec
2373 2981 2517 3036 enim
2543 2981 2674 3034 hora
2735 2988 2819 3034 est
2870 2977 3104 3046 spatium
3163 2978 3422 3047 temporis
3453 2978 3523 3032 ab
3566 2980 3809 3031 adventu

2223 3073 2428 3092 n_,_-!,s!
2463 3087 2627 3092 __-_-_,.
2669 3072 2732 3092 ,Δ
2766 3070 2925 3092 n_-...
2957 3068 3138 3092 -..--.l:
3197 3069 3248 3092 Σ*
3280 3084 3381 3092 ._.--
3408 3069 3632 3092 ,ΑἷηηιξΑ
3689 3070 3772 3092 --Ξ

528 3095 693 3159 gente
733 3096 1070 3158 susceperat.
1119 3086 1285 3157 Cujus
1324 3088 1508 3142 asinus
1552 3097 1608 3145 et
1654 3089 1744 3145 bos
1797 3092 1854 3145 in
1901 3102 2115 3163 puteum

529 3177 759 3251 cecidit;
813 3179 941 3248 quia
987 3179 1204 3250 gentilis
1255 3187 1310 3235 et
1354 3177 1615 3236 Iudaicus
1661 3182 1909 3252 populus,
1955 3198 2114 3253 quem

528 3271 824 3339 utrumque
871 3270 987 3340 ipse
1026 3280 1332 3336 creaverat,
1375 3271 1429 3325 in
1462 3271 1569 3325 ima
1600 3270 1854 3326 vitiorum
1887 3274 2112 3329 corruit.
2148 3321 2152 3324 .

533 3358 722 3414 Asinus
749 3359 1172 3430 enimgentilem
1203 3359 1452 3431 designat
1484 3359 1741 3431 populum
1777 3351 1994 3416 brutum
2027 3361 2116 3416 ni-

535 3448 642 3501 mis
680 3458 736 3502 et
773 3450 1033 3504 oneribus
1069 3449 1282 3504 cunctis
1312 3464 1560 3504 errorum
1605 3450 1976 3516 substratum;
2025 3451 2115 3506 bos

530 3552 688 3604 vero,
731 3537 1016 3594 .Indaicum
1063 3539 1192 3610 jugo
1238 3540 1372 3609 legis
1409 3541 1720 3596 subditum.
1772 3541 1889 3597 Non
1939 3543 2113 3598 solum

531 3626 676 3680 enim
707 3626 909 3693 asinus,
940 3627 994 3681 id
1021 3638 1104 3684 est
1136 3629 1655 3699 gentilispopulus;
1701 3631 1796 3686 sed
1825 3641 1887 3686 et
1921 3633 2032 3697 bos,
2063 3633 2116 3689 id
2148 3675 2151 3678 -

529 3726 616 3792 est
643 3715 925 3782 Judaicus,
964 3719 1128 3786 estin
1172 3717 1599 3788 profunditatem
1642 3731 1990 3790 peccatorum
2015 3724 2115 3779 de-

531 3805 738 3877 lapsus,
766 3806 893 3877 quia
925 3823 1027 3862 nec
1056 3808 1170 3876 ipse
1194 3807 1482 3878 iustiﬁcari
1518 3810 1695 3879 potuit
1724 3826 1790 3866 ex
1822 3811 2117 3882 legis-ope-

488 3937 490 3940 μ
531 3897 703 3952 ribus.
748 3897 857 3953 Sed
897 3907 1188 3968 utrumque
1238 3898 1501 3954 Dominus
1543 3900 1816 3965 extraxit;
1847 3901 1985 3970 {quia
2017 3916 2117 3970 per

531 3983 692 4044 ﬁdem
743 4000 895 4042 suam
951 3995 1240 4059 utrumque
1279 3987 1630 4057 justillcans,
1681 3991 1749 4045 ad
1803 3989 2111 4058 libertatem

529 4076 814 4133 charitatis
841 4077 1044 4133 eduxit.
1073 4077 1141 4133 Et
1169 4079 1273 4134 hoc
1298 4077 1450 4145 fecit,
1479 4081 1752 4147 continuo,
1787 4079 1839 4134 id
1883 4088 1966 4134 est
1997 4080 2115 4135 sine

531 4165 819 4234 dilatione;
870 4167 998 4238 quia
1046 4169 1100 4223 in
1149 4169 1420 4239 baptismo
1473 4169 1671 4227 delevit
1713 4172 1917 4241 absque
1961 4185 2114 4226 mora

530 4255 720 4325 eulpas
746 4247 956 4324 eorum,
981 4267 1038 4312 et
1062 4258 1314 4314 dediteis
1341 4260 1726 4315 innocentiam.
1753 4261 1851 4316 Die
1874 4260 2113 4330 Sabbati,

2221 3073 2430 3127 Domini
2463 3087 2632 3142 usque
2667 3072 2734 3127 ad
2766 3070 2926 3125 linem
2955 3068 3162 3134 saeculi,
3197 3069 3250 3122 in
3277 3084 3384 3139 quo
3407 3069 3635 3123 scientia
3687 3070 3810 3138 spi-

2220 3157 2396 3212 ritalis
2425 3165 2509 3211 est
2546 3154 2801 3220 revelata,
2833 3162 2888 3208 et
2917 3152 3090 3223 gratia
3115 3152 3291 3206 sancti
3341 3151 3575 3220 Spiritus
3602 3150 3808 3219 eﬂ‘usa,

2219 3258 2274 3304 et
2303 3263 2466 3320 regna
2495 3247 2756 3303 caelorum
2801 3244 3276 3314 aperta..ldeoque
3305 3244 3506 3298 dicitur
3532 3246 3661 3312 quia
3680 3245 3806 3312 jam

2217 3349 2404 3409 parata
2447 3347 2567 3392 sunt
2620 3336 2817 3390 omnia.
2849 3332 2994 3388 Nihil
3023 3333 3168 3387 enim
3202 3341 3392 3396 restat,
3433 3333 3536 3387 nisi
3564 3343 3624 3386 ut
3655 3334 3806 3401 quis-

2219 3442 2325 3497 que
2348 3427 2569 3496 dignum
2593 3439 2651 3478 se
2677 3432 2967 3492 praeparet,
2999 3431 3054 3478 et
3086 3421 3272 3476 veniat
3301 3428 3357 3475 et
3404 3422 3491 3475 his
3541 3422 3807 3476 omnibus

2217 3517 2548 3590 perfruatur.
2579 3516 2732 3570 Tunc
2759 3523 2940 3568 autem
2973 3513 3151 3582 primo
3173 3529 3376 3566 servum
3406 3529 3560 3565 suum
3619 3515 3812 3568 Domi-

2219 3625 2321 3666 nus
2351 3609 2500 3664 misit
2535 3618 2595 3661 ut
2623 3606 2879 3660 invitatos
2905 3612 3151 3667 vocaret,
3180 3604 3398 3672 quando
3420 3604 3534 3658 suis
3563 3605 3812 3673 discipu-

2218 3703 2286 3757 lis
2313 3701 2431 3757 ait:
2472 3700 2539 3753 In
2569 3699 2705 3754 viam
2731 3698 2961 3767 gentium
3021 3711 3083 3749 ne
3111 3695 3368 3757 abieritis,
3402 3706 3449 3747 et
3476 3695 3531 3748 in
3565 3698 3812 3751 civitates

2219 3791 2680 3847 Samaritanorum
2709 3803 2771 3840 ne
2797 3784 3144 3846 intraveritis;
3170 3784 3273 3837 sed
3296 3785 3466 3851 potius
3491 3784 3562 3836 ite
3591 3784 3662 3835 ad
3681 3800 3812 3838 oves

2222 3901 2338 3957 quis
2391 3883 2653 3954 perierunt
2705 3881 2893 3932 domus
2920 3873 3088 3930 Israel
3114 3873 3330 3943 (Matth.
3362 3890 3411 3934 κ,
3437 3873 3550 3942 15).
3585 3875 3809 3928 Israeli-

2220 3986 2303 4031 tas
2337 3974 2480 4031 enim
2505 3972 2617 4043 jam
2645 3969 3005 4024 invitaverant
3036 3967 3271 4020 ad'hanc
3302 3980 3508 4018 czcnam
3539 3974 3594 4018 et
3627 3967 3808 4035 patri-

2219 4067 2419 4130 archas,
2452 4073 2506 4120 et
2531 4063 2744 4132 Moyses
2770 4069 2824 4114 et
2855 4060 3152 4128 prOphetze.
3188 4057 3263 4110 Illi
3297 4066 3480 4109 autem
3516 4070 3618 4110 nec
3641 4064 3806 4118 tunc,

2219 4175 2321 4215 nec
2348 4157 2508 4212 modo
2533 4154 2820 4208 voluerunt
2859 4150 3066 4212 venire,
3099 4147 3191 4203 sed
3225 4157 3488 4216 coeperunt
3517 4164 3692 4201 omnes
3721 4150 3806 4202 si-

2218 4246 2328 4302 mul
2355 4259 2626 4301 excusare.

509 4329 586 4417 id
615 4353 700 4398 est
723 4345 867 4400 clara
903 4347 1024 4402 luce
1063 4347 1187 4402 ﬁdei
1228 4357 1283 4403 et
1317 4349 1578 4416 scientiae,
1623 4351 1675 4404 in
1707 4364 1933 4419 operum
1978 4329 2109 4421 ιρεῑέ
2140 4355 2189 4416 D
2291 4339 2504 4392 Primus
2528 4335 2658 4388 dixit
2689 4346 2707 4385 :
2745 4330 2940 4386 Villam
2967 4331 3087 4390 emi.
3118 4340 3166 4384 et
3196 4346 3397 4384 necesse
3433 4329 3597 4383 habeo
3631 4329 3808 4396 exire,

530 4423 857 4490 cessatione.
895 4436 965 4490 Et
988 4455 1100 4492 non
1137 4450 1377 4507 poterant
1419 4442 1489 4494 ad
1514 4442 1626 4496 haec
1654 4442 1970 4511 respondere
1997 4443 2111 4508 illi;

533 4524 658 4594 quia
695 4525 908 4580 eductis
936 4526 1004 4580 de
1043 4526 1309 4595 profundo
1337 4528 1605 4584 malorum
1637 4529 1846 4586 duobus
1877 4532 2110 4601 populis,

532 4625 588 4671 et
615 4615 682 4670 ad
705 4615 880 4670 lucem
910 4615 1037 4670 lidei
1068 4620 1400 4685 convocatis,
1433 4620 1512 4676 sic
1543 4621 1762 4675 stultam
1800 4613 1931 4678 feeit
1972 4625 2115 4680 Deus

533 4704 856 4774 sapientiam
896 4706 1102 4770 mundi,
1143 4716 1202 4760 ut
1237 4708 1354 4777 ejus
1397 4710 1694 4779 sapientes,
1734 4711 1828 4781 qui
1856 4711 2115 4769 Ecclesia:

533 4793 831 4851 Salvatoris
857 4795 1116 4860 invident,
1148 4813 1252 4853 non
1282 4799 1556 4854 inveniant
1577 4800 1707 4870 quid
1756 4804 2116 4873 respondeant

532 4895 754 4942 econtra
796 4895 853 4941 et
891 4887 1288 4942 rationabiliter
1325 4887 1528 4954 dicant,
1559 4892 1653 4945 sed
1684 4891 1870 4948 clauso
1909 4907 2003 4948 ore
2035 4895 2111 4950 si-

525 4976 756 5033 lentium
772 5001 774 5003 >
788 4987 1028 5044 teneant,
1055 4988 1109 5032 et
1129 4979 1341 5039 interno
1366 4979 1536 5035 livore
1564 4985 1863 5039 tabescunt.

1124 5067 1401 5123 llOMlLlA
1437 5067 1527 5122 XI.

536 5155 592 5212 lit
612 5171 953 5214 BVANGELIUI
983 5172 1260 5214 sscunnuu
1288 5159 1480 5214 Lucan
1505 5151 1525 5214 ε)
1554 5158 1725 5213 Homo
1749 5160 1962 5230 quidam
1993 5157 2114 5229 fecit

607 5263 808 5303 ccnam
835 5242 1103 5320 magnam,
1125 5258 1175 5302 et
1200 5252 1397 5304 vocavit
1419 5239 1630 5312 multos.
1655 5245 1728 5303 Et
1746 5249 1889 5302 misit
1913 5235 2132 5305 servum.

609 5351 764 5390 suum
802 5336 932 5390 hora
965 5353 1124 5392 ciente
1147 5332 1327 5392 dicere
1346 5339 1578 5413 invitatis
1608 5347 1664 5391 ut
1687 5338 1958 5402 venirent;
1988 5341 2115 5408 quia

600 5426 720 5496 iam
752 5437 943 5497 parata
987 5437 1109 5482 sunt
1147 5430 1344 5482 omnia.
1378 5427 1446 5482 Et
1472 5438 1733 5498 cauerunt
1758 5427 1918 5482 simul
1939 5431 2114 5502 omnes

535 5515 540 5520 ’
611 5525 882 5571 excusare.
915 5512 1128 5571 Primus
1159 5517 1292 5572 dixit
1323 5517 1390 5572 ei.
1434 5517 1501 5573 Et
1532 5518 1772 5589 reliqua.‘
1795 5514 1957 5588 ,(Ltte.
1991 5532 2110 5598 xiv,

606 5603 724 5674 is.)

2216 4442 2263 4488 et
2287 4433 2457 4488 videre
2490 4431 2660 4484 illam.
2714 4429 2860 4498 Rogo
2890 4437 2959 4491 te,
2993 4426 3128 4479 habe
3179 4441 3261 4478 me
3306 4434 3633 4478 excusatum.
3690 4424 3810 4480 Iste

2214 4524 2423 4595 primus
2447 4521 2587 4591 gerit
2619 4533 2901 4590 personam
2931 4524 3211 4585 potentum
3246 4513 3428 4568 szeculi
3489 4513 3579 4582 qui
3633 4513 3811 4574 villas

2214 4623 2270 4670 et
2294 4612 2515 4669 castella
2548 4611 2651 4666 sibi
2697 4610 2995 4672 vindicant,
3025 4615 3083 4662 ut
3120 4621 3283 4676 super
3310 4615 3540 4660 caeteros
3564 4614 3814 4674 potesta-

2219 4713 2326 4760 tem
2345 4703 2663 4768 exerceant,
2693 4714 2748 4759 ct
2770 4704 3196 4759 honorabiliores
3224 4713 3388 4772 atque
3429 4703 3652 4756 ditiores
3683 4703 3815 4759 sint

2215 4795 2445 4850 caeteris.
2473 4795 2541 4866 Et
2564 4795 2640 4859 hi,
2674 4811 2768 4848 sua
2794 4796 2984 4849 intima
3011 4795 3346 4859 deserentes,
3376 4803 3580 4848 exeunt
3609 4793 3812 4850 animo

2215 4883 2364 4939 foras
2390 4884 2458 4938 ad
2487 4883 2786 4959 exteriores
2836 4898 3016 4949 curas,
3047 4891 3100 4937 et
3130 4883 3454 4952 quibusdam
3504 4883 3816 4937 necessita-

2217 4986 2328 5031 tum
2358 4975 2593 5048 vinculis
2634 4977 2940 5046 retinentur
2992 4990 3059 5030 ne
3109 4975 3201 5046 ad.
3231 4974 3491 5028 interiora
3543 4975 3814 5041 redeant,

2215 5068 2309 5124 sed
2340 5069 2494 5123 villas
2514 5076 2575 5123 et
2602 5069 2976 5138 possessiones
3025 5081 3154 5121 suas
3200 5081 3416 5134 semper
3449 5065 3696 5131 videant,
3753 5076 3818 5121 et

2217 5159 2283 5213 de
2311 5159 2394 5213 his
2428 5158 2685 5226 cogitent,
2718 5172 2780 5212 ae
2815 5158 2867 5210 in
2909 5157 2993 5211 his
3018 5155 3407 5210 delectabiliter
3454 5163 3761 5208 teneantur
3795 5172 3819 5221 ;

2217 5243 2446 5317 ideoque
2493 5261 2704 5302 coenam
2749 5247 2842 5302 Dei
2893 5245 3189 5316 negligant.
3249 5243 3471 5300 Talibus
3521 5253 3705 5298 autem
3765 5247 3819 5300 si

2217 5339 2434 5407 quando
2463 5339 2849 5407 praedicatores
2877 5337 3208 5406 persuadent
3260 5336 3513 5398 meliora,
3567 5337 3816 5404 promit-

2220 5437 2342 5483 tunt
2363 5442 2422 5483 se
2470 5428 2712 5483 facturos
2742 5429 2884 5496 quod
2935 5428 3015 5482 eis
3044 5426 3386 5495 praecipitur;
3439 5426 3537 5479 sed
3573 5426 3826 5491 impedi-

2219 5525 2400 5572 menta
2428 5515 2706 5584 objiciunt,
2732 5517 3134 5572 excusationem
3166 5524 3468 5584 opponunt,
3517 5522 3573 5568 et
3613 5523 3670 5566 ut
3699 5513 3825 5584 ipsi

2223 5625 2321 5679 pro
2349 5611 2431 5665 eis
2458 5610 2624 5665 Deum
2659 5600 2951 5682 precentur
2979 5615 3226 5663 exorant.
3279 5603 3397 5660 Hoc
3439 5614 3620 5658 autem
3670 5606 3826 5674 quid
