4060 6292
295 253 401 313 653

1435 242 2380 319 llOlllLiEjEXHORTA'leONES.
2422 315 2424 317 ν

3441 251 3546 328 σει

299 372 541 434 estaliud
568 362 771 438 dicere,
798 371 900 428 nisi
923 385 1047 442 rogo
1071 379 1140 437 te,
1176 369 1306 426 habe
1333 386 1411 424 me
1435 369 1778 428 excusatum?
1803 369 1870 430 Et
1896 372 1944 434 Α
1969 365 2149 431 tiones
2171 383 2356 438 perge,
2387 378 2444 424 et
2464 382 2610 439 quos,
2628 368 2700 425 ibi
2735 367 2818 425 vel
2845 367 3200 451 amplitudine
3239 374 3551 443 possessio.-

300 466 448 524 mnlti
486 467 622 522 tales
650 474 806 522 erant
841 468 893 523 in
943 465 1125 521 Iudaea
1177 465 1396 536 quando
1447 464 1704 519 Dominus
1755 463 1872 522 hmc

256 603 258 606 ,
302 556 640 626 loquebatur;
664 555 756 610 sed
780 556 853 618 hi,
881 555 971 626 qui
1001 570 1145 610 nunc
1173 566 1318 619 sunt,
1349 554 1541 618 Judaei,
1568 557 1694 624 quia
1717 555 1873 612 villus

302 657 428 706 non'
459 657 703 719 possunt.
743 649 1002 704 necunias
1049 649 1360 718 acquirunt.
1417 647 1486 702 Et
1522 648 1656 702 alter
1691 649 1868 706 dixit:

259 781 265 784 -
298 740 432 809 Juga
457 741 608 792 boum
639 755 736 792 emt
764 743 990 808 quinque
1024 748 1156 792 eteo
1199 739 1420 808 probare
1455 739 1569 793 illa.
1617 737 1760 809 Rogo
1799 750 1869 804 te,

256 872 260 876 .
298 829 421 882 habe
456 844 537 882 me
573 839 901 882 excusatum.
941 827 1044 883 Iste
1102 827 1374 898 signiﬁcat
1419 827 1536 882 illos
1559 827 1869 882 Judaeorum

298 917 382 988 qui
412 920 584 989 magis
615 919 779 974 dediti
817 928 946 974 sunt
971 919 1172 974 carnali
1221 919 1401 974 studio
1435 918 1591 989 legis.
1625 918 1871 989 Quinque

296 1010 434 1063 enim
450 1009 584 1078 juga
611 1008 786 1075 boum,
813 1009 1054 1079 quinque
1108 1019 1234 1064 sunt
1279 1008 1401 1062 libri
1459 1007 1630 1079 Moysi
1687 1009 1867 1079 depri‘

297 1109 500 1155 mentes
528 1100 992 1170 gravi-servitute
1033 1100 1152 1154 illos
1180 1101 1274 1169 qui
1317 1101 1418 1154 sub
1469 1115 1528 1154 se
1575 1100 1871 1159 carnaliter

294 1198 415 1244 sunt
445 1190 630 1260 positi.
665 1188 775 1245 llos
800 1198 980 1245 autem
1019 1188 1186 1244 libros
1229 1188 1401 1246 Judzei
1432 1199 1708 1254 emerunt,
1739 1189 1869 1259 quia

293 1296 386 1350 pro
411 1281 494 1335 his
521 1280 828 1336 circumcisi
861 1287 1009 1344 sunt,
1039 1295 1139 1350 pro
1188 1280 1277 1336 his
1305 1281 1567 1349 decimas,
1596 1290 1651 1336 et
1677 1281 1867 1352 primi-

253 1417 256 1419 .
291 1370 391 1426 tias
413 1380 468 1425 et
492 1371 760 1426 sacriﬁcia
803 1371 1058 1426 olferunt.
1093 1371 1203 1427 llos
1243 1382 1422 1450 tamen
1472 1375 1708 1430 nondum
1740 1389 1870 1444 pro-

288 1461 443 1516 batos
479 1463 700 1526 habent,
727 1463 852 1532 quia
878 1462 1116 1517 nondum
1136 1479 1237 1538 eos
1278 1463 1610 1536 intelligunt.
1642 1465 1697 1520 Si
1720 1467 1867 1522 enim

286 1565 377 1606 cos
409 1551 826 1618 intellexissent,
881 1553 1082 1608 nullam
1111 1556 1523 1611 excusationem
1550 1557 1869 1626 praetendis-

1943 519 1946 521 ,
1974 473 2100 512 num
2133 459 2413 525 dilatatos,
2445 459 2530 524 vel
2559 462 2810 532 angustia
2849 453 3170 530 facultatum
3198 473 3439 520 arctatos
3468 479 3555 520 rc-

1972 550 2201 620 pereris,
2216 552 2282 606 ad
2309 552 2472 608 vitam
2500 553 2846 610 introducere
2869 570 2974 611 non
3002 544 3253 620 moreris.
3287 553 3554 626 Pauper-es

1932 698 1938 706 ,
1972 639 2118 692 enim
2142 655 2204 692 ac
2229 639 2444 708 debiles,
2471 652 2519 695 et
2541 642 2686 706 caeci.
2710 654 2762 697 et
2785 645 2961 708 claudi
2981 645 3410 722 erantgentiles,
3425 646 3554 717 quia

1933 761 1939 790 τ
1974 745 2075 788 nec
2099 730 2235 800 legis
2261 731 2500 798 divitias,
2560 749 2665 796 nec
2721 735 2983 796 virtutum
3018 736 3414 805 fortitudinem,
3445 752 3554 807 qua

1931 819 2229 884 ,resistere
2262 831 2488 891 possent
2515 824 2748 890 diabolo,
2797 809 2898 882 nec
2943 828 3185 894 scientia:
3210 828 3416 892 lumen,
3470 828 3556 883 vel

1934 943 1938 947 -
1974 906 2306 974 illuminatos
2321 913 2505 967 cordis
2520 914 2708 970 oculos
2731 915 3025 984 habebant,
3041 918 3205 974 necin
3221 917 3308 974 via
3328 917 3554 988 justitire

1974 1001 2137 1056 rectis
2179 1003 2407 1072 pedibus
2457 1005 2798 1069 incedebant.
2832 1009 2932 1074 Qui
2985 999 3162 1074 tamen
3217 1000 3428 1066 invitati
3479 1010 3553 1066 ad

1973 1091 2278 1146 convivium
2310 1092 2536 1160 Christi,
2567 1095 2764 1152 divites
2801 1097 3118 1166 spiritaliter
3147 1107 3202 1153 et
3224 1098 3392 1155 fortes
3420 1098 3553 1155 facti

1937 1240 1942 1251 ,
1974 1187 2122 1246 sunt,
2152 1189 2208 1236 et
2231 1181 2460 1255 interius
2485 1184 2774 1240 illuminati
2797 1188 2910 1257 jam
2945 1187 2998 1240 in
3036 1189 3122 1243 via
3177 1189 3273 1261 Dei
3303 1203 3412 1244 non
3461 1202 3554 1244 er-
3600 1175 3618 1192 “

1974 1278 2119 1336 rant,
2147 1271 2243 1326 sed
2274 1282 2424 1328 recto
2451 1275 2669 1343 tramite
2693 1278 3014 1346 gradiuntur
3162 1321 3164 1327 .
3217 1344 3219 1346 η

2043 1358 2118 1415 Et
2142 1363 2217 1417 ait
2243 1379 2419 1417 servus
2449 1364 2732 1431 :Domiue,
2759 1366 2958 1434 factum
2996 1377 3072 1422 est
3103 1379 3158 1421 ut
3184 1369 3475 1436 imperasti,
3501 1376 3554 1421 et

1970 1454 2144 1508 adhuc
2174 1453 2322 1508 locus
2362 1463 2458 1508 est.
2517 1453 2860 1520 Vocavimus,
2914 1459 3108 1526 inquit,
3159 1457 3316 1526 juxta
3353 1471 3554 1528 praece-

1933 1593 1940 1597 .
1969 1555 2118 1615 ptum
2152 1554 2322 1612 tuum,
2351 1544 2563 1601 Iudaeos
2592 1555 2647 1601 et
2675 1547 2922 1617 gentiles,
2951 1559 3000 1602 et
3029 1550 3203 1604 adhuc
3254 1551 3401 1605 locus
3447 1565 3552 1617 est,

255 1630 428 1707 sent,
465 1645 557 1698 sed
583 1645 650 1698 ad
679 1660 892 1700 coenam
933 1645 1376 1718 jamlvenissent.
1425 1647 1556 1715 Sed,
1601 1651 1732 1719 quia
1771 1665 1866 1706 eos

1969 1636 2059 1691 ubi
2085 1636 2450 1706 suscipiantur
2471 1637 2562 1706 qui
2585 1637 2774 1703 venire
2803 1637 3094 1693 voluerint.
3115 1639 3218 1694 Istc
3254 1641 3400 1708 locus
3425 1653 3554 1702 tunc

249 1774 252 1776 η
285 1749 389 1789 non
415 1735 738 1808 intelligunt,
770 1737 898 1791 dum
939 1753 1004 1792 eo
1035 1714 1281 1793 venerari
1314 1755 1373 1794 se
1403 1740 1681 1804 simulant,
1713 1759 1862 1796 suam
1897 1713 1943 1789 Β
1968 1727 2345 1797 οοηψιθδίῑυνν
2373 1729 2588 1798 quando
2608 1729 2863 1784 Simulum
2889 1730 2992 1786 hoc
3016 1731 3553 1802 lerlninabilllr-.Ad-

286 1823 550 1895 iustitiam
576 1836 865 1896 quaerentes
892 1836 1148 1893 statuere,
1190 1828 1418 1898 justitire
1447 1827 1544 1884 Dei
1601 1847 1705 1886 non
1741 1839 1866 1886 sunt

281 1917 506 1985 subjecti
535 1917 715 1988 (Rom.
745 1936 798 1983 x,
824 1919 901 1988 '5).
1741 1969 1743 1971 ι

351 2005 422 2060 Et
455 2008 593 2062 alius
619 2011 794 2066 dixit:
829 2009 1055 2067 Uxorem
1081 2013 1230 2076 duxi,
1263 2021 1317 2069 et
1347 2014 1463 2069 ideo
1509 2031 1612 2069 non
1656 2031 1870 2084 possunt

281 2101 476 2152 venire.
511 2101 614 2154 Per
641 2101 783 2156 hunc
814 2103 1164 2173 designantur
1188 2105 1264 2159 illi
1289 2106 1379 2174 qui
1418 2121 1476 2160 se
1499 2105 1725 2161 luxuriae
1745 2122 1871 2162 car-

281 2188 479 2257 nisque
499 2191 866 2262 voluptatibus
898 2208 995 2264 per
1015 2196 1198 2250 omnia
1229 2197 1544 2266 subjiciunt.
1575 2192 1676 2262 Qui
1705 2213 1867 2253 excu-

279 2279 384 2330 sari
414 2294 526 2332 non
551 2291 820 2349 quierunt,
845 2269 1176 2352 quia,solam
1204 2286 1342 2340 hanc
1365 2286 1530 2340 vitam
1559 2286 1869 2357 diligentes,

277 2367 450 2422 aliam
483 2371 896 2439 parvipendunt.
928 2373 986 2429 In
1034 2374 1117 2429 his
1149 2385 1326 2430 autem
1361 2376 1534 2431 tribus
1562 2377 1656 2446 qui
1686 2377 1872 2437 venire

280 2458 344 2511 ad
393 2472 617 2513 cuinam
671 2461 980 2530 noluerunt,
1031 2463 1294 2535 designati
1318 2473 1443 2519 sunt
1471 2480 1660 2520 omnes
1684 2466 1774 2535 qui
1804 2467 1871 2521 ad

278 2561 396 2600 eam
445 2547 635 2602 venire
662 2550 958 2621 negligunt,
998 2561 1055 2606 et
1083 2552 1136 2607 in
1171 2544 1519 2624 horum'typo
1554 2551 1723 2608 Judaei
1756 2567 1871 2609 cte-

278 2652 404 2692 nam
451 2637 592 2693 hanc
619 2640 770 2695 adire
792 2640 1098 2710 noluerunt.
1707 2710 1710 2712 γ

349 2728 419 2782 Et
461 2745 695 2784 reversus
721 2747 901 2785 servus
924 2732 1178 2786 nuntiavit
1205 2735 1316 2785 [nec
1336 2731 1546 2786 domino
1565 2750 1686 2788 suo.
1715 2734 1868 2790 Uade

277 2816 454 2873 Isaias
489 2837 502 2872 :
544 2819 784 2886 Domine,
815 2823 932 2891 quis
967 2821 1187 2874 credidit
1209 2822 1420 2874 auditui
1468 2823 1688 2876 nostra?
1728 2822 1870 2894 (Isa.

280 2923 396 2971 LIII,
429 2909 516 2966 1.)
546 2909 692 2964 Tum:
717 2912 885 2966 iratus
911 2911 1314 2980 paterfamilias,
1355 2913 1489 2966 dixit
1533 2931 1678 2968 servo
1732 2932 1827 2969 suo
1849 2929 1869 2968 .'

280 2999 385 3054 Exi
423 3002 532 3054 cito
573 3005 626 3054 in
655 3002 851 3056 plateas
872 3013 917 3056 et
947 3004 1080 3056 vicos
1127 3004 1351 3056 civitatis
1375 3021 1394 3056 :

327 3010 384 3054 τι
423 3010 532 3054 σξιο
573 3010 626 3054 in
654 3010 851 3072 plaleag
872 3013 917 3057 ει
947 3010 1080 3057 vicos
1127 3010 1351 3058 εξυῇιαιξδ
1374 3021 1394 3070 ;
1420 3015 1466 3059 ει
1497 3023 1775 3076 pauperes.
1805 3025 1867 3062 ac
1895 3044 1940 3106 C
1975 3010 2235 3061 bompeue
2263 3010 2481 3046 tmrare.
2503 3010 2806 3062 Attquanuo
2826 3010 2970 3049 entm
2993 3010 3093 3050 n05
3114 3010 3350 3052 mundus
3379 3010 3558 3052 retra-

327 3089 508 3153 ebiles,
535 3100 581 3142 et
619 3106 782 3144 arcos
804 3101 850 3145 et
875 3091 1092 3145 claudos
1127 3093 1370 3147 introduc
1399 3094 1520 3146 huc.
1550 3092 1752 3149 Judaais
1777 3110 1867 3150 ve-
1938 3126 1946 3132 -
1970 3084 2050 3138 Χῖῐ
2074 3099 2102 3136 δ
2127 3084 2260 3148 θεον
2284 3085 2377 3138 Sed
2402 3099 2544 3138 Ιιιιιιε
2569 3092 2648 3138 ιοι
2674 3085 2947 3154 ιᾶιιῑίεψιθ
2983 3086 3138 3146 malis
3158 3086 3349 3156 plenus
3387 3098 3560 3146 estut

251 3089 508 3153 debiles,
535 3100 581 3142 et
619 3106 782 3144 arcos
804 3101 850 3145 et
875 3091 1092 3145 claudos
1127 3093 1370 3147 introduc
1399 3094 1520 3146 huc.
1550 3092 1752 3149 Juduais
1777 3110 1867 3150 ve-

280 3180 398 3234 nire
433 3180 760 3244 nolentibus,
789 3183 956 3253 iratus
983 3189 1066 3236 est
1095 3182 1378 3248 Dominus,
1403 3184 1527 3252 quia
1568 3200 1672 3238 non
1726 3186 1866 3252 ultra

279 3283 378 3337 per
399 3285 534 3325 suos
555 3271 938 3343 praedicatores
961 3272 1170 3325 monuit
1199 3285 1293 3326 eos
1309 3281 1366 3326 ut
1394 3281 1866 3342 converterentur,

281 3359 374 3411 sed
399 3374 469 3412 ex
503 3367 615 3412 toto
642 3359 862 3428 reliquit
890 3373 985 3414 eos
1015 3359 1068 3413 in
1098 3374 1194 3413 sua
1230 3359 1457 3423 malitia,
1486 3362 1749 3415 mandans
1771 3378 1872 3416 nu-

280 3446 439 3501 hibus
474 3462 542 3501 ne
571 3463 734 3518 super
759 3448 1147 3504 infructuosam
1189 3449 1401 3505 vineam
1445 3449 1689 3520 pluerent
1733 3452 1868 3523 (lsa.

257 3552 334 3604 _v,
363 3537 445 3609 6),
483 3538 534 3592 id
565 3549 648 3592 est
676 3540 995 3610 pratcipiens
1025 3539 1286 3610 apostolis
1330 3556 1400 3595 nc
1425 3540 1624 3596 Iudaea:
1673 3543 1870 3613 przedi-

282 3640 498 3685 carent.
527 3631 718 3702 Magna
759 3632 904 3710 enim
933 3633 1014 3685 ira
1047 3632 1137 3686 Dei
1169 3639 1278 3699 est,
1307 3641 1626 3702 peccatores
1665 3634 1730 3687 ad
1753 3649 1870 3704 pm-

282 3720 572 3776 uitentiam
599 3738 704 3777 non
727 3739 948 3790 vocare,
979 3724 1074 3779 sed
1101 3724 1154 3778 iu
1184 3724 1422 3794 peccatis
1448 3739 1618 3793 usque
1640 3727 1707 3779 ad
1735 3740 1875 3802 mor-

263 3816 392 3878 tem
427 3810 756 3880 relinquere.
789 3813 881 3866 Sic
908 3815 1074 3866 iratus
1099 3823 1182 3867 est
1209 3813 1409 3868 Judmis
1439 3815 1505 3868 ad
1535 3828 1745 3868 orenam
1784 3829 1873 3868 ve.

284 3898 405 3954 nire
431 3909 489 3953 et
512 3901 734 3956 credere
765 3901 1088 3966 nolentibus,
1121 3910 1176 3955 et
1209 3912 1398 3978 gentes
1427 3903 1622 3956 intuitu
1656 3904 1868 3957 miseri-

283 3989 491 4044 cordia:
518 3992 772 4060 respexit.
807 3991 960 4047 Unde
999 3977 1146 4062 ipsis
1173 3991 1374 4066 Iudicis
1426 3992 1624 4046 Paulus
1668 4002 1721 4047 et
1745 3993 1875 4046 Bar-

281 4079 458 4134 nabas
473 4078 755 4151 dixerunt:
785 4080 1214 4151 Vobisoportebat
1238 4083 1462 4151 primunt
1493 4081 1634 4152 loqui
1665 4083 1874 4156 verbum

285 4157 415 4232 Dei,
441 4167 535 4222 sed
556 4170 680 4238 quia
708 4169 970 4239 repulistis
992 4168 1143 4229 illud.
1177 4180 1225 4222 et
1249 4169 1490 4239 indignos
1515 4169 1871 4244 vosjudicatis

282 4251 666 4325 tetermet'ita’,
699 4277 815 4314 ecce
839 4262 1188 4315 convertimur
1214 4253 1306 4313 ad
1341 4271 1513 4330 gentes
1557 4261 1698 4336 (Act.
1751 4277 1874 4336 xui,

1971 1819 2076 1874 huc
2097 1820 2240 1874 enim
2269 1820 2508 1890 quotidie
2535 1820 2823 1878 mittuntur
2843 1820 3010 1886 servi,
3041 1820 3219 1876 adhuc
3245 1823 3314 1877 ad
3335 1839 3552 1892 cuinam

1932 1957 1934 1959 .
1970 1909 2195 1964 veniunt
2225 1908 2430 1974 fideles,
2459 1909 2578 1964 aliis
2608 1923 2704 1979 per
2727 1909 3075 1980 baptismum,
3112 1909 3233 1966 aliis
3285 1927 3384 1982 per
3435 1930 3552 1984 pa:-

1972 1998 2254 2055 nitentiam
2281 1998 2683 2053 festinantibus.
3321 2064 3327 2070 _

2042 2090 2130 2143 Ait
2153 2103 2394 2159 namque
2422 2089 2666 2142 dominus
2686 2104 2833 2143 servo
2855 2102 2875 2140 :
2910 2087 3012 2144 Exi
3030 2090 3088 2144 in
3108 2090 3218 2146 vias
3237 2099 3286 2144 et
3306 2107 3472 2161 sepes,
3502 2103 3554 2148 et

1972 2180 2219 2250 compelle
2245 2180 2464 2246 intrare,
2490 2187 2547 2233 ut
2569 2179 2849 2246 impleatur
2868 2181 3056 2236 domus
3079 2198 3212 2236 mea.
3256 2181 3375 2237 lam
3402 2180 3550 2241 enim

1974 2282 2148 2337 neque
2169 2268 2290 2333 vim,
2318 2281 2490 2336 neque
2510 2282 2684 2337 sepcs,
2710 2283 2885 2338 neque
2909 2270 3060 2326 locus
3087 2270 3244 2335 ullus,
3277 2271 3392 2337 sive
3423 2287 3554 2343 per-

1943 2404 1947 2408 .
1973 2347 2115 2425 vius,
2140 2357 2254 2412 sive
2283 2367 2489 2426 septus,
2546 2357 2662 2410 sive
2692 2356 3032 2426 manifestus,
3063 2360 3178 2416 sive
3203 2348 3440 2428 abditus,
3469 2376 3556 2418 re-

1975 2447 2266 2512 lictusest,
2297 2446 2364 2500 ad
2405 2461 2565 2514 quem
2605 2446 2746 2500 servi
2788 2445 2992 2502 Christi
3042 2453 3393 2506 scrutandum
3443 2465 3554 2510 non

1937 2585 1944 2589 λ,
1973 2537 2342 2607 pervenerint.
2375 2533 2475 2602 Qui
2530 2534 2690 2604 igitur
2743 2533 2871 2590 huic
2924 2550 3092 2592 emno:
3138 2537 3426 2606 defuerunt
3459 2549 3556 2597 aut

1974 2629 2191 2693 desunt,
2247 2643 2354 2682 non
2412 2640 2690 2680 servorum
2740 2625 3100 2695 negligentiae,
3151 2627 3247 2683 sed
3294 2644 3405 2684 suae
3450 2631 3557 2688 hoc

1936 2757 1943 2766 ι
1976 2721 2356 2781 inobedientia:
2390 2720 2670 2788 deputent.
2720 2716 2847 2774 Haec
2879 2726 3059 2775 autem
3109 2721 3268 2776 tertia
3303 2722 3558 2784 invitatio

1973 2813 2146 2883 magis
2174 2813 2242 2866 ad
2271 2819 2514 2867 nostrum
2545 2821 2755 2881 tempus
2786 2813 3042 2882 pertinet,
3090 2814 3144 2868 in
3175 2829 3284 2884 quo
3330 2818 3556 2878 crebre-

1974 2911 2134 2956 scunt
2163 2901 2523 2955 adversitates
2551 2901 2755 2966 saeculi,
2787 2912 2844 2957 et
2878 2903 2949 2960 ob
2975 2904 3077 2959 hoc
3107 2905 3163 2959 in
3216 2920 3280 2960 ea
3308 2905 3506 2965 dicitur
3536 2925 3554 2962 :

1975 2991 2235 3061 Compelle
2263 2993 2481 3046 intrare.
2503 2991 2806 3062 Aliquando
2826 2995 2970 3049 enim
2993 3009 3093 3050 nos
3114 2996 3350 3052 mundus
3379 3006 3558 3052 retra-

1970 3178 2086 3246 ipse
2108 3191 2206 3230 nos
2223 3177 2336 3246 jam
2359 3175 2538 3230 mittat
2558 3176 2625 3230 ad
2648 3175 3003 3232 Deutn.Unde
3023 3186 3079 3232 et
3097 3179 3468 3248 scriptumtest
3489 3180 3564 3234 de

1971 3268 2129 3338 aquis
2149 3267 2355 3322 diluvii.
2386 3266 2727 3320 Vehementer
2747 3268 3156 3334 inundaverunt,
3181 3278 3228 3322 et
3256 3268 3557 3339 levaverunt

1971 3374 2152 3412 arcam
2172 3359 2228 3410 in
2269 3356 2540 3410 sublimea
2565 3365 2704 3409 terra
2735 3355 2888 3426 (Gen.
2918 3371 3014 3422 vn,
3054 3357 3165 3429 17).
3215 3358 3376 3426 Quid.
3401 3360 3553 3415 enim

1971 3461 2070 3516 per
2091 3460 2263 3516 aquas
2291 3446 2397 3500 nisi
2422 3444 2812 3508 tribulationes,
2836 3447 3044 3517 etquid
3088 3463 3184 3518 per
3223 3463 3406 3505 arcam
3447 3451 3557 3505 nisi

1972 3536 2217 3593 Ecclesia
2241 3536 2541 3607 figuratur?
2561 3536 2734 3606 Aquis
2760 3552 2889 3608 ergo
2913 3538 3304 3597 inundantibus
3343 3539 3556 3598 levatur

1945 3671 1947 3674 ‹
1973 3645 2098 3685 arca
2122 3629 2176 3684 in
2197 3628 2420 3684 sublime
2445 3646 2477 3683 a
2498 3639 2664 3695 terra,
2683 3631 2936 3698 quoniam
2958 3631 3202 3688 adversis
3222 3631 3556 3688 irruentibus

1974 3731 2261 3792 separatur
2289 3737 2320 3776 a
2346 3721 2578 3775 terrenis
2600 3719 2986 3790 cupiditatibus
3013 3722 3273 3787 Ecclesia,
3305 3737 3393 3777 vet
3415 3722 3554 3778 lide-

1974 3811 2042 3865 lis
2068 3811 2268 3872 anima,
2294 3819 2347 3865 et
2381 3811 2521 3876 caelo
2544 3811 2600 3864 lit
2622 3812 2889 3880 proxima.
2917 3810 3056 3865 Sunt
3094 3814 3239 3868 enim
3282 3813 3554 3879 nonnulli,

1943 3902 2068 3971 .qui
2094 3902 2144 3955 in
2170 3901 2273 3956 hoc
2301 3901 2503 3954 mundo
2549 3914 2808 3969 prospera
2855 3909 3127 3969 quaerunt,
3181 3901 3277 3957 sed
3326 3901 3560 3959 adversa

1948 3990 2275 4059 ,reperiunt,
2301 3996 2354 4043 et
2374 3988 2782 4057 apprehendere
2828 3990 3176 4059 temporalem
3214 3991 3442 4061 gloriam
3465 4006 3561 4049 co-

1974 4091 2199 4147 nantur,
2230 4089 2286 4134 et
2335 4089 2636 4148 nequeunt;
2667 4088 2724 4134 et
2767 4095 2874 4150 quo
2923 4081 3095 4150 magis
3137 4083 3462 4153 voluptates,
3503 4092 3562 4141 et

1977 4187 2128 4244 opes,
2154 4172 2238 4227 vel
2270 4171 2506 4226 honores
2529 4180 2807 4240 appetunt,
2831 4187 2896 4227 eo
2918 4184 3264 4242 punctiones,
3287 4184 3342 4231 et
3363 4184 3560 4233 :er‘um-

1976 4269 2094 4326 nas,
2121 4271 2176 4318 et
2201 4263 2534 4332 abjectiones
2555 4263 2816 4319 sentiunt.
2843 4266 2952 4322 Hos
2976 4266 3138 4336 igitur
3159 4267 3385 4324 adversa
3408 4282 3562 4323 com-

281 4347 398 4418 46).
432 4350 633 4406 Civitas
661 4361 841 4407 autem
868 4335 920 4406 in
951 4354 1052 4408 hoc
1078 4353 1194 4408 loco
1229 4353 1503 4424 gentilitas
1527 4334 1868 4426 intelligitur,
1905 4372 1951 4426 Ι)
1976 4355 2182 4425 pellunt
2209 4363 2270 4409 ιιι
2293 4353 2361 4408 ad
2384 4353 2476 4408 Dei
2508 4367 2718 4408 caenam
2745 4355 2983 4411 veniant.
3001 4334 3122 4411 Sed
3157 4357 3284 4427 quia
3330 4358 3384 4412 in
3426 4357 3563 4428 ipsis

263 4444 464 4505 .mu’ris
490 4431 912 4512 disputationum
962 4454 1016 4498 et
1063 4453 1504 4512 argumentorum
1533 4453 1698 4516 atque
1718 4456 1873 4514 pote-

284 4525 496 4588 Slatum
523 4533 864 4589 smcularium
895 4535 1118 4592 munita.
1156 4534 1308 4590 Unde
1331 4546 1383 4588 et
1409 4549 1505 4604 per
1533 4535 1875 4592 Psalmistam

263 4625 568 4697 Dominus
592 4615 709 4682 ait:
751 4626 883 4692 Quis
923 4611 1143 4680 deducet
1171 4627 1266 4680 'me
1323 4611 1581 4696 usque‘in
1616 4629 1876 4692 civitatem

283 4704 592 4772 munitam?
623 4719 754 4792 Quis
791 4703 1006 4773 deducet
1034 4735 1193 4788 usque
1220 4720 1274 4773 in
1312 4717 1647 4774 Idumream?
1701 4720 1873 4789 (Psal.

267 4795 555 4878 .th,lll.)
606 4805 895 4885 Christum
938 4811 1082 4864 enim
1121 4811 1188 4864 ad
1240 4818 1556 4879 peccatores
1583 4800 1752 4878 ducit,
1783 4796 1878 4882 qui

283 4915 414 4952 cum
450 4883 826 4977 peccatoribus
854 4883 1130 4970 praedicat.
1163 4900 1265 4968 Qui
1296 4902 1421 4971 quia
1445 4919 1601 4960 rarus
1624 4900 1726 4969 est,
1752 4902 1888 4959 ideo

288 4987 560 5061 Dominus
609 4991 685 5044 ait
740 5009 753 5045 :
819 4991 951 5057 Quis
1025 4993 1243 5046 deducet
1302 4993 1677 5059 τηεν-Μηδία
1740 4996 1879 5049 enim

284 5081 488 5153 multa,
514 5081 742 5149 operarii
764 5092 938 5135 autem
961 5084 1116 5148 pauci
1143 5082 1297 5152 (Luc.
1323 5099 1376 5149 x,
1401 5083 1479 5154 2).
1502 5083 1702 5140 Civitas
1726 5100 1874 5151 vero,

284 5171 438 5224 sicut
469 5171 726 5236 diximus,
750 5182 834 5228 est
862 5173 1166 5242 gentilitas;
1201 5183 1256 5228 et
1283 5176 1400 5245 ipsa
1428 5184 1513 5237 est
1539 5177 1793 5241 Idumam,
1825 5178 1878 5235 id

284 5271 377 5318 est
405 5273 642 5318 terrena.
681 5265 891 5318 Plateas
915 5274 1095 5320 autem
1121 5276 1167 5319 et
1195 5269 1331 5322 vicos
1358 5268 1612 5334 ciuitatis,
1637 5268 1879 5336 latitudi-

285 5367 396 5409 nes
419 5363 478 5431 et
503 5357 783 5426 angustias
811 5356 1135 5427 gentilitatis
1161 5356 1548 5428 intelligamus.
1580 5357 1673 5413 Ait
1693 5359 1878 5430 itaque

271 5444 716 5522 praedicatorum
741 5447 922 5503 ordini
955 5461 970 5500 :
1004 5447 1109 5501 Exi
1140 5448 1240 5501 cito
1265 5448 1320 5502 in
1343 5447 1544 5517 plateas
1570 5459 1618 5503 et
1638 5451 1779 5506 uicos
1798 5453 1879 5507 ci-

284 5536 510 5600 uitatis;
532 5547 580 5590 et
599 5549 875 5609 pauperes,
901 5553 964 5592 ac
985 5539 1199 5604 debiles,
1220 5555 1383 5593 caecos
1413 5547 1460 5593 et
1482 5539 1699 5596 claudos
1719 5543 1883 5598 intro-

287 5629 402 5681 duc
440 5627 561 5684 huc.
588 5629 668 5685 Ac
693 5630 738 5684 si
771 5623 1020 5685 diceret":
1051 5625 1396 5686 Fest‘inanter
1423 5629 1491 5684 ad
1540 5624 1754 5689 exteras
1785 5648 1881 5690 na-

1977 4444 2224 4501 adversis
2244 4457 2398 4499 mens
2418 4457 2604 4499 eorum
2639 4450 2860 4511 stupore
2878 4445 2956 4500 sic
2983 4447 3241 4502 obduruit
3272 4457 3332 4504 ut
3357 4449 3524 4505 intelli
3540 4479 3562 4493 -

1979 4554 2109 4610 gere
2128 4547 2364 4607 nequeat
2387 4538 2528 4591 mala
2551 4551 2672 4606 quae
2691 4537 2916 4606 patitur,
2945 4539 3071 4593 dum
3113 4541 3438 4609 praedicator
3480 4544 3564 4610 eis

1979 4631 2123 4686 r‘nala
2174 4628 2378 4694 saeculi,
2433 4627 2632 4698 quibus
2670 4627 3003 4699 aﬂliguntur,
3045 4631 3302 4694 declarat,
3332 4641 3390 4688 et
3423 4647 3564 4702 qua-

1961 4724 2107 4780 edam
2129 4721 2183 4776 vi
2205 4720 2476 4776 rationum
2503 4728 2561 4774 et
2581 4719 3018 4776 adhortationum
3041 4723 3186 4792 eugit
3208 4735 3325 4786 eos,
3348 4730 3408 4776 ut
3441 4735 3568 4776 cm-

1981 4813 2136 4871 iestia
2181 4813 2340 4882 182
2365 4811 2505 4898 bona
2535 4819 2814 4880 appetant,
2856 4812 2968 4884 agit
3018 4811 3160 4881 quod
3208 4810 3411 4865 dictum
3452 4821 3592 4883 est,

1984 4903 2230 4975 compelle
2259 4905 2478 4958 intrare.
2503 4903 2702 4972 Sicque
2720 4915 2978 4958 numerus
3014 4902 3308 4957 electorum
3341 4904 3561 4974 perfici-

1960 5004 2092 5062 tur,
2116 5004 2172 5051 et
2193 5009 2424 5065 superna
2447 4997 2640 5052 domus
2660 4995 2934 5065 impletur.
2959 4994 3034 5049 De
3075 4995 3179 5050 illis
3208 5003 3411 5058 autem,
3463 4999 3558 5065 qui

1981 5088 2170 5145 venire
2211 5094 2670 5156 contempserant,
2725 5085 2976 5141 subditur
3005 5099 3051 5138 ε.
3083 5085 3212 5138 Dico
3246 5085 3390 5140 vobis
3414 5089 3557 5156 quod

1984 5193 2136 5233 nemo
2163 5177 2394 5232 uirorum
2421 5177 2654 5241 illorum,
2701 5176 2791 5245 qui
2819 5176 2991 5230 uocati
3021 5184 3166 5240 sunt,
3205 5175 3432 5244 gustabit
3461 5173 3563 5232 cur-4

1985 5285 2109 5324 nam
2133 5285 2326 5325 meam.
2356 5266 2526 5321 Nemo
2545 5265 2779 5330 illorum,
2803 5266 2894 5336 qui
2907 5267 3074 5320 uocati
3099 5276 3243 5330 sunt,
3278 5275 3339 5321 et
3369 5267 3562 5320 venire

1965 5360 2292 5422 noluerunt,
2315 5356 2541 5427 gustabit
2567 5356 2792 5411 internae
2811 5355 3112 5410 dulcedinis
3141 5368 3388 5418 orenam;
3410 5371 3562 5413 nemo

1977 5467 2174 5508 eorum
2199 5449 2358 5506 simul
2390 5463 2514 5504 cum
2557 5447 2774 5502 sanctis
2794 5447 2862 5502 ad
2882 5447 3078 5503 salerni
3098 5443 3346 5530 ,ωηγὶνῆ
3371 5436 3561 5516 epulas

1974 5541 2235 5598 intrabit.
2261 5537 2414 5596 Unde
2449 5546 2505 5594 et
2524 5533 2622 5608 per
2655 5543 2977 5609 prophetam
3010 5533 3400 5594 illis-Dominus
3427 5537 3505 5599 ait
3542 5555 3558 5593 :

1995 5635 2129 5690 Ecce
2147 5633 2295 5707 mu
2315 5625 2422 5690 ἠως
2441 5631 2724 5698 comedent,
2757 5640 2809 5687 et
2835 5647 2922 5688 vos
2949 5621 3212 5688 esuriem.
3258 5616 3402 5688 Em
3420 5627 3566 5688 urbi
