4060 6292
913 294 974 350 S.
1009 289 1310 351 ANSELHI
1345 285 1700 346 CANTHAR.
1738 281 2056 340 ARCHIEP.
2101 280 2250 338 OPP.
2290 279 2471 336 PARS
2509 281 2570 334 ll.
2594 247 2680 320 i—
2714 265 3062 336 ΡΔΒᾸΞΝΕΤ
3101 280 3188 336 ΕΤ
3224 279 3446 337 ASCE‘I'

3717 280 3818 338 656

559 412 660 468 nsi
682 410 880 475 bibent,
901 419 949 464 et
981 426 1068 463 ros
1097 407 1302 462 sitietis.
1339 414 1473 458 nece
1505 399 1638 456 servi
1665 400 1766 453 mei
1794 403 2140 462 tctaountur,
2167 405 2220 466 Α
2245 403 2577 464 susceperat,
2605 394 2743 447 mala
2770 394 2837 448 de
2859 408 2918 447 se
2939 393 3185 461 exempla
3212 393 3523 463 praebendo,
3573 393 3821 463 dissipat.

559 514 610 559 et
639 520 729 559 vos
763 499 1172 572 confundemini.
1198 494 1340 550 Ecce
1369 494 1505 549 serui
1549 491 1651 545 mei
1699 488 1992 544 laudabunt
2030 502 2142 557 prta

560 591 913 650 exsultatione
933 589 1128 653 cordis,
1155 595 1204 640 et
1227 601 1315 640 vos
1361 581 1655 637 clamabitis
1679 594 1790 650 praz
1820 577 2003 632 dolore
2026 591 2142 630 cor-

562 685 666 751 dis,
689 694 736 737 et
761 696 870 752 prie
890 677 1198 734 contritione
1217 674 1431 746 spiritus
1456 671 1724 727 ululabilis
1740 667 1876 734 (Isa.
1898 683 2024 734 va,
2051 668 2138 734 15,

560 777 676 844 Η).
704 773 811 828 Sed
848 778 904 827 et
949 770 1002 824 in
1052 766 1342 838 Evangelio
1395 763 1635 835 loquitur
1669 762 1785 832 ipse
1831 759 2138 816 Dominus:

558 869 667 934 Qui
691 868 829 922 venit
847 865 916 919 ad
944 879 1046 930 me,
1080 879 1186 917 non
1204 861 1395 916 esuriet
1411 875 1432 924 ;
1457 867 1504 912 et
1528 857 1619 927 qui
1641 855 1804 910 credit
1826 854 1883 908 in
1909 868 2011 920 me,
2036 867 2141 906 non

550 958 696 1013 sitiet
716 971 946 1028 unquam
977 951 1160 1024 (loan.
1197 966 1272 1016 vr,
1295 950 1406 1019 55).
1428 947 1605 1003 Simili
1633 959 1798 1000 sensu
1824 944 2028 1000 dictum
2057 949 2144 998 est

560 1048 688 1104 etin
719 1045 904 1101 Exodo
937 1061 952 1098 :
995 1041 1252 1098 Viderunt
1277 1041 1440 1096 Deum
1482 1036 1675 1092 Israel.
1704 1044 1751 1089 et
1782 1033 2139 1098 comederunt,

558 1149 606 1195 et
634 1139 870 1193 biberunt
895 1135 1092 1207 (Exod.
1119 1149 1270 1198 xxrv,
1294 1133 1405 1204 11).

628 1229 760 1298 Quae
794 1228 976 1284 omnia
1006 1241 1105 1282 nos
1124 1225 1213 1280 vel
1233 1235 1437 1280 terrere
1467 1223 1685 1287 debent,
1711 1218 1796 1276 vel
1817 1217 2136 1274 accendere.

559 1320 818 1385 Terrere,
847 1333 915 1373 ne
939 1316 1222 1386 contingat
1246 1313 1454 1370 esurire
1490 1321 1546 1367 et
1580 1311 1762 1366 dolere
1785 1325 1907 1364 cum
1949 1321 2137 1377 repro-

555 1410 682 1478 bis;
713 1409 1030 1474 accendere,
1079 1415 1141 1460 ut
1186 1419 1491 1460 mereamur
1542 1402 1748 1472 epulari
1799 1409 1854 1454 et
1902 1400 2140 1467 gaudere

555 1514 687 1554 cum
713 1498 924 1555 electis.
953 1496 1269 1564 Quicunque
1291 1493 1434 1546 enim
1465 1491 1591 1545 huic
1611 1488 1863 1543 convivio
1884 1486 2135 1553 defuerit,

560 1591 803 1646 tabescet
822 1604 876 1642 m
901 1594 1164 1642 aeternum
1191 1583 1335 1638 fame
1355 1589 1410 1637 et
1431 1581 1670 1645 miseria,
1697 1589 1752 1634 et
1774 1578 2013 1634 omnium
2043 1577 2140 1630 bo-

560 1694 754 1736 norum
791 1677 990 1748 inopia.
1019 1676 1088 1730 Et
1115 1674 1426 1744 quicunque
1478 1669 1809 1732 interfuerit,
1852 1666 2139 1722 satiabitur

2244 487 2584 541 Annunliant
2607 487 2750 540 enim
2798 485 2914 540 Deo
2963 487 3138 556 angeli
3195 495 3378 540 nostra
3430 501 3596 554 opera
3633 495 3826 540 cuncta

2246 594 2346 634 nec
2369 594 2473 634 non
2504 577 2798 644 orationes,
2833 591 2940 631 non
2972 586 3030 630 ut
3059 577 3174 646 ipse
3217 577 3389 631 discat
3441 593 3563 646 quae
3619 579 3830 633 nescie-

2244 667 2358 732 bat,
2391 668 2525 722 nihil
2547 668 2691 722 enim
2717 675 2802 722 est
2821 666 2965 736 quod
3010 666 3252 736 ignoret;
3287 666 3380 720 sed
3422 667 3554 734 quia
3605 681 3827 721 necesse

2245 759 2406 814 habet
2433 758 2708 814 rationalis
2729 769 2981 813 creatura
3005 760 3392 826 obtemperans
3449 758 3558 812 Deo
3615 768 3825 826 tempo-

2243 853 2385 905 rales
2418 867 2609 906 causas
2637 851 2703 905 ad
2733 851 2990 905 aeternam
3016 849 3296 903 veritatem
3321 849 3552 916 referre,
3601 851 3716 902 sive
3739 867 3829 918 pc-

2246 943 2404 998 tendo
2429 943 2558 1013 quid
2580 958 2708 1014 erga
2745 957 2808 998 se
2855 941 2940 996 vel
2985 957 3110 1012 erga
3156 955 3256 997 nos
3302 940 3418 996 ﬁat.
3474 943 3589 994 sive
3633 957 3826 995 constt-

2243 1032 2401 1088 lendo
2431 1033 2560 1102 quid
2583 1024 2769 1088 faciat.
2805 1032 2906 1100 Qui
2959 1033 3081 1103 pius
3131 1034 3326 1086 mentis
3373 1029 3598 1086 aﬁ‘ectus
3634 1039 3741 1093 est,
3770 1041 3827 1084 ut

2245 1123 2362 1194 ipsa
2391 1134 2757 1190 construatur,
2797 1139 2903 1178 non
2953 1133 3013 1178 ut
3047 1125 3186 1178 Deus
3228 1124 3548 1177 instruatur.
3594 1120 3730 1174 Nam
3773 1132 3823 1175 ct

2244 1214 2382 1294 haec.
2401 1216 2648 1285 quaedam
2701 1215 3026 1270 contestatio
3079 1223 3162 1269 est
3206 1212 3487 1268 rationdis
3536 1220 3824 1274 creatum,

2242 1306 2384 1374 quod
2414 1322 2521 1362 non
2553 1306 2655 1362 sibi
2687 1306 2802 1375 ipsa
2831 1306 2902 1360 sit
2931 1307 3128 1360 bonum
3183 1320 3293 1374 quo
3352 1305 3514 1359 beata
3567 1304 3691 1369 ﬁat;
3731 1305 3824 1358 sed

2243 1397 2370 1454 illud
2393 1397 2850 1458 incommutabile.
2877 1397 3031 1468 cujus
3077 1395 3496 1467 participatione
3536 1397 3704 1451 etiam
3737 1411 3822 1449 sa-

2240 1487 2394 1558 piens
2415 1485 2662 1542 eiﬁcitur.
2688 1472 2812 1542 Hoc,
2831 1486 3012 1556 itaque
3047 1487 3205 1541 modo
3241 1485 3551 1554 diffamatus
3586 1493 3661 1537 est
3685 1484 3824 1552 apud

2249 1576 2528 1630 dominum
2560 1577 2660 1631 iste
2689 1575 2920 1643 villicus,
2941 1589 3110 1644 quem
3137 1575 3337 1647 vocavit
3368 1574 3642 1639 dominus,
3690 1583 3749 1627 ut
3775 1573 3823 1628 ei

2241 1668 2504 1723 rationem
2535 1668 2802 1733 redderet,
2831 1668 2956 1737 quia
2980 1667 3094 1737 ipse
3142 1681 3249 1722 non
3275 1665 3572 1721 novissimo
3593 1680 3695 1736 per
3743 1681 3822 1720 se-

559 1743 1426 1844 perenniteromniumbonorum
1471 1761 1806 1833 plenitudine
1850 1761 2138 1815 immensa.
2167 1743 2217 1804 Β
2244 1758 2530 1828 metipsum
2554 1757 2697 1814 facta
2720 1758 3128 1829 praepositorum
3150 1756 3448 1821 examinat,
3473 1757 3586 1826 .qui
3648 1757 3823 1826 quoti-

547 1861 693 1918 Nam
715 1875 838 1916 esca
860 1858 1140 1928 justorum
1183 1865 1268 1912 est
1286 1867 1523 1926 prmsens
1544 1851 1724 1906 vultus
1756 1850 1846 1905 Dei
1874 1850 1986 1917 qui,
2015 1849 2142 1904 dum

559 1953 679 2008 sine
704 1950 918 2007 defectu
959 1949 1225 2012 cernitur,
1265 1946 1386 2001 sine
1409 1945 1515 1999 ﬁne
1545 1959 1699 1998 meus
1728 1943 1850 1997 cibo
1897 1941 2019 1996 vitae
2052 1955 2142 1996 sa-

570 2042 754 2097 tiatur.
789 2038 943 2096 Unde
963 2039 1230 2092 etdictum
1243 2046 1322 2090 est
1339 2054 1353 2090 :
1376 2035 1409 2090 J
1417 2036 1517 2089 usti
1538 2033 1810 2102 epulerttur
1821 2042 1868 2086 et
1886 2029 2141 2087 exsultent

572 2133 629 2186 in
646 2139 921 2199 conspectu
934 2127 1056 2194 Dei,
1078 2136 1124 2181 et
1139 2127 1456 2181 delectentur
1481 2126 1533 2178 in
1547 2125 1729 2178 laetitia
1753 2121 1923 2193 (Psal.
1972 2135 2140 2185 vau,

525 2241 530 2244 ·
560 2221 640 2293 ι).
673 2220 752 2276 ibi
775 2221 842 2276 de
864 2217 1187 2274 aeternitatis
1226 2217 1486 2272 societate
1524 2214 1796 2276 lzetantur,
1821 2214 1909 2282 qui
1929 2211 2039 2280 jam
2059 2211 2141 2265 la-

561 2326 732 2382 queos
757 2310 1090 2382 voluptuosa
1120 2302 1534 2376 temporalitatis
1557 2315 1864 2358 evaserunt.
1890 2303 1961 2356 lbi
1989 2303 2142 2373 hym-

563 2399 732 2456 nidici
762 2399 1072 2470 angelorum
1097 2395 1273 2469 chori,
1307 2393 1378 2448 ibi
1407 2393 1639 2462 societas
1673 2406 2028 2460 supernorum
2056 2389 2139 2444 ci-

535 2491 728 2561 ⁵νίιιιιι.
762 2489 838 2544 lbi
866 2488 1043 2544 dulcis
1069 2484 1385 2541 solemnitas
1410 2497 1441 2535 a
1482 2481 1932 2552 peregrinationis
1981 2479 2140 2550 hujus

558 2580 701 2636 tristi
732 2578 916 2635 labore
934 2575 1291 2633 redeuntium.
1343 2572 1687 2628 Festiuemus
1718 2573 1881 2643 igitur
1907 2572 2012 2627 hoc
2058 2572 2140 2625 in-

557 2679 705 2725 trare
729 2668 1056 2735 convivium,
1097 2667 1186 2721 ubi
1215 2680 1336 2720 cum
1365 2663 1658 2719 electorum
1690 2663 1929 2717 omnium
1965 2663 2140 2718 socie-

557 2758 896 2832 tatejfestivis
916 2757 1126 2829 gaudiis
1145 2754 1408 2825 perpetim
1423 2752 1780 2818 exsultemus,
1797 2765 1862 2807 co
1882 2752 2140 2822 largiente

559 2850 652 2921 qui
700 2849 830 2906 vivit
877 2857 934 2905 et
981 2854 1172 2918 regnat
1222 2845 1364 2899 Deus
1416 2845 1469 2898 in
1526 2843 1721 2897 stecula
1795 2842 2135 2897 saeculorum.

560 2937 754 2994 Amen.

1145 3021 1428 3078 liOMlLlA
1456 3019 1570 3076 XII.

559 3116 618 3174 lu
642 3129 983 3174 svsucutuu
1029 3128 1305 3171 sscuaouu
1339 3114 1523 3170 Lucstt
1557 3130 1570 3166 :
1601 3112 1743 3166 Dixit
1785 3111 1942 3167 Jesus
1973 3113 2139 3166 disci-

635 3205 776 3277 pulis
815 3205 927 3260 suis
971 3204 1279 3274 parabolam
1320 3203 1497 3255 hanc:
1550 3200 1724 3254 Homo
1777 3203 1990 3271 quidam
2027 3210 2138 3254 erat

629 3297 793 3362 diues,
831 3296 922 3366 qui
978 3295 1198 3348 habebat
1233 3293 1496 3357 villicum;
1543 3301 1590 3345 et
1626 3292 1708 3344 hic
1734 3291 2037 3360 diffamatus
2061 3299 2136 3344 est

622 3388 763 3458 apud
786 3386 920 3441 illud
949 3386 1101 3457 quasi
1135 3384 1437 3453 dissipasset
1466 3383 1600 3438 bona
1629 3383 1814 3452 ipsius.
1845 3381 1910 3434 Et
1939 3381 2136 3436 uocauit

629 3475 803 3542 illum,
827 3484 876 3529 et
896 3475 970 3527 ait
997 3474 1098 3528 illi.
1131 3472 1200 3527 Et
1227 3473 1454 3541 reliqua.
1493 3469 1645 3541 (Luc.
1678 3486 1791 3534 xvi,
1825 3469 1901 3540 1.)

539 3597 542 3603 -
628 3563 756 3618 Haec
789 3575 946 3618 sacra
977 3561 1139 3617 lectio
1161 3562 1262 3616 sub
1293 3561 1468 3631 ﬁgura
1493 3559 1656 3615 villici
1679 3559 1834 3628 prius
1859 3558 2135 3629 dissipan-
2185 3585 2192 3592 -

531 3675 534 3678 ’
559 3656 631 3710 tis
649 3654 791 3710 bona
820 3654 1023 3709 domini
1063 3653 1169 3718 sui,
1192 3661 1248 3708 et
1277 3663 1467 3724 postea
1493 3654 1559 3708 de
1586 3653 1744 3708 bonis
1768 3652 1965 3721 ipsius,
1988 3661 2047 3706 ut
2068 3653 2136 3708 ab

557 3759 626 3802 eo
662 3744 995 3813 laudaretur,
1023 3744 1323 3815 prudenter
1359 3744 1591 3815 egentis,
1622 3743 1860 3811 ostendit
1897 3743 2136 3812 pravita-

560 3848 668 3894 tem
692 3846 750 3894 et
766 3836 1160 3893 correctionem
1213 3834 1496 3904 cujuslibet
1525 3833 1795 3916 praepositi
1857 3835 2132 3901 Ecclesiae,

555 3930 650 4002 qui
675 3929 730 3986 in
762 3928 1044 4000 principiis
1077 3927 1294 3996 quidem
1331 3942 1438 3981 non
1481 3927 1656 3981 solum
1703 3929 1757 3982 in
1806 3941 1886 3994 se,
1941 3927 2038 3982 sed
2079 3935 2135 3981 et

556 4021 612 4077 lu
658 4019 952 4090 usubjectis
1003 4017 1339 4088 disciplinam
1384 4031 1448 4072 ac
1499 4017 1811 4088 religionem
1869 4017 2132 4081 debilitat,

557 4115 754 4186 postea
783 4121 915 4163 vero
961 4117 1071 4162 tam
1104 4121 1164 4162 se
1197 4121 1361 4175 quam
1391 4105 1635 4162 subditos
1664 4106 1917 4163 nobiliter
1942 4119 2130 4160 emen-

553 4194 668 4251 dat.

624 4281 823 4348 Homo.
875 4284 1074 4353 inquit,
1110 4295 1223 4339 erat
1269 4286 1429 4351 dives,
1461 4296 1567 4342 etc.
1625 4286 1795 4341 Homo
1831 4288 1974 4342 enim
2030 4287 2131 4343 iste

2244 1846 2331 1902 die
2359 1861 2456 1916 per
2483 1848 2796 1917 praepositos
2819 1847 3062 1902 actiones
3094 1845 3432 1902 subditorum
3457 1844 3689 1914 iudicat.
3723 1845 3820 1901 Vo-

2243 1939 2387 1994 cavit
2408 1952 2550 2003 eum,
2591 1939 2716 2009 quia
2740 1954 2838 2008 per
2858 1938 3194 2009 aegritudinis
3218 1936 3522 1992 molestiam
3557 1936 3625 1991 ad
3683 1953 3821 1992 mor-

2244 2036 2352 2084 tem
2377 2028 2519 2082 hunc
2547 2044 2765 2099 urgens,
2787 2028 3104 2098 praesentari
3135 2028 3237 2084 sibi
3261 2042 3361 2098 per
3405 2026 3631 2097 angelos
3674 2027 3817 2091 fecit,

2243 2117 2402 2186 eique
2429 2117 2564 2173 dixit
2595 2135 2609 2172 :
2639 2117 2777 2184 Quid
2801 2107 2902 2172 hoc
2919 2118 3080 2172 audio
3123 2117 3188 2171 de
3217 2118 3303 2171 te?
3342 2116 3576 2181 scilicet,
3607 2117 3733 2186 quia
3759 2117 3820 2170 de

2242 2207 2381 2261 meis
2405 2206 2562 2261 bouis
2599 2220 2706 2261 non
2736 2221 2854 2261 mea
2883 2207 3035 2260 lucra
3056 2207 3257 2274 quaeris
3321 2206 3413 2260 sed
3448 2212 3578 2270 tua;
3625 2213 3681 2260 et
3711 2205 3819 2273 qui-

2241 2296 2344 2352 bus
2363 2298 2620 2367 prodesse
2645 2298 2932 2362 debueras,
2971 2299 3126 2352 obes.

2313 2405 2492 2462 Redde
2518 2408 2771 2462 rationem
2803 2406 3287 2461 rillicationistutr.
3342 2405 3466 2460 lant
3508 2407 3668 2471 enim,
3708 2413 3819 2476 post

2242 2505 2498 2563 mortem,
2539 2515 2641 2553 non
2689 2498 2880 2568 poteris
2927 2496 3176 2552 villicare.
3226 2497 3591 2553 Consideraus
3630 2508 3802 2553 autem

2241 2585 2454 2642 villicus
2474 2597 2618 2644 tanta
2648 2602 2708 2644 se
2729 2589 3083 2643 districtionis
3111 2588 3358 2658 angustia
3388 2591 3681 2650 coarctari,
3707 2603 3813 2643 cte-

2240 2674 2320 2742 pil
2356 2679 2667 2748 huiusmodi
2695 2679 3052 2748 cogitationes
3075 2678 3270 2732 anxius
3296 2677 3349 2732 iu
3377 2679 3542 2732 corde
3571 2680 3670 2732 suo
3710 2677 3818 2732 vol-

2240 2759 2406 2831 vere:
2442 2772 2582 2838 Quid
2619 2771 2837 2839 faciant,
2862 2770 2985 2840 quia
3028 2769 3274 2823 dominus
3301 2785 3446 2822 meus
3477 2769 3650 2837 aufert
3683 2785 3715 2822 a
3743 2786 3818 2821 me

2241 2863 2655 2920 villicationem?
2683 2863 2734 2915 id
2766 2870 2849 2916 est
2901 2876 2932 2915 a
2981 2860 3315 2930 prmlatioue,
3370 2875 3534 2929 quam
3579 2860 3738 2916 habui
3768 2862 3815 2914 3n

2240 2955 2505 3018 Ecclesia,
2535 2952 2980 3023 vclutindiguum
3029 2967 3116 3007 me
3145 2967 3242 3021 per
3295 2960 3523 3007 mortem
3579 2951 3810 3020 deponit.

2099 3113 2111 3132 Β
2165 3069 2211 3132 C
2245 3044 2448 3098 Fodere
2473 3045 2583 3113 jam
2606 3053 2725 3112 post
2747 3042 2887 3097 hanc
2908 3042 3072 3097 vitam
3101 3059 3206 3096 non
3230 3041 3396 3107 valeo,
3429 3042 3481 3095 id
3511 3049 3597 3096 est
3619 3049 3816 3096 terram

2243 3134 2424 3189 cordis
2467 3134 2572 3187 mei
2603 3133 2778 3202 ligone
2841 3132 3273 3202 compuncuouis
3312 3143 3369 3186 et
3409 3132 3674 3186 exercitio
3721 3133 3818 3186 dis-

2239 3223 2451 3292 ciplinae
2491 3223 2772 3284 innovare,
2831 3230 2891 3275 ut
2942 3235 3126 3276 semen
3181 3223 3331 3278 verbi
3379 3223 3685 3292 suscipiens
3735 3235 3814 3277 se—

2238 3325 2414 3385 geiem
2438 3314 2697 3386 bonorum
2720 3327 2944 3381 operum
2973 3313 3235 3382 proferat.
3300 3311 3606 3366 Mendicum
3631 3314 3813 3368 erube-

2236 3419 2346 3468 sco,
2379 3403 2430 3456 id
2464 3412 2545 3457 est
2582 3401 2761 3456 cibum
2815 3402 2956 3467 vitae,
3006 3418 3168 3471 quem
3200 3403 3289 3458 hic
3327 3418 3438 3456 non
3493 3403 3813 3472 praeparari,

2237 3496 2540 3550 confundor
2561 3494 2613 3548 in
2639 3495 2731 3550 illo
2762 3495 2959 3550 saeculo
2989 3509 3232 3564 quaerere
3263 3512 3275 3559 ;
3318 3496 3459 3550 sicut
3511 3496 3604 3551 ille
3650 3498 3814 3566 piger,

2237 3589 2328 3660 qui
2344 3589 2496 3656 juxta
2520 3587 2863 3643 Salomonem
2883 3597 3092 3658 propter
3115 3587 3278 3657 frigus
3293 3604 3447 3642 arare
3463 3588 3652 3655 noluit,
3677 3575 3817 3642 ideo-

2235 3696 2340 3751 que
2371 3678 2676 3732 mendicabit
2710 3689 2909 3742 testate,
2955 3689 3004 3732 et
3037 3695 3140 3733 non
3179 3679 3390 3732 dabitur
3411 3680 3461 3733 ei
3492 3677 3683 3750 (Pror.
3722 3693 3816 3742 xx,

2233 3771 2314 3843 4).
2350 3770 2554 3826 Videns
2596 3783 2728 3823 vero
2759 3771 3018 3839 temporis
3060 3757 3297 3840 Spatium
3341 3771 3518 3826 adhuc
3566 3772 3667 3837 sibi
3722 3769 3818 3824 ali-

2234 3860 2376 3931 quod
2398 3859 2462 3912 ad
2486 3859 2919 3915 emendationem
2943 3860 3233 3930 indulgeri,
3264 3873 3486 3928 accepto
3506 3859 3624 3931 jam
3651 3860 3815 3914 ratiu-

2234 3948 2396 4004 nabili
2426 3947 2673 4012 consilio,
2704 3947 2983 4016 subjuuxit
3012 3966 3026 4003 :
3069 3948 3194 4005 Scio
3240 3950 3367 4021 quid
3390 3949 3611 4017 faciant,
3652 3951 3813 4003 idest

2233 4037 2532 4105 excogitavi
2553 4035 2681 4106 quid
2709 4035 2890 4092 facere
2917 4039 3164 4104 debeam,
3196 4049 3254 4092 ut
3283 4057 3400 4094 cum
3429 4052 3641 4094 amotus
3663 4039 3816 4111 fuero

2232 4141 2264 4178 a
2289 4125 2624 4206 rillicatione,
2656 4127 2906 4197 recipiant
2931 4145 3036 4194 me,
3075 4139 3129 4185 et
3151 4129 3586 4185 cobabitatoretn
3615 4131 3821 4185 habere

2232 4218 2524 4288 dignentur
2559 4218 2717 4274 electi
2747 4219 2868 4283 Dei,
2903 4221 2997 4289 qui
3019 4237 3163 4276 nunc
3197 4222 3249 4276 in
3279 4237 3398 4276 mea
3428 4233 3559 4278 sunt
3613 4225 3817 4278 villica-

2233 4309 2408 4374 tione;
2433 4310 2486 4362 in
2511 4309 2692 4363 domos
2715 4326 2862 4374 suas,
2895 4311 2946 4365 id
2973 4319 3055 4366 est
3114 4313 3167 4366 in
3215 4313 3528 4369 mansiones
3559 4325 3813 4379 aeternis,

553 4371 882 4476 intelligetur
907 4373 1170 4430 Mediator
1193 4376 1291 4431 Dei
1318 4390 1366 4430 et
1391 4379 1680 4442 hominum,
1708 4381 1862 4433 homo
1887 4380 2127 4435 Christus

2235 4411 2352 4464 quae
2384 4397 2489 4452 illis
2510 4398 2769 4454 divinitus
2794 4371 2921 4455 sunt
2950 4405 3176 4472 paratae.
3215 4403 3271 4457 ln
3295 4404 3380 4459 his
3425 4419 3559 4474 ergo
3606 4371 3816 4476 cogita:

551 4459 710 4519 Iesus
739 4463 791 4534 (ι
825 4463 962 4519 Tim.
987 4480 1047 4532 ll,
1080 4465 1154 4535 5).
1184 4466 1286 4533 Qui
1315 4474 1371 4520 et
1394 4467 1534 4520 dives
1553 4477 1658 4533 est,
1681 4477 1866 4536 utpote
1902 4467 2130 4525 Creator

489 4593 494 4600 .
553 4558 612 4608 et
628 4549 888 4609 Dominus
903 4553 1178 4620 omnium;
1203 4554 1416 4610 villicus
1450 4565 1630 4611 autem
1669 4573 1700 4610 a
1720 4558 1858 4613 villae
1883 4560 2126 4616 custodia

489 4666 491 4670 ·
518 4689 522 4691 .
551 4657 752 4700 nomen
776 4643 1006 4714 accepit,
1038 4658 1158 4698 eum
1188 4645 1501 4715 signiﬁcans
1527 4645 1682 4714 cujus
1709 4646 1938 4704 cilicium
1961 4661 2044 4705 est
2070 4650 2126 4705 in

550 4732 795 4789 custodia
821 4741 877 4789 et
897 4732 1161 4805 regimine
1212 4734 1468 4791 Ecclesia
1515 4737 1758 4808 vigilare,
1808 4738 1949 4794 sicut
1990 4740 2126 4795 serio

468 4854 472 4860 -
543 4831 703 4895 ptum
726 4832 813 4882 est
840 4841 856 4880 :
882 4822 1004 4883 Nisi
1018 4823 1275 4881 Dominus
1296 4829 1600 4883 custodierit
1625 4829 1904 4895 civitatem,
1924 4831 2124 4899 frustra

548 4911 730 4984 uigilat
747 4915 839 4986 qui
859 4917 1082 4972 custodit
1102 4932 1218 4972 eam
1237 4912 1411 4988 (Psal.
1433 4912 1614 4986 cxxvt,
1638 4919 1712 4990 1).
1746 4919 1967 4976 Villicus
1991 4937 2122 4993 ergo

501 5006 503 5008 ’
545 5003 964 5074 gubernatorem
1012 5005 1270 5066 Ecclesiae
1321 5007 1585 5077 designat.
1634 5007 1741 5062 Sed
1804 5009 2122 5079 plerumque

548 5093 814 5165 contingit
834 5102 893 5150 ut
920 5095 991 5163 is,
1023 5098 1120 5166 qui
1149 5095 1449 5156 Ecclesium
1475 5097 1542 5151 ad
1565 5097 1973 5167 gubernandum
1998 5113 2120 5155 sus-

547 5183 724 5252 cepit,
761 5186 999 5242 terrenis
1025 5187 1324 5248 commodis
1366 5188 1581 5246 inhians
1634 5188 1783 5244 lucra
1819 5189 2117 5259 spiritualia

548 5271 802 5341 negligat,
849 5289 913 5328 ac
934 5274 1074 5330 male
1116 5277 1344 5333 vivendo
1366 5279 1548 5348 pravis
1595 5279 1858 5349 exemplis
1903 5280 2118 5350 religio-

546 5373 669 5414 nem
702 5362 755 5416 in
777 5362 1035 5431 subjectis
1055 5365 1316 5424 destruat.
1341 5368 1447 5425 Sed
1473 5370 1595 5425 talis
1616 5371 1847 5441 quisque
1872 5371 2117 5428 diffama-

547 5456 636 5502 tur
663 5453 803 5518 apud
826 5453 1112 5514 Dominum
1135 5473 1313 5526 suum,
1341 5462 1492 5530 quasi
1515 5461 1811 5531 dissipator
1842 5464 2104 5518 bonorum

544 5537 686 5606 eius.
707 5542 958 5606 quoniam
977 5545 1046 5600 ab
1068 5548 1272 5618 angelis
1294 5563 1476 5607 coram
1498 5550 1616 5607 Deo
1629 5552 1928 5608 recitantur
1947 5567 2111 5622 opera

544 5626 735 5698 ipsius,
763 5642 862 5716 per
878 5646 998 5703 qua
1030 5635 1366 5707 disciplinam
1395 5641 1476 5707 eis
1498 5655 1655 5712 quos
1687 5643 1768 5708 ,ad
1816 5645 2107 5714 regendum

2233 4486 2472 4541 tionibus
2509 4487 2764 4544 dimissus
2785 4504 2849 4545 ac
2871 4491 3115 4560 sospitati
3153 4493 3417 4557 redditus,
3457 4497 3605 4565 quod
3625 4507 3820 4556 mente

2229 4587 2576 4649 conceperat,
2623 4595 2788 4653 Opere
2809 4583 2975 4653 ctepit
3009 4584 3256 4654 implere,
3307 4600 3621 4643 convocans
3669 4588 3818 4642 dehi-

2230 4676 2373 4724 tores
2415 4669 2614 4725 domini
2653 4671 2758 4737 sui,
2787 4671 2890 4728 hoc
2915 4681 2997 4727 est
3025 4675 3281 4730 mortales
3298 4691 3509 4742 omnes,
3534 4693 3818 4748 quoscun-

2227 4771 2331 4826 que
2360 4758 2554 4827 potuit,
2603 4760 2672 4814 ad
2720 4761 2964 4816 auditum
3019 4777 3130 4817 suae
3177 4763 3592 4833 praedicationis
3625 4781 3819 4820 accer-

2224 4864 2370 4904 sens.
2401 4849 2533 4905 Nam
2554 4851 2732 4906 omnis
2760 4853 2922 4907 homo
2945 4853 3160 4909 debitor
3185 4853 3278 4909 Dei
3310 4863 3411 4910 est.
3435 4857 3689 4928 Cumque
3711 4858 3822 4912 sint

2223 4939 2494 4994 debitores
2550 4941 2995 5006 innumerabiles,
3057 4943 3164 4997 duo
3213 4953 3421 4997 tantum
3468 4945 3817 5011 referuntur,

2221 5025 2346 5095 quia
2369 5027 2549 5082 omnis
2571 5028 2660 5083 hic
2698 5028 3130 5084 Christianorum
3163 5030 3388 5098 populus
3417 5031 3470 5084 in
3503 5033 3646 5086 duas
3681 5049 3817 5104 par-

2221 5116 2597 5180 tes-dividitur,
2622 5127 2987 5186 peccatorum,
3016 5118 3285 5179 videlicet,
3317 5129 3480 5187 atque
3510 5119 3814 5189 iustorum.

2219 5203 2430 5260 Primus
2467 5208 2611 5262 enim
2657 5210 2888 5274 debitor,
2925 5209 3010 5263 illa
3063 5225 3189 5279 pars
3230 5222 3314 5264 eSt
3366 5210 3632 5278 ﬁdebam,
3695 5231 3818 5285 qum

2217 5298 2454 5367 peccatis
2475 5299 2650 5353 adhuc
2677 5311 2732 5355 et
2753 5302 2799 5354 vi
2829 5302 2895 5357 iis
2923 5303 3112 5367 servit,
3138 5319 3171 5372 q
3211 5303 3390 5357 oniam
3420 5313 3656 5372 pacata
3684 5321 3818 5373 pm-

2214 5389 2332 5459 prie
2367 5389 2539 5444 solent
2567 5392 2748 5446 vocari
2777 5393 2979 5458 debita,
3029 5395 3195 5458 velut,
3228 5409 3352 5448 cum
3387 5409 3621 5451 oramus
3653 5413 3675 5452 :
3719 5396 3818 5452 Di-

2213 5477 2358 5531 mitte
2373 5479 2522 5532 nobis
2541 5480 2714 5534 debita
2739 5490 2940 5548 nostra,
2964 5484 3097 5536 sicut
3115 5494 3162 5537 et
3184 5501 3276 5540 nos
3301 5485 3620 5541 dimittimus
3663 5490 3820 5543 debi-

2213 5565 2412 5620 toribus
2442 5567 2633 5621 nostris
2658 5568 2876 5639 tHatth.
2906 5586 2980 5637 vr,
3012 5573 3120 5641 l2).
3154 5573 3256 5639 Qui
3314 5574 3523 5628 scilicet
3574 5576 3817 5633 debitor

2212 5668 2412 5712 centum
2437 5660 2594 5714 cados
2620 5661 2720 5714 olei
2747 5676 2805 5715 se
2837 5662 3032 5716 debere
3073 5663 3278 5718 fatetur
3341 5666 3465 5735 quia
3518 5675 3580 5719 ut
3620 5669 3819 5724 indul-
