4060 6292
309 347 412 405 657

1381 343 1690 403 εουιιωι
1729 338 1820 403 ET
1858 342 2461 405 EXHORTATIONES.

3462 350 3567 410 858

308 460 541 533 gentiam
564 466 854 523 mereatur,
888 471 1170 513 mensuras
1187 473 1251 514 ac
1272 460 1604 530 quantitates
1627 463 1880 519 vitiorum
1909 464 1958 522 A
1983 461 2121 519 data:
2148 468 2293 529 sunt,
2328 461 2621 516 insinuant.
2656 462 2787 518 Cori
2813 472 3045 531 namque
3074 462 3253 530 tritici,
3283 474 3566 519 mensuras

306 565 523 607 suorum
554 549 929 605 ecclesiastico
960 551 1141 607 villico
1175 544 1879 627 conititetur.'Ccntenarius

303 643 440 697 enim
458 657 716 697 n-unerus
740 642 1122 713 perfectionem
1136 644 1402 715 designat.
1420 645 1555 702 Cadi
1574 660 1702 703 vero
1723 664 1877 705 men-

302 747 455 787 s-trrs
482 740 847 804 peccatorum.
873 732 1062 788 Oleum
1087 744 1265 789 autem
1300 735 1538 792 favorem
1561 739 1876 795 eorumdem

298 832 663 891 peccatorum,
695 824 910 891 quando
955 825 1078 894 quis
1121 826 1223 882 sibi
1256 826 1358 897 ipsi
1405 827 1583 898 placet
1628 828 1684 882 in
1731 827 1877 884 vitiis

296 912 428 975 suis,
452 912 538 965 vel
567 912 703 966 alios
737 923 1030 982 peccantes
1083 917 1225 972 male
1279 918 1422 973 dulci
1444 918 1754 973 adulatione
1782 919 1876 974 de-

296 998 511 1054 mulcet.
566 1000 641 1055 De
683 1001 981 1070 cujusmodi
1028 1005 1146 1060 oleo
1189 1007 1430 1062 dicitur:
1474 1008 1659 1062 Oleum
1700 1017 1876 1062 autem

292 1093 578 1156 peccatoris
642 1112 746 1150 non
799 1095 1081 1166 impinguet
1118 1107 1273 1165 caput
1308 1112 1478 1152 meum
1524 1096 1698 1167 (Psal.
1747 1113 1872 1165 CXL,

293 1178 371 1247 5).
419 1180 726 1254 impingunt
761 1185 905 1240 enim
958 1194 1114 1250 caput
1159 1186 1331 1241 oleum
1388 1188 1697 1258 peccatoris,
1747 1202 1873 1243 cum

293 1272 562 1329 demulcet
618 1287 854 1330 mentem
907 1275 1061 1331 favor
1094 1277 1385 1333 adulantis.
1435 1278 1573 1346 Quia
1617 1293 1747 1349 ergo
1788 1276 1873 1333 fa-

268 1376 384 1437 .vor
400 1374 455 1416 et
481 1364 720 1419 laudatio
749 1366 1027 1433 vitiorum,
1054 1382 1175 1437 qua:
1203 1383 1353 1444 nunc.
1377 1368 1478 1423 olei
1528 1368 1745 1424 nomine
1774 1370 1871 1425 de-
1924 1433 1926 1436 ,

290 1450 551 1520 signatur,
613 1456 846 1510 maxime
914 1457 1237 1514 damnabilis
1300 1468 1404 1522 est,
1463 1458 1670 1514 idcirco
1721 1460 1873 1514 debi-

292 1553 372 1596 tor
425 1544 530 1599 iste
587 1546 846 1601 medullas
901 1548 1180 1618 culparum
1249 1566 1470 1605 suarum
1546 1549 1816 1607 confitens
1850 1592 1866 1619 ,

292 1633 446 1704 183
480 1646 687 1691 centum
721 1637 878 1692 cados
917 1638 1017 1694 olei
1057 1654 1116 1695 se
1153 1640 1353 1695 debere
1385 1649 1638 1709 testatur,
1671 1642 1869 1700 intelli-

287 1740 413 1794 gens
445 1727 644 1783 multas
672 1729 828 1784 valde
864 1745 986 1785 esse
1023 1746 1305 1787 mensuras
1336 1732 1477 1787 male
1511 1733 1681 1789 dulcis
1719 1734 1867 1791 favo-

1982 548 2241 605 donorum
2304 551 2489 622 gratiae
2550 551 2877 623 significant.
2930 550 3085 620 Quod
3140 567 3284 609 vero-
3328 551 3566 607 triticum

1981 639 2213 695 virtutes
2262 648 2318 694 et
2370 641 2669 709 spiritualia
2723 641 3083 709 charismata,
3139 641 3342 713 quibus
3384 641 3564 696 anima

1978 731 2242 801 pascitur,
2273 731 2538 801 designet,
2564 731 2848 803 Scriptura
2875 734 3033 790 docet
3054 734 3277 790 dicens:
3310 733 3383 788 Et
3401 733 3565 789 ualles

1978 819 2317 875 abundabunt
2358 822 2624 889 frumento
2660 822 2841 892 (Psal.
2887 838 3046 888 utv,
3092 823 3232 896 14)..
3263 824 3502 891 itemque
3545 859 3562 876 .

1978 907 2324 963 Frumentum
2355 911 2617 965 desiderat
2654 915 2813 967 nubes
2847 912 2970 984 (Job
2998 927 3208 978 u-xvn,
3245 913 3353 982 il).
3394 910 3565 966 Valles

1976 998 2209 1070 quippe,
2257 1001 2308 1054 id
2352 1010 2436 1057 est
2474 1001 2735 1067 humiles,
2750 1002 3044 1071 frumento,
3097 1003 3269 1058 idest
3304 1003 3563 1057 virtutum

1976 1096 2170 1164 gratia,
2194 1097 2485 1167 replentur,
2515 1113 2619 1169 qua
2641 1100 2997 1170 spiritualiter
3022 1101 3207 1155 vivant
3231 1110 3287 1155 et
3313 1100 3559 1170 sagiaen-

1977 1193 2083 1238 tur.
2116 1185 2247 1252 Qum
2300 1186 2506 1243 scilicet
2567 1189 2795 1244 virtutes
2833 1189 3359 1253 desiderant'nubes,
3392 1189 3452 1243 id
3474 1196 3560 1244 est

1974 1284 2192 1330 sanctos
2220 1278 2622 1346 praedicatores,
2650 1289 2708 1333 ut
2737 1279 2911 1335 imbre
2940 1279 3228 1335 verborum
3257 1278 3559 1334 cmlestium

1973 1381 2072 1437 per
2108 1380 2203 1422 eos
2232 1367 2498 1439 rigentur.
2532 1368 2752 1424 Centum
2798 1370 2983 1442 itaque
3016 1385 3164 1425 caros
3201 1370 3560 1425 triticidebe.

1972 1458 2067 1513 bat
2113 1459 2243 1526 iste;
2297 1460 2421 1530 quia
2467 1462 2761 1517 secundum
2811 1462 3094 1519 mensuras
3144 1460 3246 1517 sibi
3299 1461 3560 1516 divinitus

1971 1563 2277 1617 concessas,
2309 1552 2694 1621 perfectionem
2744 1553 3005 1608 virtutum
3052 1562 3355 1622 acceperat.
3390 1550 3500 1607 Cui
3524 1565 3561 1606 ι

1969 1636 2147 1692 villico
2168 1637 2375 1705 iussum
2404 1649 2487 1696 est
2514 1650 2573 1695 ut
2607 1642 2658 1697 in
2692 1643 2887 1698 litteris
2924 1643 3057 1709 suis,
3090 1643 3141 1699 id
3169 1650 3255 1699 est
3283 1643 3336 1697 in
3377 1640 3558 1714 operi-

1969 1727 2071 1783 bus
2088 1729 2221 1797 suis,
2248 1746 2359 1800 pro.
2386 1743 2593 1786 centum
2646 1735 2910 1790 scriberet
2938 1735 3226 1804 octoginta,
3252 1733 3304 1790 id
3342 1742 3423 1789 est
3459 1749 3559 1806 pro

287 1815 376 1877 ris,
414 1830 525 1884 quo
566 1817 811 1885 placebat
850 1820 953 1875 sibi
1004 1820 1060 1874 in
1097 1821 1353 1890 nequitiis
1381 1822 1515 1880 suis.
1544 1830 1599 1875 et
1634 1823 1864 1881 aliorum
1895 1804 1946 1868 Β
1970 1818 2221 1874 omnibus
2248 1835 2366 1889 Quae
2394 1820 2646 1885 debebat.
2671 1823 2779 1876 Deo
2802 1823 3022 1894 dignum
3062 1839 3123 1878 se
3155 1822 3334 1878 futura
3368 1804 3557 1882 resur-

284 1902 411 1957 vitia
440 1906 734 1961 mulcebat.
769 1907 906 1965 Huic
934 1910 1117 1979 itaque
1139 1910 1293 1981 jubet
1321 1912 1530 1969 villicus
1551 1924 1612 1971 ut
1644 1924 1867 1986 accepta

283 1996 556 2063 cautione,
586 1998 638 2052 id
674 2010 757 2055 est
794 2010 1001 2056 retenta
1039 2012 1096 2058 et
1137 2003 1411 2060 refrenata
1454 2004 1697 2075 priorum
1737 2023 1868 2078 ope-

283 2101 397 2139 rum
425 2087 803 2159 impressione,
834 2093 1036 2157 Sedeat,
1074 2093 1126 2148 id
1156 2103 1241 2149 est
1271 2095 1585 2152 ltumilietur
1611 2108 1666 2152 et
1695 2100 1872 2168 poeni-

284 2184 407 2231 teat.
443 2177 579 2234 Nam
607 2182 748 2251 quod
781 2183 962 2238 cautio
992 2183 1220 2239 formam
1253 2194 1310 2241 et
1340 2186 1754 2257 impressionem
1780 2189 1867 2245 vel

279 2281 570 2324 numerum
612 2286 836 2341 operum
865 2274 1129 2346 designet,
1163 2276 1400 2331 indicant
1439 2276 1737 2349 figuraliter
1764 2295 1867 2335 cae-

280 2359 501 2425 laturm,
548 2377 686 2431 quas
731 2363 985 2420 Salomon
1032 2368 1085 2420 in
1135 2368 1332 2437 templo
1377 2369 1570 2425 fecisse
1610 2370 1862 2427 refertur.

278 2450 430 2517 Quod
463 2462 646 2507 autem
677 2455 848 2511 sessio
872 2457 1299 2514 humiliationem
1327 2460 1614 2531 significet,
1647 2474 1866 2521 sanctus

280 2542 447 2597 David
478 2546 733 2614 operibus
763 2555 817 2601 et
858 2549 1038 2604 verbis
1066 2551 1322 2611 ostendit.
1353 2553 1443 2621 qui
1483 2569 1607 2609 cum
1637 2568 1697 2610 se
1724 2556 1862 2610 mul-

281 2642 391 2688 tum
423 2636 755 2703 humiliaret,
784 2639 1047 2708 ingressus
1073 2651 1169 2707 est,
1197 2652 1256 2696 ut
1287 2641 1565 2712 Scriptura
1602 2644 1863 2717 loquitur,

281 2736 325 2780 et
346 2728 483 2781 sedit
515 2745 693 2783 coram
720 2729 966 2799 Domino,
994 2731 1227 2803 dixitque
1253 2750 1272 2788 :
1314 2734 1443 2798 Quis
1470 2750 1561 2805 ego
1590 2752 1727 2803 sum,
1754 2736 1862 2791 Do-

282 2817 412 2872 mine
447 2818 612 2882 Deus,
635 2830 680 2873 et
696 2836 812 2890 qua:
835 2821 1020 2875 domus
1040 2839 1176 2887 mea,
1197 2823 1319 2895 quja
1350 2824 1616 2879 adduxisti
1654 2844 1734 2881 me
1758 2828 1861 2881 Ituc

283 2923 437 2977 usque
459 2908 545 2979 (II
564 2908 693 2981 Reg.
708 2911 911 2980 vtt,'l8)
926 2956 932 2962 .
949 2912 1012 2967 Et
1038 2927 1129 2967 rex
1145 2911 1334 2970 Ninive
1357 2915 1625 2985 paenitens
1643 2916 1861 2974 indutus

280 3007 624 3063 estsacco,et
654 3002 792 3056 sedit
826 3002 885 3057 in
900 3002 1080 3058 cinere
1110 3001 1258 3073 (Ion.
1285 3004 1461 3076 111,6.)
1491 3004 1692 3062 Sedere
1731 3022 1860 3077 ergo

280 3088 487 3145 debitor
524 3092 627 3147 iste
661 3093 992 3164 praecipitur,
1019 3103 1080 3150 ut
1107 3096 1174 3150 ad
1203 3096 1574 3166 paenitentiam
1611 3098 1861 3154 humilie—

282 3188 381 3235 tur.
405 3183 471 3236 Et
497 3185 633 3252 quia
662 3185 926 3241 incertum
951 3198 1034 3242 est
1056 3202 1163 3257 qua
1194 3189 1327 3244 hora
1353 3186 1500 3243 mors
1526 3191 1727 3255 veniat,
1758 3190 1860 3245 cito

205 3311 209 3315 .
283 3272 477 3338 sedere,
524 3276 650 3328 dum
690 3276 867 3331 adhuc
907 3287 1081 3341 vacat,
1107 3277 1345 3344 jubetur.
1396 3278 1665 3345 Scribere,
1694 3279 1747 3334 id
1776 3287 1862 3335 est

280 3365 529 3431 operibus
552 3365 1248 3438 adnotarc,quinquaginta,
1274 3369 1325 3425 id
1353 3377 1437 3424 est
1461 3370 1873 3440 pmnitentiam,

282 3452 594 3521 imperetur.
626 3455 898 3527 Quidquid
927 3460 1073 3513 enim
1102 3474 1415 3529 operantur,
1443 3460 1598 3531 quasi
1636 3461 1691 3514 in
1722 3459 1860 3517 libro

282 3546 585 3614 scribimus,
613 3556 672 3601 ut
704 3548 756 3601 in
786 3549 874 3602 die
906 3546 1093 3615 judicii
1125 3563 1305 3604 coram
1336 3549 1550 3605 Christo
1580 3551 1857 3605 recitetur.

283 3631 424 3690 Unde
468 3637 665 3692 Daniel
697 3657 709 3692 :
738 3638 1010 3695 Iudicium
1052 3641 1215 3706 sedit,
1267 3649 1315 3694 et
1358 3640 1478 3695 libri
1520 3643 1686 3710 aperti
1736 3650 1857 3696 sunt

283 3724 443 3794 (Dan.
482 3744 600 3789 vn,
650 3729 769 3797 10).
816 3730 1316 3799 Quinquagcnarius
1370 3740 1551 3787 autem
1602 3746 1860 3787 numerus

283 3818 648 3883 paenitentiam
695 3828 749 3874 et
783 3822 1155 3876 remissionem
1194 3834 1539 3893 peccatorum
1576 3817 1855 3892 designat;

283 3905 397 3970 quia
422 3916 476 3960 et
512 3907 682 3962 David
707 3908 757 3962 in
778 3910 1227 3981 quinquagesimo
1256 3913 1461 3981 psalmo
1483 3914 1855 3983 pceniteutiam

284 4008 436 4062 agens
464 3998 681 4051 veniam
713 4009 1055 4067 peccatorum
1086 4002 1336 4057 obtinuit.
1381 4003 1448 4057 Et
1477 4003 1858 4073 quinquagesi-

287 4098 396 4139 mus
434 4100 614 4141 annus
643 4087 693 4140 in
726 4088 841 4158 lege
880 4091 1132 4159 jubilceus
1176 4102 1265 4147 est
1308 4093 1613 4158 institutus,
1657 4094 1707 4147 in
1748 4107 1857 4162 quo

285 4172 435 4230 ﬁebat
463 4177 734 4233 remissio.
759 4180 864 4235 Pro
882 4192 1085 4236 centum
1105 4198 1234 4253 ergo
1255 4185 1441 4238 scribit
1459 4185 1851 4254 quinquaginta,

285 4264 367 4331 qui
393 4282 487 4335 pro
516 4280 889 4324 consummata
920 4272 1170 4328 vitiorum
1202 4273 1614 4343 multiplicitate,
1641 4276 1859 4329 eviden-

266 4362 385 4410 tem
421 4360 537 4413 suis
570 4361 823 4429 operibus
855 4363 1111 4417 memoria
1143 4364 1361 4432 dignam
1405 4367 1642 4421 ostendit
1684 4368 1856 4437 paeni--

289 4447 520 4511 tentiam,
550 4449 603 4502 in
634 4466 738 4519 qua
767 4458 821 4504 et
852 4452 1185 4508 remissionis
1212 4455 1439 4524 gratiam
1469 4465 1851 4525 consequatur.
1887 4484 1932 4538 Β

289 4534 433 4592 Sicut
458 4549 639 4594 autent
664 4541 870 4610 primus
895 4543 1104 4598 debitor
1128 4543 1206 4598 vel
1230 4560 1348 4599 cam
1378 4557 1586 4615 partem
1617 4547 1853 4602 fideliqu

286 4638 396 4691 qua:
428 4632 665 4698 peccatis
706 4639 785 4684 est
820 4631 1057 4698 subdita,
1087 4633 1171 4686 vel
1203 4650 1639 4704 unumquemque
1665 4650 1853 4704 pecca-

256 4735 261 4741 ι
290 4722 451 4771 torum
476 4720 746 4786 insinuat;
780 4721 851 4774 ita
877 4724 1142 4777 secundus
1168 4722 1249 4777 vel
1269 4739 1388 4777 eam
1416 4733 1621 4793 partem
1647 4739 1855 4790 eorum,

287 4814 342 4858 ut
385 4808 583 4864 dictum
622 4819 725 4875 est,
767 4826 886 4883 qua:
926 4810 1045 4878 just.
1065 4811 1194 4865 tiam
1246 4822 1502 4877 sectatur,
1547 4814 1627 4867 vel
1665 4829 1859 4867 unum-

287 4911 546 4970 quemque
580 4900 784 4968 justum
833 4902 1121 4971 signiﬁcat.
1168 4901 1302 4955 Nam
1334 4913 1388 4958 et
1413 4902 1593 4971 justus
1630 4904 1859 4973 quisque

287 4986 489 5044 debitor
523 4991 617 5046 Dei
668 5002 779 5055 est,
821 4993 1078 5062 quoniam
1122 4993 1299 5046 omnia
1339 4993 1475 5048 bona
1521 5008 1641 5064 qum
1680 4994 1747 5047 ab
1790 5007 1856 5048 eo

289 5085 540 5152 percepit,
572 5085 731 5138 debet
768 5084 876 5149 illi;
923 5092 981 5138 ut
1014 5085 1199 5139 eadem
1239 5083 1325 5138 vel
1362 5085 1533 5154 paria,
1576 5086 1619 5139 si
1657 5091 1855 5154 potest,

290 5172 499 5236 reddat;
540 5175 584 5227 si
619 5184 799 5229 autem
840 5188 948 5228 non
976 5182 1172 5244 potest,
1203 5173 1286 5227 vel
1319 5174 1615 5230 debitorem
1647 5191 1706 5231 se
1735 5190 1859 5232 esse

291 5257 558 5319 humiliter
604 5274 891 5335 agnoscat,
934 5273 989 5319 et
1030 5264 1231 5334 gratias
1277 5280 1441 5334 agens
1490 5266 1676 5321 dicat:
1713 5266 1856 5332 Quid

292 5351 561 5404 retribuam
595 5352 815 5407 Domino
848 5369 941 5422 pro
983 5354 1219 5407 omnibus
1254 5370 1371 5423 qua:
1408 5355 1642 5409 retribuit
1684 5356 1810 5411 mihi
1832 5357 1859 5410 i’

293 5437 454 5507 (Psal.
484 5457 608 5511 cxv,
636 5442 750 5513 12.)

360 5531 570 5590 Centum
602 5534 801 5605 quippe
837 5534 949 5590 cori
984 5536 1165 5602 tritici,
1194 5551 1329 5605 quos
1369 5552 1427 5592 se
1469 5538 1666 5595 debere
1696 5547 1857 5596 testa-

245 5647 249 5656 -
297 5627 397 5685 tur,
426 5624 806 5692 perfectionem
836 5623 1083 5693 justitim,
1114 5635 1538 5698 caeterarumque
1573 5628 1854 5695 virtutum,

270 5723 409 5779 quae
456 5712 528 5769 illi
585 5715 874 5772 secundum
936 5729 1241 5772 mensuram
1298 5719 1599 5777 donationis
1654 5719 1857 5777 Christi

1888 3152 1932 3212 C

1970 1911 2392 1980 rectionejustis
2429 1914 2639 1969 actibus
2677 1915 2978 1970 exhiberet.
3009 1914 3227 1970 Littera
3250 1914 3393 1970 enim
3419 1927 3557 1985 quas

1968 2001 2276 2068 scribimus,
2309 2004 2547 2059 actiones
2575 2013 2773 2059 nostra:
2796 2013 2944 2071 sunt,
2969 2020 3104 2075 quas
3130 2006 3324 2060 divinae
3350 2019 3558 2060 memo-

1970 2093 2062 2147 ria:
2089 2096 2455 2165 assignamus,
2483 2095 2596 2149 sive
2628 2095 2938 2160 honas,sive
2972 2094 3160 2150 malas.
3186 2090 3337 2151 Unde
3360 2102 3416 2149 et
3441 2095 3557 2162 ipse

1968 2181 2034 2236 de
2073 2185 2218 2237 omni
2254 2199 2418 2253 Opere
2451 2185 2592 2254 quod
2631 2194 2855 2256 egerunt
2895 2186 3163 2252 homines,
3207 2184 3336 2239 dicit
3370 2198 3386 2237 :
3418 2182 3555 2238 Ecce

1966 2274 2216 2341 scriptum
2260 2284 2334 2327 est
2375 2291 2551 2328 coram
2593 2291 2675 2329 me
2705 2274 2840 2346 (Isa.
2875 2291 3000 2339 va,
3049 2274 3125 2345 6).
3166 2274 3562 2344 Oc'togenarius

1967 2369 2153 2415 autem
2176 2377 2451 2425 numerus,
2481 2363 2621 2418 sicut
2647 2374 2701 2419 et
2730 2365 3053 2421 octonarius
3071 2364 3330 2436 mysterio
3369 2378 3551 2418 resur-

1968 2443 2223 2499 rectionis
2258 2447 2530 2515 congruit,
2564 2449 2687 2517 quia
2718 2460 2773 2503 et
2802 2449 3016 2505 Domini
3050 2451 3381 2507 resurrectio
3408 2450 3554 2505 facta

1967 2542 2051 2587 est
2088 2542 2279 2589 octava
2310 2535 2415 2602 die,
2449 2544 2503 2590 et
2543 2546 2728 2591 nostra
2755 2553 2967 2607 quoque
3004 2548 3127 2608 post
3163 2548 3375 2608 septem
3411 2539 3550 2604 dies,

1965 2620 2161 2693 quibus
2189 2640 2349 2681 omne
2397 2635 2605 2697 tempus
2640 2627 2895 2695 volvitur,
2924 2630 2975 2683 id
3009 2641 3093 2685 est
3131 2630 3184 2684 in
3225 2630 3311 2686 die
3339 2628 3548 2697 judicii,

1965 2726 2084 2785 qua:
2108 2717 2213 2772 erit
2238 2722 2450 2784 oetava,
2490 2720 2789 2788 proveniet.
2822 2719 2979 2776 Unde
3008 2729 3058 2775 et
3092 2720 3328 2776 nonnulli
3356 2720 3550 2791 psalmi

1962 2822 2057 2875 pro
2105 2818 2286 2863 octaua
2336 2810 2667 2867 scribuntur.
2713 2812 2838 2868 Suis
2885 2822 3014 2883 ergo
3062 2811 3258 2868 litteris
3307 2812 3553 2869 inscribit

1963 2890 2368 2972 octoginta,'qui
2408 2902 2522 2956 suis
2544 2903 2801 2972 Operihus
2823 2903 3043 2975 dignum
3088 2917 3148 2959 se
3181 2901 3271 2957 illa
3302 2917 3547 2959 resurre-

1963 2985 2140 3043 Clione
2167 2998 2224 3044 et
2250 2990 2542 3046 electorum
2573 2993 2836 3049 societate
2864 2995 3218 3049 demonstrat.

2034 3078 2159 3135 Haec
2192 3091 2317 3137 sunt
2359 3084 2544 3152 itaque
2582 3084 2637 3139 in
2672 3086 2867 3155 quibus
2911 3087 3149 3155 prudens
3190 3085 3404 3141 villicus
3441 3096 3552 3141 tam

1963 3184 2023 3225 se
2052 3186 2214 3240 quam
2246 3173 2577 3231 habitatores
2602 3175 2742 3232 villae
2769 3192 2900 3243 suae,
2929 3177 2983 3232 id
3010 3186 3094 3232 est
3128 3176 3267 3232 ftl’os
3296 3176 3552 3232 Ecclesia

1963 3277 2123 3331 quam
2175 3265 2413 3334 regebat,
2448 3266 2727 3338 corrigere
2772 3278 2828 3323 et
2865 3267 3151 3324 meliorare
3194 3268 3419 3332 studuit,
3451 3282 3551 3337 pro

1962 3351 2159 3420 quibus
2201 3363 2256 3409 et
2302 3355 2509 3411 laudari
2558 3371 2589 3412 a
2637 3358 2864 3413 Domino
2914 3357 3248 3413 meruit.~Et
3281 3373 3382 3412 nos
3418 3373 3549 3429 ergo

1961 3440 2241 3500 laudemus
2266 3460 2387 3501 eum
2411 3447 2501 3516 qui
2529 3448 2715 3503 divino
2741 3447 2992 3504 laudatur
3011 3449 3249 3520 judicio;
3292 3464 3393 3504 nec
3425 3463 3549 3515 eum

1962 3532 2016 3587 in
2062 3533 2262 3603 aliquo,
2301 3536 2612 3606 priusquam
2659 3546 2939 3594 correctus
2985 3547 3089 3604 est,
3131 3540 3427 3595 audeamus
3464 3553 3549 3594 re-

1958 3627 2322 3695 prehendere;
2361 3637 2417 3681 ut
2445 3629 2559 3684 lucc
2589 3639 2838 3699 putemus
2874 3630 2928 3685 in
2969 3631 3056 3688 his
3088 3648 3207 3702 quae
3238 3648 3364 3703 erga
3397 3633 3549 3688 debi-

1960 3727 2105 3771 tores
2128 3718 2256 3787 egit,
2283 3720 2497 3775 domino
2517 3720 2761 3777 fraudem
2786 3722 2979 3777 fecisse
3004 3739 3023 3776 :
3043 3724 3137 3779 sed
3160 3725 3336 3793 potius
3362 3724 3549 3778 creda-

1961 3824 2079 3862 mus
2107 3826 2228 3864 cum
2270 3811 2320 3864 in
2357 3812 2441 3865 his
2482 3812 2629 3867 lucra
2667 3814 2879 3868 Domini
2912 3815 2995 3867 sui
3034 3816 3285 3882 prudenti
3322 3815 3548 3869 consilio

1959 3902 2255 3969 quiesiisse,
2284 3910 2337 3956 et
2375 3904 2491 3972 ejus
2525 3904 2854 3959 voluntatem
2894 3905 3168 3974 implesse.
3200 3905 3300 3970 Qui
3336 3914 3545 3959 tantum

1960 3993 2134 4045 adhuc
2164 3992 2454 4061 iniquitatis
2482 3993 2682 4046 villicus
2715 3992 3036 4065 appellatur,
3068 3993 3194 4061 quia
3225 3994 3374 4063 prius
3405 3994 3546 4048 villi-

1959 4091 2137 4134 catum
2165 4096 2319 4135 suum
2351 4082 2529 4150 inique
2552 4083 2840 4147 tractabat,
2866 4083 3006 4136 sicut
3027 4092 3084 4136 et
3104 4082 3545 4152 Matthmus,quia

1958 4168 2263 4237 publicanus
2305 4168 2512 4237 fuerat,
2559 4171 2722 4226 etiam
2774 4171 2826 4223 in
2883 4170 3249 4240 apostolorum
3301 4171 3545 4242 catalogo

1957 4258 2267 4331 publicanus
2302 4248 2516 4314 dicitur.
2565 4262 2669 4316 Sed
2701 4262 2753 4315 itt
2787 4261 2873 4316 his
2907 4260 3158 4315 omnibus
3191 4271 3274 4317 est
3311 4262 3545 4318 maxime

1959 4350 2297 4419 praedicanda
2322 4352 2544 4421 piissimi
2571 4351 2768 4421 judicis
2789 4352 2962 4409 nostri
2988 4353 3388 4422 misericordia,
3417 4354 3539 4425 qui,

1959 4456 2080 4496 cum
2113 4443 2257 4499 hunc
2299 4451 2456 4498 antea
2487 4454 2755 4507 vocasset,
2788 4456 2843 4500 et
2866 4446 3014 4515 justo
3041 4443 3248 4515 judicio
3282 4447 3545 4503 damnare

1961 4534 2240 4603 potuisset,
2269 4536 2456 4589 maluit
2490 4550 2613 4590 cum
2653 4536 2858 4590 indulto
2898 4529 3095 4593 rursus
3118 4538 3330 4594 vivendi
3370 4540 3545 4609 spatio

1960 4639 1989 4675 a
2022 4634 2193 4678 morte
2232 4640 2504 4690 revocare,
2538 4634 2595 4679 ut
2637 4628 2978 4696 postmodum
3017 4629 3162 4685 hunc
3198 4631 3553 4686 emendatum

1961 4726 2137 4782 posset
2162 4716 2303 4769 inter
2323 4716 2525 4770 amicos
2552 4726 2883 4787 computare.
2909 4718 3210 4788 Complcvit
3232 4723 3373 4777 enim
3398 4724 3543 4791 quod

1960 4803 2168 4859 locutus
2202 4804 2396 4870 fuerat,
2430 4806 2556 4875 quia
2599 4807 2718 4860 nolo
2756 4818 2974 4862 mortem
3007 4810 3315 4877 peccatoris,
3355 4811 3447 4863 sed
3485 4821 3543 4863 ut

1960 4898 2128 4965 magis
2156 4907 2487 4951 convertatur
2514 4908 2562 4952 et
2590 4900 2724 4954 vivat
2752 4900 2968 4970 (Ezeclt.
3000 4913 3155 4961 xvnt,
3186 4897 3297 4967 '53).
3329 4898 3409 4951 Ad
3439 4899 3549 4953 hoc-

1960 4996 2138 5042 autem
2189 4988 2332 5058 quod
2380 4990 2593 5044 dixerat
2642 4990 2871 5044 villicum
2919 4989 3207 5060 iniquitatis
3262 4988 3542 5056 prudenter

1958 5078 2173 5145 fecisse,
2205 5081 2480 5151 subjungit
2506 5082 2852 5144 sententiam,
2882 5082 2933 5143 in
2963 5096 3069 5149 qua
3099 5077 3370 5148 signiﬁcat
3404 5078 3541 5139 mul-

1961 5177 2045 5224 tos
2071 5169 2263 5225 similia
2293 5170 2495 5226 facere.

2031 5258 2170 5325 Quia
2207 5260 2326 5329 ﬁlii,
2358 5260 2553 5329 inquit,
2585 5259 2746 5327 hujus
2778 5258 2978 5324 steculi,
3015 5259 3373 5326 prudentiores
3412 5257 3535 5327 [iiiis

1958 5354 2157 5408 lucisftn
2181 5353 2512 5425 generatione
2532 5369 2631 5408 sua
2652 5359 2795 5405 sunt.
2825 5348 2957 5403 Filii
2977 5351 3118 5406 enim
3141 5351 3320 5404 sweuli
3341 5366 3540 5406 vocan~

1960 5454 2047 5500 tur
2091 5446 2181 5518 qui
2222 5443 2535 5501 saecularem
2572 5444 2737 5498 vitam
2785 5441 3007 5497 ducunt.
3045 5439 3170 5494 Filii
3197 5449 3377 5494 autem
3405 5441 3539 5496 lucis

1953 5535 2085 5607 justi
2124 5536 2394 5590 dicuntur.
2427 5530 2536 5589 Sed
2576 5541 2703 5588 sunt
2742 5532 2905 5603 aliqui
2928 5529 3079 5598 justi,
3106 5530 3220 5600 qui,
3246 5528 3369 5585 licet
3394 5528 3541 5599 justo
3588 5573 3598 5581 .

1958 5627 2152 5696 vivant,
2189 5634 2244 5682 et
2273 5625 2478 5682 illicitis
2503 5640 2563 5681 se
2594 5625 2935 5693 contineant,
2968 5634 3156 5694 magna
3186 5630 3365 5678 tamen
3397 5624 3538 5679 bella
3591 5628 3611 5642 δ

1909 5719 1914 5725 ’
1958 5730 2232 5787 nunquam
2260 5725 2579 5789 operantur.
2612 5718 2676 5772 lat
2703 5731 2829 5773 sunt
2866 5730 2975 5785 am,
3001 5715 3092 5787 qui
3132 5714 3283 5787 prius
3310 5712 3539 5787 sucula:
