4060 6292
1366 331 1696 392 ΠΟΜΙΙΔῶ
1734 331 1822 390 ET
1859 331 2464 399 EXHORTATIONES.

3461 339 3566 397 668

301 456 494 518 errore
534 443 603 497 ad
640 441 926 498 veritatem
969 443 1355 524 redieruntsln
1397 446 1485 503 eis.
1505 447 1651 503 enim
1690 447 1886 504 transit
1912 451 1966 512 Α
1994 447 2137 505 tibus
2169 432 2511 522 convertens,
2551 457 2607 505 et
2648 464 2902 522 magnum
2945 451 3219 524 religionis
3266 451 3567 511 incremen-

299 530 355 584 in
377 526 739 599 Hierusalem,
765 548 899 602 quos
932 549 1029 589 sua
1067 521 1307 590 membra
1339 528 1513 592 factus
1540 536 1606 592 de
1633 537 1881 607 praesenti

212 666 229 677 .
294 622 500 677 seculo
550 638 781 691 nequam
827 625 1022 701 eripit,
1070 634 1138 705 .et
1179 626 1248 682 ad
1294 641 1540 697 supernae
1585 626 1882 696 majestatis

244 734 247 739 ⁴
294 724 613 781 perpetuam
662 716 1174 786 contemplationem
1219 718 1486 788 perducit.
1530 718 1750 775 Transit
1791 735 1883 790 per

292 807 526 861 mediam
571 807 873 863 Samariam
910 819 956 864 et
995 807 1303 874 Galilaeam,
1345 811 1398 875 id
1431 819 1516 866 est
1556 807 1883 881 dividitper

291 898 532 952 medium
559 897 650 953 tali
676 899 903 953 transitu
917 896 1217 954 Samariam
1235 909 1284 953 et
1297 897 1594 966 Galilteam,
1608 914 1706 971 per
1723 916 1904 972 quas,_

292 997 355 1040 ut
404 989 769 1057 dictum.est,
822 989 1174 1067 intelligimus
1221 989 1392 1059 iustos
1421 1001 1479 1046 et
1525 992 1870 1062 poenitentes,

288 1078 420 1147 quia
450 1080 700 1137 videlicet
722 1090 778 1136 et
808 1097 875 1137 ex
910 1080 1092 1149 justis,
1124 1090 1178 1136 et
1207 1096 1274 1136 ex
1304 1083 1584 1138 conversis
1618 1083 1879 1154 quosdam

287 1170 521 1242 eligens,
542 1177 617 1226 ad
648 1184 855 1231 terram
876 1174 1174 1245 viventium
1203 1174 1589 1239 secumducit,
1617 1173 1881 1246 quosdam

265 1268 477 1315 autem
506 1276 579 1317 ex
610 1261 691 1317 eis
733 1262 822 1317 hic
867 1263 1041 1318 adhuc
1077 1264 1351 1333 agoniaari
1388 1264 1670 1334 permittit.
1702 1262 1881 1320 Verbo

284 1357 474 1405 autem
498 1351 756 1421 praeteriti
787 1350 1088 1421 imperfecti
1117 1353 1333 1420 dicitur,
1360 1355 1484 1424 quia
1516 1354 1795 1419 transibat,
1821 1361 1882 1408 ut

284 1438 455 1494 detur
476 1440 629 1496 nobis
658 1439 881 1509 intelligi
905 1440 1033 1512 quia
1060 1443 1320 1499 transitus
1346 1444 1460 1514 ipse
1484 1443 1722 1498 nondum
1756 1458 1881 1513 per-

283 1542 445 1587 actus
469 1541 571 1597 e5t,
596 1532 691 1589 sed
720 1532 896 1589 adhuc
933 1533 1127 1603 agitur.
1154 1533 1244 1587 llla
1273 1550 1401 1590 vero
1429 1551 1556 1606 pars
1585 1536 1881 1591 electorum

283 1636 412 1690 qua
452 1625 719 1679 retinetur
760 1628 814 1679 in
854 1624 1015 1695 huius
1052 1624 1528 1697 vittalaboribus,
1569 1628 1883 1700 designatur

278 1726 400 1768 non
441 1714 739 1785 incongrue
764 1731 873 1786 per~
886 1713 1179 1782 castellum,
1211 1717 1277 1772 de
1317 1733 1425 1788 quo
1454 1719 1703 1775 subditur
1729 1719 1879 1788 quia,

1986 546 2097 594 tum
2143 541 2195 596 ei
2240 542 2495 613 largiens.
2545 539 2611 597 Et
2663 550 2790 598 tunc
2834 542 3151 613 spiritaliter
3197 544 3377 616 agitur
3423 538 3567 615 quod
3606 562 3615 573 θ

1983 631 2187 689 dictum
2215 641 2297 687 est
2321 632 2470 702 quia,
2499 631 2626 687 dum
2657 624 2772 703 ipse
2802 633 3072 689 castellum
3114 634 3219 689 hoc
3253 635 3565 705 ingreditur,

1982 730 2323 785 occurrerunt
2361 721 2410 776 ei
2449 725 2624 776 decem
2664 723 2760 776 uiri
2804 722 3013 792 leprosi.
3052 721 3190 777 Nam
3236 724 3441 777 invenit
3473 740 3567 791 cos

1982 819 2172 869 contra
2214 824 2273 883 se
2324 811 2627 877 tendentes,
2654 810 2706 864 id
2747 819 2833 866 est
2871 811 2957 866 via
2997 812 3098 867 sibi
3134 812 3402 867 contraria
3443 828 3569 882 gra-

1982 898 2212 967 dientes,
2245 900 2370 955 dum
2414 899 2490 954 illi
2538 899 2685 955 foras
2729 908 2785 954 ct
2828 900 2944 970 ipse
2989 902 3159 957 tendit
3196 902 3372 967 intus;
3404 911 3568 973 atque

1981 989 2127 1044 sistit
2172 1003 2287 1056 eos,
2323 999 2380 1046 et
2426 999 2573 1046 stare
2615 989 2742 1045 facit
2773 1000 2937 1062 atque
2972 994 3204 1058 cessare,
3237 1009 3304 1049 ne
3340 1004 3567 1065 pergant

1981 1080 2207 1137 ulterius
2244 1082 2298 1136 in
2335 1081 2420 1137 via
2451 1096 2724 1152 perversa.
2764 1081 3031 1139 Steterunt
3067 1085 3287 1157 eteuim,
3323 1095 3380 1140 et
3413 1095 3567 1148 stcta.

1982 1162 2103 1245 runt
2132 1172 2381 1243 alonge;
2423 1174 2550 1244 quia
2579 1189 2689 1229 non
2725 1174 2905 1231 statim
2941 1185 3228 1245 potuerunt
3258 1179 3306 1233 ei
3344 1178 3564 1249 propin-

1981 1274 2172 1329 quare,
2208 1262 2303 1316 sed
2347 1263 2534 1331 procul
2575 1273 2791 1320 stantes.
2828 1265 3133 1331 versisunt
3166 1267 3235 1322 ad
3270 1282 3478 1337 preces,
3508 1275 3564 1325 et

1982 1365 2180 1420 magno
2201 1352 2384 1407 cordis
2408 1352 2644 1409 clamore
2670 1355 2926 1417 dixerunt
2944 1353 2976 1413 ,ε’
2995 1354 3129 1412 Iesu
3143 1370 3447 1429 praceptor,
3464 1359 3564 1412 mi-

1981 1457 2150 1496 serere
2170 1444 2355 1496 nostri.
2372 1441 2488 1498 Non
2510 1443 2896 1502 intellexerunt
2913 1461 3035 1502 eum
3057 1462 3178 1503 esse
3201 1445 3562 1515 Salvatoretn,

1986 1532 2144 1602 185
2168 1533 2261 1603 qui
2291 1542 2637 1603 peccatorum
2668 1537 2885 1591 morbos
2912 1553 3101 1595 omnes
3127 1553 3322 1595 sanare
3358 1541 3555 1610 possit,

1982 1632 2038 1699 _et
2067 1638 2126 1679 se
2154 1624 2505 1681 miserosob
2535 1628 2639 1682 hoc
2662 1641 2784 1683 esse
2829 1628 3005 1687 factos
3026 1639 3384 1701 agnoverunt,
3431 1630 3591 1698 quin

1981 1712 2268 1783 praeceptis
2281 1714 2560 1770 contraria
2577 1713 2850 1781 fecerant;
2878 1716 3107 1788 ideoque
3135 1717 3342 1786 Iesum,
3378 1717 3447 1774 id.
3471 1726 3560 1775 est

281 1802 417 1856 dum
442 1804 799 1874 ingrederetur
831 1808 986 1867 Jcstts
1013 1810 1280 1877 quoddam
1312 1809 1605 1888 castellum,
1639 1825 1883 1877 occurra-
1914 1805 1959 1861 B
1986 1797 2326 1857 Salvalorcm
2379 1803 2649 1858 vocabant
2689 1819 2837 1870 eum.
2866 1813 2921 1860 et
2949 1814 3358 1876 praeceptorem,
3389 1821 3555 1878 quem

210 1904 213 1907 '
278 1903 411 1947 runt
439 1895 487 1947 ei
519 1895 695 1962 decem
723 1899 820 1953 uiri
840 1898 1055 1969 leprosi.
1096 1900 1229 1979 Nam
1266 1901 1443 1957 sancti
1475 1900 1619 1961 inter
1643 1899 1884 1970 pericula

279 1983 647 2038 tentationum
682 1985 842 2055 hujus
865 1988 1048 2042 saeculi
1079 1989 1249 2044 instar
1275 1989 1718 2058 castelliseipsos
1741 1989 1883 2043 intra

278 2071 489 2129 vallum
518 2074 817 2145 disciplima
844 2086 1002 2133 cauta
1039 2079 1524 2153 circumspectione
1549 2079 1880 2135 custodiunt.

270 2160 749 2221 Castellumcenim
779 2167 1023 2223 munitur
1050 2168 1311 2224 adversus
1344 2170 1546 2233 hostes,
1574 2176 1629 2229 et
1655 2168 1900 2227 sollicite.

272 2252 616 2318 custoditur,
661 2253 976 2329 significans
1024 2255 1322 2311 Ecclesiam
1375 2258 1516 2319 inter
1559 2254 1719 2325 hujus
1762 2257 1897 2312 vita}

270 2338 605 2398 discrimina
636 2340 849 2396 fortiter
885 2344 1123 2414 undique
1150 2345 1389 2420 clausam
1420 2356 1585 2416 atque
1615 2345 1882 2400 munitam

267 2439 507 2487 contra.
530 2429 795 2501 malignos
834 2433 1077 2502 spiritus,
1113 2443 1189 2491 et
1214 2435 1456 2505 pervigili
1524 2434 1886 2505 sollicitudine

268 2528 579 2575 servatam.
609 2520 762 2588 Quod
790 2523 1060 2578 castellum
1100 2524 1299 2584 dicitur
1331 2525 1618 2595 quoddam,
1649 2534 1709 2580 ut
1729 2523 1884 2593 juxta

279 2610 526 2669 .ittcram
572 2612 884 2680 nesciatur,
959 2623 1018 2670 et
1078 2613 1233 2683 juxta
1277 2615 1572 2685 spiritalem
1659 2629 1884 2670 sensum

272 2709 673 2769 cognoscatur.
742 2701 797 2755 lu
857 2717 988 2773 quo,
1047 2703 1254 2760 scilicet
1310 2703 1561 2773 spiritali,
1606 2703 1832 2758 castello
1864 2743 1881 2769 ,

272 2789 335 2854 id
372 2799 457 2846 est
503 2789 556 2863 in
596 2791 858 2857 Ecclesia,
904 2809 1119 2865 semper
1164 2803 1252 2850 est
1298 2795 1580 2860 Dominus,
1620 2794 1763 2851 sicut
1804 2790 1882 2849 ait

273 2883 423 2955 suis.
455 2882 730 2952 discipulis
769 2900 783 2938 :
834 2883 970 2938 Ecce
1017 2902 1110 2956 ego
1163 2885 1423 2940 vobiscum
1474 2901 1591 2939 sum
1635 2885 1881 2940 omnibus

276 2972 470 3029 diebus
518 2989 677 3044 usque
734 2975 804 3028 ad
861 2975 1362 3029 consummationem
1417 2973 1600 3041 stcculi
1651 2972 1879 3050 (Matth.

182 3109 191 3113 -
252 3079 481 3127 ⁷ιιιςινιτιιι,
510 3063 623 3134 20);
647 3067 954 3145 sedtamen
988 3068 1179 3122 deesse
1213 3065 1427 3121 videtur
1454 3065 1762 3138 aliquoties,
1788 3068 1880 3125 ubi

1985 1899 2045 1945 ut
2072 1891 2155 1947 sui
2194 1892 2545 1949 misereretur
2566 1893 2811 1949 orabant.
2840 1895 2983 1962 Quos
3009 1905 3065 1950 ut
3090 1896 3293 1953 intuitu
3321 1898 3561 1959 clemen-
3646 1942 3661 1957 ι

1987 1981 2073 2037 tia!
2109 1982 2254 2047 vidit,
2283 1983 2414 2037 dixit
2438 1996 2458 2036 :
2480 1981 2590 2050 Ite,
2605 1985 2865 2039 ostendite
2886 2001 2975 2040 vos
3002 1985 3379 2054 sacerdotibus,
3404 1986 3457 2042 id
3475 1994 3563 2043 est

1985 2085 2083 2140 per
2107 2071 2362 2133 humilem
2395 2073 2509 2131 oris
2539 2074 2936 2130 confessionem
2989 2076 3366 2133 sacerdotibus
3391 2091 3552 2133 vera-

1985 2160 2122 2214 citer
2158 2160 2501 2216 inatiifestate
2519 2176 2705 2217 omnes
2735 2161 3012 2218 interioris
3032 2160 3196 2232 lepra:
3225 2170 3420 2218 vestra:
3441 2176 3561 2219 ma-

1984 2247 2160 2312 culas,
2186 2254 2244 2302 ut
2272 2251 2523 2305 mundari
2550 2239 2789 2320 possitis.
2814 2252 2882 2306 Et
2905 2251 3050 2321 quod
3077 2252 3340 2324 rogabant
3355 2250 3564 2309 factum

1986 2346 2069 2391 cst
2093 2337 2174 2392 eis
2207 2338 2330 2391 dum
2360 2343 2492 2392 irent
2515 2339 2583 2394 ad
2611 2340 2945 2406 sacerdotes,
2975 2339 3129 2410 quia,
3152 2340 3385 2410 scilicet,
3410 2357 3563 2401 mun-

1985 2428 2099 2480 dan’
2119 2438 2260 2492 sunt,
2289 2431 2544 2498 quoniam
2570 2440 2906 2500 peccatores,
2937 2429 3067 2489 licet
3089 2433 3244 2505 gravi
3268 2432 3560 2490 criminum

1985 2517 2132 2587 lepra
2162 2519 2270 2573 sint
2303 2519 2518 2587 foedati,
2566 2528 2763 2578 euntes
2814 2530 2996 2580 tamen
3049 2523 3116 2580 ad
3167 2522 3561 2592 conﬁtendum,

1984 2616 2289 2679 purgantur
2315 2609 2369 2663 in
2396 2609 2512 2678 ipsa
2539 2611 2883 2669 confessione
2905 2619 3128 2685 propter
3183 2613 3564 2686 paenitentiam

1984 2717 2146 2771 quam
2174 2702 2349 2758 acturi
2373 2712 2520 2759 sunt.
2546 2705 2685 2761 Dum
2711 2706 2868 2776 irent,
2887 2708 3129 2763 mandati
3154 2717 3301 2775 sunt,
3336 2707 3467 2778 quia
3490 2720 3564 2764 ex

1984 2806 2093 2862 quo
2134 2792 2239 2849 iter
2278 2793 2382 2851 hoc
2403 2794 2628 2862 intrant,
2696 2796 2962 2866 incipiunt
2999 2798 3211 2869 operari
3255 2796 3559 2870 justitiam;

1986 2889 2039 2937 et
2062 2881 2288 2952 justitite
2325 2884 2570 2953 operatio
2600 2896 2685 2941 est
2712 2899 2899 2940 eorum
2921 2885 3218 2940 mundatio.
3245 2884 3560 2957 Dumjrent,

1983 2975 2223 3030 mandati
2244 2984 2386 3044 sunt,
2409 2975 2538 3045 quia
2556 2989 2623 3031 ex
2640 2989 2749 3046 quo
2772 2975 3053 3031 tendentes
3073 2975 3141 3030 ad
3166 2974 3563 3033 confessionem

1983 3075 2039 3123 et
2057 3067 2465 3137 pmnitentiam,
2514 3074 2627 3122 tota
2656 3066 3048 3122 deliberatione
3099 3065 3298 3123 mentis
3332 3073 3561 3139 peccata

275 3154 555 3232 permittit
595 3140 808 3233 iniquas
845 3155 1221 3224 multiplicari,
1253 3163 1310 3212 et
1345 3172 1501 3217 suum
1538 3158 1728 3216 electis
1762 3160 1877 3216 suis
1904 3140 2076 3235 Ctsua
2102 3160 2468 3228 damnant,‘et
2487 3159 2742 3216 deserunt
2760 3158 3098 3225 ;_liberantur
3123 3157 3193 3213 ab
3224 3155 3389 3214 eisin
3428 3171 3562 3214 con-

274 3246 466 3317 palam
501 3260 609 3321 non
644 3256 860 3323 prastat
894 3247 1177 3317 auxilium,
1205 3249 1300 3304 sed
1343 3251 1781 3310 tribulationibus
1820 3253 1899 3315 et,

249 3340 534 3397 adversis
555 3356 649 3397 cos
677 3332 861 3411 allligi,
883 3341 1029 3397 velut
1059 3356 1089 3395 a
1120 3355 1180 3397 se
1205 3341 1515 3409 derelictos,
1534 3343 1692 3408 sinit.
1720 3342 1876 3407 Unde

200 3485 205 3488 .
275 3430 463 3501 et,illa
497 3447 605 3487 vox
630 3441 711 3488 est
740 3449 753 3487 :
783 3430 847 3486 Ut
898 3433 1053 3505 quid,
1103 3429 1375 3499 Domine,
1403 3433 1661 3486 recessisti
1702 3430 1873 3509 longe,

248 3521 508 3590 despicis
548 3523 604 3577 in
653 3522 1159 3598 opportunitatibus,
1202 3523 1258 3581 in
1301 3521 1635 3577 tribulatione
1689 3519 1872 3593 (Psal.

252 3628 364 3676 -tx,
394 3612 476 3684 l.)
506 3612 657 3686 Cum.
697 3624 877 3671 autem
926 3614 1115 3671 deesse
1157 3614 1419 3671 Dominus
1464 3612 1696 3680 videtur,
1747 3620 1876 3668 tunc

275 3702 431 3772 foras
455 3703 682 3767 tendunt
706 3703 781 3758 illi
806 3705 896 3773 qui
924 3718 1025 3774 per
1053 3704 1237 3783 decem
1265 3702 1508 3771 leprosos
1545 3701 1869 3783 figurantur.

250 3792 437 3850 .Multi
483 3794 761 3851 enimvel
802 3794 1218 3850 adversitatibus
1262 3793 1420 3851 fracti
1457 3792 1653 3856 volunt,
1687 3806 1719 3846 a
1768 3791 1875 3846 fide

243 3930 249 3936 .
277 3884 564 3954 recedere,
591 3893 648 3953 et
688 3886 996 3957 inlidclibus
1033 3900 1091 3940 se
1126 3883 1376 3956 jungere,
1410 3883 1563 3953 quasi
1598 3882 1826 3937 dicendo
1854 3899 1869 3935 :

280 3973 527 4043 Eamus,
559 3987 605 4028 et
643 3975 982 4044 disponamus
1023 3982 1389 4027 testamentum
1440 3987 1557 4025 cum
1600 3970 1872 4040 gentibus,

1978 3260 2166 3327 specta
2206 3251 2405 3315 interni
2442 3250 2793 3321 inspectoris.
2838 3242 2992 3305 [inde
3030 3257 3086 3305 et
3104 3263 3202 3318 per
3235 3248 3563 3319 prophetam

1978 3341 2242 3405 Dominus
2263 3342 2381 3411 ipse
2402 3348 2635 3397 testatur
2661 3342 2789 3410 quia
2812 3340 3053 3409 impietas
3076 3337 3222 3406 impii
3252 3351 3355 3391 non
3403 3352 3556 3391 noce-
3624 3416 3627 3419 Δ

1978 3430 2193 3486 biteiin
2216 3446 2525 3502 quacunque
2563 3431 2650 3487 die
2686 3443 2962 3484 conuersus
3004 3427 3163 3497 fuerit
3185 3425 3250 3480 ab
3292 3420 3559 3496 impietate

1977 3538 2076 3579 sua
2132 3522 2351 3595 (Esecn,
2413 3538 2585 3587 χχχιιι
2617 3564 2633 3591 ,
2707 3521 2820 3592 12).
2879 3517 3312 3576 Perveniendum
3376 3524 3560 3587 tamen

1975 3614 2149 3671 estad
2172 3613 2499 3682 sacerdotes,
2551 3621 2608 3681 et
2655 3612 2724 3669 ab
2767 3611 2849 3668 eis
2891 3608 3180 3681 quaerenda
3234 3607 3452 3676 solutio,
3497 3615 3559 3663 ut

1976 3706 2067 3775 qui
2084 3704 2196 3777 jam
2224 3719 2409 3761 coram
2425 3703 2537 3761 Deo
2560 3712 2687 3767 sunt
2705 3701 3329 3771 mundatusacerdotum
3344 3697 3556 3783 judicio

1974 3794 2139 3850 etiam
2170 3792 2482 3848 hominibus
2504 3791 2861 3849 ostendantur
2891 3790 3110 3852 mundi.,
3508 3795 3514 3801 ”

2049 3883 2309 3954 Sequitur
2335 3900 2349 3936 :
2376 3881 2527 3938 Unus
2551 3893 2726 3938 autem
2750 3898 2817 3937 ea:
2852 3882 2979 3947 illis,
3005 3891 3059 3945 ut
3083 3882 3212 3940 vidit
3236 3882 3363 3952 quia
3401 3897 3557 3936 mun-

1976 3974 2132 4029 datus
2159 3981 2255 4038 est,
2285 3989 2549 4043 regressus
2590 3981 2668 4027 est
2690 3988 2811 4027 cum
2856 3988 3048 4041 magna
3072 3987 3191 4026 voce
3211 3970 3555 4040 magniﬁcans

275 4080 401 4134 qm
429 4065 569 4117 circa
602 4081 694 4118 nos
724 4075 842 4117 sunt
876 4063 926 4135 (I
955 4062 1135 4117 Much.
1168 4078 1209 4129 ι,
1238 4061 1349 4130 l2);
1372 4059 1453 4115 vel
1486 4057 1873 4114 tentationibus
1975 4064 2162 4118 Deum.
2195 4063 2344 4117 Unus
2366 4062 2617 4134 designat
2641 4077 2809 4125 unum
2848 4062 2903 4119 iu
2932 4062 3074 4117 bono
3111 4063 3552 4130 perseverantem

275 4154 538 4217 vitiorum
579 4142 817 4222 superati
850 4153 987 4208 mala
1025 4162 1104 4208 tot
1133 4160 1185 4208 et
1216 4160 1364 4206 tanta
1400 4150 1622 4214 faciunt,
1656 4159 1715 4204 ut
1740 4163 1873 4219 gen—
1975 4152 2168 4217 affectu
2191 4167 2379 4208 eorum
2408 4152 2522 4223 qui,
2549 4150 3160 4228 postquamptenitendo
3184 4151 3399 4206 veniam
3424 4150 3554 4208 ade-

280 4246 473 4303 lilibus
521 4238 845 4307 iunctione
896 4244 1100 4300 similes
1147 4243 1299 4310 fiant,
1343 4230 1468 4296 dum
1514 4240 1582 4296 ab
1619 4239 1873 4303 Ecclesia:
1974 4244 2224 4314 ptisunt,
2249 4239 3552 4313 permanentiahumilitateetgratiarumactio-

277 4314 684 4408 visceribus-ad
713 4353 800 4394 res
826 4337 1005 4392 sa-culi
1034 4351 1130 4407 per
1157 4314 1420 4390 desideria
1447 4332 1595 4396 foras
1622 4331 1868 4389 tendunt.
1964 4347 2061 4395 tne.
2095 4331 2250 4408 Quod
2280 4332 2426 4389 enim
2457 4332 2657 4389 dicitur
2679 4348 2838 4397 unus,
2870 4330 3279 4403 intelligendum
3302 4340 3408 4397 est,
3439 4346 3569 4399 non.

276 4429 353 4497 lii,
389 4441 516 4485 sunt
545 4404 687 4498 enim
717 4404 1049 4498 spiritaliter-
1072 4427 1261 4497 leprosi
1289 4426 1426 4495 ξηιιὶ
1474 4432 1758 4495 propterea
1789 4422 1871 4477 di-
1900 4466 1947 4522 Β
1974 4405 2202 4479 diversis
2234 4422 2347 4501 jam
2375 4436 2434 4478 se
2459 4422 2826 4488 voluntatibus
2843 4422 3082 4488 varians,
3106 4422 3202 4476 sed
3234 4421 3286 4522 in
3318 4420 3427 4475 Deo
3440 4420 3553 4490 pla—

237 4572 243 4579 .
275 4532 481 4586 cuntur
506 4523 701 4585 decem,
729 4512 819 4591 qui
850 4528 1038 4579 contra
1066 4518 1159 4573 Dei
1190 4526 1455 4587 praecepta
1496 4516 1721 4580 faciunt,
1746 4528 1868 4595 quae
1901 4509 1943 4522 ”’
1970 4514 2128 4570 ccudi
2152 4514 2425 4570 voluntate
2439 4514 2761 4584 perdurans.
2776 4512 2911 4568 Nam
2934 4521 2990 4567 et
3009 4525 3199 4567 omnes
3219 4509 3405 4577 electi,
3423 4522 3551 4603 pro-

235 4592 503 4683 .propter
548 4613 870 4683 Decalogum
922 4611 1057 4684 legis
1102 4624 1198 4680 per
1251 4609 1531 4669 denarium
1582 4592 1867 4666 numerum
1970 4615 2089 4681 pter
2109 4608 2249 4662 hanc
2272 4605 2534 4662 bonitatis
2560 4605 2993 4671 unanimitatem,
3023 4620 3131 4672 non
3153 4602 3323 4667 solum
3359 4596 3547 4671 unum,

274 4705 506 4774 intelligi
556 4704 751 4761 solent.
794 4703 945 4759 Sicut
979 4703 1125 4775 enim
1170 4704 1550 4757 observatores
1589 4702 1869 4769 mandato-
1969 4700 2064 4753 scd
2109 4699 2275 4753 etiam
2296 4697 2456 4761 "unus
2510 4704 2662 4753 recte
2704 4696 2808 4751 dici
2853 4694 3282 4767 possuntpslcut
3343 4694 3547 4757 iudicat

274 4810 398 4849 rum
442 4792 751 4851 cuzlcstium
791 4786 1156 4862 assequuntur
1197 4790 1324 4845 inde
1365 4788 1770 4844 mundatiouem
1808 4797 1869 4851 et
1932 4846 1935 4849 _
1968 4787 2275 4858 Apostolus,
2303 4787 2394 4843 ubi
2419 4787 2487 4843 de
2509 4784 2908 4854 omnibusgqui
2938 4793 3066 4840 sunt
3100 4785 3154 4838 in
3185 4783 3426 4845 Ecclesia
3447 4781 3546 4835 bo-

271 4884 570 4939 sanitatem
635 4885 889 4950 animum,
918 4884 1000 4945 sic
1067 4882 1342 4938 contraria
1407 4881 1678 4936 mandatis
1739 4881 1869 4950 ipsis
1972 4879 2057 4933 nis
2087 4888 2141 4934 et
2164 4878 2340 4941 malls,
2389 4877 2619 4950 mystice
2651 4876 2927 4952 loquitur:
2959 4874 3154 4930 Omnes
3184 4873 3387 4943 quidem
3425 4888 3549 4925 cur-

272 4984 529 5040 agentes,
586 4975 884 5044 spiritalem
941 4973 1283 5041 contrahunt
1329 4973 1757 5043 inquinationem
1814 4981 1870 5028 et
1972 4979 2115 5033 runt,
2141 4969 2229 5021 sed
2253 4983 2387 5021 unus
2432 4967 2622 5036 accipit
2646 4965 2879 5041 brauium
2907 4962 2956 5034 (ι
2983 4962 3106 5017 Cor.
3132 4958 3544 5031 tx,24).0mnes

274 5065 653 5120 inlirmitatem
687 5084 699 5120 :
733 5056 868 5121 adeo
910 5074 970 5120 ut
1008 5066 1142 5121 tales
1172 5066 1226 5120 in
1269 5066 1465 5125 anima
1490 5065 1640 5128 fiant,
1680 5066 1869 5135 quales

1981 5055 2113 5111 enim
2144 5054 2438 5111 Christiani
2468 5063 2526 5112 et
2549 5054 2674 5110 boni
2701 5051 2922 5116 etmali,
2953 5065 3051 5121 pro
3075 5050 3234 5115 modo
3256 5064 3354 5105 suo
3396 5049 3546 5125 (μηδ-ο

270 5157 331 5215 in
374 5172 605 5224 corpore
643 5170 959 5224 cernuntur,
991 5161 1080 5227 qui
1119 5159 1323 5228 lepram
1355 5157 1536 5214 carnis
1569 5159 1867 5229 patiuntur.

1981 5162 2097 5218 que,
2132 5156 2349 5200 currunt
2383 5146 2451 5200 ad
2488 5147 2769 5207 bravmm;
2832 5142 2923 5196 sed
2958 5157 3118 5205 unus,
3166 5139 3255 5208 qui
3306 5138 3544 5209 legitime

270 5250 376 5318 Qui
425 5250 788 5320 tautomagis
836 5249 1005 5319 foras,
1033 5250 1279 5314 tendunt,
1317 5258 1520 5323 quanto
1563 5249 1869 5319 perversius
1970 5239 2160 5305 currit,
2189 5238 2245 5293 id
2269 5247 2354 5293 est
2383 5237 2569 5294 unitas
2591 5233 2911 5330 electorum,
2962 5229 3194 5330 percipit
3220 5228 3545 5330 illudpsncut

226 5392 231 5396 .
272 5352 478 5414 agunt;
508 5343 659 5405 etita
678 5342 823 5417 liuut
849 5343 982 5423 hazc,
1008 5344 1133 5396 dum
1162 5341 1535 5397 Jesusabesse
1554 5324 1807 5417 ridetur.
1968 5343 2022 5389 ει
2050 5347 2238 5394 omnes
2266 5332 2319 5386 lli
2349 5329 2546 5400 ιονιωεὶ
2573 5324 2980 5426 ιηυηάελιξξυηιι
3011 5322 3107 5379 sed
3130 5335 3275 5426 films
3294 5322 3402 5426 9.5“
3421 5334 3551 5426 8"?

349 5433 439 5489 Fit
461 5414 980 5504 autcmplerumque
1002 5448 1098 5503 per
1124 5442 1426 5509 respectum
1455 5414 1650 5507 divinae
1677 5432 1866 5509 gratia:
1970 5429 2098 5484 tias.
2122 5426 2275 5491 Unus
2329 5424 2534 5494 itaque,
2582 5435 2705 5477 cum
2753 5419 2975 5510 vidisset
3002 5419 3144 5510 quod
3196 5415 3538 5510 acrimtnmn
3562 5442 3588 5450 ν-

228 5566 234 5577 .
276 5533 341 5580 ut
385 5521 993 5593 Dominuswipseglesus
1037 5522 1255 5599 adhoc
1290 5504 1549 5586 Ecclesiae
1592 5504 1862 5583 castellum
1966 5519 2113 5592 lepra
2139 5513 2618 5579 mmldawsesseiv
2658 5510 2818 5599 "diu
2843 5508 2910 5564 ad
2935 5508 3330 5599 mui'g‘damrem!
3361 5504 3614 5599 δ’δ’ξέθῗ

226 5651 235 5658 .
278 5617 461 5686 petam
509 5590 716 5675 veniret
739 5622 795 5669 et
849 5590 1080 5685 ingredi"
1106 5590 1372 5685 videatur,
1431 5611 1613 5667 subito
1657 5610 1863 5675 scilicet
1966 5590 2310 5669 eivrefereus,
2360 5614 2416 5659 et
2443 5618 2502 5680 se
2531 5601 2706 5671 magis
2745 5598 2821 5655 illi
2864 5596 3176 5663 humilians,
3219 5590 3606 5686 etdevotibsd

232 5746 245 5751 -
280 5681 930 5784 tribulationes‘sadans,’
955 5681 1316 5778 populumque
1359 5718 1514 5760 suum
1550 5718 1580 5758 a
1620 5702 1855 5774 pravita-
1966 5696 2228 5762 existens,
2280 5708 2342 5749 ac
2371 5705 2587 5767 semper
2625 5690 2674 5747 ei
2699 5688 2915 5769 placere
2960 5686 3228 5751 studens“
3268 5682 3403 5745 Nam
3446 5681 3538 5741 nte
