4060 6292
516 366 624 429 685

871 368 932 426 s.
971 367 1273 427 ANSELME
1303 364 1650 430 curvas.
1685 352 2005 429 ARClllEP.
2047 340 2217 430 ore.
2239 369 2418 429 mus
2452 371 2518 429 ιι.
2549 402 2620 413 -
2656 371 3022 437 ramum.
3061 370 3152 436 ar
3188 368 3431 433 ascs'r.

3670 372 3772 431 ωδ

518 503 681 547 unus.
708 494 765 539 ut
793 484 988 553 dictum
1016 498 1117 555 est,
1141 502 1235 542 eos
1264 488 1354 557 qui
1379 488 1457 544 sic
1479 498 1644 559 agunt
1673 488 1939 559 designat.
1982 484 2089 543 No-
2118 485 2167 544 Α
2189 485 2443 557 operibus
2468 482 2627 541 ﬁdem
2658 483 2761 541 sibi
2799 462 2969 541 solam
2996 483 3264 553 sufﬁcere,
3288 483 3430 543 sicut
3463 481 3543 541 illi
3566 500 3770 553 novent,

524 576 626 632 luit
661 578 901 647 ingratus
917 578 1028 647 jam
1054 596 1194 645 esse,
1222 578 1317 633 sed
1358 594 1619 645 regressus
1641 586 1714 631 est
1758 593 1876 631 cum
1904 592 2095 646 magna

521 685 643 724 voce
666 672 1005 740 magniﬁcans
1031 672 1217 725 Deum.
1244 670 1410 723 Recte
1433 685 1548 722 cum
1571 684 1760 744 magna
1795 684 1932 731 voce,
1968 666 2093 737 quia

524 773 717 828 magna
773 761 865 815 Dei
929 760 1189 815 beneﬁcia
1243 776 1303 814 se
1350 760 1655 829 percepisse
1703 758 2096 829 gratulabatur.

524 845 887 917 Hagnavoce,
913 850 1103 904 devota
1150 850 1327 919 potius
1349 866 1510 919 quam
1551 850 1786 904 clamosa
1841 849 2100 903 debemus

523 937 846 1009 intelligere.
894 939 1011 995 Non
1052 940 1197 994 enim
1242 941 1434 1012 exigua
1461 942 1607 996 vocis
1633 942 1913 997 devotione
1934 940 2100 994 Deum

522 1028 876 1097 magniﬁcare
900 1030 1171 1099 cupiebat,
1208 1032 1299 1101 qui
1332 1045 1392 1086 se
1413 1031 1479 1086 de
1504 1032 1667 1085 tantis
1690 1031 1846 1085 malis
1891 1028 2101 1099 magni-

523 1114 932 1172 ﬁcelihcratum
983 1120 1273 1189 gaudebat.
1304 1120 1767 1190 lnteriorisleprm
1813 1120 2100 1180 sanitatem

524 1221 555 1256 ιι
588 1206 810 1261 Christo
831 1217 1161 1262 consecutus
1187 1209 1568 1281 magniﬁcahat
1589 1209 1782 1275 Deum,
1809 1219 1866 1263 ut
1889 1208 2098 1279 gloriﬁ-

524 1307 744 1351 caretur
773 1296 935 1352 Pater
960 1302 1014 1353 in
1044 1297 1215 1355 Filio.

598 1387 669 1442 Et
693 1392 873 1446 cecidit
898 1392 949 1446 in
972 1393 1160 1462 faciem
1183 1403 1303 1447 ante
1322 1393 1475 1461 pedes
1496 1392 1633 1462 ejus,
1664 1392 1790 1462 quia
1819 1392 1883 1451 de
1911 1389 2105 1459 priori-

525 1476 629 1533 bus
649 1480 859 1537 actibus
879 1483 1204 1538 erubescens
1232 1483 1333 1543 sibi
1361 1481 1484 1537 vilis
1506 1481 1777 1555 apparuit,
1830 1490 1885 1535 et
1909 1481 2105 1535 devota

529 1586 589 1625 se
612 1570 826 1627 Christo
842 1574 1141 1629 humilitate
1162 1573 1470 1644 prostravit.
1487 1570 1702 1628 Statum
1719 1571 1831 1641 jam
1852 1572 2098 1642 rigidita-

464 1684 467 1687 -
531 1659 602 1714 tis
624 1663 962 1732 etSuperbia:
984 1679 1088 1717 non
1118 1664 1326 1733 habuit,
1359 1666 1452 1720 sed
1479 1674 1585 1719 tota
1610 1663 1809 1718 mentis
1848 1672 2098 1718 conster-

527 1753 748 1808 natione
770 1754 869 1808 sub
893 1756 1118 1824 pedibus
1169 1755 1469 1811 Salvatoris
1511 1756 1650 1811 bene
1676 1754 1869 1824 jacuit,
1911 1750 2120 1824 gratias

2196 579 2503 636 aestimavit.

2744 665 3028 723 HOMILIA
3069 665 3209 721 XIV.

2194 761 2253 817 In
2289 773 2625 815 nvasceuuu
2653 772 2925 814 secuunuu
2947 757 3227 813 Joannem
3256 754 3616 826 Eratqusaant
3631 770 3785 826 regis-

2270 849 2373 914 lus,
2404 849 2556 912 cuius
2594 848 2738 918 ﬁlius
2774 846 3149 915 inﬁrmabatur
3165 844 3561 916 Capharnaum.
3588 843 3659 898 Et
3692 857 3780 900 re.

2269 942 2433 1011 liqua.
2479 940 2656 1012 (Joan.
2685 938 2876 1009 iv,46.)

2273 1030 2428 1100 Quod
2454 1031 2752 1086 inlcctione
2777 1028 3091 1099 evangelica
3114 1027 3183 1083 de
3208 1042 3315 1083 uno
3360 1027 3549 1097 regulo
3588 1035 3645 1080 et
3666 1026 3787 1094 ejus

2203 1126 2313 1181 ﬁlio
2343 1125 2695 1196 singulariter
2722 1123 2923 1177 factum
2954 1121 3282 1185 audivimus,
3335 1120 3570 1175 humano
3598 1117 3786 1187 generi

2204 1216 2531 1289 generaliter
2580 1228 2881 1269 consonare
2933 1211 3257 1277 videbimus,
3311 1211 3357 1265 si
3388 1208 3634 1263 adhibita
3666 1206 3788 1260 dili-

2205 1310 2383 1381 gentia
2415 1306 2698 1378 mysticum
2747 1304 3075 1363 intellectum
3126 1300 3431 1372 superliciei
3462 1299 3657 1354 litterae
3688 1313 3783 1355 co-

2207 1408 2473 1467 aptemus.
2500 1394 2762 1465 Regulum
2787 1402 2965 1448 autem
2983 1408 3013 1446 a
3043 1405 3169 1459 rege
3193 1405 3386 1445 nomen
3408 1388 3701 1443 deductum
3731 1393 3786 1439 et

2208 1488 2514 1542 litterarum
2563 1484 2918 1539 consonantia
2946 1484 3307 1546 demonstrat,
3356 1488 3411 1534 et
3456 1476 3787 1549 signiﬁcatio

2207 1577 2547 1632 deductionis
2571 1575 2852 1644 approbat.
2885 1572 3101 1628 Scimus
3150 1572 3315 1627 etiam
3342 1569 3469 1640 quia
3491 1568 3649 1623 fuere
3699 1581 3791 1621 re-

2210 1667 2339 1737 guli,
2375 1668 2425 1721 id
2452 1676 2536 1721 est
2565 1666 2802 1720 minores
2833 1678 3023 1734 reges.
3056 1661 3340 1717 Hominem
3369 1661 3535 1731 igitur
3584 1660 3653 1713 ad
3689 1672 3790 1714 ex-

2212 1757 2581 1813 cellentissimi
2634 1755 2798 1823 Regis
2851 1754 3141 1824 imaginem
3182 1761 3237 1807 et
3267 1750 3674 1806 similitudinem
3705 1750 3793 1803 fa-

529 1840 691 1909 a'gens
730 1846 870 1913 quod
896 1843 961 1896 de
986 1853 1131 1899 tanta
1183 1846 1403 1901 miseria
1456 1820 1717 1902 liberatus
1738 1820 1990 1908 essetaet
2027 1845 2109 1900 hic
2144 1820 2187 1891 Β
2212 1858 2357 1912 ctum
2389 1848 2542 1918 (Gen.
2576 1864 2617 1912 ι,
2645 1820 2757 1917 ﬁlii,
2789 1847 2917 1915 dum
2938 1820 3074 1900 bene
3098 1859 3158 1901 se
3190 1844 3350 1909 rexit,
3370 1842 3495 1898 dum
3519 1843 3623 1899 sibi
3653 1852 3795 1895 tem-

530 1943 642 1985 erat
669 1932 1067 2005 Samaritanus,
1116 1938 1169 1992 id
1193 1946 1279 1993 est
1302 1946 1506 2003 custos,
1551 1938 1675 2010 quia
1697 1978 1711 2003 ,
1741 1953 1810 1998 ne
1857 1944 2111 2007 ρρνοθιιιει

485 2082 489 2089 ,
532 2021 793 2077 beneﬁcia
827 2035 1008 2093 posset
1030 2027 1301 2094 amittere,
1335 2030 1588 2084 servabat
1616 2044 1680 2084 ea
1702 2044 1799 2099 per
1836 2028 2112 2083 humilita-

518 2110 604 2187 tis
632 2113 959 2178 custodiam,
994 2123 1049 2169 et
1071 2115 1305 2187 seipsum
1334 2126 1490 2175 caute
1506 2117 1619 2193 jam
1644 2117 2015 2183 custodiebat,
2044 2131 2112 2170 ne

466 2265 469 2267 Α
534 2198 745 2270 plagam
780 2202 1005 2259 ulterius
1052 2204 1214 2276 lepra:
1256 2207 1517 2277 spiritalis
1562 2207 1883 2272 incurreret,
1942 2218 2113 2271 ctcor

527 2302 694 2367 suum
722 2301 980 2362 actusque
1002 2310 1131 2355 suos
1158 2311 1187 2350 a
1212 2296 1355 2351 malo
1382 2299 1745 2353 custodiebat.

612 2379 948 2452 Respondeas
962 2396 1134 2441 autem
1147 2387 1323 2454 Iesus,
1354 2388 1486 2443 dixit
1510 2406 1529 2443 :
1554 2387 1743 2443 Nonne
1763 2390 1938 2449 decem
1963 2407 2116 2450 mune

536 2473 649 2527 dati
679 2475 847 2528 sunt?
878 2485 927 2535 et
950 2493 1128 2533 novem
1168 2479 1257 2533 ubi
1300 2481 1470 2539 sunt?
1510 2478 1777 2551 Operibus
1820 2480 1980 2549 hujus
2023 2482 2114 2549 qui

534 2565 741 2633 gratias
770 2567 971 2635 retulit,
997 2578 1053 2623 et
1104 2569 1335 2624 aliorum
1378 2571 1473 2645 qui
1527 2572 1722 2642 ingrati
1772 2572 1988 2629 luerunt
2031 2588 2119 2627 re-

534 2654 750 2723 spondit
774 2654 1060 2713 Dominus:
1082 2655 1291 2724 Nonne,
1312 2657 1508 2730 inquit,
1525 2660 1698 2714 decem
1712 2660 1951 2714 mandati
1972 2672 2114 2727 sunt,

534 2753 791 2801 etomnes
817 2749 1022 2816 pariter
1049 2748 1114 2802 ad
1145 2749 1447 2805 reddendas
1468 2751 1671 2819 gratias
1695 2749 1874 2806 redire
1900 2751 2119 2806 debuis-

535 2838 696 2891 sent?
733 2838 918 2897 Decem
945 2842 1186 2907 mandati
1220 2855 1363 2917 sunt,
1392 2843 1517 2914 quia
1542 2842 1815 2912 legitimus
1863 2840 2119 2896 numerus

536 2935 924 2997 est'purgatus.
956 2928 1062 2983 Sed
1090 2946 1267 2985 novem
1298 2934 1453 3001 quasi
1482 2931 1839 2985 nesciuntura
1866 2930 2121 3001 Domino,

537 3026 661 3085 qttla
689 3017 994 3074 maluerunt
1014 3018 1251 3089 elongari
1274 3020 1343 3075 ab
1364 3035 1429 3075 eo
1449 3034 1544 3090 per
1566 3030 1785 3088 peccata
1808 3035 1967 3088 quam
1987 3034 2119 3090 pro-

535 3104 801 3173 pinquare
829 3104 878 3161 ei
909 3121 1005 3175 per
1028 3107 1167 3162 bona
1184 3122 1368 3177 opera.
1394 3108 1471 3163 De
1490 3108 1684 3178 quibus
1698 3109 1774 3163 ait
1796 3126 1808 3162 :
1836 3107 1934 3162 Ubi
1961 3108 2120 3165 sunt?

535 3193 690 3263 Quod
715 3206 794 3249 est
822 3197 1003 3258 dicere
1027 3212 1042 3250 :
1070 3196 1174 3263 Qui
1196 3197 1250 3253 in
1282 3198 1586 3255 humilitate
1613 3208 1666 3254 et
1692 3199 1985 3270 gratiarum
2020 3213 2116 3255 ac-

539 3285 687 3340 tione
709 3286 965 3351 dehereut
981 3287 1191 3352 adesse,
1216 3288 1307 3343 ubi
1323 3290 1481 3343 sum?
1501 3288 1600 3357 Qui
1619 3290 1747 3345 mihi
1763 3305 1860 3361 per
1871 3290 2122 3345 meritum

537 3374 1107 3448 devotionisetoperis
1127 3379 1488 3449 propinquare
1538 3382 1821 3454 deberent,
1852 3380 1939 3433 ubi
1965 3380 2123 3434 sunt!

537 3463 642 3531 Qui
670 3462 723 3520 in
751 3468 1100 3525 observantia
1134 3469 1511 3524 mandatorum
1542 3486 1788 3526 meorum
1810 3486 1930 3527 esse
1961 3469 2124 3526 debe-

541 3566 688 3619 rent,
719 3557 805 3609 ubi
836 3574 952 3611 sunt
974 3560 998 3611 ?
1019 3558 1156 3625 Quia
1169 3571 1299 3619 vero
1320 3562 1649 3629 noveuarius
1675 3577 1932 3629 numerus
1960 3563 2124 3622 habet

542 3649 839 3709 tertria,et
868 3647 934 3700 ad
958 3646 1113 3701 ﬁdem
1139 3645 1421 3703 Trinitatis
1442 3651 1697 3719 pertinet,
1728 3652 1781 3704 hi
1812 3668 1995 3717 novem
2025 3652 2121 3706 de-

542 3739 763 3809 signant
793 3736 910 3801 illos
938 3737 1055 3806 qui,
1080 3747 1365 3808 postquam
1389 3740 1704 3811 paenitendo
1726 3742 1965 3795 mandati
1980 3752 2121 3811 sunt,

532 3835 577 3880 -'a
619 3826 1045 3896 prmcedentibus
1101 3826 1272 3899 culpis
1305 3829 1545 3888 existunt
1582 3830 1793 3887 desides
1830 3839 1885 3885 et
1923 3832 2121 3901 securi,

544 3931 647 3975 nec
691 3931 751 3972 se
776 3916 828 3971 in
857 3916 1014 3972 bonis
1052 3918 1307 3987 operibus
1345 3930 1627 3987 exercent,
1668 3921 1781 3976 sed'
1804 3921 1974 3977 solam
2020 3924 2123 3979 sibi

541 4007 705 4066 ﬁdem
742 4008 985 4066 sullicere
1009 4020 1218 4083 putant.
1230 4019 1243 4081 _l

619 4101 743 4157 Non
779 4113 853 4158 est
878 4105 1116 4158 inventus
1136 4105 1226 4175 qui
1253 4104 1464 4175 rediret,
1493 4114 1545 4160 et
1564 4106 1717 4160 daret
1745 4104 1969 4177 gloriam
1993 4105 2127 4172 Deo,

546 4192 648 4247 nisi
675 4191 758 4246 hic
783 4191 1097 4265 alienigena,
1136 4193 1263 4263 quia
1288 4208 1394 4249 non
1422 4194 1717 4267 invenitur,
1757 4196 1850 4265 qui
1875 4204 1993 4266 post
2026 4210 2118 4250 ac-

546 4292 761 4351 ceptam
787 4283 1002 4341 veniam
1026 4284 1339 4339 recordetur
1362 4283 1557 4348 dit-ina;
1587 4278 1826 4356 pietatis,
1852 4295 1908 4341 et
1927 4287 1974 4340 si
2005 4301 2128 4357 gra-

548 4368 657 4423 tias
693 4368 889 4425 devoto
932 4370 1096 4431 corde
1115 4368 1360 4426 referens
1396 4382 1711 4449 perseveret
1738 4373 1791 4427 in
1816 4373 1974 4428 bonis
1989 4374 2126 4428 acti-

2129 3227 2132 3229 Α
2145 3143 2192 3206 C

2210 1936 2859 2015 peranter’imperavit,
2916 1949 3103 2005 regem
3152 1933 3322 1989 fuisse
3376 1933 3499 2002 quis
3548 1933 3798 1987 dubitet?

2214 2031 2459 2101 Regnum
2482 2043 2612 2087 vero
2644 2027 2797 2083 istius
2828 2025 2991 2097 regis,
3020 2025 3302 2095 paradisus
3336 2024 3425 2078 Dei
3453 2023 3575 2088 fuit,
3605 2023 3658 2076 in
3690 2038 3799 2092 quo

2214 2120 2340 2175 felix
2370 2121 2530 2175 homo
2552 2119 2798 2185 colonus,
2822 2118 2874 2171 in
2905 2131 3012 2187 quo
3040 2115 3321 2185 operarius
3349 2114 3575 2184 positus,
3608 2116 3661 2167 in
3691 2128 3800 2182 quo

2216 2227 2309 2268 rex
2332 2219 2386 2264 et
2407 2210 2658 2265 dominus
2690 2217 2749 2275 ut
2778 2207 3149 2263 dominaretur
3167 2219 3231 2259 ac
3252 2212 3509 2273 praeesset
3538 2204 3728 2257 bestiis
3746 2211 3803 2255 et

2212 2301 2472 2371 piscibus,
2501 2310 2663 2368 atque
2695 2298 2991 2369 reptilibus,
3006 2304 3060 2350 et
3085 2297 3296 2361 avibus,
3323 2304 3581 2364 tanquam
3608 2309 3701 2348 rex
3741 2294 3796 2347 in

2217 2389 2355 2445 solio
2372 2388 2670 2445 collocatus
2694 2396 2797 2441 est.
3107 2430 3120 2440 .

2289 2478 2417 2545 Sed,
2442 2480 2578 2550 proh
2609 2478 2786 2533 dolor!
2820 2476 2911 2547 qui
2952 2475 3055 2531 hoc
3090 2476 3249 2529 modo
3296 2488 3523 2543 magnus
3550 2489 3645 2527 rex
3674 2473 3799 2527 sub-

2216 2571 2434 2629 limatus
2480 2570 2835 2641 praesidebat,
2881 2584 2980 2640 per
3049 2567 3427 2622 inobedientiae
3478 2575 3801 2627 tumore-aia

2219 2677 2386 2732 regno
2408 2661 2497 2717 illo
2519 2660 2770 2731 depulsus
2792 2668 2897 2725 est,
2915 2666 2969 2714 et
2988 2658 3243 2715 aerumnis
3262 2673 3322 2710 ac
3343 2656 3577 2710 tristitia:
3591 2656 3805 2725 exposia

2221 2762 2309 2808 tus
2334 2762 2438 2808 est.
2490 2751 2715 2815 Tamen,
2769 2751 3062 2809 miserante
3089 2750 3222 2815 Deo,
3246 2749 3398 2817 cujus
3446 2749 3803 2801 miserationes

2225 2860 2383 2914 super
2407 2844 2583 2897 omnia
2613 2859 2767 2911 opera
2788 2843 2901 2912 ejus
2928 2839 3103 2910 (Psal.
3135 2857 3316 2904 cxuv,
3349 2841 3427 2911 9),
3460 2855 3568 2895 non
3599 2854 3667 2893 ex
3691 2847 3803 2892 toto

2221 2934 2386 2988 miser
2406 2935 2567 2989 homo
2591 2935 2650 2998 in.
2675 2932 2989 3001 perditionis
3004 2932 3256 3001 abyssum
3275 2929 3521 2983 redactus
3544 2940 3623 2984 est
3642 2944 3663 2998 ς,
3678 2942 3805 3003 ιιιιο,⁸

2222 3026 2368 3080 niam
2392 3015 2573 3097 neque
2615 3026 2845 3081 liberum
2889 3023 3069 3077 amisit
3100 3022 3408 3084 arbitrium,
3439 3035 3617 3089 neque
3650 3035 3681 3072 a
3716 3034 3804 3073 ra-e

2224 3115 2387 3171 tionis
2405 3115 2705 3185 capacitate
2723 3114 2989 3168 alienatus
3014 3121 3119 3166 est.
3147 3110 3392 3165 Perdidit
3443 3124 3574 3180 ergo
3602 3124 3702 3178 per
3722 3120 3808 3162 se.

2223 3206 2402 3277 ipsum
2428 3220 2683 3277 magnum
2716 3204 2875 3274 quid;
2907 3202 3122 3273 reliquit
3148 3208 3328 3255 autem
3353 3207 3408 3253 et
3434 3196 3807 3253 misericordia

2222 3295 2528 3353 Conditoris
2578 3308 2770 3364 parum
2809 3291 2959 3361 quid.
2990 3289 3045 3344 ln
3099 3303 3167 3345 eo
3203 3288 3388 3357 itaque
3428 3284 3573 3355 quod
3600 3286 3805 3350 amisit,

2222 3400 2321 3443 rex
2347 3400 2467 3441 esse
2487 3384 2681 3449 desiit;
2709 3383 2763 3437 in
2792 3397 2856 3437 eo
2884 3390 3065 3435 autem
3095 3378 3240 3449 quod
3279 3392 3392 3449 pm
3416 3377 3639 3433 caeteris
3689 3376 3806 3433 anis

2221 3478 2459 3553 malibus
2483 3477 2586 3532 sibi
2617 3475 2865 3530 relictum
2909 3482 3013 3538 est,
3067 3471 3223 3541 quasi
3263 3469 3483 3541 regulus
3521 3468 3807 3524 victitavit.

2224 3570 2378 3638 Quod
2402 3569 2518 3639 ipsa
2545 3565 2818 3637 Evangelii
2842 3566 3007 3621 verba
3029 3564 3281 3619 videntur
3310 3563 3561 3625 iunuere,
3578 3560 3813 3614 dicendo

2225 3658 2350 3730 quia
2378 3667 2491 3714 erat
2515 3657 2728 3728 quidam
2750 3654 2982 3726 regulus.
3005 3653 3110 3720 Per
3132 3655 3238 3730 hoc
3266 3651 3411 3707 enim
3436 3651 3583 3721 quod
3612 3650 3813 3705 dicitur

2229 3729 2392 3820 186
2431 3757 2564 3812 erat,
2594 3744 2736 3816 quod
2768 3741 3097 3814 imperfecta:
3118 3729 3533 3815 signiﬁcationis
3583 3740 3815 3807 verbum

2226 3848 2333 3908 est,
2356 3837 2504 3908 quod
2537 3837 2617 3893 sic
2640 3849 2708 3890 ex
2740 3843 2894 3905 parte
2918 3833 3029 3905 jam
3052 3831 3332 3903 praeteriit,
3366 3838 3425 3884 ut
3450 3844 3518 3883 ex
3546 3839 3709 3899 parte
3732 3828 3813 3887 vis

2228 3932 2422 3985 deatur
2453 3929 2630 3984 adhuc
2650 3941 2759 3981 non
2790 3924 3141 3995 prmteriisse,
3163 3932 3217 3977 et
3242 3934 3463 3979 sensum
3491 3919 3664 3973 habet
3691 3917 3817 3972 sub-

2227 4019 2542 4084 stantivum,
2571 4015 2805 4072 essentia
2832 4012 3066 4067 hominis
3093 4011 3389 4074 iudicatur;
3430 4023 3553 4079 quae
3575 4006 3694 4077 jam
3749 4018 3818 4063 es

2226 4121 2384 4182 parte
2410 4109 2702 4164 transierat
2728 4113 3035 4171 mortua,et
3071 4118 3135 4158 ex
3167 4111 3321 4172 parte
3353 4099 3657 4171 mgrotabat
3694 4114 3817 4153 sau-

2230 4200 2339 4265 cia,
2369 4209 2428 4253 ut
2448 4214 2586 4269 pene
2616 4197 2751 4257 nihil
2779 4206 2922 4251 esset
2949 4197 3109 4251 homo
3134 4193 3224 4262 qui
3255 4200 3391 4257 erat,
3429 4191 3697 4261 quoniam
3732 4190 3815 4245 ius

2229 4291 2547 4359 ﬁrmabatur
2564 4299 2610 4343 et
2629 4290 2764 4344 mori
2792 4288 3090 4357 incipiebat,
3139 4284 3295 4355 cujus
3321 4284 3598 4354 proprium
3616 4298 3817 4338 nomen

2234 4373 2463 4443 tacetur,
2514 4388 2570 4434 et
2613 4379 2813 4449 dicitur
2864 4395 2879 4432 :
2931 4378 3062 4432 Erat
3100 4376 3337 4449 quidam,
3365 4375 3491 4445 quia
3535 4390 3646 4429 non
3702 4382 3822 4442 erat~

547 4458 675 4523 bus,
697 4458 799 4513 nisi
826 4457 918 4527 qui
944 4474 1050 4524 non
1074 4460 1145 4514 sit
1171 4473 1238 4514 ex
1266 4457 1647 4529 ﬁliisgterrenal
1687 4461 1996 4535 Babylonis,
2022 4463 2125 4535 sed
2155 4484 2206 4546 ι)
2231 4469 2424 4541 dignus
2450 4468 2660 4531 audire,
2689 4468 2810 4522 novi
2838 4477 2978 4522 teea:
3002 4450 3208 4539 nomine
3230 4464 3430 4535 (Exod.
3458 4478 3660 4537 sunt,
3691 4463 3815 4534 Π),

549 4561 616 4602 ex
641 4548 767 4603 ﬁliis
792 4547 1128 4606 Hierusalem
1159 4552 1419 4608 Caelestis.

621 4638 691 4694 Et
721 4640 796 4693 ait
819 4639 944 4712 illi:
979 4638 1168 4711 Surge,
1204 4643 1352 4708 vade,
1409 4646 1534 4715 quia
1562 4643 1692 4714 ﬁdes
1726 4653 1820 4699 tua
1841 4654 1890 4710 te
1926 4644 2130 4713 ealcum

549 4733 693 4801 fecit.
717 4731 1006 4797 Humiliter
1025 4734 1200 4789 adhuc
1217 4733 1417 4804 jacenti
1450 4751 1549 4814 pro
1570 4736 1808 4808 peccatis
1818 4734 2128 4814 panitcndo

553 4827 749 4885 deletis
774 4826 1094 4907 praccipitur
1119 4837 1183 4883 ut
1215 4838 1405 4900 surgat
1429 4830 1496 4884 ad
1552 4831 1692 4885 bene
1725 4830 2015 4901 agendum,
2072 4840 2130 4886 et

548 4920 734 4985 vadat,
768 4918 822 4973 id
848 4929 933 4973 εει
956 4928 1340 4989 promoventur
1368 4936 1431 4975 ac
1455 4921 1704 4991 proliciat
1736 4922 1789 4989 in
1817 4921 1971 4983 bonis
1994 4935 2132 4990 ope-.-~

548 5011 720 5067 ribus.
752 5007 854 5076 Qui
886 5009 1033 5063 enim
1056 5008 1429 5064 inhrmitatem
1457 5025 1569 5064 sua:
1595 5010 1921 5065 conditionis
1952 5011 2131 5071 humi-1

514 5090 519 5095 δ
548 5100 675 5160 liter
702 5102 942 5181 agnovit,
987 5103 1062 5165 ac~
1088 5101 1362 5172 pulverem
1403 5108 1459 5157 et
1486 5101 1725 5157 cinerem
1778 5116 1837 5156 se
1866 5115 1987 5155 esse
2011 5115 2129 5171 per-

550 5192 761 5261 pendit,
777 5192 1001 5262 jubetur
1030 5192 1097 5247 ad
1124 5194 1340 5248 robusta
1366 5206 1530 5261 opera
1556 5207 1799 5263 surgere,
1831 5208 1894 5247 ac
1914 5206 2131 5263 promo-

549 5281 665 5336 veri
689 5280 742 5335 in
773 5280 1279 5352 prolectujustitiaa.
1311 5281 1409 5338 Cui
1432 5292 1488 5339 et
1527 5282 1767 5338 dicitur:
1813 5281 1973 5338 Fides
2026 5293 2120 5337 tua

548 5380 601 5429 te
628 5372 828 5428 salvum
846 5373 989 5444 fecit.
1025 5372 1265 5431 Credidit
1295 5378 1441 5434 enim
1466 5387 1645 5449 grates
1675 5392 1795 5433 esse
1819 5376 2129 5433 referendas

450 5536 455 5539 ι
549 5463 604 5521 ei
625 5462 750 5537 [al.,
779 5473 842 5521 ut
890 5466 1000 5521 Deo
1034 5464 1110 5539 ei]
1139 5468 1231 5537 qui
1269 5483 1328 5526 se
1347 5472 1705 5527 mandaverat
1728 5479 1785 5526 et
1808 5484 1969 5539 opere
1986 5468 2128 5525 Deus

554 5553 886 5625 inualuerat,
917 5567 974 5612 et
1024 5556 1185 5613 ﬁdem
1231 5575 1350 5630 quae
1378 5577 1470 5630 per
1498 5561 1828 5616 dilectionem
1880 5570 2129 5628 operatur

555 5642 700 5718 (Gal.
748 5662 802 5714 ν,
852 5648 940 5719 ϐ)’,
970 5651 1221 5719 habebat,
1261 5667 1326 5709 ac
1347 5667 1443 5724 per
1468 5667 1586 5709 eam
1609 5670 1637 5709 a
1670 5654 1939 5723 prioribus
1965 5653 2120 5709 malis

556 5737 737 5795 salvus
770 5746 888 5794 erat
912 5738 964 5794 in
990 5739 1182 5809 quibus
1209 5751 1335 5798 ants
1381 5742 1635 5811 perierat,
1692 5744 1818 5813 quia
1848 5758 1953 5799 non
2005 5741 2123 5799 sino

2230 4574 2410 4635 neque
2437 4566 2557 4614 erat
2605 4572 2801 4614 nomen
2840 4556 2957 4627 ejus
3004 4557 3264 4626 scriptum
3292 4554 3347 4609 in
3378 4552 3555 4623 caslis,
3586 4564 3650 4607 ut
3677 4552 3820 4610 Deus

2231 4653 2362 4709 illud
2382 4651 2699 4724 dignaretur
2760 4650 3065 4720 nominare.
3117 4645 3253 4714 Nam
3281 4654 3338 4713 et
3358 4658 3457 4700 nos
3495 4645 3821 4715 plerumque

2230 4742 2591 4813 quorumdam
2615 4738 2893 4807 vocabula,
2918 4751 3043 4809 quae
3062 4746 3241 4798 tamen.
3268 4735 3407 4790 bene
3434 4724 3833 4813 mctn'inimuss

2230 4842 2454 4904 propter
2477 4830 2918 4901 dedignationem
2947 4822 3437 4896 praetermittimus,
3463 4837 3592 4878 cum
3622 4838 3822 4879 eorum

2230 4904 2666 4989 recerdaticaem
2714 4918 3045 4991 fastidimus.
3101 4915 3310 4981 Idcirco
3365 4923 3549 4969 autem
3616 4929 3823 4969 nam

2236 5018 2401 5079 istius
2448 5014 2678 5086 Spiritui
2718 5022 2913 5082 sancto
2961 5010 3193 5085 viiuerat
3234 5007 3330 5079 qui
3387 5014 3646 5079 peccator
3680 5015 3823 5071 erat,

2228 5107 2356 5177 quia
2376 5107 2591 5161 iniimus
2611 5102 2839 5173 regulus.

2260 5192 2267 5193 ί
2303 5195 2469 5264 Cujus
2497 5193 2642 5262 ﬁlius
2669 5190 3043 5261 inﬁrmabatur
3063 5188 3459 5259 Capharnaum.
3483 5184 3663 5239 Filius
3710 5192 3827 5255 est,

2229 5285 2418 5358 inquo
2446 5295 2600 5353 pater
2626 5283 2822 5339 aﬁ‘ectu
2874 5289 3109 5353 paterno
3155 5275 3827 5349 Specialiter'delectatur,

2230 5389 2391 5444 quem
2422 5373 2726 5441 tenerrimo,
2747 5376 2811 5431 et
2839 5380 2958 5427 toto
2987 5379 3246 5439 tanquam
3274 5368 3512 5438 seipsum
3563 5366 3833 5433 confovet

2229 5465 2502 5537 amplexu.
2540 5462 2657 5521 Hoc
2677 5464 2735 5529 in
2762 5463 2982 5533 homine
3002 5461 3263 5523 interiore
3282 5459 3526 5514 animum
3557 5456 3831 5528 intelligi.-

2227 5571 2367 5623 mus,
2383 5570 2544 5625 quem
2568 5569 2598 5610 a
2618 5555 2794 5625 primo
2811 5553 3080 5611 Plasmate
3101 5550 3351 5621 usquead
3362 5546 3833 5610 Cbristummnlsa

2228 5648 2553 5717 spiritalium
2578 5645 2809 5701 febrium
2855 5644 3308 5701 incommoditate
3353 5649 3691 5713 pmveutum
3724 5655 3835 5696 ne»

2236 5757 2511 5812 quaquam
2536 5739 2875 5798 dubitamus.
2892 5739 3287 5809 Capharnauns
3312 5744 3491 5795 autem
3538 5749 3669 5805 ager
3694 5735 3829 5807 pll—
