4060 6292
265 341 381 403 665

1360 345 1665 405 “Oblle
1703 345 1794 401 ΕΤ
1826 342 2442 404 ΕΧΗΟΚἝΔΤΙΟΝΕΞ.

264 461 571 517 cllemmus
594 460 814 526 dicitur,
844 467 901 519 et
922 424 1153 516 mundus
1177 460 1300 526 iSte,
1336 471 1718 518 creaturarum
1748 478 1841 519 or-
1878 466 1929 527 Α
1956 459 2074 531 ejus
2101 459 2206 515 alia
2250 460 2305 515 in
2353 460 2606 530 presenti
2667 460 2871 532 aliquid
2897 461 3302 534 signiﬁcabant,
3345 461 3448 519 alia
3476 465 3537 522 in

264 553 553 611 namentis
582 555 887 617 decoratus,
916 552 1095 622 magni
1119 551 1340 623 Opiﬁcis
1355 554 1698 612 ordinatione
1730 571 1863 611 eon-

264 645 517 713 spicuus,
574 654 704 714 ager
752 642 1146 712 pulcherrimus
1174 658 1280 697 non
1307 643 1602 715 incongrue
1632 646 1859 717 intelligi

264 741 482 803 potest.
505 732 673 803 Cujus
700 732 922 788 colonus
948 734 1131 800 homo,
1164 742 1354 803 utpote
1386 734 1593 791 advena
1627 746 1678 791 et
1707 751 1863 806 pere-

263 824 488 892 grinus,
541 830 748 892 quanto
772 823 1027 878 licentius
1055 825 1331 893 peccabat,
1387 833 1538 885 tanto
1583 827 1859 885 abundan-

267 912 387 966 tius
438 912 760 983 aagrotabat.
813 911 1124 983 Aigrotavit
1152 922 1332 968 autem
1392 915 1626 970 hominis
1682 917 1861 986 portio

262 1002 589 1070 pretiosior,
612 1002 825 1058 animus
851 1002 1121 1069 videlicet,
1150 1003 1242 1074 qui
1269 1013 1523 1073 tanquam
1574 1003 1719 1063 ﬁlius
1758 1004 1860 1060 ho-

190 1090 191 1093 “
260 1092 407 1146 mini
430 1094 592 1167 debet
608 1108 729 1149 esse
748 1094 845 1149 cha
854 1094 982 1151 rior.

342 1183 455 1237 llic
489 1200 606 1238 cum
631 1187 861 1242 audisset
895 1187 1019 1256 quia
1052 1185 1210 1243 Iesus
1237 1187 1501 1242 adveniret
1528 1206 1560 1241 a
1590 1187 1784 1243 Iudaea
1805 1205 1862 1243 tn

262 1272 581 1342 Galilaeam,
599 1277 728 1330 abiit
750 1277 821 1331 ad
846 1294 985 1344 eum,
1009 1287 1057 1332 et
1082 1279 1300 1348 rogabat
1339 1294 1457 1332 eum
1496 1290 1550 1332 ut
1577 1279 1862 1335 descende-

258 1373 374 1429 ret,
422 1374 473 1419 et
510 1376 720 1427 sanaret
773 1367 943 1435 ﬁlium
998 1369 1145 1438 ejus;
1187 1368 1465 1439 incipiebat
1507 1370 1645 1424 enim
1704 1369 1858 1424 mori.

260 1456 466 1512 Judma
490 1458 707 1531 quidem
743 1460 1023 1530 confessio,
1061 1462 1177 1517 sive
1204 1462 1466 1525 laudatio,
1499 1471 1555 1516 et
1582 1461 1865 1532 gloriﬁca-

257 1548 345 1600 tio
365 1564 388 1611 ;
415 1547 630 1605 Galilaea
656 1550 786 1609 vero,
813 1552 1203 1621 interpretatur
1244 1552 1641 1623 transmigratio
1676 1554 1843 1623 facta.

257 1635 339 1690 Et
371 1635 535 1692 Iesus
557 1639 704 1693 venit
727 1654 758 1693 a
779 1637 961 1694 Judaaa
983 1641 1038 1695 in
1063 1641 1362 1709 Galilaeam,
1413 1642 1634 1711 quando
1676 1656 1707 1695 a
1731 1654 1864 1696 cou-

256 1727 519 1784 Iessione‘
544 1742 600 1784 et
627 1731 956 1797 laudatione,
980 1724 1100 1803 qua:
1122 1734 1195 1789 illi
1218 1749 1436 1794 sursum
1460 1749 1493 1789 a
1528 1734 1734 1790 sanctis
1759 1751 1859 1793 an-

1962 551 2203 607 l‘uturum
2250 552 2676 623 prospiciebant.
2733 552 2964 624 Regulus
3016 569 3147 625 ergo
3215 554 3537 612 descensum

1962 640 2081 711 ejus
2111 641 2179 697 ad
2220 642 2448 699 salutem
2488 642 2582 698 lilii
2638 644 2894 716 rogabat;
2948 644 3207 701 Dominus
3234 655 3415 701 autem
3437 644 3536 703 de-

1963 747 2215 789 scensum
2262 748 2420 790 suum
2472 736 2909 801 commendabat,
2959 746 3015 792 et
3038 736 3223 809 regqu
3267 735 3536 792 subtiliter

1965 823 2271 889 intimabat,
2299 824 2489 880 dicens
2538 843 2551 880 :
2592 823 2715 880 Nisi
2749 829 2899 894 signa
2921 836 2968 881 et
3002 828 3241 898 prodigia
3269 826 3531 893 videritis,

1962 929 2066 968 non
2093 912 2325 967 creditis.
2347 913 2427 969 Ac
2446 914 2490 969 si
2515 914 2717 971 diceret
2755 932 2769 969 :
2803 918 3105 972 Descensus
3134 932 3284 971 meus
3308 916 3373 969 ad
3391 930 3535 971 mor-

1964 1007 2071 1054 tem
2100 1009 2154 1054 et
2184 999 2251 1053 ad
2276 998 2503 1064 inferos,
2531 1015 2688 1070 quem
2715 1001 3015 1065 desideras,
3046 1004 3257 1071 signum
3284 1015 3538 1072 magnum

1963 1098 2068 1157 est,
2104 1091 2230 1161 quia
2259 1090 2683 1146 febricitantium
2713 1092 2865 1147 salus
2894 1102 2998 1158 est,
3024 1103 3077 1147 et
3100 1094 3397 1163 prodigium
3425 1109 3541 1148 ma-

1964 1196 2126 1251 gnum
2149 1189 2255 1247 est,
2286 1180 2412 1249 quia
2441 1183 2766 1237 resurrectio
2793 1191 3128 1237 mortuorum
3146 1194 3248 1237 est.
3268 1183 3378 1238 Nec
3409 1186 3541 1241 ﬁdes

1936 1268 2273 1325 Christiana
2304 1270 2355 1323 in
2386 1272 2639 1340 gentibus
2677 1272 2939 1342 pullulare
2991 1272 3211 1338 poterit,
3258 1273 3360 1327 nisi
3388 1276 3541 1343 signa

1964 1361 2080 1417 hac
2106 1371 2154 1416 et
2179 1362 2426 1433 prodigia
2468 1363 2686 1417 viderit.
2721 1363 2860 1418 Dicit
2883 1365 2951 1417 ad
2976 1381 3093 1418 eum
3134 1365 3366 1432 regulus,
3404 1381 3543 1420 unus

1964 1450 2191 1505 credens
2218 1465 2285 1505 ex
2310 1450 2579 1519 gentibus,
2606 1454 2845 1523 gentium
2878 1454 3128 1525 primitiae
3152 1454 3540 1524 praesignatus:

1964 1540 2207 1607 Domine,
2234 1541 2507 1609 descende,
2534 1546 2837 1615 priusquam
2888 1547 3147 1599 moriatur
3192 1545 3335 1615 ﬁlius
3374 1560 3542 1598 meus.

1963 1634 2208 1701 Domine,
2253 1637 2689 1706 quandoquidem
2730 1638 3023 1691 descensus
3069 1646 3192 1692 tuus
3231 1638 3443 1707 signum
3488 1632 3545 1689 et

1964 1725 2266 1797 prodigium
2291 1743 2544 1798 magnum
2575 1736 2680 1792 est,
2712 1742 2810 1800 nec
2836 1728 3155 1798 prieputiunt
3183 1728 3252 1781 ab
3310 1725 3543 1790 inﬁrmi-

257 1819 415 1888 gclis
443 1820 778 1877 incessanter
827 1823 1094 1890 dabatur,
1144 1826 1391 1896 dignatus
1441 1835 1525 1883 est
1548 1841 1646 1897 per
1681 1828 1863 1885 carnis
1892 1812 1939 1867 Β
1964 1821 2163 1877 tatibus
2188 1820 2303 1876 suis
2328 1821 2528 1889 poterit
2575 1818 3118 1884 convalescere,uisi
3158 1820 3308 1889 signa
3346 1819 3461 1872 haec
3488 1827 3537 1870 et

256 1910 704 1980 assumptionem
731 1914 919 1969 venire
943 1915 1011 1969 ad
1040 1930 1159 1980 nos,
1184 1916 1276 1986 qui
1330 1917 1860 1989 transmigrationem

257 1999 586 2057 feceramus
617 2018 645 2057 a
670 2005 920 2072 paradiso
943 2006 1011 2060 ad
1042 2005 1201 2076 hujus
1231 2007 1424 2063 vallem
1477 2009 1734 2066 miseriae.
1793 2011 1863 2068 Et

254 2092 430 2147 hunc
473 2093 759 2149 adventum
785 2096 1262 2168 audivitregulus,
1288 2099 1414 2170 quia
1441 2099 1593 2157 illum
1644 2116 1741 2173 per
1760 2103 1863 2158 Ζα-

252 2182 521 2240 chariam
546 2185 908 2254 homodicere
929 2190 1192 2257 comperit
1216 2207 1230 2244 :
1249 2188 1435 2245 Lauda
1447 2200 1495 2245 et
1516 2190 1718 2257 latare,
1744 2193 1861 2261 ﬁlia

254 2274 438 2340 Sion,
469 2278 596 2346 quia
624 2294 741 2331 ecce
764 2294 857 2347 ego
903 2274 1071 2345 venio,
1100 2291 1149 2333 et
1174 2280 1419 2336 habitabo
1471 2285 1528 2337 in
1564 2285 1736 2338 medio
1760 2286 1860 2352 tui,

253 2367 339 2419 ait
364 2365 635 2420 Dominus
660 2366 845 2437 (Zaclt.
873 2384 936 2433 ll,
964 2369 1072 2438 10).
1103 2370 1348 2440 Cumque
1371 2372 1485 2427 haec
1521 2382 1577 2428 et
1603 2373 1686 2428 bis
1714 2375 1866 2429 simi-

254 2455 331 2511 lia
362 2457 445 2511 de
503 2456 620 2525 ejus
685 2458 916 2534 adventu
943 2462 1104 2516 verba
1156 2464 1541 2532 prephctarnm
1595 2466 1862 2532 audisset,

252 2547 408 2600 abiit
443 2547 514 2600 ad
548 2563 687 2611 eum,
717 2565 816 2618 pro
844 2543 1386 2621 liliosupplicatnrus,
1418 2569 1597 2609 mores
1624 2564 1862 2610 mutatu-

258 2651 396 2703 rus,
426 2636 480 2691 in
514 2639 689 2708 ipsum
712 2640 1041 2695 crediturus.
1069 2642 1210 2695 Abiit
1262 2644 1330 2696 ad
1352 2661 1494 2706 eum,
1546 2646 1670 2714 quia
1701 2646 1867 2715 etrapit

259 2728 339 2784 ad
363 2726 495 2795 ejus
531 2728 692 2783 ﬁdem
719 2728 1113 2798 aliquantulum
1143 2733 1427 2787 accedere.
1461 2731 1530 2786 Et
1566 2735 1784 2804 rogabat
1807 2744 1862 2789 ut

259 2820 638 2884 descenderet,
697 2830 974 2875 etsanaret
1017 2823 1191 2891 ﬁlium
1248 2824 1382 2893 ejus,
1408 2840 1569 2892 quem
1628 2826 1865 2883 diximus

262 2912 529 2979 animum
553 2911 722 2981 ipsius
755 2927 898 2977 esse,
932 2915 1053 2981 quia
1081 2929 1181 2983 per
1217 2914 1556 2970 Psalmistam
1598 2917 1810 2971 dicebat
1843 2933 1859 2971 :

262 3002 528 3073 Domine,
564 3002 762 3069 inclina
789 2998 941 3059 coilos
964 3015 1102 3073 tuos,
1120 3016 1166 3059 et
1191 3007 1441 3061 descende
1463 3007 1638 3077 (l’sal.
1671 3023 1860 3077 cxun,

262 3092 325 3162 5)
364 3109 389 3158 ,'
422 3104 478 3148 et
508 3112 522 3146 :
556 3093 797 3158 Domine,
828 3096 1067 3150 miserere
1100 3099 1221 3161 mei,
1251 3115 1381 3151 sana
1422 3100 1654 3152 animam
1690 3115 1862 3153 meam

264 3187 407 3257 quia
448 3187 657 3255 peccavi
694 3187 785 3247 tibi
814 3184 987 3257 (Psal.
1014 3204 1104 3255 xu,
1145 3188 1220 3257 5).
1264 3187 1497 3258 Rogabat
1553 3199 1608 3242 ut
1656 3191 1869 3246 descen-

265 3278 448 3341 deret,
475 3276 578 3331 hoc
607 3286 712 3343 est,
735 3278 802 3331 ad
863 3278 1225 3334 humilitatem
1263 3281 1529 3348 passionis
1564 3296 1622 3335 se
1654 3282 1868 3336 miseri-

266 3365 524 3421 corditer
551 3366 856 3434 inclinaret,
880 3378 928 3421 et
958 3370 1129 3437 ﬁlium
1148 3370 1282 3439 ejus,
1313 3372 1415 3425 hoc
1444 3378 1529 3425 est
1551 3372 1859 3427 chariorem

268 3456 402 3526 ejus
430 3457 764 3526 portionem,
796 3468 1036 3528 sanaret,
1065 3458 1180 3514 Non
1222 3461 1367 3514 enim
1421 3470 1631 3529 poterat
1657 3463 1871 3517 animus

271 3547 526 3603 bominis
564 3562 594 3602 a
632 3550 837 3618 peccati
886 3551 1075 3605 morbo
1132 3552 1337 3618 sanari,
1364 3553 1465 3607 nisi
1507 3555 1869 3613 medicamen?

272 3645 399 3692 tum
424 3637 475 3691 ei
512 3636 665 3691 ﬁeret
689 3652 835 3692 mors
860 3637 1029 3711 ipsius
1054 3640 1267 3696 medici.

348 3726 651 3797 Incipiebat
679 3729 816 3782 enim
843 3730 1049 3798 peccati
1074 3730 1328 3801 languore
1346 3730 1461 3799 jam
1491 3733 1643 3786 mori.
1670 3732 1765 3786 llic
1788 3741 1871 3788 est

275 3819 437 3877 enim
470 3820 715 3886 saucius,
741 3835 924 3889 quem,
955 3821 1094 3876 sicut
1116 3822 1241 3877 alibi
1274 3824 1495 3886 dicitur,
1525 3823 1763 3878 latrones
1814 3825 1868 3878 in

271 3915 368 3969 via
386 3912 713 3967 semivivum
738 3912 1027 3983 reliquere.
1063 3914 1208 3969 Vivit
1233 3915 1374 3967 enim
1404 3929 1471 3968 ex
1502 3931 1563 3969 ca
1595 3924 1871 3984 partequa

276 4004 457 4061 Deum
491 4012 668 4073 potest
696 4018 1043 4074 cognoscere,
1075 4013 1131 4059 et
1160 4005 1289 4074 quid
1314 4014 1521 4059 rectum
1553 4006 1627 4059 sit
1660 4007 1867 4061 discer-

287 4109 459 4164 nere;
493 4104 738 4150 mortuus
767 4110 895 4150 vero
919 4105 1001 4149 cst
1021 4111 1088 4150 ex
1110 4112 1176 4151 ea
1198 4107 1351 4164 parte
1377 4112 1480 4167 qua
1507 4098 1743 4166 peccatis
1789 4106 1870 4152 ta-

275 4186 481 4251 bescit,
531 4194 587 4241 et
617 4187 855 4256 nequitia
913 4187 1115 4243 deﬁcit.
1147 4188 1222 4241 Ex
1248 4197 1361 4243 teto
1387 4196 1564 4243 autem
1594 4190 1698 4243 erit
1724 4204 1871 4243 mor.-

1893 3147 1940 3209 C

1960 1911 2201 1981 prodigia
2231 1910 2491 1965 meruerit
2521 1910 2724 1975 videre,
2752 1911 3026 1970 descende.
3067 1911 3323 1980 quoniam
3354 1908 3547 1962 melius

1962 2012 2067 2070 est,
2093 2003 2236 2060 sicut
2264 2003 2672 2074 praeordinasti,
2701 2011 2760 2056 ut
2788 2003 3085 2057 descendas
3109 2016 3269 2070 quam
3298 2009 3356 2053 ut
3400 1999 3545 2067 ﬁlius

1962 2112 2130 2162 meus,
2157 2096 2339 2161 id,est
2374 2095 2590 2167 gentilis
2640 2095 2820 2164 pepuli
2857 2095 3097 2159 animus,
3161 2094 3218 2147 in
3276 2102 3543 2145 mternum

1962 2195 2169 2258 pereat.
2190 2187 2453 2245 Descende
2473 2203 2602 2258 ergo
2620 2189 2685 2242 de
2715 2187 3082 2242 incarnatione
3108 2184 3175 2239 ad
3201 2183 3537 2254 passionem,

1963 2278 2222 2348 quoniam
2243 2295 2308 2335 ex
2330 2280 2582 2350 passione
2608 2290 2695 2334 tua
2728 2287 3089 2348 consequetur
3114 2275 3296 2331 anima
3323 2289 3441 2329 mea
3476 2272 3544 2328 li-

1963 2368 2324 2425 berationem.

2041 2460 2180 2516 Huic
2210 2470 2375 2516 tantae
2393 2460 2518 2516 ﬁdei
2543 2476 2609 2516 ac
2643 2461 2914 2516 devotioni
2956 2461 3221 2517 duntaxat
3271 2456 3552 2530 respondit

1965 2552 2226 2611 Dominus
2261 2572 2274 2608 :
2312 2552 2479 2619 Vade,
2506 2554 2650 2621 ﬁlius
2699 2564 2819 2607 tuus
2855 2555 3001 2609 uiuit.
3035 2555 3239 2607 Durum
3264 2562 3348 2607 est
3395 2552 3543 2606 enim

1922 2638 2266 2714 intelligere
2338 2644 2479 2713 quod
2556 2643 2836 2697 incrednlo
2911 2651 2965 2697 et
3018 2641 3219 2696 inﬁdeli
3285 2641 3550 2696 dixerit:

1980 2730 2139 2802 Vade,
2180 2733 2325 2802 ﬁlius
2380 2744 2501 2787 tuus
2548 2734 2665 2788 vivit
2709 2734 2813 2787 nisi
2855 2732 3209 2802 supplicantis
3261 2730 3419 2785 ﬁdem
3458 2729 3555 2785 de.

1967 2822 2348 2893 votionemque
2401 2823 2761 2893 cognovisset.
2830 2822 3055 2877 Praescit
3106 2822 3268 2889 igitur
3304 2861 3320 2885 ,

1965 2927 2128 2982 quam
2171 2913 2494 2968 miraculum
2544 2913 2790 2980 faceret,
2833 2913 3084 2968 subtilem
3128 2912 3358 2967 ﬁdeliter
3403 2912 3554 2967 obse—

1964 3004 2168 3060 crantis
2230 3006 2672 3075 responsionem,
2731 3015 2788 3059 et
2841 3006 2907 3058 ad
2968 3005 3210 3060 miraculi
3288 3004 3553 3073 processit

1969 3096 2361 3163 ostensionem,
2396 3104 2457 3150 ut
2484 3104 2540 3151 et
2562 3095 2696 3151 ﬁdes
2742 3093 2857 3163 jam
2910 3096 3184 3151 credentis
3233 3095 3553 3164 procederet

1970 3184 2025 3239 in
2056 3186 2565 3243 manifestationem.
2634 3184 2795 3251 Vade,
2825 3185 3141 3255 inquit,boc
3183 3194 3266 3238 est
3293 3182 3359 3251 ad
3382 3181 3555 3252 perle-

1971 3277 2205 3333 ctionem
2254 3279 2581 3348 transmigra
2619 3276 3030 3347 cogitationum,
3079 3283 3137 3330 et
3184 3277 3325 3328 sicut
3354 3266 3552 3326 audisti

1971 3384 2147 3424 meam
2188 3371 2644 3433 incarnationem,
2702 3378 2956 3438 exspecta
3009 3368 3173 3421 etiam
3218 3365 3549 3435 passionem.

1972 3456 2091 3512 Jam
2123 3458 2269 3512 enim
2317 3472 2385 3512 ex
2410 3459 2525 3517 hac
2573 3457 2696 3512 ﬁdei
2730 3457 2967 3512 scintilla
3000 3455 3144 3524 ﬁlius
3193 3465 3336 3527 tuus,
3384 3454 3552 3508 idest

1972 3550 2184 3603 animus
2225 3559 2374 3615 tuus,
2417 3548 2557 3603 vivit.
2606 3547 2717 3603 Nec
2768 3562 3093 3617 quemquam
3156 3552 3370 3599 moveat
3408 3542 3552 3613 quod

1971 3639 2151 3693 omnia
2176 3640 2292 3694 haec
2309 3641 2476 3695 verba
2499 3638 2795 3693 secundum
2815 3637 3099 3692 historiam
3138 3650 3245 3691 nou
3266 3635 3552 3690 invenian-

1972 3740 2061 3785 tur
2079 3741 2134 3788 et
2156 3748 2188 3787 a
2228 3732 2431 3803 regulo,
2456 3731 2511 3786 id
2531 3739 2613 3786 est
2643 3730 2711 3785 ab
2734 3730 2970 3784 humano
3006 3742 3226 3799 genere,
3251 3727 3392 3782 dicta
3430 3741 3553 3783 esse

1973 3824 2225 3887 Domino,
2248 3832 2303 3878 et
2331 3837 2363 3877 a
2414 3822 2644 3877 Domino
2705 3821 2885 3891 generi
2921 3820 3176 3874 humano.
3215 3815 3372 3871 Tales
3407 3815 3554 3872 enim

1975 3922 2101 3968 sunt
2122 3912 2579 3975 istmlocutiones,
2610 3910 2797 3979 quales
2824 3919 2875 3965 et
2901 3908 3004 3962 illae
3026 3908 3091 3963 de
3118 3906 3358 3962 Canticis
3411 3920 3544 3959 can.

1976 4004 2237 4068 ticorum,
2296 4001 2387 4056 ubi
2433 4015 2666 4070 sponsus
2718 4001 2787 4053 ad
2837 4012 3117 4069 sponsam,
3161 4004 3217 4051 et
3236 4008 3430 4065 sponsa
3484 3993 3555 4048 ad

1974 4108 2228 4164 Sponsum
2266 4107 2331 4147 ea
2348 4091 2513 4146 verba
2537 4089 2795 4160 loquitur,
2824 4104 2945 4161 quae
2970 4100 3232 4156 nusquam
3256 4083 3557 4139 lliSlOl‘lilll-a

1976 4194 2060 4241 ter
2087 4186 2448 4254 reperiuntur.
2474 4182 2662 4249 Neque
2685 4182 2830 4237 enim
2861 4191 2969 4237 tam
2993 4178 3216 4235 vocibus
3276 4191 3437 4246 quam
3460 4191 3551 4231 re—.

3395 2829 3551 2876 ante-
3634 2858 3639 2861 -

280 4288 437 4343 tuus,
484 4276 529 4330 si
570 4276 734 4331 fuerit
764 4277 981 4331 inferno
1003 4277 1418 4333 damnatus.Sic
1450 4294 1578 4350 ergo
1599 4279 1873 4350 incipiebat
1975 4278 2076 4333 bus
2100 4277 2232 4330 ﬁunt
2257 4274 2558 4343 hujusmodi
2578 4273 2892 4329 locutiones.
2922 4270 3084 4338 Vade,
3108 4270 3206 4335 ait,
3224 4268 3325 4323 hoc
3345 4275 3451 4334 est,
3479 4266 3551 4323 ad

274 4367 444 4429 mori,
492 4366 543 4428 id
564 4374 646 4421 est
676 4366 925 4433 vitiorum
975 4367 1232 4437 languore
1272 4370 1495 4437 nimium
1528 4372 1871 4441 gravabatur,
1976 4367 2181 4437 majora
2229 4365 2355 4422 ﬁdei
2402 4362 2745 4436 promovere,
2792 4373 2847 4418 et
2873 4363 2942 4418 ad
2994 4361 3295 4431 spiritalem
3327 4374 3555 4414 sensum

279 4465 340 4519 et
389 4455 554 4509 morti
582 4455 949 4513 damnationis
967 4465 1183 4510 azternae
1212 4458 1629 4528 propinquabat.
1669 4458 1775 4513 Sed
1804 4474 1870 4514 ne
1906 4478 1952 4533 ῃ
1977 4460 2326 4535 progredere,
2375 4459 2630 4530 quoniam
2652 4456 2797 4527 ﬁlius
2827 4466 2946 4509 tuus
2985 4454 3130 4519 vivit,
3154 4467 3221 4508 ex
3272 4453 3375 4507 hac
3427 4449 3553 4505 ﬁdei

278 4562 351 4614 ex
378 4553 496 4601 toto
522 4555 843 4612 moreretur,
888 4548 1120 4603 accessit
1170 4558 1326 4617 pater
1350 4550 1417 4602 ad
1440 4547 1625 4604 Jesum
1683 4565 1781 4618 pro
1806 4564 1871 4604 eo
1975 4553 2341 4619 inchoatione,
2366 4560 2421 4606 et
2448 4566 2512 4606 ex
2544 4563 2664 4605 mea
2692 4545 3172 4617 praedestinatione

282 4644 606 4708 rogaturus,
635 4646 692 4690 ut
716 4636 831 4706 ipse
870 4637 962 4706 qui
993 4636 1124 4701 vita,
1150 4637 1242 4703 qui
1269 4638 1529 4702 medicus,
1574 4638 1667 4707 qui
1702 4639 1863 4693 medi-

2047 4643 2285 4699 Credidit
2333 4645 2382 4698 ei
2434 4644 2589 4697 homo
2612 4639 2842 4696 sermoni
2868 4653 3021 4709 quem
3045 4637 3177 4691 dixit
3200 4635 3248 4690 ei
3269 4635 3443 4698 Iesus,
3506 4643 3555 4687 et

281 4726 421 4781 cina
443 4733 550 4787 est,
584 4722 833 4780 obviaret
858 4726 1041 4781 morti.
1092 4725 1222 4782 Post
1269 4736 1496 4781 mortem
1533 4728 1678 4782 enim
1728 4729 1874 4783 nulla
1976 4735 2105 4789 ibat.
2135 4734 2367 4789 Credidit
2390 4735 2682 4789 humanum
2711 4729 3034 4803 genusquod
3054 4729 3266 4782 animus
3293 4741 3428 4781 suus
3456 4739 3554 4793 per

250 4824 480 4888 σνοεεθι
515 4815 749 4871 inveniri
774 4815 1074 4885 mediCina.
1116 4816 1241 4891 quia
1273 4818 1327 4873 in.
1377 4817 1582 4887 inferno
1627 4817 1772 4872 nulla
1799 4828 1876 4874 σει
1978 4826 2074 4882 Dei
2096 4827 2327 4896 gratiam
2360 4825 2588 4881 interius
2618 4823 2843 4887 viveret,
2871 4822 3127 4893 quoniam
3151 4833 3222 4871 ex
3248 4816 3467 4871 Salvato
3480 4814 3553 4867 ris

285 4902 605 4978 redemptio.
634 4907 893 4977 Quisquis
913 4896 1251 4964 enimsemel
1287 4917 1503 4973 aeternae
1539 4910 1863 4966 damnationi

1978 4932 2253 4985 sermone,
2276 4933 2437 4990 quem
2475 4930 2731 4973 veracem
2753 4928 2878 4971 esse
2925 4912 3139 4975 didicit,
3184 4910 3288 4964 hoc
3315 4905 3555 4971 audivit;

287 4999 555 5065 traditus,
576 5014 853 5071 nunquam
875 4998 1103 5067 ulterius
1130 5000 1559 5071 redemptionem
1614 5002 1878 5073 consequi
1979 5020 2028 5066 ει
2051 5011 2185 5085 ibat,
2218 5010 2508 5081 proﬁciens
2535 5008 2587 5064 in
2614 5007 2722 5063 ﬁde
2748 5014 2801 5061 et
2830 5002 3094 5059 moribus.

283 5100 494 5164 Ροιθδῑο
2052 5101 2178 5163 Jam
2199 5111 2373 5155 autem
2403 5118 2461 5156 eo
2487 5098 2848 5164 descendente,
2874 5094 3009 5150 serui
3044 5098 3380 5146 occurrerunt
3409 5088 3477 5154 ei,
3508 5095 3561 5144 et

367 5184 634 5239 Dominus
656 5196 839 5240 autem
862 5186 1046 5257 regulo
1070 5188 1380 5258 deprecanti
1405 5188 1726 5258 respondit:
1757 5187 1879 5245 Nisi
1986 5193 2355 5249 nuntiaverunt
2388 5192 2614 5247 dicentes
2642 5189 2767 5261 quia
2782 5187 2927 5257 ﬁlius
2948 5187 3063 5257 ejus
3082 5184 3290 5239 viveret.
3321 5180 3558 5236 Interro-

286 5274 448 5345 signa
468 5285 517 5329 et
537 5276 778 5346 prodigia
801 5277 1054 5344 videritis,
1076 5294 1181 5332 non
1216 5280 1449 5334 creditis.
1478 5279 1626 5335 inter
1648 5280 1802 5350 signa
1828 5289 1883 5337 et
1982 5285 2143 5356 gabat
2178 5299 2301 5355 ergo
2327 5283 2510 5337 horam
2533 5280 2597 5333 ab
2619 5280 2716 5345 eis,
2744 5278 2800 5333 in
2826 5293 2929 5347 qua
2968 5273 3152 5330 melius
3181 5269 3440 5327 habuerit.
3493 5264 3560 5322 Et

288 5366 545 5439 prodigia
568 5367 670 5422 hoc
695 5368 886 5443 distat,
920 5371 1062 5440 quod
1093 5372 1244 5442 signa
1267 5372 1486 5441 quidem
1524 5372 1882 5439 dicuntur,eo
1986 5377 2232 5431 dixerunt
2258 5374 2305 5429 ei
2333 5388 2352 5427 :
2377 5370 2516 5437 Quia
2540 5369 2654 5423 heri
2675 5369 2807 5424 liora
2843 5367 3060 5436 septima
3085 5362 3290 5431 reliquit
3311 5376 3429 5415 eum
3477 5357 3529 5430 fe
3553 5386 3561 5395 -

290 5443 446 5522 quod
476 5454 893 5523 praesentialiter
914 5456 1117 5526 aliquid
1144 5456 1482 5528 signiﬁcent;
1511 5458 1754 5529 prodigia
1783 5474 1863 5515 ve-

1985 5465 2111 5519 bris.
2133 5460 2486 5519 Descendenle
2523 5458 2766 5524 homine,
2798 5455 2852 5512 id
2880 5463 2964 5510 est
2992 5446 3069 5509 ad"
3088 5453 3329 5523 seipsum
3377 5464 3563 5506 rever-

293 5558 384 5613 ro,
408 5547 563 5615 quasi
591 5547 898 5617 porrodicia
930 5557 1208 5614 vocantur,
1235 5565 1300 5604 eo
1319 5552 1461 5619 quod
1487 5566 1650 5621 porro
1673 5551 1877 5619 dicant,
1988 5563 2156 5619 tente,
2184 5561 2241 5608 et
2273 5549 2634 5622 cogitationes
2666 5563 2790 5605 suas
2835 5545 3188 5618 inSpiciente,
3221 5550 3562 5598 occurrerunt

294 5650 471 5709 porro
494 5638 827 5709 signiﬁcent,
856 5650 912 5695 et
941 5628 1145 5709 aliquid
1169 5641 1408 5697 futurum
1431 5645 1785 5711 portendant.
1816 5645 1884 5702 Et
1987 5647 2035 5699 ei
2082 5645 2216 5698 servi
2244 5643 2353 5706 sui,
2388 5642 2482 5713 qui
2519 5656 2628 5699 non
2658 5642 2951 5720 incongrue
2982 5636 3279 5693 rationales
3323 5632 3563 5720 hominis

228 5796 240 5811 Ι
298 5726 569 5797 Dominus
599 5730 754 5802 signa
781 5731 909 5788 fecit
930 5732 1382 5818 atqueprodigia,
1413 5733 1668 5819 quoniam
1715 5750 1879 5823 opera
1992 5750 2182 5794 sensus
2213 5732 2606 5807 intelliguntur,
2640 5734 2731 5805 qui
2759 5714 2955 5791 debent
2974 5728 3201 5797 homini,
3223 5735 3407 5803 utpote
3465 5714 3567 5783 diov-
