4060 6292
585 249 705 307 667

943 255 1004 313 S.
1046 257 1345 316 ANSELMI
1383 263 1733 322 CANTUAR.
1767 267 2087 327 AﬂClllEP.
2141 270 2292 327 OPP.
2333 271 2514 330 PARS
2552 275 2614 330 ll.
2665 307 2726 317 —-
2755 277 3125 336 ΡΛιὶᾸΞΝΕΤ.
3165 282 3255 338 ΕΤ
3288 285 3509 343 ASCET

3756 291 3858 346 668

582 369 856 428 mino=suo
877 386 1104 437 servire,
1127 385 1184 430 et
1214 391 1333 444 qua:
1355 377 1591 448 jucunda
1614 383 1723 437 sint
1753 387 2024 449 nuntiare,
2081 403 2146 444 ac
2174 391 2228 448 Α·
2255 386 2382 442 illud
2406 388 2472 442 ad
2494 389 2798 458 perfectura
2823 394 3076 460 adduxit;
3101 404 3154 452 et
3178 398 3462 456 audiamus
3485 417 3678 459 vocem
3707 408 3856 466 I‘sal-

583 457 655 513 de
677 459 936 532 sospitate
969 462 1132 519 totius
1163 463 1442 522 interioris
1491 469 1728 533 hominis
1763 483 1818 527 ct
1863 476 2029 530 animi
2072 493 2159 532 rc-

529 565 532 568 '
580 551 872 619 spondere,
908 551 1049 606 sicut
1070 554 1156 609 hic
1182 551 1434 613 dicuntur
1455 563 1734 619 nuntiasse
1763 566 1926 622 filium
1951 552 2153 626 vivere.

551 681 553 683 .
577 639 858 719 Horninem
885 644 1028 698 enim
1059 663 1088 700 a
1118 645 1230 703 Deo
1253 650 1606 728 descendere,
1630 667 1713 712 est
1760 659 2154 718 humanitatem

573 724 869 809 nostrama
917 740 1376 810 contemplatione
1423 737 1518 800 illa.
1561 725 1850 821 parumper
1899 754 2075 820 avelli,
2101 764 2155 809 et

573 825 642 886 ad
663 838 751 888 ea,
783 839 903 896 qua:
955 829 1096 884 intra
1129 848 1226 887 nos
1281 842 1442 902 sunt,
1490 837 1882 910 aliquantulum
1931 849 2149 913 reverti,

567 913 698 981 quid
726 930 937 984 sumus,
989 922 1119 990 quid
1165 926 1374 994 egimus
1403 928 1631 986 solerter
1679 933 1901 989 intueri.
1950 935 2151 996 Servos

566 1016 749 1064 autem
801 1010 1023 1068 domino
1075 1015 1421 1074 descendenti
1467 1039 1781 1092 occurrere,
1827 1038 1911 1085 est
1957 1046 2149 1088 sensus

563 1115 754 1157 omnes
786 1105 950 1160 totius
996 1107 1350 1166 humanitatis
1398 1116 1661 1186 obsequio
1686 1119 1898 1175 Domini
1928 1140 2143 1193 parere,

563 1201 620 1248 et
647 1211 746 1250 suo
773 1199 1153 1266 patrifamilias
1183 1221 1299 1273 qua:
1326 1216 1450 1261 sunt
1489 1211 1751 1278 placitura
1803 1217 1998 1280 devote
2059 1235 2145 1275 re-

564 1285 732 1342 ferre.
768 1288 940 1344 llomo
967 1306 1117 1360 vero,
1161 1297 1274 1364 jam
1305 1299 1394 1352 Dri
1449 1301 1718 1372 colloquio
1748 1308 2038 1365 roboratus
2089 1321 2146 1367 et

563 1373 970 1450 Scripturarum
1006 1385 1269 1439 exercitio
1303 1395 1600 1455 recreatus,
1634 1403 1891 1465 umquam
1920 1399 2144 1471 indaga-

566 1473 651 1519 tor
681 1467 1105 1530 discretissimns
1153 1477 1312 1530 debet
1364 1484 1726 1550 perpendere,
1775 1477 1829 1542 et
1881 1498 2139 1560 tanquam

555 1568 746 1628 servos
798 1569 852 1614 et
907 1564 1111 1619 amicos
1160 1582 1354 1623 sensus
1404 1587 1530 1626 suos
1554 1577 1838 1638 consulere
1861 1596 1964 1648 qua
2006 1582 2140 1638 hora

555 1645 696 1704 filius
723 1664 852 1704 suus
876 1653 1070 1708 melius
1100 1656 1372 1723 habuerit,
1400 1666 1616 1729 quando
1644 1669 1858 1724 animus
1889 1685 2020 1726 suus
2069 1672 2130 1727 li-

554 1737 741 1794 berius
771 1736 1136 1800 Convaluerit.
1158 1749 1222 1802 Et
1254 1737 1355 1824 hoc
1386 1765 1468 1807 cst
1522 1757 1682 1830 187
1722 1762 1864 1828 quod
1914 1764 2130 1833 dicitur,

551 1831 677 1898 quia
724 1833 1080 1913 interrogabat
1138 1843 1321 1894 horam
1353 1847 1418 1896 ab
1456 1846 1550 1911 cis,
1575 1851 1626 1901 in
1655 1867 1757 1919 qua
1795 1855 1977 1909 melius
2031 1858 2144 1910 Ita--

550 1923 740 1974 bttt’t‘it.
1832 1983 1834 1985 ,

621 2002 726 2066 sed
777 2018 904 2086 quid
941 2019 1096 2094 servi
1149 2024 1546 2095 responderint,
1588 2031 1917 2090 audiamus:
1967 2038 2125 2106 Heri,

547 2096 817 2172 inquiunt,
866 2108 997 2163 hora
1053 2116 1271 2182 septima
1317 2119 1535 2189 reliquit
1575 2139 1691 2176 eum
1749 2125 1926 2194 febris.
1975 2129 2122 2195 Heri,

548 2197 760 2262 tempus
815 2208 898 2253 est
934 2207 1287 2270 pra-teritum.
1340 2210 1406 2264 Et
1429 2227 1558 2278 nos,
1591 2215 1717 2270 dum
1765 2217 1816 2272 in
1873 2221 1976 2276 hac
2016 2225 2125 2278 vita

543 2294 751 2349 sumus,
781 2287 887 2343 duo
935 2301 1177 2364 tempora
1219 2301 1517 2377 sentimus;
1577 2307 1796 2381 tertium
1846 2325 2126 2381 exspecta-

543 2371 685 2432 mus.
720 2378 914 2437 Totum
969 2395 1180 2458 tempus
1234 2371 1302 2448 ab
1356 2373 1529 2452 Adam
1577 2379 1748 2471 usque
1796 2405 1864 2459 ad
1918 2371 2121 2465 Christi

539 2469 894 2540 passionem,
960 2483 1292 2552 prmterit‘um
1358 2495 1568 2558 tempus
1623 2469 1724 2547 est.
1775 2496 1819 2550 A
1871 2501 2122 2567 passione

538 2556 736 2615 Christi
786 2581 956 2635 usque
991 2571 1058 2624 ad
1108 2573 1247 2628 diem
1274 2575 1485 2647 judicii,
1539 2583 1856 2642 hodiernum
1910 2599 2120 2662 tempus

536 2659 639 2703 est.
669 2651 711 2704 Α
750 2655 849 2744 die
872 2657 1082 2726 judicii,
1117 2667 1334 2733 quando
1357 2667 1472 2736 jam
1503 2687 1732 2744 corpora
1782 2690 1965 2734 nostra
1996 2651 2117 2738 fue-

513 2740 993 2814 rintreformata,
1060 2754 1278 2808 tertium
1321 2766 1532 2826 tempus
1585 2740 1706 2827 erit,
1757 2769 1900 2836 quod
1955 2772 2115 2828 linem

537 2825 738 2907 habere
767 2849 873 2888 non
921 2842 1136 2905 poterit.
1194 2843 1326 2896 Heri
1355 2861 1484 2915 ergo
1537 2850 1590 2904 in
1634 2855 1883 2920 passione
1912 2859 2113 2917 Christi

537 2909 743 2989 reliquit
775 2923 1047 2981 hominem
1076 2931 1263 2999 febris,
1292 2939 1546 3006 quoniam
1579 2941 2112 3009 Christus'vitiorum

2261 477 2436 531 mistte
2489 481 2916 547 conquerentis:
2967 482 3339 553 Imperfectum
3382 506 3554 544 meum
3608 497 3852 554 viderunt

2259 565 2397 620 oculi
2458 569 2534 621 tui
2577 567 2750 635 (Psal.
2794 587 3064 640 cxxxvut,
3129 578 3238 646 16).
3301 579 3406 636 Sed
3455 588 3601 653 quod
3647 590 3722 643 illi
3755 593 3855 649 diei

2258 657 2476 726 defuit,
2541 662 2656 717 dies
2720 675 2906 718 nostra
2945 669 3066 722 dies
3106 681 3316 740 octava,
3381 675 3496 730 dies
3539 680 3687 735 diem
3741 684 3857 740 illu-

2257 757 2473 813 minans
2495 759 2782 829 supplevit.
2816 762 2957 818 Ecce
2992 767 3190 820 etenim
3218 768 3649 830 Pentateuchum
3675 778 3855 838 ablato

2255 843 2424 916 Moysi
2451 849 2716 903 velamine
2741 852 2973 906 revelata
2999 857 3140 910 facie
3163 857 3408 928 legimus,
3433 873 3487 917 et
3511 865 3846 939 Decalogum

2254 933 2320 986 ad
2345 936 2754 994 observantiam
2779 942 3022 1013 quinque
3061 960 3314 1001 sensuum
3341 961 3663 1008 nostrorum
3687 959 3850 1027 spiri-

2254 1028 2470 1084 tualiter
2513 1032 2930 1102 redigimus,‘et
2953 1039 3179 1108 quinque
3201 1039 3478 1108 prudentes
3521 1063 3549 1098 a
3589 1049 3840 1117 quinque

2250 1118 2413 1175 fatuis
2441 1123 2736 1194 virginibus
2762 1127 2981 1198 (Matth.
3009 1145 3145 1194 xxv,
3169 1131 3224 1201 ὅ)
3261 1146 3693 1202 sequestramus.
3725 1141 3845 1198 Dies

2248 1219 2428 1264 autem
2473 1223 2657 1268 nostra
2703 1216 2853 1271 horis
2893 1219 3178 1274 duodecim
3206 1224 3537 1290 extenditur,
3579 1231 3842 1296 quoniam

2248 1298 2440 1354 civitas
2463 1312 2649 1356 nostra
2696 1306 2873 1373 portis.
2903 1307 3184 1363 duodecim
3226 1311 3508 1380 gloriatur,
3551 1317 3842 1391 duodecim

2245 1390 2504 1458 apostolis
2549 1398 2980 1462 commendatur,
3049 1402 3329 1484 duodecim
3383 1407 3611 1473 sportis-
3642 1390 3840 1468 divina:

2244 1478 2532 1538 atlluentiae
2570 1485 2848 1554 plenitudo
2889 1498 2945 1543 et
2997 1478 3255 1546 Ecclesia:
3296 1492 3553 1552 valetudo
3599 1499 3839 1556 circum-

2243 1557 2436 1626 fertur.
2489 1567 2508 1602 ν’
2783 1601 2788 1606 ·
3019 1585 3024 1590 ’
3124 1587 3128 1591 “

2263 1698 2266 1700 ~
2312 1661 2560 1733 Cognovit
2591 1683 2711 1736 ergo
2734 1678 2885 1722 pater
2903 1672 3028 1740 quia
3049 1671 3141 1725 illa
3165 1675 3296 1728 liora
3318 1687 3453 1740 erat,
3479 1679 3532 1731 iu
3561 1696 3674 1750 qua
3698 1683 3832 1736 dixit

2239 1735 2287 1807 ei
2308 1753 2509 1810 Jesus‘:
2543 1735 2717 1811 Filius
2751 1769 2872 1814 tuus
2893 1763 3028 1817 vivit.
3054 1764 3244 1819 Omnis
3277 1768 3366 1834 qui
3395 1778 3656 1838 tanquam
3689 1788 3835 1842 pater

2239 1858 2338 1897 suo
2363 1855 2560 1911 prteest
2583 1847 2781 1913 animo,
2810 1860 2865 1904 et
2884 1867 2947 1904 ex
2975 1853 3184 1908 ratione
3199 1855 3368 1911 debet
3391 1863 3757 1929 perpendere,
3778 1875 3832 1918 et

2235 1946 2300 1986 ex
2326 1932 2677 1988 servientium
2702 1938 2803 1992 sibi
2828 1948 3082 1996 sensuum
3103 1944 3280 1998 relatu
3321 1958 3485 2017 atque
3508 1948 3832 2020 Scriptura-

2233 2037 2351 2076 rum
2387 2027 2732 2095 attestatione
2779 2030 3070 2103 colligere,
3097 2037 3352 2104 quoniam
3406 2038 3668 2096 hesterno
3701 2054 3830 2098 tem-

2231 2131 2365 2184 pore
2420 2117 2472 2170 in
2526 2117 2751 2186 Christi,
2784 2138 2904 2192 quae
2947 2136 3031 2180 est
3065 2127 3198 2182 hora
3252 2130 3517 2198 septima,
3572 2139 3828 2202 passione

2230 2206 2392 2274 coepit
2417 2206 2630 2263 animus
2651 2206 2882 2267 hominis
2904 2229 2998 2283 per
3027 2215 3185 2271 fidem
3215 2219 3422 2286 vivere,
3449 2223 3553 2277 hoc
3571 2234 3685 2290 est,
3709 2243 3827 2282 cre-

2227 2296 2402 2352 dendo
2433 2301 2573 2356 sicut
2595 2312 2808 2374 oportet
2847 2305 2902 2358 in
2937 2305 3138 2362 Christi
3178 2319 3428 2378 mortem,
3461 2316 3825 2373 meruitillioo

2230 2385 2401 2440 vitam
2433 2392 2702 2460 accipere.

2297 2473 2364 2528 Et
2389 2478 2607 2532 credidit
2633 2480 2760 2549 ipse,
2808 2490 2858 2536 et
2899 2482 3085 2538 domus
3123 2487 3239 2555 ejus
3261 2498 3390 2543 tota.
3415 2489 3608 2548 Credit
3633 2505 3823 2564 pater;

2223 2564 2348 2631 quia
2380 2574 2606 2634 peccato
2629 2567 2740 2636 jam
2770 2583 3050 2640 evacuato,
3081 2578 3237 2644 quasi
3285 2577 3435 2633 febre
3475 2581 3568 2635 lilii
3615 2585 3822 2641 exstin-

2222 2663 2329 2717 cta,
2381 2656 2529 2727 cupit
2572 2658 2969 2729 inexplebiliter
3012 2675 3068 2718 et
3119 2667 3488 2726 indeficienter
3538 2675 3823 2733 adiuerero

2220 2743 2466 2801 Domino.
2495 2747 2678 2804 Credit
2704 2761 2752 2805 et
2775 2754 2960 2808 domus
2988 2755 3100 2824 ejus
3121 2767 3266 2825 tota;
3295 2762 3550 2829 quoniam
3606 2783 3816 2836 omnes,

2219 2836 2313 2904 qui
2346 2837 2399 2890 in
2451 2838 2568 2908 ipso
2601 2851 2747 2909 sunt,
2776 2843 2971 2899 animae
3003 2855 3180 2901 motus
3219 2848 3338 2917 ejus
3385 2851 3655 2910 voluntati
3687 2859 3816 2913 obe-

2218 2925 2392 2992 diunt,
2440 2939 2496 2983 et
2536 2930 2602 2985 de
2631 2932 2832 2987 virtute
2882 2935 2937 2988 in
2984 2938 3239 2993 virtutem
3289 2941 3608 3009 proficiunt,
3660 2959 3720 3000 ut
3751 2966 3811 3002 ex

537 3021 848 3069 nostrorum
888 3021 1203 3093 peregrinos
1253 3035 1309 3080 et
1352 3015 2003 3114 inordinatosfervorcs,
2050 3062 2112 3104 ac

2221 3016 2332 3086 ipsa
2355 3023 2746 3077 consuetudine
2766 3023 2879 3092 jam
2918 3028 3062 3084 velut
3099 3040 3363 3099 cogantur
3387 3033 3740 3092 benefacere.

443 3179 445 3182 p
533 3105 807 3186 variarum
833 3107 1100 3184 incentiva
1129 3114 1412 3192 libidinum
1436 3125 1584 3197 cruci
1616 3141 1727 3181 sua:
1761 3117 1950 3199 afﬂixit,
1974 3105 2108 3205 quia

531 3197 810 3270 languores
842 3190 1046 3259 nostro:
1100 3208 1209 3276 ipse
1236 3195 1387 3276 tulit,
1419 3223 1467 3267 et
1509 3208 1716 3273 dolores
1760 3211 1964 3279 nostros
2007 3223 2116 3298 ipse

497 3339 503 3344 ,
528 3289 752 3354 portavit
781 3289 917 3358 (lsa.
958 3309 1076 3360 LIII,
1098 3295 1176 3364 4).
1209 3296 1313 3352 Sed
1339 3309 1444 3355 tam
1475 3319 1726 3376 magnum
1758 3319 1974 3382 tamque
1997 3289 2115 3372 diu-

532 3383 745 3431 tnrmun
781 3379 913 3444 lteri,
934 3384 1112 3454 horas
1138 3403 1263 3441 suas
1290 3390 1495 3455 habuit,
1526 3395 1650 3449 dum
1689 3414 1736 3467 pi
1756 3414 1786 3454 r
1813 3379 2112 3472 temporum

529 3463 864 3542 incrementa
923 3481 1134 3542 tempus
1185 3480 1410 3546 tempori
1463 3486 1750 3541 successit.
1799 3490 1882 3546 Ab
1936 3496 2108 3551 Adam

527 3558 670 3631 enim
701 3565 959 3637 usquead
997 3564 1128 3630 Noe,
1181 3570 1352 3638 prima
1385 3573 1515 3648 hora
1545 3589 1629 3632 est
1672 3597 1792 3649 quae
1824 3585 1876 3638 in
1909 3588 2111 3646 diluvio

525 3639 752 3704 alterata
777 3653 934 3706 cst.A
951 3654 1060 3709 Noe
1083 3657 1133 3710 in
1145 3657 1422 3718 Abraham
1448 3645 1698 3736 extende,
1723 3683 1777 3725 et
1809 3673 1994 3731 horam
2025 3694 2112 3734 se-

523 3740 755 3797 cundam
816 3745 866 3798 in
918 3746 1330 3809 circumcisione
1386 3743 1680 3828 perpende.
1743 3763 1982 3822 Tertiam
2040 3773 2108 3826 ab

521 3827 796 3907 Abraham
821 3833 874 3887 in
903 3835 1138 3908 Moysen,
1177 3852 1229 3896 et
1258 3860 1387 3900 cave
1413 3863 1479 3902 ne
1497 3843 1880 3926 prmtcrmittas
1906 3840 2100 3929 legem.

522 3917 785 4002 Quartam
819 3942 847 3978 a
888 3928 1071 4003 Moyse
1109 3932 1160 3986 in
1191 3923 1380 4003 David,
1420 3917 1617 4018 ibique.
1651 3917 1982 4003 Iudaeorum.
2013 3968 2104 4007 re-

518 4009 688 4081 gnum
737 4017 930 4076 ﬂorere
980 4025 1207 4080 videbis.
1259 4009 1525 4095 Quintam
1557 4013 1807 4093 a’David
1839 4057 2008 4112 usque
2035 4046 2102 4100 ad

518 4112 733 4176 tempus
786 4117 1312 4184 transmigrationis,
1364 4133 1418 4178 et
1466 4125 1630 4181 Israel
1669 4131 1895 4199 gloriam
1954 4151 2100 4191 mar-

519 4196 700 4252 cuisse
736 4215 839 4255 non
864 4209 1112 4274 “negabis.
1142 4209 1267 4264 inde
1289 4222 1496 4269 sextam
1528 4233 1697 4288 usque
1735 4221 1802 4275 ad
1843 4226 2102 4281 nativita-

526 4296 631 4340 tem
659 4294 828 4347 sancti
856 4294 1079 4364 Joannis
1115 4301 1308 4372 tlirige,
1346 4305 1531 4379 ibique
1572 4309 1743 4379 legem
1771 4329 1833 4367 ac
1868 4318 2100 4386 prapbe-

2293 3106 2389 3163 His
2415 3110 2487 3164 ita
2514 3111 2797 3178 discussis,
2828 3123 2995 3170 totam
3022 3119 3196 3175 adhuc
3221 3135 3286 3175 ex
3309 3123 3498 3178 ordine
3522 3125 3812 3184 lectionem

2217 3205 2457 3259 nrev-‘ter
2481 3202 2729 3260 volumus
2773 3216 3038 3273 repetere,
3086 3220 3146 3264 ut
3179 3216 3454 3281 possimus
3485 3227 3543 3271 et
3572 3233 3811 3289 ea,,qn;e

2217 3291 2394 3346 adlmc
2430 3292 2592 3348 aliter
2633 3294 2699 3350 de
2741 3296 2827 3350 illa
2855 3299 3144 3365 sentimus,
3165 3305 3401 3370 aperire.
3433 3306 3567 3364 Erat
3591 3313 3809 3379 quidam

2217 3381 2585 3450 regulus,,etc.
2607 3383 2851 3451 Quatuor
2872 3388 3120 3444 hornines
3142 3391 3197 3444 in
3223 3392 3513 3464 Evangelia
3545 3399 3806 3456 Dominus

2213 3472 2282 3526 ad
2311 3473 2476 3527 vitam
2504 3477 2812 3530 revocavit:
2841 3478 3004 3533 istum
3037 3481 3206 3549 reguli
3236 3482 3426 3549 tilium,
3458 3487 3552 3555 qui
3589 3489 3808 3557 incipie-

2214 3561 2297 3614 bat
2325 3562 2476 3624 mori,
2508 3571 2564 3617 et
2590 3563 2914 3635 signiﬁcavit
2934 3570 3186 3638 spiritum
3205 3571 3441 3629 hominis
3459 3578 3552 3644 qui
3577 3582 3805 3646 perini-

2214 3656 2344 3709 timn
2361 3671 2656 3713 consensus
2667 3661 3222 3729 pravtedelcctatiouis
3239 3667 3807 3728 intrinsecusinchoat

2211 3748 2379 3812 mori;
2401 3736 2454 3802 et
2471 3749 2702 3817 puellam
2711 3750 2822 3818 jam
2837 3762 3124 3819 mortuam,
3143 3757 3235 3810 sed
3259 3759 3437 3817 adhuc
3455 3761 3622 3816 domo
3643 3763 3800 3820 clauo

2210 3853 2353 3906 Satn,
2397 3855 2519 3909 qute
2570 3842 2896 3910 significavit
2953 3854 3189 3901 mentem
3238 3848 3476 3906 hominis
3522 3852 3795 3909 introrsus

2207 3945 2304 4000 per
2324 3946 2646 3988 consensum
2672 3933 2868 4004 iniquae
2895 3936 3272 3995 delectationis
3295 3953 3589 4004 mortuam.
3624 3959 3676 4000 et
3705 3963 3802 4016 per

2206 4020 2463 4077 latentem
2533 4024 2686 4092 pravi
2736 4025 2918 4094 operis
2985 4030 3442 4097 perpetrationem
3477 4050 3493 4099 ;
3535 4034 3800 4103 juvenem

2205 4133 2421 4187 quoque
2447 4117 2686 4173 delatum
2711 4131 2865 4174 extra
2888 4129 3123 4190 portam,
3155 4122 3246 4190 qui
3277 4122 3800 4194 designavitqhomi-

2205 4224 2348 4274 nem,
2375 4209 2534 4279 cujus
2577 4210 2837 4279 spiritalis
2882 4226 3028 4266 mors
3065 4212 3277 4281 publice
3315 4222 3466 4281 patet
3498 4215 3552 4269 in
3597 4231 3797 4285 opere;

2202 4301 2297 4354 sed
2336 4311 2390 4355 ct
2417 4300 2683 4355 Lazarum
2707 4301 3126 4370 quatriduanum
3156 4317 3221 4358 ac
3244 4303 3493 4368 fetidum,
3513 4307 3606 4376 qui
3630 4307 3800 4377 sigil-

525 4385 608 4430 tas
647 4377 844 4434 habere
872 4383 1031 4439 linem
1063 4383 1323 4460 initellige.
1356 4377 1653 4463 Septimum
1687 4399 1754 4452 ab
1783 4377 1902 4453 ortu
1925 4377 2097 4458 sancti
2127 4396 2179 4455 D
2211 4393 2395 4447 (ἶσονίῑ
2428 4406 2769 4462 ρεεοιιιοτθητ
2815 4395 2969 4466 ιοηεει
3003 4395 3388 4450 εοηευθίυίίῖηθ
3425 4396 3704 4466 Ῑειεεηίθηι
3742 4400 3795 4451 ί¹¹

515 4465 747 4524 Joannis
793 4478 1057 4545 usquead
1109 4465 1411 4547 passionem
1463 4485 1757 4543 Salvatoris
1798 4493 2002 4557 metire,
2049 4503 2104 4549 ct

517 4556 590 4612 ibi
617 4561 778 4617 totius
807 4568 988 4621 mundi
1019 4581 1223 4626 reatum
1253 4579 1570 4633 crucifixum
1598 4574 1808 4649 collige.
1865 4582 1990 4639 Hatc
2017 4593 2101 4640 est

517 4653 662 4707 enim
693 4655 824 4710 liora
857 4658 1097 4726 septima,
1137 4660 1191 4716 in
1240 4682 1343 4735 qua
1393 4667 1569 4738 febris,
1624 4673 1850 4728 ducente
1880 4683 1934 4727 et
1983 4692 2099 4731 mo-

514 4756 678 4799 nemo
714 4735 954 4822 Christo,
985 4756 1224 4810 animum
1260 4769 1501 4813 nostrum
1545 4763 1693 4830 quasi
1733 4765 1897 4834 reguli
1928 4764 2096 4820 filium

502 4836 742 4907 reliquit.
790 4842 853 4895 Et
897 4860 1025 4900 ecce
1066 4844 1184 4916 jam'
1225 4848 1278 4902 in
1336 4858 1528 4904 octava
1571 4866 1772 4914 smnus,
1815 4861 1976 4921 atque
2002 4872 2096 4925 pro

511 4939 693 5006 octava
740 4933 970 4997 Domino
1000 4940 1266 5008 psalmum
1318 4942 1689 5021 decantamus.
1722 4943 1919 5002 Sumus
1948 4948 2094 5004 enim

513 5018 566 5072 in
596 5023 826 5099 quadam
865 5031 1281 5086 resurrectionis
1317 5032 1508 5103 gloria,
1531 5018 1599 5088 in
1638 5037 1882 5103 quadam
1915 5039 2087 5093 hone-

510 5095 666 5185 statis
703 5101 1017 5184 eminentia,
1049 5131 1109 5175 ut
1144 5136 1249 5176 non
1279 5124 1350 5196 sit
1374 5123 1484 5194 jam
1518 5111 1659 5193 (ιυὸὰ
1688 5125 1966 5184 doleamus
1990 5129 2091 5184 nisi

511 5195 651 5255 forte
683 5207 1028 5284 morticinum
1065 5211 1292 5282 aliquod
1324 5226 1442 5284 post
1471 5215 1725 5286 baptismi
1762 5210 2089 5275 lavationem

445 5283 448 5286 ’
509 5279 742 5347 ultronci
776 5298 1131 5366 tetigerimus.
1176 5302 1362 5372 itaque
1404 5313 1616 5374 tempus
1646 5307 2000 5376 praeteritum,
2029 5318 2091 5364 ut

481 5371 978 5463 :imperfec‘tionem
1043 5407 1196 5462 suam
1251 5371 1618 5462 demonstret,
1670 5400 1877 5468 septem
1940 5401 2088 5456 horis

508 5461 934 5550 consummatur.
985 5482 1119 5538 Nam
1153 5485 1196 5540 si
1251 5487 1392 5542 diem
1449 5488 1743 5566 perfectam
1781 5492 2082 5562 habuisset,

441 5623 444 5628 _
507 5561 660 5624 horis
692 5567 975 5649 duodecim
1006 5561 1374 5654 clauderetur.
1434 5563 1638 5650 Desunt
1683 5582 1949 5639 hesterna:
1977 5586 2082 5640 diei

405 5687 412 5692 -
454 5693 456 5695 ›
507 5656 656 5730 horae
679 5659 915 5734 quinque
935 5649 992 5719 ut
1016 5649 1377 5740 intelligamus
1391 5673 1515 5741 quia
1540 5674 1672 5730 nihil
1690 5676 1770 5732 lex
1796 5686 1848 5734 et
1875 5686 2083 5747 ten-pus

2207 4485 2412 4540 tunmlo
2453 4485 2743 4542 mortiferae
2779 4488 3229 4554 conversationis,
3259 4497 3314 4542 et
3338 4502 3693 4560 spargentem
3727 4494 3796 4547 de

2202 4593 2262 4632 se
2290 4579 2515 4632 fetorem
2554 4579 2785 4633 sordidae
2831 4580 3118 4650 opinionis.
3160 4579 3224 4647 In
3273 4581 3360 4635 his
3388 4597 3523 4650 ergo
3554 4594 3798 4651 quatuor

2201 4669 2394 4723 mortis
2417 4669 2694 4738 gradibus,
2739 4669 2841 4724 istc
2862 4671 2956 4738 qui
2987 4685 3128 4724 nunc
3159 4669 3325 4740 reguli
3353 4671 3498 4724 filius
3538 4672 3796 4730 laborare

2201 4759 2551 4824 describitur,
2583 4769 2668 4815 est
2700 4761 2926 4830 primus.
2973 4760 3088 4816 Nec
3111 4771 3196 4816 est
3237 4761 3346 4815 ulla
3379 4763 3430 4816 in
3456 4764 3563 4818 hoc
3585 4766 3794 4820 sarculo

2184 4840 2348 4905 mors
2396 4850 2611 4916 animae,
2656 4851 2759 4905 nisi
2804 4850 2987 4918 fallor,
3020 4855 3140 4919 qua:
3189 4851 3243 4906 in
3291 4851 3474 4920 aliquo
3517 4855 3795 4924 graduum

2198 4941 2423 4996 istorum
2455 4957 2562 4996 non
2599 4942 2938 5007 inveniatur;
2972 4951 3028 4996 et
3069 4942 3271 4997 idcirco
3307 4941 3573 5000 Dominus
3591 4961 3798 5000 omnes

2198 5033 2329 5089 istos
2366 5033 2718 5088 resuscitasse
2757 5033 3100 5099 describitur,
3140 5042 3198 5087 ut
3237 5049 3428 5088 omnes
3468 5037 3794 5116 animarum

2195 5134 2401 5180 mortes
2441 5125 2507 5179 ad
2549 5125 2714 5179 vitam
2773 5124 3072 5180 reformare
3132 5133 3488 5180 monstretur.
3546 5124 3658 5181 Sed
3721 5130 3795 5182 ad

2193 5215 2480 5271 lectionem
2511 5216 2881 5286 reSpiciamus

2169 5324 2171 5326 ·
2237 5295 2394 5360 ⁴Εναι
2419 5307 2632 5376 quidam
2660 5307 2887 5376 regulus,
2920 5309 3071 5377 cujus
3101 5308 3244 5375 ﬁlius
3275 5307 3653 5374 inﬁrmabatur
3684 5305 3796 5362 Ca-

2188 5401 2503 5469 pharnaum.
2551 5399 2775 5469 Regulus
2818 5401 2940 5464 iste,
2984 5401 3121 5454 ratio
3169 5414 3278 5454 non
3321 5399 3801 5455 inconvenienter

2188 5495 2504 5565 intelligitur
2535 5511 2548 5548 :
2589 5495 2733 5564 ﬁlius
2760 5495 2898 5566 ejus,
2930 5494 3199 5562 cogitatus
3227 5492 3320 5562 qui
3346 5506 3416 5546 ex
3455 5491 3790 5548 rationabili

2183 5577 2346 5645 sensu
2379 5588 2639 5643 nascitur.
2668 5587 2798 5641 Erat
2837 5587 3052 5656 quidam
3082 5585 3312 5656 regulus,
3337 5585 3392 5640 id
3409 5594 3496 5642 est
3520 5583 3792 5640 rationa-

2159 5677 2308 5734 bilis
2350 5692 2562 5742 sensus,
2607 5677 2762 5747 cujns
2811 5675 3065 5746 putentia.
3101 5673 3374 5747 defectum
3423 5674 3791 5745 patiebatur,
