  <div class='ocr_page' id='page_1' title='image "/cluster/home/n/w/nwhite01/storage/ocr_20150623/158/hvd.32044024236689/390.png"; bbox 0 0 4060 6292; ppageno 0'>
   <div class='ocr_carea' id='block_1_1' title="bbox 113 375 258 434">
    <p class='ocr_par' dir='ltr' id='par_1_1' title="bbox 113 375 258 434">
     <span class='ocr_line' id='line_1_1' title="bbox 113 375 258 434; baseline -0.028 1"><span class='ocrx_word' id='word_1_1' title='bbox 113 402 115 405; x_wconf 94' lang='grc'>·</span> <span class='ocrx_word' id='word_1_2' title='bbox 168 375 258 434; x_wconf 84' lang='grc'><strong>669</strong></span> 
     </span>
    </p>
   </div>
   <div class='ocr_carea' id='block_1_2' title="bbox 172 448 1780 560">
    <p class='ocr_par' dir='ltr' id='par_1_2' title="bbox 172 448 1780 560">
     <span class='ocr_line' id='line_1_2' title="bbox 172 448 1780 560; baseline -0.016 -22"><span class='ocrx_word' id='word_1_3' title='bbox 172 499 304 558; x_wconf 65' lang='grc' dir='ltr'><strong>(ξυιυς</strong></span> <span class='ocrx_word' id='word_1_4' title='bbox 322 475 550 560; x_wconf 83' lang='lat' dir='ltr'><strong>spiritale</strong></span> <span class='ocrx_word' id='word_1_5' title='bbox 566 448 984 546; x_wconf 71' lang='lat' dir='ltr'><strong>regnumluerat</strong></span> <span class='ocrx_word' id='word_1_6' title='bbox 1005 467 1367 522; x_wconf 89' lang='lat' dir='ltr'><strong>imminutum.</strong></span> <span class='ocrx_word' id='word_1_7' title='bbox 1384 464 1547 534; x_wconf 84' lang='lat' dir='ltr'><strong>Cujus</strong></span> <span class='ocrx_word' id='word_1_8' title='bbox 1562 462 1702 531; x_wconf 76' lang='lat' dir='ltr'><strong>[ilius</strong></span> <span class='ocrx_word' id='word_1_9' title='bbox 1734 471 1780 522; x_wconf 71' lang='grc' dir='ltr'><strong>Α</strong></span> 
     </span>
    </p>
   </div>
   <div class='ocr_carea' id='block_1_3' title="bbox 173 551 1716 645">
    <p class='ocr_par' dir='ltr' id='par_1_3' title="bbox 173 551 1716 645">
     <span class='ocr_line' id='line_1_3' title="bbox 173 551 1716 645; baseline -0.017 -17"><span class='ocrx_word' id='word_1_10' title='bbox 173 551 529 645; x_wconf 65' lang='lat' dir='ltr'><strong>adimebatur,</strong></span> <span class='ocrx_word' id='word_1_11' title='bbox 560 563 614 618; x_wconf 90' lang='lat' dir='ltr'><strong>id</strong></span> <span class='ocrx_word' id='word_1_12' title='bbox 643 569 725 616; x_wconf 89' lang='lat' dir='ltr'><strong>est</strong></span> <span class='ocrx_word' id='word_1_13' title='bbox 754 557 906 628; x_wconf 89' lang='lat' dir='ltr'><strong>cujus</strong></span> <span class='ocrx_word' id='word_1_14' title='bbox 932 557 1200 628; x_wconf 72' lang='lat' dir='ltr'><strong>cogitat-us</strong></span> <span class='ocrx_word' id='word_1_15' title='bbox 1228 564 1282 610; x_wconf 92' lang='lat' dir='ltr'><strong>et</strong></span> <span class='ocrx_word' id='word_1_16' title='bbox 1318 554 1542 624; x_wconf 74' lang='lat' dir='ltr'><strong>spiritus</strong></span> <span class='ocrx_word' id='word_1_17' title='bbox 1564 551 1716 606; x_wconf 84' lang='lat' dir='ltr'><strong>inﬁr-</strong></span> 
     </span>
    </p>
   </div>
   <div class='ocr_carea' id='block_1_4' title="bbox 174 641 1717 722">
    <p class='ocr_par' dir='ltr' id='par_1_4' title="bbox 174 641 1717 722">
     <span class='ocr_line' id='line_1_4' title="bbox 174 641 1717 722; baseline -0.019 -1"><span class='ocrx_word' id='word_1_18' title='bbox 174 641 314 722; x_wconf 81' lang='lat' dir='ltr'><strong>miter</strong></span> <span class='ocrx_word' id='word_1_19' title='bbox 341 645 621 714; x_wconf 78' lang='lat' dir='ltr'><strong>resistebat</strong></span> <span class='ocrx_word' id='word_1_20' title='bbox 643 650 852 721; x_wconf 87' lang='lat' dir='ltr'><strong>peccati</strong></span> <span class='ocrx_word' id='word_1_21' title='bbox 879 645 1350 704; x_wconf 74' lang='lat' dir='ltr'><strong>delectationibus.</strong></span> <span class='ocrx_word' id='word_1_22' title='bbox 1399 641 1717 708; x_wconf 77' lang='lat' dir='ltr'><strong>lnﬁrmaba-</strong></span> 
     </span>
    </p>
   </div>
   <div class='ocr_carea' id='block_1_5' title="bbox 176 737 1718 814">
    <p class='ocr_par' dir='ltr' id='par_1_5' title="bbox 176 737 1718 814">
     <span class='ocr_line' id='line_1_5' title="bbox 176 737 1718 814; baseline -0.018 -4"><span class='ocrx_word' id='word_1_23' title='bbox 176 769 252 811; x_wconf 88' lang='lat' dir='ltr'><strong>tur</strong></span> <span class='ocrx_word' id='word_1_24' title='bbox 271 760 438 806; x_wconf 87' lang='lat' dir='ltr'><strong>autem</strong></span> <span class='ocrx_word' id='word_1_25' title='bbox 480 741 533 809; x_wconf 85' lang='lat' dir='ltr'><strong>in</strong></span> <span class='ocrx_word' id='word_1_26' title='bbox 563 742 955 814; x_wconf 83' lang='lat' dir='ltr'><strong>Capharnaum.</strong></span> <span class='ocrx_word' id='word_1_27' title='bbox 997 737 1363 814; x_wconf 77' lang='lat' dir='ltr'><strong>Cap/iarnaum</strong></span> <span class='ocrx_word' id='word_1_28' title='bbox 1391 748 1522 789; x_wconf 88' lang='lat' dir='ltr'><strong>vero</strong></span> <span class='ocrx_word' id='word_1_29' title='bbox 1553 739 1718 786; x_wconf 83' lang='lat' dir='ltr'><strong>inter-</strong></span> 
     </span>
    </p>
   </div>
   <div class='ocr_carea' id='block_1_6' title="bbox 109 809 1721 916">
    <p class='ocr_par' dir='ltr' id='par_1_6' title="bbox 109 809 1721 916">
     <span class='ocr_line' id='line_1_6' title="bbox 109 809 1721 916; baseline -0.016 -18"><span class='ocrx_word' id='word_1_30' title='bbox 109 896 138 914; x_wconf 85' lang='grc' dir='ltr'><strong> </strong></span> <span class='ocrx_word' id='word_1_31' title='bbox 176 834 390 916; x_wconf 70' lang='lat' dir='ltr'><strong>pretatur</strong></span> <span class='ocrx_word' id='word_1_32' title='bbox 419 849 543 904; x_wconf 83' lang='lat' dir='ltr'><strong>ager</strong></span> <span class='ocrx_word' id='word_1_33' title='bbox 575 809 944 904; x_wconf 77' lang='lat' dir='ltr'><strong>consolationis</strong></span> <span class='ocrx_word' id='word_1_34' title='bbox 983 809 1041 881; x_wconf 61' lang='lat' dir='ltr'><strong>et.</strong></span> <span class='ocrx_word' id='word_1_35' title='bbox 1069 824 1192 879; x_wconf 89' lang='lat' dir='ltr'><strong>villa</strong></span> <span class='ocrx_word' id='word_1_36' title='bbox 1235 821 1635 886; x_wconf 74' lang='lat' dir='ltr'><strong>consolationis,</strong></span> <span class='ocrx_word' id='word_1_37' title='bbox 1665 827 1721 874; x_wconf 80' lang='lat' dir='ltr'><strong>et</strong></span> 
     </span>
    </p>
   </div>
   <div class='ocr_carea' id='block_1_7' title="bbox 176 914 1724 1005">
    <p class='ocr_par' dir='ltr' id='par_1_7' title="bbox 176 914 1724 1005">
     <span class='ocr_line' id='line_1_7' title="bbox 176 914 1724 1005; baseline -0.015 -16"><span class='ocrx_word' id='word_1_38' title='bbox 176 914 416 1005; x_wconf 77' lang='lat' dir='ltr'><strong>s’g‘niﬁcat</strong></span> <span class='ocrx_word' id='word_1_39' title='bbox 444 927 586 982; x_wconf 91' lang='lat' dir='ltr'><strong>hunc</strong></span> <span class='ocrx_word' id='word_1_40' title='bbox 620 923 902 985; x_wconf 85' lang='lat' dir='ltr'><strong>mundum,</strong></span> <span class='ocrx_word' id='word_1_41' title='bbox 929 921 1119 989; x_wconf 87' lang='lat' dir='ltr'><strong>inquo</strong></span> <span class='ocrx_word' id='word_1_42' title='bbox 1149 915 1497 987; x_wconf 90' lang='lat' dir='ltr'><strong>temporalem</strong></span> <span class='ocrx_word' id='word_1_43' title='bbox 1522 914 1724 968; x_wconf 81' lang='lat' dir='ltr'><strong>habent</strong></span> 
     </span>
    </p>
   </div>
   <div class='ocr_carea' id='block_1_8' title="bbox 177 1003 1726 1087">
    <p class='ocr_par' dir='ltr' id='par_1_8' title="bbox 177 1003 1726 1087">
     <span class='ocr_line' id='line_1_8' title="bbox 177 1003 1726 1087; baseline -0.015 -9"><span class='ocrx_word' id='word_1_44' title='bbox 177 1003 569 1087; x_wconf 74' lang='lat' dir='ltr'><strong>coiisolationem</strong></span> <span class='ocrx_word' id='word_1_45' title='bbox 609 1014 707 1078; x_wconf 88' lang='lat' dir='ltr'><strong>illi,</strong></span> <span class='ocrx_word' id='word_1_46' title='bbox 739 1013 937 1083; x_wconf 86' lang='lat' dir='ltr'><strong>quibus</strong></span> <span class='ocrx_word' id='word_1_47' title='bbox 967 1010 1162 1065; x_wconf 91' lang='lat' dir='ltr'><strong>dicitur</strong></span> <span class='ocrx_word' id='word_1_48' title='bbox 1190 1026 1203 1062; x_wconf 91' lang='lat'><strong>:</strong></span> <span class='ocrx_word' id='word_1_49' title='bbox 1250 1005 1338 1061; x_wconf 78' lang='lat' dir='ltr'><strong>Va:</strong></span> <span class='ocrx_word' id='word_1_50' title='bbox 1368 1005 1510 1060; x_wconf 92' lang='lat' dir='ltr'><strong>vobis</strong></span> <span class='ocrx_word' id='word_1_51' title='bbox 1547 1003 1726 1068; x_wconf 78' lang='lat' dir='ltr'><strong>diviti-</strong></span> 
     </span>
    </p>
   </div>
   <div class='ocr_carea' id='block_1_9' title="bbox 180 1091 1725 1189">
    <p class='ocr_par' dir='ltr' id='par_1_9' title="bbox 180 1091 1725 1189">
     <span class='ocr_line' id='line_1_9' title="bbox 180 1091 1725 1189; baseline -0.017 -18"><span class='ocrx_word' id='word_1_52' title='bbox 180 1119 279 1186; x_wconf 84' lang='lat' dir='ltr'><strong>bus,</strong></span> <span class='ocrx_word' id='word_1_53' title='bbox 306 1114 387 1189; x_wconf 87' lang='lat' dir='ltr'><strong>qui</strong></span> <span class='ocrx_word' id='word_1_54' title='bbox 407 1097 604 1164; x_wconf 75' lang='lat' dir='ltr'><strong>habetis</strong></span> <span class='ocrx_word' id='word_1_55' title='bbox 627 1103 1035 1188; x_wconf 67' lang='lat' dir='ltr'><strong>consolationem</strong></span> <span class='ocrx_word' id='word_1_56' title='bbox 1076 1108 1298 1154; x_wconf 85' lang='lat' dir='ltr'><strong>vestram</strong></span> <span class='ocrx_word' id='word_1_57' title='bbox 1322 1093 1475 1164; x_wconf 90' lang='lat' dir='ltr'><strong>(Luc.</strong></span> <span class='ocrx_word' id='word_1_58' title='bbox 1502 1109 1578 1158; x_wconf 84' lang='lat' dir='ltr'><strong>vi,</strong></span> <span class='ocrx_word' id='word_1_59' title='bbox 1609 1091 1725 1162; x_wconf 75' lang='grc'><strong>24),</strong></span> 
     </span>
    </p>
   </div>
   <div class='ocr_carea' id='block_1_10' title="bbox 179 1185 1726 1274">
    <p class='ocr_par' dir='ltr' id='par_1_10' title="bbox 179 1185 1726 1274">
     <span class='ocr_line' id='line_1_10' title="bbox 179 1185 1726 1274; baseline -0.015 -11"><span class='ocrx_word' id='word_1_60' title='bbox 179 1218 226 1265; x_wconf 82' lang='lat' dir='ltr'><strong>et</strong></span> <span class='ocrx_word' id='word_1_61' title='bbox 269 1185 328 1260; x_wconf 84' lang='lat' dir='ltr'><strong>de</strong></span> <span class='ocrx_word' id='word_1_62' title='bbox 365 1197 469 1274; x_wconf 90' lang='lat' dir='ltr'><strong>quo</strong></span> <span class='ocrx_word' id='word_1_63' title='bbox 507 1202 735 1270; x_wconf 81' lang='lat' dir='ltr'><strong>legimus</strong></span> <span class='ocrx_word' id='word_1_64' title='bbox 767 1185 902 1267; x_wconf 15' lang='lat' dir='ltr'><strong>quia.</strong></span> <span class='ocrx_word' id='word_1_65' title='bbox 936 1210 1061 1266; x_wconf 88' lang='lat' dir='ltr'><strong>ager</strong></span> <span class='ocrx_word' id='word_1_66' title='bbox 1103 1202 1178 1248; x_wconf 88' lang='lat' dir='ltr'><strong>est</strong></span> <span class='ocrx_word' id='word_1_67' title='bbox 1231 1190 1457 1244; x_wconf 87' lang='lat' dir='ltr'><strong>mundus</strong></span> <span class='ocrx_word' id='word_1_68' title='bbox 1510 1187 1726 1259; x_wconf 77' lang='lat' dir='ltr'><strong>(Matth.</strong></span> 
     </span>
    </p>
   </div>
   <div class='ocr_carea' id='block_1_11' title="bbox 132 1279 1730 1372">
    <p class='ocr_par' dir='ltr' id='par_1_11' title="bbox 132 1279 1730 1372">
     <span class='ocr_line' id='line_1_11' title="bbox 132 1279 1730 1372; baseline -0.015 -15"><span class='ocrx_word' id='word_1_69' title='bbox 132 1368 136 1370; x_wconf 15' lang='grc' dir='ltr'>γ</span> <span class='ocrx_word' id='word_1_70' title='bbox 168 1289 414 1372; x_wconf 49' lang='lat'><strong>1115,58).</strong></span> <span class='ocrx_word' id='word_1_71' title='bbox 448 1290 829 1370; x_wconf 71' lang='lat' dir='ltr'><strong>Inﬁt-multatur</strong></span> <span class='ocrx_word' id='word_1_72' title='bbox 848 1302 978 1358; x_wconf 82' lang='lat' dir='ltr'><strong>ergo</strong></span> <span class='ocrx_word' id='word_1_73' title='bbox 1009 1286 1065 1341; x_wconf 90' lang='lat' dir='ltr'><strong>in</strong></span> <span class='ocrx_word' id='word_1_74' title='bbox 1103 1283 1498 1352; x_wconf 87' lang='lat' dir='ltr'><strong>Capharnaum,</strong></span> <span class='ocrx_word' id='word_1_75' title='bbox 1527 1279 1651 1349; x_wconf 89' lang='lat' dir='ltr'><strong>quia</strong></span> <span class='ocrx_word' id='word_1_76' title='bbox 1677 1279 1730 1333; x_wconf 92' lang='lat' dir='ltr'><strong>in</strong></span> 
     </span>
    </p>
   </div>
   <div class='ocr_carea' id='block_1_12' title="bbox 183 1363 1734 1460">
    <p class='ocr_par' dir='ltr' id='par_1_12' title="bbox 183 1363 1734 1460">
     <span class='ocr_line' id='line_1_12' title="bbox 183 1363 1734 1460; baseline -0.016 -15"><span class='ocrx_word' id='word_1_77' title='bbox 183 1363 630 1460; x_wconf 72' lang='lat' dir='ltr'><strong>prosperitatibus,</strong></span> <span class='ocrx_word' id='word_1_78' title='bbox 689 1363 757 1434; x_wconf 25' lang='lat' dir='ltr'><strong>et.</strong></span> <span class='ocrx_word' id='word_1_79' title='bbox 788 1375 1202 1456; x_wconf 82' lang='lat' dir='ltr'><strong>divitiis,atque</strong></span> <span class='ocrx_word' id='word_1_80' title='bbox 1253 1369 1530 1445; x_wconf 77' lang='lat' dir='ltr'><strong>blanditiis</strong></span> <span class='ocrx_word' id='word_1_81' title='bbox 1575 1367 1734 1436; x_wconf 83' lang='lat' dir='ltr'><strong>hujus</strong></span> 
     </span>
    </p>
   </div>
   <div class='ocr_carea' id='block_1_13' title="bbox 184 1442 1735 1543">
    <p class='ocr_par' dir='ltr' id='par_1_13' title="bbox 184 1442 1735 1543">
     <span class='ocr_line' id='line_1_13' title="bbox 184 1442 1735 1543; baseline -0.012 -14"><span class='ocrx_word' id='word_1_82' title='bbox 184 1474 342 1543; x_wconf 67' lang='lat' dir='ltr'><strong>muli</strong></span> <span class='ocrx_word' id='word_1_83' title='bbox 381 1475 531 1526; x_wconf 56' lang='lat' dir='ltr'><strong>«vires</strong></span> <span class='ocrx_word' id='word_1_84' title='bbox 567 1458 813 1523; x_wconf 84' lang='lat' dir='ltr'><strong>internas</strong></span> <span class='ocrx_word' id='word_1_85' title='bbox 863 1442 1170 1527; x_wconf 82' lang='lat' dir='ltr'><strong>amittebat,</strong></span> <span class='ocrx_word' id='word_1_86' title='bbox 1219 1470 1280 1515; x_wconf 91' lang='lat' dir='ltr'><strong>ut</strong></span> <span class='ocrx_word' id='word_1_87' title='bbox 1317 1458 1428 1527; x_wconf 87' lang='lat' dir='ltr'><strong>jam</strong></span> <span class='ocrx_word' id='word_1_88' title='bbox 1480 1442 1735 1513; x_wconf 84' lang='lat' dir='ltr'><strong>resistere</strong></span> 
     </span>
    </p>
   </div>
   <div class='ocr_carea' id='block_1_14' title="bbox 185 1540 1732 1630">
    <p class='ocr_par' dir='ltr' id='par_1_14' title="bbox 185 1540 1732 1630">
     <span class='ocr_line' id='line_1_14' title="bbox 185 1540 1732 1630; baseline -0.012 -10"><span class='ocrx_word' id='word_1_89' title='bbox 185 1566 339 1621; x_wconf 77' lang='lat' dir='ltr'><strong>noxiis</strong></span> <span class='ocrx_word' id='word_1_90' title='bbox 364 1555 815 1630; x_wconf 70' lang='lat' dir='ltr'><strong>delectationibus</strong></span> <span class='ocrx_word' id='word_1_91' title='bbox 841 1571 946 1610; x_wconf 91' lang='lat' dir='ltr'><strong>non</strong></span> <span class='ocrx_word' id='word_1_92' title='bbox 977 1550 1200 1608; x_wconf 78' lang='lat' dir='ltr'><strong>valeret.</strong></span> <span class='ocrx_word' id='word_1_93' title='bbox 1231 1540 1337 1604; x_wconf 83' lang='lat' dir='ltr'><strong>llic</strong></span> <span class='ocrx_word' id='word_1_94' title='bbox 1355 1550 1482 1619; x_wconf 81' lang='lat' dir='ltr'><strong>ergo</strong></span> <span class='ocrx_word' id='word_1_95' title='bbox 1502 1547 1732 1618; x_wconf 79' lang='lat' dir='ltr'><strong>regulus,</strong></span> 
     </span>
    </p>
   </div>
   <div class='ocr_carea' id='block_1_15' title="bbox 185 1639 1734 1728">
    <p class='ocr_par' dir='ltr' id='par_1_15' title="bbox 185 1639 1734 1728">
     <span class='ocr_line' id='line_1_15' title="bbox 185 1639 1734 1728; baseline -0.014 -16"><span class='ocrx_word' id='word_1_96' title='bbox 185 1657 326 1728; x_wconf 75' lang='lat' dir='ltr'><strong>idest</strong></span> <span class='ocrx_word' id='word_1_97' title='bbox 347 1650 683 1710; x_wconf 80' lang='lat' dir='ltr'><strong>rationabilis</strong></span> <span class='ocrx_word' id='word_1_98' title='bbox 707 1661 919 1716; x_wconf 85' lang='lat' dir='ltr'><strong>sensus,</strong></span> <span class='ocrx_word' id='word_1_99' title='bbox 948 1661 1065 1699; x_wconf 88' lang='lat' dir='ltr'><strong>cum</strong></span> <span class='ocrx_word' id='word_1_100' title='bbox 1097 1659 1127 1698; x_wconf 91' lang='lat' dir='ltr'><strong>a</strong></span> <span class='ocrx_word' id='word_1_101' title='bbox 1159 1641 1476 1698; x_wconf 89' lang='lat' dir='ltr'><strong>doctoribus</strong></span> <span class='ocrx_word' id='word_1_102' title='bbox 1502 1639 1734 1693; x_wconf 84' lang='lat' dir='ltr'><strong>audisset</strong></span> 
     </span>
    </p>
   </div>
   <div class='ocr_carea' id='block_1_16' title="bbox 183 1729 1738 1818">
    <p class='ocr_par' dir='ltr' id='par_1_16' title="bbox 183 1729 1738 1818">
     <span class='ocr_line' id='line_1_16' title="bbox 183 1729 1738 1818; baseline -0.013 -16"><span class='ocrx_word' id='word_1_103' title='bbox 183 1749 289 1818; x_wconf 84' lang='lat' dir='ltr'><strong>quia</strong></span> <span class='ocrx_word' id='word_1_104' title='bbox 325 1733 476 1800; x_wconf 78' lang='lat' dir='ltr'><strong>lesus</strong></span> <span class='ocrx_word' id='word_1_105' title='bbox 508 1737 772 1796; x_wconf 81' lang='lat' dir='ltr'><strong>adveniret</strong></span> <span class='ocrx_word' id='word_1_106' title='bbox 820 1737 1063 1792; x_wconf 78' lang='lat' dir='ltr'><strong>aJuda-a</strong></span> <span class='ocrx_word' id='word_1_107' title='bbox 1113 1732 1166 1789; x_wconf 88' lang='lat' dir='ltr'><strong>in</strong></span> <span class='ocrx_word' id='word_1_108' title='bbox 1223 1732 1522 1796; x_wconf 80' lang='lat' dir='ltr'><strong>Galilream,</strong></span> <span class='ocrx_word' id='word_1_109' title='bbox 1578 1729 1630 1784; x_wconf 90' lang='lat' dir='ltr'><strong>id</strong></span> <span class='ocrx_word' id='word_1_110' title='bbox 1655 1735 1738 1783; x_wconf 85' lang='lat' dir='ltr'><strong>est</strong></span> 
     </span>
    </p>
   </div>
   <div class='ocr_carea' id='block_1_17' title="bbox 188 1823 1736 1908">
    <p class='ocr_par' dir='ltr' id='par_1_17' title="bbox 188 1823 1736 1908">
     <span class='ocr_line' id='line_1_17' title="bbox 188 1823 1736 1908; baseline -0.01 -18"><span class='ocrx_word' id='word_1_111' title='bbox 188 1840 291 1908; x_wconf 84' lang='lat' dir='ltr'><strong>quia</strong></span> <span class='ocrx_word' id='word_1_112' title='bbox 319 1837 564 1893; x_wconf 85' lang='lat' dir='ltr'><strong>Salvator</strong></span> <span class='ocrx_word' id='word_1_113' title='bbox 590 1833 804 1890; x_wconf 78' lang='lat' dir='ltr'><strong>veniret</strong></span> <span class='ocrx_word' id='word_1_114' title='bbox 849 1846 878 1884; x_wconf 88' lang='lat' dir='ltr'><strong>a</strong></span> <span class='ocrx_word' id='word_1_115' title='bbox 920 1828 1261 1885; x_wconf 82' lang='lat' dir='ltr'><strong>confessione</strong></span> <span class='ocrx_word' id='word_1_116' title='bbox 1306 1837 1654 1896; x_wconf 90' lang='lat' dir='ltr'><strong>peccatorum</strong></span> <span class='ocrx_word' id='word_1_117' title='bbox 1683 1823 1736 1876; x_wconf 91' lang='lat' dir='ltr'><strong>in</strong></span> 
     </span>
    </p>
   </div>
   <div class='ocr_carea' id='block_1_18' title="bbox 184 1912 1738 1998">
    <p class='ocr_par' dir='ltr' id='par_1_18' title="bbox 184 1912 1738 1998">
     <span class='ocr_line' id='line_1_18' title="bbox 184 1912 1738 1998; baseline -0.01 -17"><span class='ocrx_word' id='word_1_118' title='bbox 184 1917 696 1998; x_wconf 79' lang='lat' dir='ltr'><strong>transmigrationem</strong></span> <span class='ocrx_word' id='word_1_119' title='bbox 725 1929 1112 1992; x_wconf 77' lang='lat' dir='ltr'><strong>perpetratum,</strong></span> <span class='ocrx_word' id='word_1_120' title='bbox 1156 1918 1256 1972; x_wconf 87' lang='lat' dir='ltr'><strong>huc</strong></span> <span class='ocrx_word' id='word_1_121' title='bbox 1290 1924 1371 1971; x_wconf 91' lang='lat' dir='ltr'><strong>est</strong></span> <span class='ocrx_word' id='word_1_122' title='bbox 1399 1915 1465 1968; x_wconf 88' lang='lat' dir='ltr'><strong>ad</strong></span> <span class='ocrx_word' id='word_1_123' title='bbox 1495 1929 1608 1976; x_wconf 88' lang='lat' dir='ltr'><strong>eos,</strong></span> <span class='ocrx_word' id='word_1_124' title='bbox 1648 1912 1738 1982; x_wconf 92' lang='lat' dir='ltr'><strong>qui</strong></span> 
     </span>
    </p>
   </div>
   <div class='ocr_carea' id='block_1_19' title="bbox 188 2002 1742 2088">
    <p class='ocr_par' dir='ltr' id='par_1_19' title="bbox 188 2002 1742 2088">
     <span class='ocr_line' id='line_1_19' title="bbox 188 2002 1742 2088; baseline -0.01 -18"><span class='ocrx_word' id='word_1_125' title='bbox 188 2015 244 2071; x_wconf 74' lang='lat' dir='ltr'><strong>ad</strong></span> <span class='ocrx_word' id='word_1_126' title='bbox 268 2017 599 2088; x_wconf 87' lang='lat' dir='ltr'><strong>iniquitatem</strong></span> <span class='ocrx_word' id='word_1_127' title='bbox 646 2009 1190 2080; x_wconf 86' lang='lat' dir='ltr'><strong>transmigraverant,</strong></span> <span class='ocrx_word' id='word_1_128' title='bbox 1233 2006 1361 2059; x_wconf 89' lang='lat' dir='ltr'><strong>abiit</strong></span> <span class='ocrx_word' id='word_1_129' title='bbox 1405 2004 1472 2057; x_wconf 87' lang='lat' dir='ltr'><strong>ad</strong></span> <span class='ocrx_word' id='word_1_130' title='bbox 1516 2018 1654 2066; x_wconf 82' lang='lat' dir='ltr'><strong>eum,</strong></span> <span class='ocrx_word' id='word_1_131' title='bbox 1689 2002 1742 2055; x_wconf 92' lang='lat' dir='ltr'><strong>id</strong></span> 
     </span>
    </p>
   </div>
   <div class='ocr_carea' id='block_1_20' title="bbox 183 2091 1744 2176">
    <p class='ocr_par' dir='ltr' id='par_1_20' title="bbox 183 2091 1744 2176">
     <span class='ocr_line' id='line_1_20' title="bbox 183 2091 1744 2176; baseline -0.012 -13"><span class='ocrx_word' id='word_1_132' title='bbox 183 2109 255 2163; x_wconf 83' lang='lat' dir='ltr'><strong>est</strong></span> <span class='ocrx_word' id='word_1_133' title='bbox 287 2122 380 2176; x_wconf 88' lang='lat' dir='ltr'><strong>per</strong></span> <span class='ocrx_word' id='word_1_134' title='bbox 421 2121 573 2176; x_wconf 86' lang='lat' dir='ltr'><strong>spem</strong></span> <span class='ocrx_word' id='word_1_135' title='bbox 594 2094 1027 2159; x_wconf 79' lang='lat' dir='ltr'><strong>et&#39;devotionem</strong></span> <span class='ocrx_word' id='word_1_136' title='bbox 1065 2097 1298 2152; x_wconf 82' lang='lat' dir='ltr'><strong>accessit</strong></span> <span class='ocrx_word' id='word_1_137' title='bbox 1336 2093 1652 2164; x_wconf 71' lang='lat' dir='ltr'><strong>spiritaliter</strong></span> <span class='ocrx_word' id='word_1_138' title='bbox 1675 2091 1744 2145; x_wconf 85' lang='lat' dir='ltr'><strong>ad</strong></span> 
     </span>
    </p>
   </div>
   <div class='ocr_carea' id='block_1_21' title="bbox 189 2184 1744 2262">
    <p class='ocr_par' dir='ltr' id='par_1_21' title="bbox 189 2184 1744 2262">
     <span class='ocr_line' id='line_1_21' title="bbox 189 2184 1744 2262; baseline -0.012 -9"><span class='ocrx_word' id='word_1_139' title='bbox 189 2195 306 2262; x_wconf 76' lang='lat' dir='ltr'><strong>cum,</strong></span> <span class='ocrx_word' id='word_1_140' title='bbox 337 2207 396 2252; x_wconf 91' lang='lat' dir='ltr'><strong>ut</strong></span> <span class='ocrx_word' id='word_1_141' title='bbox 421 2213 544 2252; x_wconf 91' lang='lat' dir='ltr'><strong>eum</strong></span> <span class='ocrx_word' id='word_1_142' title='bbox 592 2195 661 2249; x_wconf 91' lang='lat' dir='ltr'><strong>ad</strong></span> <span class='ocrx_word' id='word_1_143' title='bbox 709 2208 767 2248; x_wconf 89' lang='lat' dir='ltr'><strong>se</strong></span> <span class='ocrx_word' id='word_1_144' title='bbox 805 2193 1140 2246; x_wconf 81' lang='lat' dir='ltr'><strong>deduceret:</strong></span> <span class='ocrx_word' id='word_1_145' title='bbox 1187 2197 1233 2240; x_wconf 89' lang='lat' dir='ltr'><strong>et</strong></span> <span class='ocrx_word' id='word_1_146' title='bbox 1287 2184 1500 2254; x_wconf 79' lang='lat' dir='ltr'><strong>rogabat</strong></span> <span class='ocrx_word' id='word_1_147' title='bbox 1541 2190 1744 2236; x_wconf 88' lang='lat' dir='ltr'><strong>eumut</strong></span> 
     </span>
    </p>
   </div>
   <div class='ocr_carea' id='block_1_22' title="bbox 187 2273 1746 2365">
    <p class='ocr_par' dir='ltr' id='par_1_22' title="bbox 187 2273 1746 2365">
     <span class='ocr_line' id='line_1_22' title="bbox 187 2273 1746 2365; baseline -0.012 -23"><span class='ocrx_word' id='word_1_148' title='bbox 187 2282 518 2365; x_wconf 69' lang='lat' dir='ltr'><strong>descenderet,</strong></span> <span class='ocrx_word' id='word_1_149' title='bbox 551 2287 652 2341; x_wconf 91' lang='lat' dir='ltr'><strong>hoc</strong></span> <span class='ocrx_word' id='word_1_150' title='bbox 686 2293 771 2339; x_wconf 89' lang='lat' dir='ltr'><strong>est</strong></span> <span class='ocrx_word' id='word_1_151' title='bbox 807 2280 1230 2337; x_wconf 87' lang='lat' dir='ltr'><strong>misericordiam</strong></span> <span class='ocrx_word' id='word_1_152' title='bbox 1257 2291 1410 2330; x_wconf 88' lang='lat' dir='ltr'><strong>suam</strong></span> <span class='ocrx_word' id='word_1_153' title='bbox 1444 2273 1746 2337; x_wconf 87' lang='lat' dir='ltr'><strong>inclinaret,</strong></span> 
     </span>
    </p>
   </div>
   <div class='ocr_carea' id='block_1_23' title="bbox 187 2363 1749 2446">
    <p class='ocr_par' dir='ltr' id='par_1_23' title="bbox 187 2363 1749 2446">
     <span class='ocr_line' id='line_1_23' title="bbox 187 2363 1749 2446; baseline -0.011 -13"><span class='ocrx_word' id='word_1_154' title='bbox 187 2363 228 2433; x_wconf 22' lang='lat' dir='ltr'><strong>iet</strong></span> <span class='ocrx_word' id='word_1_155' title='bbox 245 2388 447 2434; x_wconf 88' lang='lat' dir='ltr'><strong>sanaret</strong></span> <span class='ocrx_word' id='word_1_156' title='bbox 478 2377 773 2446; x_wconf 85' lang='lat' dir='ltr'><strong>cogitatum</strong></span> <span class='ocrx_word' id='word_1_157' title='bbox 803 2373 918 2441; x_wconf 86' lang='lat' dir='ltr'><strong>ejus</strong></span> <span class='ocrx_word' id='word_1_158' title='bbox 949 2371 1016 2424; x_wconf 88' lang='lat' dir='ltr'><strong>de</strong></span> <span class='ocrx_word' id='word_1_159' title='bbox 1047 2367 1416 2422; x_wconf 84' lang='lat' dir='ltr'><strong>imbecillitate</strong></span> <span class='ocrx_word' id='word_1_160' title='bbox 1454 2363 1749 2419; x_wconf 87' lang='lat' dir='ltr'><strong>resistendi</strong></span> 
     </span>
    </p>
   </div>
   <div class='ocr_carea' id='block_1_24' title="bbox 191 2454 1752 2534">
    <p class='ocr_par' dir='ltr' id='par_1_24' title="bbox 191 2454 1752 2534">
     <span class='ocr_line' id='line_1_24' title="bbox 191 2454 1752 2534; baseline -0.01 -11"><span class='ocrx_word' id='word_1_161' title='bbox 191 2468 446 2523; x_wconf 82' lang='lat' dir='ltr'><strong>blanditiis</strong></span> <span class='ocrx_word' id='word_1_162' title='bbox 476 2483 494 2522; x_wconf 89' lang='lat'><strong>:</strong></span> <span class='ocrx_word' id='word_1_163' title='bbox 520 2463 802 2534; x_wconf 72' lang='lat' dir='ltr'><strong>incipiebat</strong></span> <span class='ocrx_word' id='word_1_164' title='bbox 839 2460 975 2515; x_wconf 90' lang='lat' dir='ltr'><strong>enim</strong></span> <span class='ocrx_word' id='word_1_165' title='bbox 1023 2457 1174 2521; x_wconf 87' lang='lat' dir='ltr'><strong>mori,</strong></span> <span class='ocrx_word' id='word_1_166' title='bbox 1214 2457 1268 2511; x_wconf 93' lang='lat' dir='ltr'><strong>id</strong></span> <span class='ocrx_word' id='word_1_167' title='bbox 1309 2465 1397 2511; x_wconf 91' lang='lat' dir='ltr'><strong>est</strong></span> <span class='ocrx_word' id='word_1_168' title='bbox 1445 2454 1752 2510; x_wconf 88' lang='lat' dir='ltr'><strong>consentire</strong></span> 
     </span>
    </p>
   </div>
   <div class='ocr_carea' id='block_1_25' title="bbox 196 2554 1591 2628">
    <p class='ocr_par' dir='ltr' id='par_1_25' title="bbox 196 2554 1591 2628">
     <span class='ocr_line' id='line_1_25' title="bbox 196 2554 1591 2628; baseline -0.017 -15"><span class='ocrx_word' id='word_1_169' title='bbox 196 2559 425 2628; x_wconf 80' lang='lat' dir='ltr'><strong>peccatis.</strong></span> <span class='ocrx_word' id='word_1_170' title='bbox 1587 2554 1591 2558; x_wconf 55' lang='grc' dir='ltr'><strong>ν</strong></span> 
     </span>
    </p>
   </div>
   <div class='ocr_carea' id='block_1_26' title="bbox 188 2633 1753 2716">
    <p class='ocr_par' dir='ltr' id='par_1_26' title="bbox 188 2633 1753 2716">
     <span class='ocr_line' id='line_1_26' title="bbox 188 2633 1753 2716; baseline -0.011 -14"><span class='ocrx_word' id='word_1_171' title='bbox 188 2639 192 2648; x_wconf 83' lang='grc'><em>’</em></span> <span class='ocrx_word' id='word_1_172' title='bbox 252 2649 383 2702; x_wconf 72' lang='lat' dir='ltr'><strong>Dixit</strong></span> <span class='ocrx_word' id='word_1_173' title='bbox 412 2663 536 2716; x_wconf 82' lang='lat' dir='ltr'><strong>ergo</strong></span> <span class='ocrx_word' id='word_1_174' title='bbox 555 2644 712 2699; x_wconf 80' lang='lat' dir='ltr'><strong>Iesus</strong></span> <span class='ocrx_word' id='word_1_175' title='bbox 729 2642 797 2696; x_wconf 88' lang='lat' dir='ltr'><strong>ad</strong></span> <span class='ocrx_word' id='word_1_176' title='bbox 818 2656 958 2705; x_wconf 89' lang='lat' dir='ltr'><strong>eum,</strong></span> <span class='ocrx_word' id='word_1_177' title='bbox 977 2640 1262 2707; x_wconf 86' lang='lat' dir='ltr'><strong>increpans</strong></span> <span class='ocrx_word' id='word_1_178' title='bbox 1283 2635 1334 2690; x_wconf 90' lang='lat' dir='ltr'><strong>in</strong></span> <span class='ocrx_word' id='word_1_179' title='bbox 1356 2648 1422 2690; x_wconf 90' lang='lat' dir='ltr'><strong>eo</strong></span> <span class='ocrx_word' id='word_1_180' title='bbox 1447 2633 1753 2688; x_wconf 80' lang='lat' dir='ltr'><strong>tarditatem</strong></span> 
     </span>
    </p>
   </div>
   <div class='ocr_carea' id='block_1_27' title="bbox 195 2719 1755 2804">
    <p class='ocr_par' dir='ltr' id='par_1_27' title="bbox 195 2719 1755 2804">
     <span class='ocr_line' id='line_1_27' title="bbox 195 2719 1755 2804; baseline -0.012 -14"><span class='ocrx_word' id='word_1_181' title='bbox 195 2752 359 2791; x_wconf 88' lang='lat' dir='ltr'><strong>eorum</strong></span> <span class='ocrx_word' id='word_1_182' title='bbox 403 2735 498 2804; x_wconf 87' lang='lat' dir='ltr'><strong>qui</strong></span> <span class='ocrx_word' id='word_1_183' title='bbox 545 2734 794 2786; x_wconf 62' lang='lat' dir='ltr'><strong>haesitant</strong></span> <span class='ocrx_word' id='word_1_184' title='bbox 825 2730 877 2782; x_wconf 92' lang='lat' dir='ltr'><strong>in</strong></span> <span class='ocrx_word' id='word_1_185' title='bbox 920 2727 1026 2782; x_wconf 79' lang='lat' dir='ltr'><strong>[ide</strong></span> <span class='ocrx_word' id='word_1_186' title='bbox 1056 2742 1070 2778; x_wconf 91' lang='lat'><strong>:</strong></span> <span class='ocrx_word' id='word_1_187' title='bbox 1101 2723 1222 2778; x_wconf 84' lang='lat' dir='ltr'><strong>Nisi</strong></span> <span class='ocrx_word' id='word_1_188' title='bbox 1244 2725 1396 2792; x_wconf 85' lang='lat' dir='ltr'><strong>signa</strong></span> <span class='ocrx_word' id='word_1_189' title='bbox 1431 2731 1478 2775; x_wconf 85' lang='lat' dir='ltr'><strong>et</strong></span> <span class='ocrx_word' id='word_1_190' title='bbox 1514 2719 1755 2789; x_wconf 82' lang='lat' dir='ltr'><strong>prodigia</strong></span> 
     </span>
    </p>
   </div>
   <div class='ocr_carea' id='block_1_28' title="bbox 197 2808 1756 2890">
    <p class='ocr_par' dir='ltr' id='par_1_28' title="bbox 197 2808 1756 2890">
     <span class='ocr_line' id='line_1_28' title="bbox 197 2808 1756 2890; baseline -0.013 -10"><span class='ocrx_word' id='word_1_191' title='bbox 197 2827 425 2890; x_wconf 84' lang='lat' dir='ltr'><strong>videritis,</strong></span> <span class='ocrx_word' id='word_1_192' title='bbox 454 2839 558 2878; x_wconf 89' lang='lat' dir='ltr'><strong>non</strong></span> <span class='ocrx_word' id='word_1_193' title='bbox 587 2819 815 2876; x_wconf 75' lang='lat' dir='ltr'><strong>creditis.</strong></span> <span class='ocrx_word' id='word_1_194' title='bbox 842 2817 965 2872; x_wconf 85' lang='lat' dir='ltr'><strong>Non</strong></span> <span class='ocrx_word' id='word_1_195' title='bbox 993 2815 1203 2870; x_wconf 83' lang='lat' dir='ltr'><strong>creditis</strong></span> <span class='ocrx_word' id='word_1_196' title='bbox 1226 2812 1487 2880; x_wconf 87' lang='lat' dir='ltr'><strong>judicium</strong></span> <span class='ocrx_word' id='word_1_197' title='bbox 1516 2808 1756 2863; x_wconf 71' lang='lat' dir='ltr'><strong>futurum</strong></span> 
     </span>
    </p>
   </div>
   <div class='ocr_carea' id='block_1_29' title="bbox 198 2899 1754 2984">
    <p class='ocr_par' dir='ltr' id='par_1_29' title="bbox 198 2899 1754 2984">
     <span class='ocr_line' id='line_1_29' title="bbox 198 2899 1754 2984; baseline -0.013 -11"><span class='ocrx_word' id='word_1_198' title='bbox 198 2917 476 2974; x_wconf 89' lang='lat' dir='ltr'><strong>securitate</strong></span> <span class='ocrx_word' id='word_1_199' title='bbox 537 2921 830 2984; x_wconf 87' lang='lat' dir='ltr'><strong>torpentes,</strong></span> <span class='ocrx_word' id='word_1_200' title='bbox 887 2909 989 2962; x_wconf 83' lang='lat' dir='ltr'><strong>nisi</strong></span> <span class='ocrx_word' id='word_1_201' title='bbox 1039 2904 1378 2961; x_wconf 86' lang='lat' dir='ltr'><strong>mirabilibus</strong></span> <span class='ocrx_word' id='word_1_202' title='bbox 1425 2899 1754 2957; x_wconf 80' lang='lat' dir='ltr'><strong>excitemini.</strong></span> 
     </span>
    </p>
   </div>
   <div class='ocr_carea' id='block_1_30' title="bbox 202 2995 1758 3090">
    <p class='ocr_par' dir='ltr' id='par_1_30' title="bbox 202 2995 1758 3090">
     <span class='ocr_line' id='line_1_30' title="bbox 202 2995 1758 3090; baseline -0.013 -22"><span class='ocrx_word' id='word_1_203' title='bbox 202 3011 451 3090; x_wconf 21' lang='lat' dir='ltr'><strong>Videntes.</strong></span> <span class='ocrx_word' id='word_1_204' title='bbox 489 3010 638 3064; x_wconf 89' lang='lat' dir='ltr'><strong>enim</strong></span> <span class='ocrx_word' id='word_1_205' title='bbox 688 3009 835 3077; x_wconf 83' lang='lat' dir='ltr'><strong>signa</strong></span> <span class='ocrx_word' id='word_1_206' title='bbox 887 3003 1064 3059; x_wconf 87' lang='lat' dir='ltr'><strong>solent</strong></span> <span class='ocrx_word' id='word_1_207' title='bbox 1117 2998 1420 3069; x_wconf 89' lang='lat' dir='ltr'><strong>hujusmodi</strong></span> <span class='ocrx_word' id='word_1_208' title='bbox 1478 2995 1758 3053; x_wconf 89' lang='lat' dir='ltr'><strong>hominum</strong></span> 
     </span>
    </p>
   </div>
   <div class='ocr_carea' id='block_1_31' title="bbox 201 3088 1758 3165">
    <p class='ocr_par' dir='ltr' id='par_1_31' title="bbox 201 3088 1758 3165">
     <span class='ocr_line' id='line_1_31' title="bbox 201 3088 1758 3165; baseline -0.011 -7"><span class='ocrx_word' id='word_1_209' title='bbox 201 3101 390 3158; x_wconf 84' lang='lat' dir='ltr'><strong>mentes</strong></span> <span class='ocrx_word' id='word_1_210' title='bbox 429 3088 653 3165; x_wconf 85' lang='lat' dir='ltr'><strong>terreri,</strong></span> <span class='ocrx_word' id='word_1_211' title='bbox 680 3109 735 3153; x_wconf 89' lang='lat' dir='ltr'><strong>et</strong></span> <span class='ocrx_word' id='word_1_212' title='bbox 771 3098 996 3152; x_wconf 86' lang='lat' dir='ltr'><strong>credere</strong></span> <span class='ocrx_word' id='word_1_213' title='bbox 1038 3101 1106 3148; x_wconf 87' lang='lat' dir='ltr'><strong>ad</strong></span> <span class='ocrx_word' id='word_1_214' title='bbox 1144 3094 1350 3147; x_wconf 87' lang='lat' dir='ltr'><strong>horam.</strong></span> <span class='ocrx_word' id='word_1_215' title='bbox 1395 3089 1519 3144; x_wconf 84' lang='lat' dir='ltr'><strong>Non</strong></span> <span class='ocrx_word' id='word_1_216' title='bbox 1549 3088 1758 3143; x_wconf 84' lang='lat' dir='ltr'><strong>creditis</strong></span> 
     </span>
    </p>
   </div>
   <div class='ocr_carea' id='block_1_32' title="bbox 201 3180 1758 3259">
    <p class='ocr_par' dir='ltr' id='par_1_32' title="bbox 201 3180 1758 3259">
     <span class='ocr_line' id='line_1_32' title="bbox 201 3180 1758 3259; baseline -0.008 -13"><span class='ocrx_word' id='word_1_217' title='bbox 201 3192 446 3247; x_wconf 82' lang='lat' dir='ltr'><strong>mandatis</strong></span> <span class='ocrx_word' id='word_1_218' title='bbox 470 3191 631 3254; x_wconf 90' lang='lat' dir='ltr'><strong>meis,</strong></span> <span class='ocrx_word' id='word_1_219' title='bbox 657 3189 782 3259; x_wconf 85' lang='lat' dir='ltr'><strong>quia</strong></span> <span class='ocrx_word' id='word_1_220' title='bbox 808 3203 912 3242; x_wconf 91' lang='lat' dir='ltr'><strong>non</strong></span> <span class='ocrx_word' id='word_1_221' title='bbox 933 3201 996 3241; x_wconf 87' lang='lat' dir='ltr'><strong>ea</strong></span> <span class='ocrx_word' id='word_1_222' title='bbox 1022 3183 1231 3248; x_wconf 81' lang='lat' dir='ltr'><strong>facitis;</strong></span> <span class='ocrx_word' id='word_1_223' title='bbox 1265 3199 1373 3237; x_wconf 89' lang='lat' dir='ltr'><strong>non</strong></span> <span class='ocrx_word' id='word_1_224' title='bbox 1396 3180 1606 3235; x_wconf 83' lang='lat' dir='ltr'><strong>creditis</strong></span> <span class='ocrx_word' id='word_1_225' title='bbox 1631 3193 1758 3246; x_wconf 83' lang='lat' dir='ltr'><strong>pro-</strong></span> 
     </span>
    </p>
   </div>
   <div class='ocr_carea' id='block_1_33' title="bbox 201 3270 1758 3350">
    <p class='ocr_par' dir='ltr' id='par_1_33' title="bbox 201 3270 1758 3350">
     <span class='ocr_line' id='line_1_33' title="bbox 201 3270 1758 3350; baseline -0.008 -14"><span class='ocrx_word' id='word_1_226' title='bbox 201 3284 530 3340; x_wconf 65' lang='lat' dir='ltr'><strong>missionibus</strong></span> <span class='ocrx_word' id='word_1_227' title='bbox 564 3281 727 3346; x_wconf 87' lang='lat' dir='ltr'><strong>meis,</strong></span> <span class='ocrx_word' id='word_1_228' title='bbox 759 3279 1013 3350; x_wconf 89' lang='lat' dir='ltr'><strong>quoniam</strong></span> <span class='ocrx_word' id='word_1_229' title='bbox 1045 3276 1151 3329; x_wconf 87' lang='lat' dir='ltr'><strong>has</strong></span> <span class='ocrx_word' id='word_1_230' title='bbox 1182 3287 1426 3343; x_wconf 63' lang='lat' dir='ltr'><strong>quaerere</strong></span> <span class='ocrx_word' id='word_1_231' title='bbox 1467 3270 1758 3341; x_wconf 85' lang='lat' dir='ltr'><strong>negligitis.</strong></span> 
     </span>
    </p>
   </div>
   <div class='ocr_carea' id='block_1_34' title="bbox 204 3359 1766 3443">
    <p class='ocr_par' dir='ltr' id='par_1_34' title="bbox 204 3359 1766 3443">
     <span class='ocr_line' id='line_1_34' title="bbox 204 3359 1766 3443; baseline -0.013 -11"><span class='ocrx_word' id='word_1_232' title='bbox 204 3371 349 3443; x_wconf 83' lang='lat' dir='ltr'><strong>Signa</strong></span> <span class='ocrx_word' id='word_1_233' title='bbox 376 3383 421 3428; x_wconf 89' lang='lat' dir='ltr'><strong>et</strong></span> <span class='ocrx_word' id='word_1_234' title='bbox 455 3373 705 3443; x_wconf 82' lang='lat' dir='ltr'><strong>prodigia</strong></span> <span class='ocrx_word' id='word_1_235' title='bbox 734 3377 862 3425; x_wconf 89' lang='lat' dir='ltr'><strong>sunt</strong></span> <span class='ocrx_word' id='word_1_236' title='bbox 893 3366 1047 3422; x_wconf 82' lang='lat' dir='ltr'><strong>vobis</strong></span> <span class='ocrx_word' id='word_1_237' title='bbox 1086 3363 1413 3426; x_wconf 88' lang='lat' dir='ltr'><strong>necessaria,</strong></span> <span class='ocrx_word' id='word_1_238' title='bbox 1443 3370 1500 3414; x_wconf 90' lang='lat' dir='ltr'><strong>ut</strong></span> <span class='ocrx_word' id='word_1_239' title='bbox 1530 3375 1628 3429; x_wconf 90' lang='lat' dir='ltr'><strong>per</strong></span> <span class='ocrx_word' id='word_1_240' title='bbox 1652 3359 1766 3412; x_wconf 73' lang='lat' dir='ltr'><strong>haec</strong></span> 
     </span>
    </p>
   </div>
   <div class='ocr_carea' id='block_1_35' title="bbox 207 3447 1768 3535">
    <p class='ocr_par' dir='ltr' id='par_1_35' title="bbox 207 3447 1768 3535">
     <span class='ocr_line' id='line_1_35' title="bbox 207 3447 1768 3535; baseline -0.009 -21"><span class='ocrx_word' id='word_1_241' title='bbox 207 3465 346 3518; x_wconf 82' lang='lat' dir='ltr'><strong>tidem</strong></span> <span class='ocrx_word' id='word_1_242' title='bbox 368 3481 484 3535; x_wconf 75' lang='lat' dir='ltr'><strong>qua:</strong></span> <span class='ocrx_word' id='word_1_243' title='bbox 515 3478 609 3533; x_wconf 90' lang='lat' dir='ltr'><strong>per</strong></span> <span class='ocrx_word' id='word_1_244' title='bbox 625 3461 931 3515; x_wconf 88' lang='lat' dir='ltr'><strong>charitatem</strong></span> <span class='ocrx_word' id='word_1_245' title='bbox 954 3465 1220 3525; x_wconf 86' lang='lat' dir='ltr'><strong>operatur,</strong></span> <span class='ocrx_word' id='word_1_246' title='bbox 1247 3449 1610 3506; x_wconf 88' lang='lat' dir='ltr'><strong>adducamini.</strong></span> <span class='ocrx_word' id='word_1_247' title='bbox 1629 3447 1768 3502; x_wconf 89' lang='lat' dir='ltr'><strong>Dicit</strong></span> 
     </span>
    </p>
   </div>
   <div class='ocr_carea' id='block_1_36' title="bbox 206 3538 1756 3628">
    <p class='ocr_par' dir='ltr' id='par_1_36' title="bbox 206 3538 1756 3628">
     <span class='ocr_line' id='line_1_36' title="bbox 206 3538 1756 3628; baseline -0.013 -19"><span class='ocrx_word' id='word_1_248' title='bbox 206 3555 264 3609; x_wconf 86' lang='lat' dir='ltr'><strong>ad</strong></span> <span class='ocrx_word' id='word_1_249' title='bbox 301 3572 410 3609; x_wconf 86' lang='lat' dir='ltr'><strong>cum</strong></span> <span class='ocrx_word' id='word_1_250' title='bbox 461 3553 700 3624; x_wconf 85' lang='lat' dir='ltr'><strong>regulus,</strong></span> <span class='ocrx_word' id='word_1_251' title='bbox 748 3553 803 3628; x_wconf 84' lang='lat' dir='ltr'><strong>in</strong></span> <span class='ocrx_word' id='word_1_252' title='bbox 831 3547 1068 3620; x_wconf 87' lang='lat' dir='ltr'><strong>potentia</strong></span> <span class='ocrx_word' id='word_1_253' title='bbox 1128 3545 1431 3598; x_wconf 90' lang='lat' dir='ltr'><strong>minoratus</strong></span> <span class='ocrx_word' id='word_1_254' title='bbox 1464 3538 1756 3604; x_wconf 77' lang='lat' dir='ltr'><strong>:Domiue,</strong></span> 
     </span>
    </p>
   </div>
   <div class='ocr_carea' id='block_1_37' title="bbox 207 3632 1773 3714">
    <p class='ocr_par' dir='ltr' id='par_1_37' title="bbox 207 3632 1773 3714">
     <span class='ocr_line' id='line_1_37' title="bbox 207 3632 1773 3714; baseline -0.013 -11"><span class='ocrx_word' id='word_1_255' title='bbox 207 3647 456 3714; x_wconf 81' lang='lat' dir='ltr'><strong>descende,</strong></span> <span class='ocrx_word' id='word_1_256' title='bbox 487 3647 544 3702; x_wconf 92' lang='lat' dir='ltr'><strong>id</strong></span> <span class='ocrx_word' id='word_1_257' title='bbox 567 3653 649 3701; x_wconf 88' lang='lat' dir='ltr'><strong>est</strong></span> <span class='ocrx_word' id='word_1_258' title='bbox 673 3641 995 3699; x_wconf 75' lang='lat' dir='ltr'><strong>beneﬁcium</strong></span> <span class='ocrx_word' id='word_1_259' title='bbox 1027 3647 1132 3691; x_wconf 65' lang='lat' dir='ltr'><strong>tum</strong></span> <span class='ocrx_word' id='word_1_260' title='bbox 1154 3632 1482 3690; x_wconf 87' lang='lat' dir='ltr'><strong>visitationis</strong></span> <span class='ocrx_word' id='word_1_261' title='bbox 1510 3640 1602 3684; x_wconf 88' lang='lat' dir='ltr'><strong>aut</strong></span> <span class='ocrx_word' id='word_1_262' title='bbox 1625 3644 1773 3685; x_wconf 87' lang='lat' dir='ltr'><strong>com-</strong></span> 
     </span>
    </p>
   </div>
   <div class='ocr_carea' id='block_1_38' title="bbox 209 3726 1774 3811">
    <p class='ocr_par' dir='ltr' id='par_1_38' title="bbox 209 3726 1774 3811">
     <span class='ocr_line' id='line_1_38' title="bbox 209 3726 1774 3811; baseline -0.014 -16"><span class='ocrx_word' id='word_1_263' title='bbox 209 3741 456 3811; x_wconf 83' lang='lat' dir='ltr'><strong>passionis</strong></span> <span class='ocrx_word' id='word_1_264' title='bbox 483 3738 558 3794; x_wconf 90' lang='lat' dir='ltr'><strong>ad</strong></span> <span class='ocrx_word' id='word_1_265' title='bbox 605 3752 691 3792; x_wconf 89' lang='lat' dir='ltr'><strong>me</strong></span> <span class='ocrx_word' id='word_1_266' title='bbox 738 3734 1033 3791; x_wconf 90' lang='lat' dir='ltr'><strong>clementer</strong></span> <span class='ocrx_word' id='word_1_267' title='bbox 1067 3727 1310 3793; x_wconf 90' lang='lat' dir='ltr'><strong>humilia,</strong></span> <span class='ocrx_word' id='word_1_268' title='bbox 1363 3726 1666 3796; x_wconf 75' lang='lat' dir='ltr'><strong>priusquam</strong></span> <span class='ocrx_word' id='word_1_269' title='bbox 1706 3736 1774 3775; x_wconf 75' lang='lat' dir='ltr'><strong>ex</strong></span> 
     </span>
    </p>
   </div>
   <div class='ocr_carea' id='block_1_39' title="bbox 213 3815 1776 3903">
    <p class='ocr_par' dir='ltr' id='par_1_39' title="bbox 213 3815 1776 3903">
     <span class='ocr_line' id='line_1_39' title="bbox 213 3815 1776 3903; baseline -0.014 -17"><span class='ocrx_word' id='word_1_270' title='bbox 213 3840 314 3886; x_wconf 92' lang='lat' dir='ltr'><strong>toto</strong></span> <span class='ocrx_word' id='word_1_271' title='bbox 339 3848 431 3903; x_wconf 90' lang='lat' dir='ltr'><strong>per</strong></span> <span class='ocrx_word' id='word_1_272' title='bbox 456 3835 900 3889; x_wconf 86' lang='lat' dir='ltr'><strong>consummatum</strong></span> <span class='ocrx_word' id='word_1_273' title='bbox 931 3821 1141 3894; x_wconf 83' lang='lat' dir='ltr'><strong>peccati</strong></span> <span class='ocrx_word' id='word_1_274' title='bbox 1163 3831 1487 3875; x_wconf 88' lang='lat' dir='ltr'><strong>consensum</strong></span> <span class='ocrx_word' id='word_1_275' title='bbox 1517 3815 1776 3868; x_wconf 85' lang='lat' dir='ltr'><strong>moriatur</strong></span> 
     </span>
    </p>
   </div>
   <div class='ocr_carea' id='block_1_40' title="bbox 213 3921 1770 3993">
    <p class='ocr_par' dir='ltr' id='par_1_40' title="bbox 213 3921 1770 3993">
     <span class='ocr_line' id='line_1_40' title="bbox 213 3921 1770 3993; baseline -0.01 -14"><span class='ocrx_word' id='word_1_276' title='bbox 213 3926 456 3993; x_wconf 76' lang='lat' dir='ltr'><strong>cogitatus</strong></span> <span class='ocrx_word' id='word_1_277' title='bbox 472 3939 644 3980; x_wconf 86' lang='lat' dir='ltr'><strong>meus.</strong></span> <span class='ocrx_word' id='word_1_278' title='bbox 766 3933 768 3935; x_wconf 72' lang='lat'><strong><em>&#39;</em></strong></span> <span class='ocrx_word' id='word_1_279' title='bbox 1548 3921 1551 3925; x_wconf 83' lang='grc'><em>’</em></span> <span class='ocrx_word' id='word_1_280' title='bbox 1767 3961 1770 3964; x_wconf 83' lang='lat'><strong>.</strong></span> 
     </span>
    </p>
   </div>
   <div class='ocr_carea' id='block_1_41' title="bbox 196 4001 1774 4084">
    <p class='ocr_par' dir='ltr' id='par_1_41' title="bbox 196 4001 1774 4084">
     <span class='ocr_line' id='line_1_41' title="bbox 196 4001 1774 4084; baseline -0.012 -15"><span class='ocrx_word' id='word_1_281' title='bbox 196 4037 198 4040; x_wconf 51' lang='grc' dir='ltr'>ν</span> <span class='ocrx_word' id='word_1_282' title='bbox 275 4015 403 4069; x_wconf 90' lang='lat' dir='ltr'><strong>Dicit</strong></span> <span class='ocrx_word' id='word_1_283' title='bbox 425 4017 472 4070; x_wconf 87' lang='lat' dir='ltr'><strong>ei</strong></span> <span class='ocrx_word' id='word_1_284' title='bbox 494 4013 686 4070; x_wconf 81' lang='lat' dir='ltr'><strong>Jesus‘:</strong></span> <span class='ocrx_word' id='word_1_285' title='bbox 709 4011 872 4078; x_wconf 83' lang='lat' dir='ltr'><strong>Vade,</strong></span> <span class='ocrx_word' id='word_1_286' title='bbox 901 4009 953 4065; x_wconf 92' lang='lat' dir='ltr'><strong>id</strong></span> <span class='ocrx_word' id='word_1_287' title='bbox 982 4017 1088 4075; x_wconf 89' lang='lat' dir='ltr'><strong>est,</strong></span> <span class='ocrx_word' id='word_1_288' title='bbox 1112 4005 1385 4084; x_wconf 80' lang='lat' dir='ltr'><strong>collabora</strong></span> <span class='ocrx_word' id='word_1_289' title='bbox 1408 4001 1596 4072; x_wconf 82' lang='lat' dir='ltr'><strong>gratiae</strong></span> <span class='ocrx_word' id='word_1_290' title='bbox 1623 4012 1774 4063; x_wconf 67' lang='lat' dir='ltr'><strong>mete,</strong></span> 
     </span>
    </p>
   </div>
   <div class='ocr_carea' id='block_1_42' title="bbox 216 4093 1781 4174">
    <p class='ocr_par' dir='ltr' id='par_1_42' title="bbox 216 4093 1781 4174">
     <span class='ocr_line' id='line_1_42' title="bbox 216 4093 1781 4174; baseline -0.012 -15"><span class='ocrx_word' id='word_1_291' title='bbox 216 4107 488 4174; x_wconf 81' lang='lat' dir='ltr'><strong>proﬁciens</strong></span> <span class='ocrx_word' id='word_1_292' title='bbox 522 4107 578 4160; x_wconf 87' lang='lat' dir='ltr'><strong>in</strong></span> <span class='ocrx_word' id='word_1_293' title='bbox 606 4104 765 4159; x_wconf 92' lang='lat' dir='ltr'><strong>bonis</strong></span> <span class='ocrx_word' id='word_1_294' title='bbox 807 4102 1063 4173; x_wconf 82' lang='lat' dir='ltr'><strong>operibus</strong></span> <span class='ocrx_word' id='word_1_295' title='bbox 1097 4115 1220 4154; x_wconf 88' lang='lat' dir='ltr'><strong>cum</strong></span> <span class='ocrx_word' id='word_1_296' title='bbox 1245 4093 1512 4167; x_wconf 72' lang='lat' dir='ltr'><strong>adiutorio</strong></span> <span class='ocrx_word' id='word_1_297' title='bbox 1543 4104 1692 4153; x_wconf 89' lang='lat' dir='ltr'><strong>meo;</strong></span> <span class='ocrx_word' id='word_1_298' title='bbox 1726 4094 1781 4142; x_wconf 89' lang='lat' dir='ltr'><strong>et</strong></span> 
     </span>
    </p>
   </div>
   <div class='ocr_carea' id='block_1_43' title="bbox 218 4179 1779 4267">
    <p class='ocr_par' dir='ltr' id='par_1_43' title="bbox 218 4179 1779 4267">
     <span class='ocr_line' id='line_1_43' title="bbox 218 4179 1779 4267; baseline -0.015 -15"><span class='ocrx_word' id='word_1_299' title='bbox 218 4199 288 4251; x_wconf 72' lang='lat' dir='ltr'><strong>sic</strong></span> <span class='ocrx_word' id='word_1_300' title='bbox 312 4199 447 4267; x_wconf 80' lang='lat' dir='ltr'><strong>ﬁlius</strong></span> <span class='ocrx_word' id='word_1_301' title='bbox 478 4195 667 4253; x_wconf 89' lang='lat' dir='ltr'><strong>cordis</strong></span> <span class='ocrx_word' id='word_1_302' title='bbox 690 4195 764 4250; x_wconf 92' lang='lat' dir='ltr'><strong>tui</strong></span> <span class='ocrx_word' id='word_1_303' title='bbox 791 4192 1091 4264; x_wconf 72' lang='lat' dir='ltr'><strong>proiectum</strong></span> <span class='ocrx_word' id='word_1_304' title='bbox 1113 4189 1336 4260; x_wconf 67' lang='lat' dir='ltr'><strong>jnstitiae</strong></span> <span class='ocrx_word' id='word_1_305' title='bbox 1361 4185 1505 4239; x_wconf 76' lang='lat' dir='ltr'><strong>vivit.</strong></span> <span class='ocrx_word' id='word_1_306' title='bbox 1549 4179 1779 4245; x_wconf 80' lang='lat' dir='ltr'><strong>Credidit</strong></span> 
     </span>
    </p>
   </div>
   <div class='ocr_carea' id='block_1_44' title="bbox 218 4269 1782 4356">
    <p class='ocr_par' dir='ltr' id='par_1_44' title="bbox 218 4269 1782 4356">
     <span class='ocr_line' id='line_1_44' title="bbox 218 4269 1782 4356; baseline -0.014 -14"><span class='ocrx_word' id='word_1_307' title='bbox 218 4290 375 4356; x_wconf 88' lang='lat' dir='ltr'><strong>homo,</strong></span> <span class='ocrx_word' id='word_1_308' title='bbox 401 4291 454 4345; x_wconf 92' lang='lat' dir='ltr'><strong>id</strong></span> <span class='ocrx_word' id='word_1_309' title='bbox 482 4296 572 4345; x_wconf 87' lang='lat' dir='ltr'><strong>est</strong></span> <span class='ocrx_word' id='word_1_310' title='bbox 601 4287 858 4342; x_wconf 86' lang='lat' dir='ltr'><strong>obediens</strong></span> <span class='ocrx_word' id='word_1_311' title='bbox 888 4271 988 4338; x_wconf 82' lang='lat' dir='ltr'><strong>fuit</strong></span> <span class='ocrx_word' id='word_1_312' title='bbox 1014 4281 1174 4345; x_wconf 90' lang='lat' dir='ltr'><strong>ratio,</strong></span> <span class='ocrx_word' id='word_1_313' title='bbox 1201 4276 1428 4332; x_wconf 87' lang='lat' dir='ltr'><strong>sermoni</strong></span> <span class='ocrx_word' id='word_1_314' title='bbox 1472 4287 1621 4342; x_wconf 89' lang='lat' dir='ltr'><strong>quem</strong></span> <span class='ocrx_word' id='word_1_315' title='bbox 1649 4269 1782 4322; x_wconf 79' lang='lat' dir='ltr'><strong>dixit</strong></span> 
     </span>
    </p>
   </div>
   <div class='ocr_carea' id='block_1_45' title="bbox 220 4363 1620 4447">
    <p class='ocr_par' dir='ltr' id='par_1_45' title="bbox 220 4363 1620 4447">
     <span class='ocr_line' id='line_1_45' title="bbox 220 4363 1620 4447; baseline -0.014 -12"><span class='ocrx_word' id='word_1_316' title='bbox 220 4395 261 4433; x_wconf 80' lang='lat' dir='ltr'><strong>ei</strong></span> <span class='ocrx_word' id='word_1_317' title='bbox 283 4381 450 4447; x_wconf 74' lang='lat' dir='ltr'><strong>Iesus,</strong></span> <span class='ocrx_word' id='word_1_318' title='bbox 483 4369 690 4442; x_wconf 26' lang='lat' dir='ltr'><strong>et’tbat,</strong></span> <span class='ocrx_word' id='word_1_319' title='bbox 727 4372 1094 4446; x_wconf 87' lang='lat' dir='ltr'><strong>promovendo</strong></span> <span class='ocrx_word' id='word_1_320' title='bbox 1119 4383 1176 4425; x_wconf 88' lang='lat' dir='ltr'><strong>se</strong></span> <span class='ocrx_word' id='word_1_321' title='bbox 1201 4368 1252 4422; x_wconf 87' lang='lat' dir='ltr'><strong>in</strong></span> <span class='ocrx_word' id='word_1_322' title='bbox 1274 4368 1361 4420; x_wconf 89' lang='lat' dir='ltr'><strong>via</strong></span> <span class='ocrx_word' id='word_1_323' title='bbox 1378 4363 1620 4434; x_wconf 67' lang='lat' dir='ltr'><strong>justitiw.</strong></span> 
     </span>
    </p>
   </div>
   <div class='ocr_carea' id='block_1_46' title="bbox 281 4451 1864 4528">
    <p class='ocr_par' dir='ltr' id='par_1_46' title="bbox 281 4451 1864 4528">
     <span class='ocr_line' id='line_1_46' title="bbox 281 4451 1864 4528; baseline -0.013 -4"><span class='ocrx_word' id='word_1_324' title='bbox 281 4471 401 4526; x_wconf 74' lang='lat' dir='ltr'><strong>1am</strong></span> <span class='ocrx_word' id='word_1_325' title='bbox 436 4479 618 4526; x_wconf 79' lang='lat' dir='ltr'><strong>autem</strong></span> <span class='ocrx_word' id='word_1_326' title='bbox 665 4484 725 4522; x_wconf 90' lang='lat' dir='ltr'><strong>eo</strong></span> <span class='ocrx_word' id='word_1_327' title='bbox 781 4464 1141 4528; x_wconf 83' lang='lat' dir='ltr'><strong>descendente,</strong></span> <span class='ocrx_word' id='word_1_328' title='bbox 1188 4461 1242 4515; x_wconf 90' lang='lat' dir='ltr'><strong>id</strong></span> <span class='ocrx_word' id='word_1_329' title='bbox 1269 4461 1356 4514; x_wconf 86' lang='lat' dir='ltr'><strong>est</strong></span> <span class='ocrx_word' id='word_1_330' title='bbox 1379 4472 1440 4512; x_wconf 89' lang='lat' dir='ltr'><strong>se</strong></span> <span class='ocrx_word' id='word_1_331' title='bbox 1466 4451 1788 4509; x_wconf 88' lang='lat' dir='ltr'><strong>humiliante</strong></span> <span class='ocrx_word' id='word_1_332' title='bbox 1816 4451 1864 4510; x_wconf 91' lang='lat' dir='ltr'><strong>D</strong></span> 
     </span>
    </p>
   </div>
   <div class='ocr_carea' id='block_1_47' title="bbox 223 4542 1790 4630">
    <p class='ocr_par' dir='ltr' id='par_1_47' title="bbox 223 4542 1790 4630">
     <span class='ocr_line' id='line_1_47' title="bbox 223 4542 1790 4630; baseline -0.013 -15"><span class='ocrx_word' id='word_1_333' title='bbox 223 4560 271 4614; x_wconf 90' lang='lat' dir='ltr'><strong>iu</strong></span> <span class='ocrx_word' id='word_1_334' title='bbox 299 4561 635 4630; x_wconf 58' lang='lat' dir='ltr'><strong>paenitentia,</strong></span> <span class='ocrx_word' id='word_1_335' title='bbox 684 4565 740 4613; x_wconf 88' lang='lat' dir='ltr'><strong>et</strong></span> <span class='ocrx_word' id='word_1_336' title='bbox 770 4554 1058 4625; x_wconf 82' lang='lat' dir='ltr'><strong>allligente,</strong></span> <span class='ocrx_word' id='word_1_337' title='bbox 1101 4561 1157 4606; x_wconf 90' lang='lat' dir='ltr'><strong>et</strong></span> <span class='ocrx_word' id='word_1_338' title='bbox 1179 4549 1246 4604; x_wconf 89' lang='lat' dir='ltr'><strong>ad</strong></span> <span class='ocrx_word' id='word_1_339' title='bbox 1298 4547 1537 4614; x_wconf 88' lang='lat' dir='ltr'><strong>seipsum</strong></span> <span class='ocrx_word' id='word_1_340' title='bbox 1575 4542 1643 4596; x_wconf 89' lang='lat' dir='ltr'><strong>ab</strong></span> <span class='ocrx_word' id='word_1_341' title='bbox 1679 4543 1790 4594; x_wconf 90' lang='lat' dir='ltr'><strong>alto</strong></span> 
     </span>
    </p>
   </div>
   <div class='ocr_carea' id='block_1_48' title="bbox 225 4631 1792 4719">
    <p class='ocr_par' dir='ltr' id='par_1_48' title="bbox 225 4631 1792 4719">
     <span class='ocr_line' id='line_1_48' title="bbox 225 4631 1792 4719; baseline -0.013 -18"><span class='ocrx_word' id='word_1_342' title='bbox 225 4647 682 4719; x_wconf 88' lang='lat' dir='ltr'><strong>contemplationis</strong></span> <span class='ocrx_word' id='word_1_343' title='bbox 725 4644 1007 4708; x_wconf 86' lang='lat' dir='ltr'><strong>redeunte,</strong></span> <span class='ocrx_word' id='word_1_344' title='bbox 1039 4640 1172 4694; x_wconf 82' lang='lat' dir='ltr'><strong>servi</strong></span> <span class='ocrx_word' id='word_1_345' title='bbox 1203 4642 1538 4690; x_wconf 86' lang='lat' dir='ltr'><strong>occurrerunt</strong></span> <span class='ocrx_word' id='word_1_346' title='bbox 1575 4631 1656 4695; x_wconf 88' lang='lat' dir='ltr'><strong>ei,</strong></span> <span class='ocrx_word' id='word_1_347' title='bbox 1689 4631 1792 4682; x_wconf 89' lang='lat' dir='ltr'><strong>hoc</strong></span> 
     </span>
    </p>
   </div>
   <div class='ocr_carea' id='block_1_49' title="bbox 226 4721 1792 4805">
    <p class='ocr_par' dir='ltr' id='par_1_49' title="bbox 226 4721 1792 4805">
     <span class='ocr_line' id='line_1_49' title="bbox 226 4721 1792 4805; baseline -0.015 -12"><span class='ocrx_word' id='word_1_348' title='bbox 226 4747 299 4794; x_wconf 86' lang='lat' dir='ltr'><strong>est</strong></span> <span class='ocrx_word' id='word_1_349' title='bbox 319 4741 560 4794; x_wconf 88' lang='lat' dir='ltr'><strong>membra</strong></span> <span class='ocrx_word' id='word_1_350' title='bbox 585 4734 829 4805; x_wconf 80' lang='lat' dir='ltr'><strong>corpOris</strong></span> <span class='ocrx_word' id='word_1_351' title='bbox 855 4733 937 4787; x_wconf 92' lang='lat' dir='ltr'><strong>sui</strong></span> <span class='ocrx_word' id='word_1_352' title='bbox 961 4727 1371 4786; x_wconf 88' lang='lat' dir='ltr'><strong>subservierunt</strong></span> <span class='ocrx_word' id='word_1_353' title='bbox 1391 4723 1439 4776; x_wconf 90' lang='lat' dir='ltr'><strong>ei</strong></span> <span class='ocrx_word' id='word_1_354' title='bbox 1471 4723 1536 4774; x_wconf 88' lang='lat' dir='ltr'><strong>ad</strong></span> <span class='ocrx_word' id='word_1_355' title='bbox 1567 4721 1792 4779; x_wconf 89' lang='lat' dir='ltr'><strong>bonum,</strong></span> 
     </span>
    </p>
   </div>
   <div class='ocr_carea' id='block_1_50' title="bbox 224 4810 1794 4899">
    <p class='ocr_par' dir='ltr' id='par_1_50' title="bbox 224 4810 1794 4899">
     <span class='ocr_line' id='line_1_50' title="bbox 224 4810 1794 4899; baseline -0.016 -14"><span class='ocrx_word' id='word_1_356' title='bbox 224 4829 362 4899; x_wconf 79' lang='lat' dir='ltr'><strong>juxta</strong></span> <span class='ocrx_word' id='word_1_357' title='bbox 392 4830 523 4885; x_wconf 90' lang='lat' dir='ltr'><strong>illud</strong></span> <span class='ocrx_word' id='word_1_358' title='bbox 549 4825 787 4897; x_wconf 19' lang='lat' dir='ltr'><strong>A‘postoli</strong></span> <span class='ocrx_word' id='word_1_359' title='bbox 818 4839 836 4878; x_wconf 87' lang='lat'><strong>:</strong></span> <span class='ocrx_word' id='word_1_360' title='bbox 867 4822 1014 4878; x_wconf 86' lang='lat' dir='ltr'><strong>Sicut</strong></span> <span class='ocrx_word' id='word_1_361' title='bbox 1040 4816 1348 4874; x_wconf 75' lang='lat' dir='ltr'><strong>exhibuistis</strong></span> <span class='ocrx_word' id='word_1_362' title='bbox 1376 4810 1604 4866; x_wconf 83' lang='lat' dir='ltr'><strong>utembra</strong></span> <span class='ocrx_word' id='word_1_363' title='bbox 1627 4818 1794 4881; x_wconf 83' lang='lat' dir='ltr'><strong>vestra</strong></span> 
     </span>
    </p>
   </div>
   <div class='ocr_carea' id='block_1_51' title="bbox 231 4898 1796 4984">
    <p class='ocr_par' dir='ltr' id='par_1_51' title="bbox 231 4898 1796 4984">
     <span class='ocr_line' id='line_1_51' title="bbox 231 4898 1796 4984; baseline -0.018 -8"><span class='ocrx_word' id='word_1_364' title='bbox 231 4925 408 4978; x_wconf 83' lang='lat' dir='ltr'><strong>servire</strong></span> <span class='ocrx_word' id='word_1_365' title='bbox 447 4915 800 4976; x_wconf 67' lang='lat' dir='ltr'><strong>inmunditiae</strong></span> <span class='ocrx_word' id='word_1_366' title='bbox 842 4926 888 4969; x_wconf 85' lang='lat' dir='ltr'><strong>et</strong></span> <span class='ocrx_word' id='word_1_367' title='bbox 923 4911 1189 4984; x_wconf 80' lang='lat' dir='ltr'><strong>iniquitati</strong></span> <span class='ocrx_word' id='word_1_368' title='bbox 1225 4914 1293 4980; x_wconf 83' lang='lat' dir='ltr'><strong>ad</strong></span> <span class='ocrx_word' id='word_1_369' title='bbox 1338 4905 1693 4974; x_wconf 84' lang='lat' dir='ltr'><strong>iniquitatem;</strong></span> <span class='ocrx_word' id='word_1_370' title='bbox 1723 4898 1796 4961; x_wconf 81' lang='lat' dir='ltr'><strong>ita</strong></span> 
     </span>
    </p>
   </div>
   <div class='ocr_carea' id='block_1_52' title="bbox 233 4987 1799 5068">
    <p class='ocr_par' dir='ltr' id='par_1_52' title="bbox 233 4987 1799 5068">
     <span class='ocr_line' id='line_1_52' title="bbox 233 4987 1799 5068; baseline -0.017 -3"><span class='ocrx_word' id='word_1_371' title='bbox 233 5027 362 5067; x_wconf 86' lang='lat' dir='ltr'><strong>nunc</strong></span> <span class='ocrx_word' id='word_1_372' title='bbox 379 5010 614 5066; x_wconf 65' lang='lat' dir='ltr'><strong>exhibete</strong></span> <span class='ocrx_word' id='word_1_373' title='bbox 639 5007 870 5062; x_wconf 84' lang='lat' dir='ltr'><strong>membra</strong></span> <span class='ocrx_word' id='word_1_374' title='bbox 892 5013 1059 5058; x_wconf 87' lang='lat' dir='ltr'><strong>vestra</strong></span> <span class='ocrx_word' id='word_1_375' title='bbox 1082 5001 1275 5056; x_wconf 86' lang='lat' dir='ltr'><strong>servire</strong></span> <span class='ocrx_word' id='word_1_376' title='bbox 1285 4994 1509 5068; x_wconf 81' lang='lat' dir='ltr'><strong>justitia:</strong></span> <span class='ocrx_word' id='word_1_377' title='bbox 1525 4992 1580 5044; x_wconf 89' lang='lat' dir='ltr'><strong>in</strong></span> <span class='ocrx_word' id='word_1_378' title='bbox 1605 4987 1799 5043; x_wconf 78' lang='lat' dir='ltr'><strong>sancti-</strong></span> 
     </span>
    </p>
   </div>
   <div class='ocr_carea' id='block_1_53' title="bbox 232 5089 1799 5172">
    <p class='ocr_par' dir='ltr' id='par_1_53' title="bbox 232 5089 1799 5172">
     <span class='ocr_line' id='line_1_53' title="bbox 232 5089 1799 5172; baseline -0.017 -13"><span class='ocrx_word' id='word_1_379' title='bbox 232 5104 519 5172; x_wconf 81' lang='lat' dir='ltr'><strong>ﬁcationem</strong></span> <span class='ocrx_word' id='word_1_380' title='bbox 547 5101 725 5172; x_wconf 84' lang='lat' dir='ltr'><strong>(Rom.</strong></span> <span class='ocrx_word' id='word_1_381' title='bbox 748 5115 825 5165; x_wconf 84' lang='lat' dir='ltr'><strong>vi,</strong></span> <span class='ocrx_word' id='word_1_382' title='bbox 844 5096 1046 5162; x_wconf 73' lang='lat' dir='ltr'><strong>l5).Ex</strong></span> <span class='ocrx_word' id='word_1_383' title='bbox 1075 5095 1177 5148; x_wconf 88' lang='lat' dir='ltr'><strong>hac</strong></span> <span class='ocrx_word' id='word_1_384' title='bbox 1201 5089 1510 5147; x_wconf 88' lang='lat' dir='ltr'><strong>oheditione</strong></span> <span class='ocrx_word' id='word_1_385' title='bbox 1537 5099 1633 5138; x_wconf 91' lang='lat' dir='ltr'><strong>sua</strong></span> <span class='ocrx_word' id='word_1_386' title='bbox 1663 5096 1799 5150; x_wconf 85' lang='lat' dir='ltr'><strong>nun-</strong></span> 
     </span>
    </p>
   </div>
   <div class='ocr_carea' id='block_1_54' title="bbox 237 5176 1800 5262">
    <p class='ocr_par' dir='ltr' id='par_1_54' title="bbox 237 5176 1800 5262">
     <span class='ocr_line' id='line_1_54' title="bbox 237 5176 1800 5262; baseline -0.017 -11"><span class='ocrx_word' id='word_1_387' title='bbox 237 5195 498 5250; x_wconf 86' lang='lat' dir='ltr'><strong>tiaverunt</strong></span> <span class='ocrx_word' id='word_1_388' title='bbox 535 5194 584 5249; x_wconf 89' lang='lat' dir='ltr'><strong>ei</strong></span> <span class='ocrx_word' id='word_1_389' title='bbox 605 5192 746 5262; x_wconf 90' lang='lat' dir='ltr'><strong>quod</strong></span> <span class='ocrx_word' id='word_1_390' title='bbox 779 5189 1006 5246; x_wconf 89' lang='lat' dir='ltr'><strong>interior</strong></span> <span class='ocrx_word' id='word_1_391' title='bbox 1047 5185 1211 5256; x_wconf 75' lang='lat'><strong>188</strong></span> <span class='ocrx_word' id='word_1_392' title='bbox 1239 5181 1381 5251; x_wconf 80' lang='lat' dir='ltr'><strong>ﬁlius</strong></span> <span class='ocrx_word' id='word_1_393' title='bbox 1425 5177 1544 5247; x_wconf 85' lang='lat' dir='ltr'><strong>ejus</strong></span> <span class='ocrx_word' id='word_1_394' title='bbox 1569 5176 1800 5229; x_wconf 84' lang='lat' dir='ltr'><strong>viveret.</strong></span> 
     </span>
    </p>
   </div>
   <div class='ocr_carea' id='block_1_55' title="bbox 205 5263 1799 5344">
    <p class='ocr_par' dir='ltr' id='par_1_55' title="bbox 205 5263 1799 5344">
     <span class='ocr_line' id='line_1_55' title="bbox 205 5263 1799 5344; baseline -0.015 -5"><span class='ocrx_word' id='word_1_395' title='bbox 205 5289 210 5292; x_wconf 86' lang='grc'><em>’</em></span> <span class='ocrx_word' id='word_1_396' title='bbox 235 5283 344 5341; x_wconf 77' lang='lat' dir='ltr'><strong>Non</strong></span> <span class='ocrx_word' id='word_1_397' title='bbox 372 5287 518 5341; x_wconf 90' lang='lat' dir='ltr'><strong>enim</strong></span> <span class='ocrx_word' id='word_1_398' title='bbox 541 5300 672 5342; x_wconf 90' lang='lat' dir='ltr'><strong>caro</strong></span> <span class='ocrx_word' id='word_1_399' title='bbox 692 5285 759 5338; x_wconf 85' lang='lat' dir='ltr'><strong>ad</strong></span> <span class='ocrx_word' id='word_1_400' title='bbox 786 5283 984 5338; x_wconf 89' lang='lat' dir='ltr'><strong>bonum</strong></span> <span class='ocrx_word' id='word_1_401' title='bbox 1000 5278 1209 5334; x_wconf 87' lang='lat' dir='ltr'><strong>servire</strong></span> <span class='ocrx_word' id='word_1_402' title='bbox 1235 5283 1419 5344; x_wconf 89' lang='lat' dir='ltr'><strong>parata</strong></span> <span class='ocrx_word' id='word_1_403' title='bbox 1435 5283 1556 5326; x_wconf 89' lang='lat' dir='ltr'><strong>esse</strong></span> <span class='ocrx_word' id='word_1_404' title='bbox 1580 5263 1799 5336; x_wconf 86' lang='lat' dir='ltr'><strong>poterit,</strong></span> 
     </span>
    </p>
   </div>
   <div class='ocr_carea' id='block_1_56' title="bbox 238 5359 1805 5440">
    <p class='ocr_par' dir='ltr' id='par_1_56' title="bbox 238 5359 1805 5440">
     <span class='ocr_line' id='line_1_56' title="bbox 238 5359 1805 5440; baseline -0.013 -9"><span class='ocrx_word' id='word_1_405' title='bbox 238 5376 280 5431; x_wconf 88' lang='lat' dir='ltr'><strong>si</strong></span> <span class='ocrx_word' id='word_1_406' title='bbox 308 5377 532 5433; x_wconf 90' lang='lat' dir='ltr'><strong>interior</strong></span> <span class='ocrx_word' id='word_1_407' title='bbox 585 5376 836 5432; x_wconf 82' lang='lat' dir='ltr'><strong>dominus</strong></span> <span class='ocrx_word' id='word_1_408' title='bbox 880 5368 998 5440; x_wconf 88' lang='lat' dir='ltr'><strong>ejus</strong></span> <span class='ocrx_word' id='word_1_409' title='bbox 1037 5370 1090 5424; x_wconf 91' lang='lat' dir='ltr'><strong>in</strong></span> <span class='ocrx_word' id='word_1_410' title='bbox 1121 5369 1262 5424; x_wconf 88' lang='lat' dir='ltr'><strong>bona</strong></span> <span class='ocrx_word' id='word_1_411' title='bbox 1285 5365 1562 5420; x_wconf 89' lang='lat' dir='ltr'><strong>voluntate</strong></span> <span class='ocrx_word' id='word_1_412' title='bbox 1615 5359 1805 5413; x_wconf 89' lang='lat' dir='ltr'><strong>vivens</strong></span> 
     </span>
    </p>
   </div>
   <div class='ocr_carea' id='block_1_57' title="bbox 240 5449 1807 5522">
    <p class='ocr_par' dir='ltr' id='par_1_57' title="bbox 240 5449 1807 5522">
     <span class='ocr_line' id='line_1_57' title="bbox 240 5449 1807 5522; baseline -0.013 -1"><span class='ocrx_word' id='word_1_413' title='bbox 240 5481 342 5522; x_wconf 91' lang='lat' dir='ltr'><strong>non</strong></span> <span class='ocrx_word' id='word_1_414' title='bbox 373 5468 553 5522; x_wconf 77' lang='lat' dir='ltr'><strong>fuerit.</strong></span> <span class='ocrx_word' id='word_1_415' title='bbox 588 5465 686 5520; x_wconf 80' lang='lat' dir='ltr'><strong>Vel</strong></span> <span class='ocrx_word' id='word_1_416' title='bbox 705 5464 842 5520; x_wconf 85' lang='lat' dir='ltr'><strong>servi</strong></span> <span class='ocrx_word' id='word_1_417' title='bbox 870 5470 997 5518; x_wconf 89' lang='lat' dir='ltr'><strong>sunt</strong></span> <span class='ocrx_word' id='word_1_418' title='bbox 1021 5456 1268 5515; x_wconf 87' lang='lat' dir='ltr'><strong>carnales</strong></span> <span class='ocrx_word' id='word_1_419' title='bbox 1304 5468 1515 5517; x_wconf 89' lang='lat' dir='ltr'><strong>sensus,</strong></span> <span class='ocrx_word' id='word_1_420' title='bbox 1551 5449 1661 5520; x_wconf 25' lang='lat' dir='ltr'><strong>qui,</strong></span> <span class='ocrx_word' id='word_1_421' title='bbox 1685 5460 1807 5502; x_wconf 89' lang='lat' dir='ltr'><strong>ser-</strong></span> 
     </span>
    </p>
   </div>
   <div class='ocr_carea' id='block_1_58' title="bbox 240 5517 2551 5625">
    <p class='ocr_par' dir='ltr' id='par_1_58' title="bbox 240 5517 2551 5625">
     <span class='ocr_line' id='line_1_58' title="bbox 240 5517 2551 5625; baseline -0.016 -12"><span class='ocrx_word' id='word_1_422' title='bbox 240 5557 575 5614; x_wconf 82' lang='lat' dir='ltr'><strong>viredebent</strong></span> <span class='ocrx_word' id='word_1_423' title='bbox 598 5557 790 5612; x_wconf 80' lang='lat' dir='ltr'><strong>ratiOni</strong></span> <span class='ocrx_word' id='word_1_424' title='bbox 817 5574 830 5610; x_wconf 89' lang='lat'>:</span> <span class='ocrx_word' id='word_1_425' title='bbox 855 5555 948 5625; x_wconf 91' lang='lat' dir='ltr'><strong>qui</strong></span> <span class='ocrx_word' id='word_1_426' title='bbox 985 5556 1321 5606; x_wconf 83' lang='lat' dir='ltr'><strong>occurrerunt</strong></span> <span class='ocrx_word' id='word_1_427' title='bbox 1352 5547 1421 5611; x_wconf 81' lang='lat' dir='ltr'><strong>ci,</strong></span> <span class='ocrx_word' id='word_1_428' title='bbox 1454 5517 1583 5599; x_wconf 81' lang='lat' dir='ltr'><strong>dum</strong></span> <span class='ocrx_word' id='word_1_429' title='bbox 1619 5555 1681 5596; x_wconf 89' lang='lat' dir='ltr'><strong>se</strong></span> <span class='ocrx_word' id='word_1_430' title='bbox 1714 5555 1811 5610; x_wconf 85' lang='lat' dir='ltr'><strong>pa-</strong></span> <span class='ocrx_word' id='word_1_431' title='bbox 1845 5539 1850 5544; x_wconf 86' lang='grc'><em>’</em></span> <span class='ocrx_word' id='word_1_432' title='bbox 1877 5576 1882 5580; x_wconf 77' lang='lat'><strong>.</strong></span> <span class='ocrx_word' id='word_1_433' title='bbox 1911 5527 2115 5611; x_wconf 76' lang='lat' dir='ltr'><strong>ctalulo</strong></span> <span class='ocrx_word' id='word_1_434' title='bbox 2139 5522 2326 5579; x_wconf 74' lang='lat' dir='ltr'><strong>audire</strong></span> <span class='ocrx_word' id='word_1_435' title='bbox 2349 5517 2551 5570; x_wconf 60' lang='lat' dir='ltr'><strong>lacerat</strong></span> 
     </span>
    </p>
   </div>
   <div class='ocr_carea' id='block_1_59' title="bbox 203 5630 1807 5731">
    <p class='ocr_par' dir='ltr' id='par_1_59' title="bbox 203 5630 1807 5731">
     <span class='ocr_line' id='line_1_59' title="bbox 203 5630 1807 5731; baseline -0.015 -25"><span class='ocrx_word' id='word_1_436' title='bbox 203 5675 207 5679; x_wconf 84' lang='lat'><strong><em>-</em></strong></span> <span class='ocrx_word' id='word_1_437' title='bbox 243 5659 387 5731; x_wconf 76' lang='lat' dir='ltr'><strong>ratos</strong></span> <span class='ocrx_word' id='word_1_438' title='bbox 404 5641 480 5705; x_wconf 59' lang='lat' dir='ltr'><strong>&#39;ad</strong></span> <span class='ocrx_word' id='word_1_439' title='bbox 497 5648 820 5720; x_wconf 69' lang='lat' dir='ltr'><strong>‘obslequium</strong></span> <span class='ocrx_word' id='word_1_440' title='bbox 851 5644 1103 5702; x_wconf 82' lang='lat' dir='ltr'><strong>oﬂ&#39;erunt.</strong></span> <span class='ocrx_word' id='word_1_441' title='bbox 1130 5641 1197 5696; x_wconf 86' lang='lat' dir='ltr'><strong>Et</strong></span> <span class='ocrx_word' id='word_1_442' title='bbox 1223 5630 1339 5694; x_wconf 87' lang='lat' dir='ltr'><strong>sive</strong></span> <span class='ocrx_word' id='word_1_443' title='bbox 1364 5632 1610 5705; x_wconf 85' lang='lat' dir='ltr'><strong>corporis</strong></span> <span class='ocrx_word' id='word_1_444' title='bbox 1635 5639 1807 5696; x_wconf 89' lang='lat' dir='ltr'><strong>artus,</strong></span> 
     </span>
    </p>
   </div>
   <div class='ocr_carea' id='block_1_60' title="bbox 201 5725 1835 5806">
    <p class='ocr_par' dir='ltr' id='par_1_60' title="bbox 201 5725 1835 5806">
     <span class='ocr_line' id='line_1_60' title="bbox 201 5725 1835 5806; baseline -0.015 -6"><span class='ocrx_word' id='word_1_445' title='bbox 201 5727 623 5801; x_wconf 43' lang='lat' dir='ltr'><strong>&#39;sive.t&#39;:arnales</strong></span> <span class='ocrx_word' id='word_1_446' title='bbox 653 5731 864 5801; x_wconf 82' lang='lat' dir='ltr'><strong>sensu&#39;s&#39;</strong></span> <span class='ocrx_word' id='word_1_447' title='bbox 891 5729 1338 5806; x_wconf 70' lang='lat' dir='ltr'><strong>intelligantur‘hi</strong></span> <span class='ocrx_word' id='word_1_448' title='bbox 1387 5725 1544 5792; x_wconf 73' lang='lat' dir='ltr'><strong>servi.</strong></span> <span class='ocrx_word' id='word_1_449' title='bbox 1589 5737 1835 5782; x_wconf 79' lang='lat' dir='ltr'><strong>necesse</strong></span> 
     </span>
    </p>
   </div>
   <div class='ocr_carea' id='block_1_61' title="bbox 1171 336 2220 413">
    <p class='ocr_par' dir='ltr' id='par_1_61' title="bbox 1171 336 2220 413">
     <span class='ocr_line' id='line_1_61' title="bbox 1171 336 2220 413; baseline -0.016 -1"><span class='ocrx_word' id='word_1_450' title='bbox 1171 353 1479 413; x_wconf 76' lang='lat' dir='ltr'><strong>HOMILLE</strong></span> <span class='ocrx_word' id='word_1_451' title='bbox 1513 351 1601 407; x_wconf 83' lang='lat' dir='ltr'><strong>ET</strong></span> <span class='ocrx_word' id='word_1_452' title='bbox 1644 336 2220 404; x_wconf 69' lang='lat' dir='ltr'><strong>EXllORTATlONES</strong></span> 
     </span>
    </p>
   </div>
   <div class='ocr_carea' id='block_1_62' title="bbox 1804 439 3383 518">
    <p class='ocr_par' dir='ltr' id='par_1_62' title="bbox 1804 439 3383 518">
     <span class='ocr_line' id='line_1_62' title="bbox 1804 439 3383 518; baseline -0.015 -4"><span class='ocrx_word' id='word_1_453' title='bbox 1804 465 1966 514; x_wconf 90' lang='lat' dir='ltr'><strong>estut</strong></span> <span class='ocrx_word' id='word_1_454' title='bbox 1995 457 2049 510; x_wconf 91' lang='lat' dir='ltr'><strong>hi</strong></span> <span class='ocrx_word' id='word_1_455' title='bbox 2097 453 2342 508; x_wconf 88' lang='lat' dir='ltr'><strong>nuntient</strong></span> <span class='ocrx_word' id='word_1_456' title='bbox 2385 448 2570 518; x_wconf 76' lang='lat' dir='ltr'><strong>regulo</strong></span> <span class='ocrx_word' id='word_1_457' title='bbox 2610 445 2797 512; x_wconf 66' lang='lat' dir='ltr'><strong>jvitam</strong></span> <span class='ocrx_word' id='word_1_458' title='bbox 2844 441 2936 499; x_wconf 81' lang='lat' dir='ltr'><strong>lilii</strong></span> <span class='ocrx_word' id='word_1_459' title='bbox 2969 439 3074 504; x_wconf 88' lang='lat' dir='ltr'><strong>sui,</strong></span> <span class='ocrx_word' id='word_1_460' title='bbox 3118 446 3383 508; x_wconf 84' lang='lat' dir='ltr'><strong>quatenus</strong></span> 
     </span>
    </p>
   </div>
   <div class='ocr_carea' id='block_1_63' title="bbox 3277 319 3384 376">
    <p class='ocr_par' dir='ltr' id='par_1_63' title="bbox 3277 319 3384 376">
     <span class='ocr_line' id='line_1_63' title="bbox 3277 319 3384 376; baseline -0.028 0"><span class='ocrx_word' id='word_1_461' title='bbox 3277 319 3384 376; x_wconf 79' lang='lat'><strong>0&#39;70</strong></span> 
     </span>
    </p>
   </div>
   <div class='ocr_carea' id='block_1_64' title="bbox 1817 532 3426 605">
    <p class='ocr_par' dir='ltr' id='par_1_64' title="bbox 1817 532 3426 605">
     <span class='ocr_line' id='line_1_64' title="bbox 1817 532 3426 605; baseline -0.017 0"><span class='ocrx_word' id='word_1_462' title='bbox 1817 551 1960 605; x_wconf 88' lang='lat' dir='ltr'><strong>hunc</strong></span> <span class='ocrx_word' id='word_1_463' title='bbox 2007 545 2372 600; x_wconf 88' lang='lat' dir='ltr'><strong>indubitanter</strong></span> <span class='ocrx_word' id='word_1_464' title='bbox 2423 540 2607 594; x_wconf 86' lang='lat' dir='ltr'><strong>vivere</strong></span> <span class='ocrx_word' id='word_1_465' title='bbox 2643 537 2810 599; x_wconf 88' lang='lat' dir='ltr'><strong>sciat;</strong></span> <span class='ocrx_word' id='word_1_466' title='bbox 2857 532 2983 602; x_wconf 84' lang='lat' dir='ltr'><strong>quia</strong></span> <span class='ocrx_word' id='word_1_467' title='bbox 3041 545 3146 585; x_wconf 93' lang='lat' dir='ltr'><strong>non</strong></span> <span class='ocrx_word' id='word_1_468' title='bbox 3212 532 3426 596; x_wconf 85' lang='lat' dir='ltr'><strong>potest_</strong></span> 
     </span>
    </p>
   </div>
   <div class='ocr_carea' id='block_1_65' title="bbox 1821 610 3386 704">
    <p class='ocr_par' dir='ltr' id='par_1_65' title="bbox 1821 610 3386 704">
     <span class='ocr_line' id='line_1_65' title="bbox 1821 610 3386 704; baseline -0.019 -8"><span class='ocrx_word' id='word_1_469' title='bbox 1821 641 1962 696; x_wconf 88' lang='lat' dir='ltr'><strong>ratio</strong></span> <span class='ocrx_word' id='word_1_470' title='bbox 1989 636 2259 691; x_wconf 79' lang='lat' dir='ltr'><strong>veraciter</strong></span> <span class='ocrx_word' id='word_1_471' title='bbox 2297 645 2592 704; x_wconf 79' lang='lat' dir='ltr'><strong>agnoscere</strong></span> <span class='ocrx_word' id='word_1_472' title='bbox 2635 627 2927 696; x_wconf 83' lang='lat' dir='ltr'><strong>cogitatum</strong></span> <span class='ocrx_word' id='word_1_473' title='bbox 2978 636 3132 676; x_wconf 89' lang='lat' dir='ltr'><strong>suum</strong></span> <span class='ocrx_word' id='word_1_474' title='bbox 3167 610 3386 681; x_wconf 80' lang='lat' dir='ltr'><strong>vivere,</strong></span> 
     </span>
    </p>
   </div>
   <div class='ocr_carea' id='block_1_66' title="bbox 1820 707 3388 800">
    <p class='ocr_par' dir='ltr' id='par_1_66' title="bbox 1820 707 3388 800">
     <span class='ocr_line' id='line_1_66' title="bbox 1820 707 3388 800; baseline -0.017 -14"><span class='ocrx_word' id='word_1_475' title='bbox 1820 731 1925 786; x_wconf 89' lang='lat' dir='ltr'><strong>nisi</strong></span> <span class='ocrx_word' id='word_1_476' title='bbox 1957 729 2070 800; x_wconf 81' lang='lat' dir='ltr'><strong>ejus</strong></span> <span class='ocrx_word' id='word_1_477' title='bbox 2094 728 2260 780; x_wconf 87' lang='lat' dir='ltr'><strong>vitam</strong></span> <span class='ocrx_word' id='word_1_478' title='bbox 2290 739 2450 793; x_wconf 89' lang='lat' dir='ltr'><strong>opera</strong></span> <span class='ocrx_word' id='word_1_479' title='bbox 2481 723 2619 776; x_wconf 88' lang='lat' dir='ltr'><strong>bona</strong></span> <span class='ocrx_word' id='word_1_480' title='bbox 2642 718 2984 779; x_wconf 82' lang='lat' dir='ltr'><strong>sibicertam</strong></span> <span class='ocrx_word' id='word_1_481' title='bbox 3017 707 3388 782; x_wconf 84' lang='lat' dir='ltr'><strong>indicaverint.</strong></span> 
     </span>
    </p>
   </div>
   <div class='ocr_carea' id='block_1_67' title="bbox 1822 797 3392 882">
    <p class='ocr_par' dir='ltr' id='par_1_67' title="bbox 1822 797 3392 882">
     <span class='ocr_line' id='line_1_67' title="bbox 1822 797 3392 882; baseline -0.015 -10"><span class='ocrx_word' id='word_1_482' title='bbox 1822 819 1938 874; x_wconf 84' lang='lat' dir='ltr'><strong>Non</strong></span> <span class='ocrx_word' id='word_1_483' title='bbox 1969 797 2113 872; x_wconf 84' lang='lat' dir='ltr'><strong>enim</strong></span> <span class='ocrx_word' id='word_1_484' title='bbox 2146 815 2249 869; x_wconf 91' lang='lat' dir='ltr'><strong>sibi</strong></span> <span class='ocrx_word' id='word_1_485' title='bbox 2286 811 2484 882; x_wconf 78' lang='lat' dir='ltr'><strong>aliquis</strong></span> <span class='ocrx_word' id='word_1_486' title='bbox 2535 810 2694 864; x_wconf 88' lang='lat' dir='ltr'><strong>debet</strong></span> <span class='ocrx_word' id='word_1_487' title='bbox 2717 805 2960 867; x_wconf 79' lang='lat' dir='ltr'><strong>credere,</strong></span> <span class='ocrx_word' id='word_1_488' title='bbox 3003 799 3260 871; x_wconf 78' lang='lat' dir='ltr'><strong>quidquid</strong></span> <span class='ocrx_word' id='word_1_489' title='bbox 3289 797 3392 850; x_wconf 86' lang='lat' dir='ltr'><strong>sibi</strong></span> 
     </span>
    </p>
   </div>
   <div class='ocr_carea' id='block_1_68' title="bbox 1823 888 3396 978">
    <p class='ocr_par' dir='ltr' id='par_1_68' title="bbox 1823 888 3396 978">
     <span class='ocr_line' id='line_1_68' title="bbox 1823 888 3396 978; baseline -0.014 -15"><span class='ocrx_word' id='word_1_490' title='bbox 1823 911 2036 978; x_wconf 88' lang='lat' dir='ltr'><strong>animus</strong></span> <span class='ocrx_word' id='word_1_491' title='bbox 2057 908 2122 961; x_wconf 90' lang='lat' dir='ltr'><strong>de</strong></span> <span class='ocrx_word' id='word_1_492' title='bbox 2144 905 2413 976; x_wconf 87' lang='lat' dir='ltr'><strong>cogitatus</strong></span> <span class='ocrx_word' id='word_1_493' title='bbox 2445 901 2528 956; x_wconf 91' lang='lat' dir='ltr'><strong>sui</strong></span> <span class='ocrx_word' id='word_1_494' title='bbox 2562 901 2670 953; x_wconf 87' lang='lat' dir='ltr'><strong>vita</strong></span> <span class='ocrx_word' id='word_1_495' title='bbox 2702 897 2819 953; x_wconf 90' lang='lat' dir='ltr'><strong>sine</strong></span> <span class='ocrx_word' id='word_1_496' title='bbox 2844 893 3025 964; x_wconf 83' lang='lat' dir='ltr'><strong>operis</strong></span> <span class='ocrx_word' id='word_1_497' title='bbox 3051 888 3396 944; x_wconf 88' lang='lat' dir='ltr'><strong>attestatione</strong></span> 
     </span>
    </p>
   </div>
   <div class='ocr_carea' id='block_1_69' title="bbox 1828 979 3394 1068">
    <p class='ocr_par' dir='ltr' id='par_1_69' title="bbox 1828 979 3394 1068">
     <span class='ocr_line' id='line_1_69' title="bbox 1828 979 3394 1068; baseline -0.019 -12"><span class='ocrx_word' id='word_1_498' title='bbox 1828 998 2124 1068; x_wconf 89' lang='lat' dir='ltr'><strong>respondit.</strong></span> <span class='ocrx_word' id='word_1_499' title='bbox 2154 995 2210 1050; x_wconf 90' lang='lat' dir='ltr'><strong>Si</strong></span> <span class='ocrx_word' id='word_1_500' title='bbox 2237 993 2382 1064; x_wconf 78' lang='lat' dir='ltr'><strong>enim</strong></span> <span class='ocrx_word' id='word_1_501' title='bbox 2409 989 2680 1046; x_wconf 86' lang='lat' dir='ltr'><strong>veraciter</strong></span> <span class='ocrx_word' id='word_1_502' title='bbox 2704 985 2930 1040; x_wconf 87' lang='lat' dir='ltr'><strong>interius</strong></span> <span class='ocrx_word' id='word_1_503' title='bbox 2957 981 3089 1035; x_wconf 91' lang='lat' dir='ltr'><strong>vivit</strong></span> <span class='ocrx_word' id='word_1_504' title='bbox 3111 979 3394 1053; x_wconf 83' lang='lat' dir='ltr'><strong>cogitatus,</strong></span> 
     </span>
    </p>
   </div>
   <div class='ocr_carea' id='block_1_70' title="bbox 1827 1047 3394 1157">
    <p class='ocr_par' dir='ltr' id='par_1_70' title="bbox 1827 1047 3394 1157">
     <span class='ocr_line' id='line_1_70' title="bbox 1829 1047 2327 1068; baseline -0.014 -12"><span class='ocrx_word' id='word_1_505' title='bbox 1829 1047 2121 1068; x_wconf 52' lang='grc' dir='ltr'><strong>,μνη---ρ</strong></span> 
     </span>
     <span class='ocr_line' id='line_1_71' title="bbox 1827 1047 3394 1157; baseline -0.019 -12"><span class='ocrx_word' id='word_1_506' title='bbox 1827 1093 1950 1146; x_wconf 84' lang='lat' dir='ltr'><strong>mox</strong></span> <span class='ocrx_word' id='word_1_507' title='bbox 1987 1090 2040 1143; x_wconf 89' lang='lat' dir='ltr'><strong>in</strong></span> <span class='ocrx_word' id='word_1_508' title='bbox 2091 1101 2257 1157; x_wconf 87' lang='lat' dir='ltr'><strong>opere</strong></span> <span class='ocrx_word' id='word_1_509' title='bbox 2298 1086 2697 1150; x_wconf 89' lang='lat' dir='ltr'><strong>componuntur</strong></span> <span class='ocrx_word' id='word_1_510' title='bbox 2728 1073 3026 1130; x_wconf 77' lang='lat' dir='ltr'><strong>exteriores</strong></span> <span class='ocrx_word' id='word_1_511' title='bbox 3067 1067 3260 1122; x_wconf 85' lang='lat' dir='ltr'><strong>motus.</strong></span> <span class='ocrx_word' id='word_1_512' title='bbox 3299 1047 3394 1118; x_wconf 50' lang='lat' dir='ltr'><strong>In?</strong></span> 
     </span>
    </p>
   </div>
   <div class='ocr_carea' id='block_1_71' title="bbox 1829 1155 3395 1247">
    <p class='ocr_par' dir='ltr' id='par_1_71' title="bbox 1829 1155 3395 1247">
     <span class='ocr_line' id='line_1_72' title="bbox 1829 1155 3395 1247; baseline -0.019 -14"><span class='ocrx_word' id='word_1_513' title='bbox 1829 1155 2301 1247; x_wconf 36' lang='lat' dir='ltr'><strong>terrogabat—ergo,</strong></span> <span class='ocrx_word' id='word_1_514' title='bbox 2335 1171 2388 1226; x_wconf 94' lang='lat' dir='ltr'><strong>id</strong></span> <span class='ocrx_word' id='word_1_515' title='bbox 2415 1178 2497 1224; x_wconf 88' lang='lat' dir='ltr'><strong>est</strong></span> <span class='ocrx_word' id='word_1_516' title='bbox 2520 1166 2794 1223; x_wconf 86' lang='lat' dir='ltr'><strong>subtiliter</strong></span> <span class='ocrx_word' id='word_1_517' title='bbox 2835 1155 3190 1229; x_wconf 86' lang='lat' dir='ltr'><strong>investigabat</strong></span> <span class='ocrx_word' id='word_1_518' title='bbox 3216 1157 3395 1207; x_wconf 86' lang='lat' dir='ltr'><strong>horam</strong></span> 
     </span>
    </p>
   </div>
   <div class='ocr_carea' id='block_1_72' title="bbox 1831 1245 3402 1337">
    <p class='ocr_par' dir='ltr' id='par_1_72' title="bbox 1831 1245 3402 1337">
     <span class='ocr_line' id='line_1_73' title="bbox 1831 1245 3402 1337; baseline -0.018 -16"><span class='ocrx_word' id='word_1_519' title='bbox 1831 1268 1893 1321; x_wconf 75' lang='lat' dir='ltr'><strong>sb</strong></span> <span class='ocrx_word' id='word_1_520' title='bbox 1927 1245 2000 1337; x_wconf 82' lang='lat' dir='ltr'><strong>eis</strong></span> <span class='ocrx_word' id='word_1_521' title='bbox 2029 1303 2045 1329; x_wconf 92' lang='lat'><strong>,</strong></span> <span class='ocrx_word' id='word_1_522' title='bbox 2086 1264 2140 1316; x_wconf 86' lang='lat' dir='ltr'><strong>in</strong></span> <span class='ocrx_word' id='word_1_523' title='bbox 2185 1257 2524 1335; x_wconf 24' lang='lat' dir='ltr'><strong>quaAmelius</strong></span> <span class='ocrx_word' id='word_1_524' title='bbox 2575 1247 2833 1308; x_wconf 82' lang='lat' dir='ltr'><strong>habuerit.</strong></span> <span class='ocrx_word' id='word_1_525' title='bbox 2883 1247 3057 1316; x_wconf 87' lang='lat' dir='ltr'><strong>Opera</strong></span> <span class='ocrx_word' id='word_1_526' title='bbox 3108 1245 3251 1297; x_wconf 82' lang='lat' dir='ltr'><strong>enim</strong></span> <span class='ocrx_word' id='word_1_527' title='bbox 3306 1254 3402 1310; x_wconf 88' lang='lat' dir='ltr'><strong>per</strong></span> 
     </span>
    </p>
   </div>
   <div class='ocr_carea' id='block_1_73' title="bbox 1786 1340 3399 1435">
    <p class='ocr_par' dir='ltr' id='par_1_73' title="bbox 1786 1340 3399 1435">
     <span class='ocr_line' id='line_1_74' title="bbox 1786 1340 3399 1435; baseline -0.02 -16"><span class='ocrx_word' id='word_1_528' title='bbox 1786 1359 1788 1362; x_wconf 64' lang='grc'><em>’</em></span> <span class='ocrx_word' id='word_1_529' title='bbox 1821 1361 2073 1435; x_wconf 67' lang='lat' dir='ltr'><strong>membra</strong></span> <span class='ocrx_word' id='word_1_530' title='bbox 2100 1355 2343 1424; x_wconf 84' lang='lat' dir='ltr'><strong>corporis</strong></span> <span class='ocrx_word' id='word_1_531' title='bbox 2369 1349 2626 1409; x_wconf 78' lang='lat' dir='ltr'><strong>exhibita,</strong></span> <span class='ocrx_word' id='word_1_532' title='bbox 2654 1347 2756 1400; x_wconf 79' lang='lat' dir='ltr'><strong>hoc</strong></span> <span class='ocrx_word' id='word_1_533' title='bbox 2786 1340 3107 1411; x_wconf 90' lang='lat' dir='ltr'><strong>respondere</strong></span> <span class='ocrx_word' id='word_1_534' title='bbox 3131 1344 3399 1405; x_wconf 87' lang='lat' dir='ltr'><strong>p0terant.</strong></span> 
     </span>
    </p>
   </div>
   <div class='ocr_carea' id='block_1_74' title="bbox 1906 1420 3406 1512">
    <p class='ocr_par' dir='ltr' id='par_1_74' title="bbox 1906 1420 3406 1512">
     <span class='ocr_line' id='line_1_75' title="bbox 1906 1420 3406 1512; baseline -0.023 -3"><span class='ocrx_word' id='word_1_535' title='bbox 1906 1454 1974 1508; x_wconf 85' lang='lat' dir='ltr'><strong>Et</strong></span> <span class='ocrx_word' id='word_1_536' title='bbox 2004 1420 2276 1512; x_wconf 58' lang='lat' dir='ltr'><strong>dixerunt,</strong></span> <span class='ocrx_word' id='word_1_537' title='bbox 2309 1446 2360 1500; x_wconf 91' lang='lat' dir='ltr'><strong>id</strong></span> <span class='ocrx_word' id='word_1_538' title='bbox 2405 1451 2487 1498; x_wconf 90' lang='lat' dir='ltr'><strong>est</strong></span> <span class='ocrx_word' id='word_1_539' title='bbox 2516 1452 2678 1495; x_wconf 88' lang='lat' dir='ltr'><strong>causa</strong></span> <span class='ocrx_word' id='word_1_540' title='bbox 2722 1429 3050 1502; x_wconf 82' lang='lat' dir='ltr'><strong>intelligendi</strong></span> <span class='ocrx_word' id='word_1_541' title='bbox 3088 1427 3329 1487; x_wconf 84' lang='lat' dir='ltr'><strong>luerunt,</strong></span> <span class='ocrx_word' id='word_1_542' title='bbox 3359 1420 3406 1476; x_wconf 83' lang='lat' dir='ltr'><strong>ei</strong></span> 
     </span>
    </p>
   </div>
   <div class='ocr_carea' id='block_1_75' title="bbox 1834 1521 3405 1617">
    <p class='ocr_par' dir='ltr' id='par_1_75' title="bbox 1834 1521 3405 1617">
     <span class='ocr_line' id='line_1_76' title="bbox 1834 1521 3405 1617; baseline -0.022 -17"><span class='ocrx_word' id='word_1_543' title='bbox 1834 1547 1955 1617; x_wconf 85' lang='lat' dir='ltr'><strong>quia</strong></span> <span class='ocrx_word' id='word_1_544' title='bbox 1974 1543 2108 1605; x_wconf 86' lang='lat' dir='ltr'><strong>heri,</strong></span> <span class='ocrx_word' id='word_1_545' title='bbox 2136 1540 2190 1595; x_wconf 92' lang='lat' dir='ltr'><strong>id</strong></span> <span class='ocrx_word' id='word_1_546' title='bbox 2216 1547 2300 1594; x_wconf 89' lang='lat' dir='ltr'><strong>est</strong></span> <span class='ocrx_word' id='word_1_547' title='bbox 2326 1537 2378 1590; x_wconf 90' lang='lat' dir='ltr'><strong>in</strong></span> <span class='ocrx_word' id='word_1_548' title='bbox 2401 1530 2796 1604; x_wconf 71' lang='lat' dir='ltr'><strong>prmteritorum</strong></span> <span class='ocrx_word' id='word_1_549' title='bbox 2821 1521 3196 1579; x_wconf 83' lang='lat' dir='ltr'><strong>recordatione</strong></span> <span class='ocrx_word' id='word_1_550' title='bbox 3214 1529 3405 1585; x_wconf 79' lang='lat' dir='ltr'><strong>pecca-</strong></span> 
     </span>
    </p>
   </div>
   <div class='ocr_carea' id='block_1_76' title="bbox 1839 1596 3483 1702">
    <p class='ocr_par' dir='ltr' id='par_1_76' title="bbox 1839 1596 3483 1702">
     <span class='ocr_line' id='line_1_77' title="bbox 1839 1596 3483 1702; baseline -0.023 -10"><span class='ocrx_word' id='word_1_551' title='bbox 1839 1649 2043 1700; x_wconf 76' lang='lat' dir='ltr'><strong>tortnn,</strong></span> <span class='ocrx_word' id='word_1_552' title='bbox 2099 1630 2332 1702; x_wconf 11' lang='lat' dir='ltr'><strong>in‘hora</strong></span> <span class='ocrx_word' id='word_1_553' title='bbox 2375 1625 2616 1694; x_wconf 87' lang='lat' dir='ltr'><strong>septima,</strong></span> <span class='ocrx_word' id='word_1_554' title='bbox 2670 1619 2773 1674; x_wconf 88' lang='lat' dir='ltr'><strong>hoc</strong></span> <span class='ocrx_word' id='word_1_555' title='bbox 2821 1615 2902 1669; x_wconf 87' lang='lat' dir='ltr'><strong>est</strong></span> <span class='ocrx_word' id='word_1_556' title='bbox 2957 1614 3009 1666; x_wconf 91' lang='lat' dir='ltr'><strong>in</strong></span> <span class='ocrx_word' id='word_1_557' title='bbox 3060 1607 3411 1689; x_wconf 89' lang='lat' dir='ltr'><strong>inspiratione</strong></span> <span class='ocrx_word' id='word_1_558' title='bbox 3468 1596 3483 1613; x_wconf 85' lang='lat'><strong><em>&#39;</em></strong></span> 
     </span>
    </p>
   </div>
   <div class='ocr_carea' id='block_1_77' title="bbox 1839 1702 3424 1799">
    <p class='ocr_par' dir='ltr' id='par_1_77' title="bbox 1839 1702 3424 1799">
     <span class='ocr_line' id='line_1_78' title="bbox 1839 1702 3424 1799; baseline -0.022 -16"><span class='ocrx_word' id='word_1_559' title='bbox 1839 1724 2172 1799; x_wconf 80' lang='lat' dir='ltr'><strong>septiformis</strong></span> <span class='ocrx_word' id='word_1_560' title='bbox 2201 1719 2461 1789; x_wconf 89' lang='lat' dir='ltr'><strong>Spiritus,</strong></span> <span class='ocrx_word' id='word_1_561' title='bbox 2502 1711 2706 1782; x_wconf 88' lang='lat' dir='ltr'><strong>reliquit</strong></span> <span class='ocrx_word' id='word_1_562' title='bbox 2731 1723 2846 1764; x_wconf 86' lang='lat' dir='ltr'><strong>eum</strong></span> <span class='ocrx_word' id='word_1_563' title='bbox 2872 1704 3050 1774; x_wconf 72' lang='lat' dir='ltr'><strong>febris,</strong></span> <span class='ocrx_word' id='word_1_564' title='bbox 3088 1702 3138 1754; x_wconf 90' lang='lat' dir='ltr'><strong>id</strong></span> <span class='ocrx_word' id='word_1_565' title='bbox 3163 1707 3245 1753; x_wconf 87' lang='lat' dir='ltr'><strong>est</strong></span> <span class='ocrx_word' id='word_1_566' title='bbox 3284 1712 3424 1763; x_wconf 8' lang='lat' dir='ltr'><strong>con-q</strong></span> 
     </span>
    </p>
   </div>
   <div class='ocr_carea' id='block_1_78' title="bbox 1761 1784 3410 1874">
    <p class='ocr_par' dir='ltr' id='par_1_78' title="bbox 1761 1784 3410 1874">
     <span class='ocr_line' id='line_1_79' title="bbox 1761 1784 3410 1874; baseline -0.023 2"><span class='ocrx_word' id='word_1_567' title='bbox 1761 1789 1816 1858; x_wconf 64' lang='grc' dir='ltr'>θ</span> <span class='ocrx_word' id='word_1_568' title='bbox 1841 1813 2205 1874; x_wconf 87' lang='lat' dir='ltr'><strong>suetudinaria</strong></span> <span class='ocrx_word' id='word_1_569' title='bbox 2232 1820 2287 1865; x_wconf 87' lang='lat' dir='ltr'><strong>et</strong></span> <span class='ocrx_word' id='word_1_570' title='bbox 2313 1808 2524 1863; x_wconf 83' lang='lat' dir='ltr'><strong>fervens</strong></span> <span class='ocrx_word' id='word_1_571' title='bbox 2560 1817 2623 1856; x_wconf 89' lang='lat' dir='ltr'><strong>ac</strong></span> <span class='ocrx_word' id='word_1_572' title='bbox 2663 1797 2888 1872; x_wconf 87' lang='lat' dir='ltr'><strong>tremula</strong></span> <span class='ocrx_word' id='word_1_573' title='bbox 2922 1791 3282 1848; x_wconf 80' lang='lat' dir='ltr'><strong>imbecillitas.</strong></span> <span class='ocrx_word' id='word_1_574' title='bbox 3318 1784 3410 1840; x_wconf 83' lang='lat' dir='ltr'><strong>Vel</strong></span> 
     </span>
    </p>
   </div>
   <div class='ocr_carea' id='block_1_79' title="bbox 1841 1880 3413 1971">
    <p class='ocr_par' dir='ltr' id='par_1_79' title="bbox 1841 1880 3413 1971">
     <span class='ocr_line' id='line_1_80' title="bbox 1841 1880 3413 1971; baseline -0.021 -9"><span class='ocrx_word' id='word_1_575' title='bbox 1841 1908 1974 1971; x_wconf 87' lang='lat' dir='ltr'><strong>heri,</strong></span> <span class='ocrx_word' id='word_1_576' title='bbox 2011 1905 2064 1959; x_wconf 87' lang='lat' dir='ltr'><strong>id</strong></span> <span class='ocrx_word' id='word_1_577' title='bbox 2091 1911 2174 1957; x_wconf 92' lang='lat' dir='ltr'><strong>est</strong></span> <span class='ocrx_word' id='word_1_578' title='bbox 2199 1901 2336 1968; x_wconf 84' lang='lat' dir='ltr'><strong>dum</strong></span> <span class='ocrx_word' id='word_1_579' title='bbox 2379 1903 2523 1950; x_wconf 86' lang='lat' dir='ltr'><strong>esset</strong></span> <span class='ocrx_word' id='word_1_580' title='bbox 2559 1905 2743 1946; x_wconf 87' lang='lat' dir='ltr'><strong>coram</strong></span> <span class='ocrx_word' id='word_1_581' title='bbox 2786 1889 2894 1948; x_wconf 90' lang='lat' dir='ltr'><strong>Deo</strong></span> <span class='ocrx_word' id='word_1_582' title='bbox 2932 1885 2985 1938; x_wconf 91' lang='lat' dir='ltr'><strong>in</strong></span> <span class='ocrx_word' id='word_1_583' title='bbox 3023 1880 3303 1943; x_wconf 86' lang='lat' dir='ltr'><strong>oratione,</strong></span> <span class='ocrx_word' id='word_1_584' title='bbox 3329 1891 3413 1930; x_wconf 85' lang='lat' dir='ltr'><strong>re-</strong></span> 
     </span>
    </p>
   </div>
   <div class='ocr_carea' id='block_1_80' title="bbox 1844 1968 3415 2068">
    <p class='ocr_par' dir='ltr' id='par_1_80' title="bbox 1844 1968 3415 2068">
     <span class='ocr_line' id='line_1_81' title="bbox 1844 1968 3415 2068; baseline -0.023 -16"><span class='ocrx_word' id='word_1_585' title='bbox 1844 1968 1994 2068; x_wconf 77' lang='lat' dir='ltr'><strong>liqui;</strong></span> <span class='ocrx_word' id='word_1_586' title='bbox 2020 1993 2316 2063; x_wconf 82' lang='lat' dir='ltr'><strong>cogitatqu</strong></span> <span class='ocrx_word' id='word_1_587' title='bbox 2348 2000 2504 2041; x_wconf 89' lang='lat' dir='ltr'><strong>suum</strong></span> <span class='ocrx_word' id='word_1_588' title='bbox 2550 1979 2730 2050; x_wconf 81' lang='lat' dir='ltr'><strong>febris.</strong></span> <span class='ocrx_word' id='word_1_589' title='bbox 2769 1977 2895 2030; x_wconf 86' lang='lat' dir='ltr'><strong>Dies</strong></span> <span class='ocrx_word' id='word_1_590' title='bbox 2937 1973 3133 2041; x_wconf 88' lang='lat' dir='ltr'><strong>quippe</strong></span> <span class='ocrx_word' id='word_1_591' title='bbox 3163 1968 3237 2023; x_wconf 92' lang='lat' dir='ltr'><strong>illi</strong></span> <span class='ocrx_word' id='word_1_592' title='bbox 3265 1973 3415 2029; x_wconf 86' lang='lat' dir='ltr'><strong>erat,</strong></span> 
     </span>
    </p>
   </div>
   <div class='ocr_carea' id='block_1_81' title="bbox 1845 2057 3419 2156">
    <p class='ocr_par' dir='ltr' id='par_1_81' title="bbox 1845 2057 3419 2156">
     <span class='ocr_line' id='line_1_82' title="bbox 1845 2057 3419 2156; baseline -0.024 -11"><span class='ocrx_word' id='word_1_593' title='bbox 1845 2089 1970 2144; x_wconf 89' lang='lat' dir='ltr'><strong>dum</strong></span> <span class='ocrx_word' id='word_1_594' title='bbox 2002 2087 2117 2156; x_wconf 90' lang='lat' dir='ltr'><strong>ipse</strong></span> <span class='ocrx_word' id='word_1_595' title='bbox 2142 2083 2256 2137; x_wconf 83' lang='lat' dir='ltr'><strong>Deo</strong></span> <span class='ocrx_word' id='word_1_596' title='bbox 2277 2081 2331 2134; x_wconf 92' lang='lat' dir='ltr'><strong>in</strong></span> <span class='ocrx_word' id='word_1_597' title='bbox 2360 2071 2812 2143; x_wconf 87' lang='lat' dir='ltr'><strong>contemplatione</strong></span> <span class='ocrx_word' id='word_1_598' title='bbox 2839 2074 2893 2120; x_wconf 88' lang='lat' dir='ltr'><strong>et</strong></span> <span class='ocrx_word' id='word_1_599' title='bbox 2919 2064 3173 2134; x_wconf 86' lang='lat' dir='ltr'><strong>oratione</strong></span> <span class='ocrx_word' id='word_1_600' title='bbox 3196 2057 3419 2111; x_wconf 47' lang='lat' dir='ltr'><strong>assistem</strong></span> 
     </span>
    </p>
   </div>
   <div class='ocr_carea' id='block_1_82' title="bbox 1847 2148 3419 2246">
    <p class='ocr_par' dir='ltr' id='par_1_82' title="bbox 1847 2148 3419 2246">
     <span class='ocr_line' id='line_1_83' title="bbox 1847 2148 3419 2246; baseline -0.024 -11"><span class='ocrx_word' id='word_1_601' title='bbox 1847 2188 1960 2246; x_wconf 87' lang='lat' dir='ltr'><strong>ret;</strong></span> <span class='ocrx_word' id='word_1_602' title='bbox 1998 2148 2091 2232; x_wconf 74' lang='lat' dir='ltr'><strong>sed</strong></span> <span class='ocrx_word' id='word_1_603' title='bbox 2137 2189 2242 2229; x_wconf 79' lang='lat' dir='ltr'><strong>nox</strong></span> <span class='ocrx_word' id='word_1_604' title='bbox 2295 2170 2439 2225; x_wconf 81' lang='lat' dir='ltr'><strong>iacta</strong></span> <span class='ocrx_word' id='word_1_605' title='bbox 2483 2174 2586 2229; x_wconf 83' lang='lat' dir='ltr'><strong>est,</strong></span> <span class='ocrx_word' id='word_1_606' title='bbox 2624 2163 2750 2217; x_wconf 87' lang='lat' dir='ltr'><strong>dum</strong></span> <span class='ocrx_word' id='word_1_607' title='bbox 2803 2157 2872 2213; x_wconf 86' lang='lat' dir='ltr'><strong>ad</strong></span> <span class='ocrx_word' id='word_1_608' title='bbox 2916 2155 3153 2229; x_wconf 88' lang='lat' dir='ltr'><strong>seipsum</strong></span> <span class='ocrx_word' id='word_1_609' title='bbox 3199 2148 3419 2202; x_wconf 85' lang='lat' dir='ltr'><strong>rediret.</strong></span> 
     </span>
    </p>
   </div>
   <div class='ocr_carea' id='block_1_83' title="bbox 1849 2236 3426 2330">
    <p class='ocr_par' dir='ltr' id='par_1_83' title="bbox 1849 2236 3426 2330">
     <span class='ocr_line' id='line_1_84' title="bbox 1849 2236 3426 2330; baseline -0.023 -7"><span class='ocrx_word' id='word_1_610' title='bbox 1849 2265 2076 2330; x_wconf 80' lang='lat' dir='ltr'><strong>Deinde,</strong></span> <span class='ocrx_word' id='word_1_611' title='bbox 2104 2277 2228 2318; x_wconf 89' lang='lat' dir='ltr'><strong>cum</strong></span> <span class='ocrx_word' id='word_1_612' title='bbox 2250 2275 2414 2328; x_wconf 85' lang='lat' dir='ltr'><strong>opera</strong></span> <span class='ocrx_word' id='word_1_613' title='bbox 2441 2265 2741 2319; x_wconf 86' lang='lat' dir='ltr'><strong>sensusque</strong></span> <span class='ocrx_word' id='word_1_614' title='bbox 2763 2262 2890 2312; x_wconf 83' lang='lat' dir='ltr'><strong>suos</strong></span> <span class='ocrx_word' id='word_1_615' title='bbox 2915 2245 3059 2302; x_wconf 82' lang='lat' dir='ltr'><strong>clara</strong></span> <span class='ocrx_word' id='word_1_616' title='bbox 3091 2239 3284 2295; x_wconf 89' lang='lat' dir='ltr'><strong>mentis</strong></span> <span class='ocrx_word' id='word_1_617' title='bbox 3305 2236 3426 2289; x_wconf 89' lang='lat' dir='ltr'><strong>luce</strong></span> 
     </span>
    </p>
   </div>
   <div class='ocr_carea' id='block_1_84' title="bbox 1850 2325 3426 2426">
    <p class='ocr_par' dir='ltr' id='par_1_84' title="bbox 1850 2325 3426 2426">
     <span class='ocr_line' id='line_1_85' title="bbox 1850 2325 3426 2426; baseline -0.022 -16"><span class='ocrx_word' id='word_1_618' title='bbox 1850 2355 2135 2426; x_wconf 78' lang='lat' dir='ltr'><strong>vigilanter</strong></span> <span class='ocrx_word' id='word_1_619' title='bbox 2181 2325 2468 2418; x_wconf 79' lang='lat' dir='ltr'><strong>aspiceret,</strong></span> <span class='ocrx_word' id='word_1_620' title='bbox 2496 2342 2611 2396; x_wconf 88' lang='lat' dir='ltr'><strong>dies</strong></span> <span class='ocrx_word' id='word_1_621' title='bbox 2636 2339 2708 2393; x_wconf 91' lang='lat' dir='ltr'><strong>illi</strong></span> <span class='ocrx_word' id='word_1_622' title='bbox 2733 2336 2981 2418; x_wconf 65' lang='lat' dir='ltr'><strong>quaedam</strong></span> <span class='ocrx_word' id='word_1_623' title='bbox 3019 2330 3274 2386; x_wconf 84' lang='lat' dir='ltr'><strong>radiavit.</strong></span> <span class='ocrx_word' id='word_1_624' title='bbox 3309 2325 3426 2378; x_wconf 60' lang='lat' dir='ltr'><strong>Non</strong></span> 
     </span>
    </p>
   </div>
   <div class='ocr_carea' id='block_1_85' title="bbox 1853 2411 3428 2501">
    <p class='ocr_par' dir='ltr' id='par_1_85' title="bbox 1853 2411 3428 2501">
     <span class='ocr_line' id='line_1_86' title="bbox 1853 2411 3428 2501; baseline -0.022 -1"><span class='ocrx_word' id='word_1_625' title='bbox 1853 2455 2034 2500; x_wconf 87' lang='lat' dir='ltr'><strong>tamen</strong></span> <span class='ocrx_word' id='word_1_626' title='bbox 2064 2443 2117 2496; x_wconf 87' lang='lat' dir='ltr'><strong>in</strong></span> <span class='ocrx_word' id='word_1_627' title='bbox 2144 2441 2265 2500; x_wconf 88' lang='lat' dir='ltr'><strong>hac,</strong></span> <span class='ocrx_word' id='word_1_628' title='bbox 2283 2435 2376 2491; x_wconf 85' lang='lat' dir='ltr'><strong>sed</strong></span> <span class='ocrx_word' id='word_1_629' title='bbox 2403 2435 2454 2486; x_wconf 92' lang='lat' dir='ltr'><strong>in</strong></span> <span class='ocrx_word' id='word_1_630' title='bbox 2479 2411 2752 2501; x_wconf 82' lang='lat' dir='ltr'><strong>praeterita</strong></span> <span class='ocrx_word' id='word_1_631' title='bbox 2780 2426 2886 2489; x_wconf 89' lang='lat' dir='ltr'><strong>die,</strong></span> <span class='ocrx_word' id='word_1_632' title='bbox 2904 2423 2954 2476; x_wconf 90' lang='lat' dir='ltr'><strong>id</strong></span> <span class='ocrx_word' id='word_1_633' title='bbox 2982 2431 3061 2476; x_wconf 88' lang='lat' dir='ltr'><strong>est</strong></span> <span class='ocrx_word' id='word_1_634' title='bbox 3087 2435 3190 2473; x_wconf 92' lang='lat' dir='ltr'><strong>non</strong></span> <span class='ocrx_word' id='word_1_635' title='bbox 3214 2414 3428 2486; x_wconf 83' lang='lat' dir='ltr'><strong>quando</strong></span> 
     </span>
    </p>
   </div>
   <div class='ocr_carea' id='block_1_86' title="bbox 1854 2509 3430 2602">
    <p class='ocr_par' dir='ltr' id='par_1_86' title="bbox 1854 2509 3430 2602">
     <span class='ocr_line' id='line_1_87' title="bbox 1854 2509 3430 2602; baseline -0.023 -10"><span class='ocrx_word' id='word_1_636' title='bbox 1854 2537 1956 2593; x_wconf 90' lang='lat' dir='ltr'><strong>sibi</strong></span> <span class='ocrx_word' id='word_1_637' title='bbox 1990 2532 2091 2602; x_wconf 89' lang='lat' dir='ltr'><strong>ipsi</strong></span> <span class='ocrx_word' id='word_1_638' title='bbox 2143 2526 2374 2598; x_wconf 79' lang='lat' dir='ltr'><strong>vigilans</strong></span> <span class='ocrx_word' id='word_1_639' title='bbox 2420 2520 2750 2583; x_wconf 85' lang='lat' dir='ltr'><strong>attendebat,</strong></span> <span class='ocrx_word' id='word_1_640' title='bbox 2776 2514 2868 2570; x_wconf 88' lang='lat' dir='ltr'><strong>sed</strong></span> <span class='ocrx_word' id='word_1_641' title='bbox 2902 2511 3118 2582; x_wconf 85' lang='lat' dir='ltr'><strong>quando</strong></span> <span class='ocrx_word' id='word_1_642' title='bbox 3152 2509 3259 2561; x_wconf 90' lang='lat' dir='ltr'><strong>Deo</strong></span> <span class='ocrx_word' id='word_1_643' title='bbox 3309 2518 3430 2574; x_wconf 87' lang='lat' dir='ltr'><strong>pre-</strong></span> 
     </span>
    </p>
   </div>
   <div class='ocr_carea' id='block_1_87' title="bbox 1857 2596 3431 2693">
    <p class='ocr_par' dir='ltr' id='par_1_87' title="bbox 1857 2596 3431 2693">
     <span class='ocr_line' id='line_1_88' title="bbox 1857 2596 3431 2693; baseline -0.025 -11"><span class='ocrx_word' id='word_1_644' title='bbox 1857 2596 2026 2683; x_wconf 49' lang='lat' dir='ltr'><strong>cator-</strong></span> <span class='ocrx_word' id='word_1_645' title='bbox 2055 2596 2362 2693; x_wconf 75' lang='lat' dir='ltr'><strong>assistebat,</strong></span> <span class='ocrx_word' id='word_1_646' title='bbox 2416 2610 2624 2679; x_wconf 82' lang='lat' dir='ltr'><strong>reliquit</strong></span> <span class='ocrx_word' id='word_1_647' title='bbox 2681 2607 2894 2660; x_wconf 87' lang='lat' dir='ltr'><strong>interna</strong></span> <span class='ocrx_word' id='word_1_648' title='bbox 2945 2599 3103 2670; x_wconf 81' lang='lat' dir='ltr'><strong>febris</strong></span> <span class='ocrx_word' id='word_1_649' title='bbox 3135 2596 3431 2664; x_wconf 86' lang='lat' dir='ltr'><strong>cogitatum</strong></span> 
     </span>
    </p>
   </div>
   <div class='ocr_carea' id='block_1_88' title="bbox 1856 2682 3430 2789">
    <p class='ocr_par' dir='ltr' id='par_1_88' title="bbox 1856 2682 3430 2789">
     <span class='ocr_line' id='line_1_89' title="bbox 1856 2682 3430 2789; baseline -0.025 -16"><span class='ocrx_word' id='word_1_650' title='bbox 1856 2717 2010 2789; x_wconf 90' lang='lat' dir='ltr'><strong>quasi</strong></span> <span class='ocrx_word' id='word_1_651' title='bbox 2042 2689 2213 2768; x_wconf 82' lang='lat' dir='ltr'><strong>lilium</strong></span> <span class='ocrx_word' id='word_1_652' title='bbox 2239 2705 2418 2764; x_wconf 87' lang='lat' dir='ltr'><strong>cordis</strong></span> <span class='ocrx_word' id='word_1_653' title='bbox 2439 2702 2540 2757; x_wconf 91' lang='lat' dir='ltr'><strong>sui.</strong></span> <span class='ocrx_word' id='word_1_654' title='bbox 2568 2698 2634 2752; x_wconf 83' lang='lat' dir='ltr'><strong>Et</strong></span> <span class='ocrx_word' id='word_1_655' title='bbox 2659 2695 2863 2766; x_wconf 85' lang='lat' dir='ltr'><strong>reliquit</strong></span> <span class='ocrx_word' id='word_1_656' title='bbox 2893 2682 3009 2762; x_wconf 83' lang='lat' dir='ltr'><strong>eum</strong></span> <span class='ocrx_word' id='word_1_657' title='bbox 3037 2692 3167 2743; x_wconf 83' lang='lat' dir='ltr'><strong>hora</strong></span> <span class='ocrx_word' id='word_1_658' title='bbox 3192 2685 3430 2754; x_wconf 78' lang='lat' dir='ltr'><strong>septima,</strong></span> 
     </span>
    </p>
   </div>
   <div class='ocr_carea' id='block_1_89' title="bbox 1861 2773 3426 2863">
    <p class='ocr_par' dir='ltr' id='par_1_89' title="bbox 1861 2773 3426 2863">
     <span class='ocr_line' id='line_1_90' title="bbox 1861 2773 3426 2863; baseline -0.026 1"><span class='ocrx_word' id='word_1_659' title='bbox 1861 2773 1914 2863; x_wconf 51' lang='lat' dir='ltr'><strong>i&#39;d</strong></span> <span class='ocrx_word' id='word_1_660' title='bbox 1950 2817 2034 2861; x_wconf 90' lang='lat' dir='ltr'><strong>est</strong></span> <span class='ocrx_word' id='word_1_661' title='bbox 2059 2805 2114 2858; x_wconf 92' lang='lat' dir='ltr'><strong>in</strong></span> <span class='ocrx_word' id='word_1_662' title='bbox 2154 2796 2548 2856; x_wconf 89' lang='lat' dir='ltr'><strong>illuminatione</strong></span> <span class='ocrx_word' id='word_1_663' title='bbox 2570 2785 2903 2859; x_wconf 84' lang='lat' dir='ltr'><strong>septiformis</strong></span> <span class='ocrx_word' id='word_1_664' title='bbox 2929 2781 3134 2853; x_wconf 68' lang='lat' dir='ltr'><strong>gratiae.</strong></span> <span class='ocrx_word' id='word_1_665' title='bbox 3157 2773 3426 2846; x_wconf 77' lang='lat' dir='ltr'><strong>.Cognorit</strong></span> 
     </span>
    </p>
   </div>
   <div class='ocr_carea' id='block_1_90' title="bbox 1860 2872 3437 2969">
    <p class='ocr_par' dir='ltr' id='par_1_90' title="bbox 1860 2872 3437 2969">
     <span class='ocr_line' id='line_1_91' title="bbox 1860 2872 3437 2969; baseline -0.023 -15"><span class='ocrx_word' id='word_1_666' title='bbox 1860 2915 1982 2969; x_wconf 86' lang='lat' dir='ltr'><strong>ergo</strong></span> <span class='ocrx_word' id='word_1_667' title='bbox 2006 2905 2174 2966; x_wconf 85' lang='lat' dir='ltr'><strong>pater,</strong></span> <span class='ocrx_word' id='word_1_668' title='bbox 2200 2892 2251 2946; x_wconf 91' lang='lat' dir='ltr'><strong>id</strong></span> <span class='ocrx_word' id='word_1_669' title='bbox 2281 2897 2364 2943; x_wconf 85' lang='lat' dir='ltr'><strong>est</strong></span> <span class='ocrx_word' id='word_1_670' title='bbox 2396 2886 2560 2940; x_wconf 89' lang='lat' dir='ltr'><strong>etiam</strong></span> <span class='ocrx_word' id='word_1_671' title='bbox 2591 2877 2896 2935; x_wconf 90' lang='lat' dir='ltr'><strong>admonitus</strong></span> <span class='ocrx_word' id='word_1_672' title='bbox 2917 2872 3292 2941; x_wconf 81' lang='lat' dir='ltr'><strong>experimento</strong></span> <span class='ocrx_word' id='word_1_673' title='bbox 3314 2879 3437 2931; x_wconf 55' lang='lat' dir='ltr'><strong>cars</strong></span> 
     </span>
    </p>
   </div>
   <div class='ocr_carea' id='block_1_91' title="bbox 1861 2954 3438 3044">
    <p class='ocr_par' dir='ltr' id='par_1_91' title="bbox 1861 2954 3438 3044">
     <span class='ocr_line' id='line_1_92' title="bbox 1861 2954 3438 3044; baseline -0.024 0"><span class='ocrx_word' id='word_1_674' title='bbox 1861 2988 2064 3044; x_wconf 87' lang='lat' dir='ltr'><strong>naliutn</strong></span> <span class='ocrx_word' id='word_1_675' title='bbox 2097 2995 2353 3040; x_wconf 88' lang='lat' dir='ltr'><strong>sensuum</strong></span> <span class='ocrx_word' id='word_1_676' title='bbox 2395 2984 2450 3040; x_wconf 81' lang='lat' dir='ltr'><strong>et</strong></span> <span class='ocrx_word' id='word_1_677' title='bbox 2477 2983 2693 3028; x_wconf 88' lang='lat' dir='ltr'><strong>artuum</strong></span> <span class='ocrx_word' id='word_1_678' title='bbox 2741 2960 3228 3032; x_wconf 86' lang='lat' dir='ltr'><strong>obtemperantium</strong></span> <span class='ocrx_word' id='word_1_679' title='bbox 3251 2956 3353 3010; x_wconf 87' lang='lat' dir='ltr'><strong>sibi</strong></span> <span class='ocrx_word' id='word_1_680' title='bbox 3383 2954 3438 3008; x_wconf 94' lang='lat' dir='ltr'><strong>ln</strong></span> 
     </span>
    </p>
   </div>
   <div class='ocr_carea' id='block_1_92' title="bbox 1862 3048 3439 3137">
    <p class='ocr_par' dir='ltr' id='par_1_92' title="bbox 1862 3048 3439 3137">
     <span class='ocr_line' id='line_1_93' title="bbox 1862 3048 3439 3137; baseline -0.024 -1"><span class='ocrx_word' id='word_1_681' title='bbox 1862 3081 2060 3137; x_wconf 89' lang='lat' dir='ltr'><strong>bonum</strong></span> <span class='ocrx_word' id='word_1_682' title='bbox 2082 3069 2464 3130; x_wconf 87' lang='lat' dir='ltr'><strong>animadvertit</strong></span> <span class='ocrx_word' id='word_1_683' title='bbox 2493 3059 2770 3119; x_wconf 82' lang='lat' dir='ltr'><strong>rationalis</strong></span> <span class='ocrx_word' id='word_1_684' title='bbox 2794 3071 2986 3124; x_wconf 86' lang='lat' dir='ltr'><strong>sensus</strong></span> <span class='ocrx_word' id='word_1_685' title='bbox 3005 3071 3024 3123; x_wconf 5' lang='lat' dir='ltr'><strong>;j</strong></span> <span class='ocrx_word' id='word_1_686' title='bbox 3042 3052 3165 3123; x_wconf 88' lang='lat' dir='ltr'><strong>quia</strong></span> <span class='ocrx_word' id='word_1_687' title='bbox 3193 3048 3284 3102; x_wconf 82' lang='lat' dir='ltr'><strong>illa</strong></span> <span class='ocrx_word' id='word_1_688' title='bbox 3311 3051 3439 3100; x_wconf 90' lang='lat' dir='ltr'><strong>hora</strong></span> 
     </span>
    </p>
   </div>
   <div class='ocr_carea' id='block_1_93' title="bbox 1865 3139 3445 3237">
    <p class='ocr_par' dir='ltr' id='par_1_93' title="bbox 1865 3139 3445 3237">
     <span class='ocr_line' id='line_1_94' title="bbox 1865 3139 3445 3237; baseline -0.024 -10"><span class='ocrx_word' id='word_1_689' title='bbox 1865 3181 1996 3235; x_wconf 80' lang='lat' dir='ltr'><strong>erat,</strong></span> <span class='ocrx_word' id='word_1_690' title='bbox 2036 3169 2090 3222; x_wconf 89' lang='lat' dir='ltr'><strong>in</strong></span> <span class='ocrx_word' id='word_1_691' title='bbox 2127 3183 2230 3237; x_wconf 89' lang='lat' dir='ltr'><strong>qua</strong></span> <span class='ocrx_word' id='word_1_692' title='bbox 2257 3162 2408 3216; x_wconf 76' lang='lat' dir='ltr'><strong>dixit</strong></span> <span class='ocrx_word' id='word_1_693' title='bbox 2439 3159 2485 3212; x_wconf 89' lang='lat' dir='ltr'><strong>ei</strong></span> <span class='ocrx_word' id='word_1_694' title='bbox 2513 3154 2667 3209; x_wconf 74' lang='lat' dir='ltr'><strong>Iesus</strong></span> <span class='ocrx_word' id='word_1_695' title='bbox 2699 3168 2715 3205; x_wconf 91' lang='lat'><strong><em>:</em></strong></span> <span class='ocrx_word' id='word_1_696' title='bbox 2747 3148 2918 3203; x_wconf 85' lang='lat' dir='ltr'><strong>Filius</strong></span> <span class='ocrx_word' id='word_1_697' title='bbox 2947 3157 3078 3200; x_wconf 90' lang='lat' dir='ltr'><strong>tuus-</strong></span> <span class='ocrx_word' id='word_1_698' title='bbox 3108 3143 3247 3203; x_wconf 84' lang='lat' dir='ltr'><strong>vivit,</strong></span> <span class='ocrx_word' id='word_1_699' title='bbox 3279 3139 3331 3192; x_wconf 91' lang='lat' dir='ltr'><strong>id</strong></span> <span class='ocrx_word' id='word_1_700' title='bbox 3361 3145 3445 3191; x_wconf 90' lang='lat' dir='ltr'><strong>est</strong></span> 
     </span>
    </p>
   </div>
   <div class='ocr_carea' id='block_1_94' title="bbox 1866 3231 3444 3333">
    <p class='ocr_par' dir='ltr' id='par_1_94' title="bbox 1866 3231 3444 3333">
     <span class='ocr_line' id='line_1_95' title="bbox 1866 3231 3444 3333; baseline -0.026 -13"><span class='ocrx_word' id='word_1_701' title='bbox 1866 3265 1920 3320; x_wconf 87' lang='lat' dir='ltr'><strong>in</strong></span> <span class='ocrx_word' id='word_1_702' title='bbox 1955 3279 2058 3333; x_wconf 84' lang='lat' dir='ltr'><strong>qua</strong></span> <span class='ocrx_word' id='word_1_703' title='bbox 2110 3231 2260 3330; x_wconf 75' lang='lat' dir='ltr'><strong>prius</strong></span> <span class='ocrx_word' id='word_1_704' title='bbox 2294 3266 2443 3323; x_wconf 84' lang='lat' dir='ltr'><strong>spem</strong></span> <span class='ocrx_word' id='word_1_705' title='bbox 2489 3247 2606 3315; x_wconf 89' lang='lat' dir='ltr'><strong>ejus</strong></span> <span class='ocrx_word' id='word_1_706' title='bbox 2639 3242 2812 3298; x_wconf 72' lang='lat' dir='ltr'><strong>erexit</strong></span> <span class='ocrx_word' id='word_1_707' title='bbox 2863 3239 2930 3293; x_wconf 87' lang='lat' dir='ltr'><strong>de</strong></span> <span class='ocrx_word' id='word_1_708' title='bbox 2978 3236 3150 3290; x_wconf 89' lang='lat' dir='ltr'><strong>salute</strong></span> <span class='ocrx_word' id='word_1_709' title='bbox 3177 3231 3444 3300; x_wconf 82' lang='lat' dir='ltr'><strong>cogitatus</strong></span> 
     </span>
    </p>
   </div>
   <div class='ocr_carea' id='block_1_95' title="bbox 1869 3318 3443 3414">
    <p class='ocr_par' dir='ltr' id='par_1_95' title="bbox 1869 3318 3443 3414">
     <span class='ocr_line' id='line_1_96' title="bbox 1869 3318 3443 3414; baseline -0.026 -3"><span class='ocrx_word' id='word_1_710' title='bbox 1869 3318 1978 3412; x_wconf 58' lang='lat' dir='ltr'><strong>sui:</strong></span> <span class='ocrx_word' id='word_1_711' title='bbox 2007 3352 2073 3406; x_wconf 86' lang='lat' dir='ltr'><strong>Et</strong></span> <span class='ocrx_word' id='word_1_712' title='bbox 2107 3318 2265 3404; x_wconf 71' lang='lat' dir='ltr'><strong>credit</strong></span> <span class='ocrx_word' id='word_1_713' title='bbox 2293 3347 2400 3414; x_wconf 87' lang='lat' dir='ltr'><strong>ipse</strong></span> <span class='ocrx_word' id='word_1_714' title='bbox 2427 3336 2705 3404; x_wconf 84' lang='lat' dir='ltr'><strong>rationalis</strong></span> <span class='ocrx_word' id='word_1_715' title='bbox 2742 3318 2940 3390; x_wconf 84' lang='lat' dir='ltr'><strong>sensus</strong></span> <span class='ocrx_word' id='word_1_716' title='bbox 2959 3327 3052 3400; x_wconf 87' lang='lat' dir='ltr'><strong>qui</strong></span> <span class='ocrx_word' id='word_1_717' title='bbox 3115 3323 3265 3391; x_wconf 90' lang='lat' dir='ltr'><strong>prius</strong></span> <span class='ocrx_word' id='word_1_718' title='bbox 3315 3331 3443 3388; x_wconf 81' lang='lat' dir='ltr'><strong>per—</strong></span> 
     </span>
    </p>
   </div>
   <div class='ocr_carea' id='block_1_96' title="bbox 1872 3406 3442 3502">
    <p class='ocr_par' dir='ltr' id='par_1_96' title="bbox 1872 3406 3442 3502">
     <span class='ocr_line' id='line_1_97' title="bbox 1872 3406 3442 3502; baseline -0.028 1"><span class='ocrx_word' id='word_1_719' title='bbox 1872 3448 2008 3502; x_wconf 81' lang='lat' dir='ltr'><strong>fecte</strong></span> <span class='ocrx_word' id='word_1_720' title='bbox 2039 3458 2143 3498; x_wconf 89' lang='lat' dir='ltr'><strong>non</strong></span> <span class='ocrx_word' id='word_1_721' title='bbox 2170 3406 2446 3499; x_wconf 75' lang='lat' dir='ltr'><strong>credebat,</strong></span> <span class='ocrx_word' id='word_1_722' title='bbox 2475 3439 2524 3485; x_wconf 90' lang='lat' dir='ltr'><strong>et</strong></span> <span class='ocrx_word' id='word_1_723' title='bbox 2559 3429 2746 3481; x_wconf 88' lang='lat' dir='ltr'><strong>domus</strong></span> <span class='ocrx_word' id='word_1_724' title='bbox 2787 3423 2900 3492; x_wconf 87' lang='lat' dir='ltr'><strong>ejus</strong></span> <span class='ocrx_word' id='word_1_725' title='bbox 2951 3426 3080 3479; x_wconf 90' lang='lat' dir='ltr'><strong>tota,</strong></span> <span class='ocrx_word' id='word_1_726' title='bbox 3114 3414 3166 3468; x_wconf 89' lang='lat' dir='ltr'><strong>id</strong></span> <span class='ocrx_word' id='word_1_727' title='bbox 3195 3420 3278 3466; x_wconf 88' lang='lat' dir='ltr'><strong>est</strong></span> <span class='ocrx_word' id='word_1_728' title='bbox 3317 3406 3442 3464; x_wconf 86' lang='lat' dir='ltr'><strong>uni-</strong></span> 
     </span>
    </p>
   </div>
   <div class='ocr_carea' id='block_1_97' title="bbox 1872 3501 3446 3594">
    <p class='ocr_par' dir='ltr' id='par_1_97' title="bbox 1872 3501 3446 3594">
     <span class='ocr_line' id='line_1_98' title="bbox 1872 3501 3446 3594; baseline -0.028 1"><span class='ocrx_word' id='word_1_729' title='bbox 1872 3552 2029 3594; x_wconf 89' lang='lat' dir='ltr'><strong>versa</strong></span> <span class='ocrx_word' id='word_1_730' title='bbox 2056 3529 2343 3589; x_wconf 90' lang='lat' dir='ltr'><strong>multitudo</strong></span> <span class='ocrx_word' id='word_1_731' title='bbox 2393 3520 2780 3593; x_wconf 80' lang='lat' dir='ltr'><strong>cogitationum</strong></span> <span class='ocrx_word' id='word_1_732' title='bbox 2829 3510 3024 3568; x_wconf 89' lang='lat' dir='ltr'><strong>mentis</strong></span> <span class='ocrx_word' id='word_1_733' title='bbox 3067 3506 3206 3576; x_wconf 84' lang='lat' dir='ltr'><strong>ejus.</strong></span> <span class='ocrx_word' id='word_1_734' title='bbox 3237 3501 3304 3556; x_wconf 88' lang='lat' dir='ltr'><strong>Et</strong></span> <span class='ocrx_word' id='word_1_735' title='bbox 3346 3511 3446 3554; x_wconf 86' lang='lat' dir='ltr'><strong>nos</strong></span> 
     </span>
    </p>
   </div>
   <div class='ocr_carea' id='block_1_98' title="bbox 1858 3602 3444 3698">
    <p class='ocr_par' dir='ltr' id='par_1_98' title="bbox 1858 3602 3444 3698">
     <span class='ocr_line' id='line_1_99' title="bbox 1858 3602 3444 3698; baseline -0.026 -12"><span class='ocrx_word' id='word_1_736' title='bbox 1858 3631 2055 3698; x_wconf 88' lang='lat' dir='ltr'><strong>itaque</strong></span> <span class='ocrx_word' id='word_1_737' title='bbox 2097 3621 2420 3687; x_wconf 77' lang='lat' dir='ltr'><strong>beneﬁcium</strong></span> <span class='ocrx_word' id='word_1_738' title='bbox 2490 3617 2593 3670; x_wconf 92' lang='lat' dir='ltr'><strong>hoc</strong></span> <span class='ocrx_word' id='word_1_739' title='bbox 2671 3604 2970 3675; x_wconf 83' lang='lat' dir='ltr'><strong>salvatoris</strong></span> <span class='ocrx_word' id='word_1_740' title='bbox 3026 3602 3444 3669; x_wconf 85' lang='lat' dir='ltr'><strong>cognoscentes,</strong></span> 
     </span>
    </p>
   </div>
   <div class='ocr_carea' id='block_1_99' title="bbox 1874 3684 3450 3780">
    <p class='ocr_par' dir='ltr' id='par_1_99' title="bbox 1874 3684 3450 3780">
     <span class='ocr_line' id='line_1_100' title="bbox 1874 3684 3450 3780; baseline -0.027 -2"><span class='ocrx_word' id='word_1_741' title='bbox 1874 3721 2205 3780; x_wconf 87' lang='lat' dir='ltr'><strong>studeamus,</strong></span> <span class='ocrx_word' id='word_1_742' title='bbox 2232 3713 2277 3768; x_wconf 90' lang='lat' dir='ltr'><strong>si</strong></span> <span class='ocrx_word' id='word_1_743' title='bbox 2307 3720 2527 3765; x_wconf 87' lang='lat' dir='ltr'><strong>necesse</strong></span> <span class='ocrx_word' id='word_1_744' title='bbox 2553 3701 2741 3766; x_wconf 78' lang='lat' dir='ltr'><strong>fuerit,</strong></span> <span class='ocrx_word' id='word_1_745' title='bbox 2766 3699 2818 3752; x_wconf 93' lang='lat' dir='ltr'><strong>in</strong></span> <span class='ocrx_word' id='word_1_746' title='bbox 2842 3694 2997 3750; x_wconf 91' lang='lat' dir='ltr'><strong>nobis</strong></span> <span class='ocrx_word' id='word_1_747' title='bbox 3025 3690 3154 3759; x_wconf 91' lang='lat' dir='ltr'><strong>ipsis</strong></span> <span class='ocrx_word' id='word_1_748' title='bbox 3175 3689 3277 3742; x_wconf 90' lang='lat' dir='ltr'><strong>hoc</strong></span> <span class='ocrx_word' id='word_1_749' title='bbox 3307 3684 3450 3739; x_wconf 89' lang='lat' dir='ltr'><strong>idem</strong></span> 
     </span>
    </p>
   </div>
   <div class='ocr_carea' id='block_1_100' title="bbox 1875 3775 3449 3884">
    <p class='ocr_par' dir='ltr' id='par_1_100' title="bbox 1875 3775 3449 3884">
     <span class='ocr_line' id='line_1_101' title="bbox 1875 3775 3449 3884; baseline -0.03 -13"><span class='ocrx_word' id='word_1_750' title='bbox 1875 3795 2142 3884; x_wconf 81' lang='lat' dir='ltr'><strong>experiri;</strong></span> <span class='ocrx_word' id='word_1_751' title='bbox 2180 3814 2240 3860; x_wconf 91' lang='lat' dir='ltr'><strong>ut</strong></span> <span class='ocrx_word' id='word_1_752' title='bbox 2267 3799 2516 3872; x_wconf 89' lang='lat' dir='ltr'><strong>quisquis</strong></span> <span class='ocrx_word' id='word_1_753' title='bbox 2550 3794 2840 3864; x_wconf 81' lang='lat' dir='ltr'><strong>cogitatum</strong></span> <span class='ocrx_word' id='word_1_754' title='bbox 2873 3799 3053 3847; x_wconf 90' lang='lat' dir='ltr'><strong>suum,</strong></span> <span class='ocrx_word' id='word_1_755' title='bbox 3083 3779 3234 3850; x_wconf 87' lang='lat' dir='ltr'><strong>quasi</strong></span> <span class='ocrx_word' id='word_1_756' title='bbox 3262 3775 3449 3838; x_wconf 87' lang='lat' dir='ltr'><strong>lilium,</strong></span> 
     </span>
    </p>
   </div>
   <div class='ocr_carea' id='block_1_101' title="bbox 1877 3871 3450 3958">
    <p class='ocr_par' dir='ltr' id='par_1_101' title="bbox 1877 3871 3450 3958">
     <span class='ocr_line' id='line_1_102' title="bbox 1877 3871 3450 3958; baseline -0.028 0"><span class='ocrx_word' id='word_1_757' title='bbox 1877 3871 2074 3958; x_wconf 79' lang='lat' dir='ltr'><strong>viderit</strong></span> <span class='ocrx_word' id='word_1_758' title='bbox 2101 3871 2243 3950; x_wconf 88' lang='lat' dir='ltr'><strong>inter</strong></span> <span class='ocrx_word' id='word_1_759' title='bbox 2269 3871 2553 3946; x_wconf 84' lang='lat' dir='ltr'><strong>illecebras</strong></span> <span class='ocrx_word' id='word_1_760' title='bbox 2583 3877 2997 3937; x_wconf 89' lang='lat' dir='ltr'><strong>delectationum</strong></span> <span class='ocrx_word' id='word_1_761' title='bbox 3035 3871 3313 3937; x_wconf 85' lang='lat' dir='ltr'><strong>languere,</strong></span> <span class='ocrx_word' id='word_1_762' title='bbox 3345 3878 3450 3918; x_wconf 89' lang='lat' dir='ltr'><strong>non</strong></span> 
     </span>
    </p>
   </div>
   <div class='ocr_carea' id='block_1_102' title="bbox 1880 3951 3458 4047">
    <p class='ocr_par' dir='ltr' id='par_1_102' title="bbox 1880 3951 3458 4047">
     <span class='ocr_line' id='line_1_103' title="bbox 1880 3951 3458 4047; baseline -0.03 0"><span class='ocrx_word' id='word_1_763' title='bbox 1880 3993 2020 4047; x_wconf 84' lang='lat' dir='ltr'><strong>sinet</strong></span> <span class='ocrx_word' id='word_1_764' title='bbox 2059 3951 2182 4042; x_wconf 90' lang='lat' dir='ltr'><strong>eum</strong></span> <span class='ocrx_word' id='word_1_765' title='bbox 2237 3995 2306 4035; x_wconf 84' lang='lat' dir='ltr'><strong>ex</strong></span> <span class='ocrx_word' id='word_1_766' title='bbox 2359 3986 2492 4039; x_wconf 89' lang='lat' dir='ltr'><strong>toto,</strong></span> <span class='ocrx_word' id='word_1_767' title='bbox 2541 3970 2684 4025; x_wconf 89' lang='lat' dir='ltr'><strong>sicut</strong></span> <span class='ocrx_word' id='word_1_768' title='bbox 2721 3966 2883 4020; x_wconf 79' lang='lat' dir='ltr'><strong>tiliam</strong></span> <span class='ocrx_word' id='word_1_769' title='bbox 2912 3951 3315 4026; x_wconf 78' lang='lat' dir='ltr'><strong>arcbisynagogi</strong></span> <span class='ocrx_word' id='word_1_770' title='bbox 3362 3963 3458 4018; x_wconf 90' lang='lat' dir='ltr'><strong>per</strong></span> 
     </span>
    </p>
   </div>
   <div class='ocr_carea' id='block_1_103' title="bbox 1881 4035 3449 4136">
    <p class='ocr_par' dir='ltr' id='par_1_103' title="bbox 1881 4035 3449 4136">
     <span class='ocr_line' id='line_1_104' title="bbox 1881 4035 3449 4136; baseline -0.032 0"><span class='ocrx_word' id='word_1_771' title='bbox 1881 4087 2204 4136; x_wconf 88' lang='lat' dir='ltr'><strong>consensum</strong></span> <span class='ocrx_word' id='word_1_772' title='bbox 2228 4063 2646 4123; x_wconf 89' lang='lat' dir='ltr'><strong>delectationum</strong></span> <span class='ocrx_word' id='word_1_773' title='bbox 2663 4064 2717 4110; x_wconf 90' lang='lat' dir='ltr'><strong>et</strong></span> <span class='ocrx_word' id='word_1_774' title='bbox 2742 4067 2838 4123; x_wconf 89' lang='lat' dir='ltr'><strong>per</strong></span> <span class='ocrx_word' id='word_1_775' title='bbox 2861 4047 3129 4102; x_wconf 89' lang='lat' dir='ltr'><strong>actionem</strong></span> <span class='ocrx_word' id='word_1_776' title='bbox 3160 4039 3329 4102; x_wconf 87' lang='lat' dir='ltr'><strong>mori;</strong></span> <span class='ocrx_word' id='word_1_777' title='bbox 3357 4035 3449 4090; x_wconf 89' lang='lat' dir='ltr'><strong>sed</strong></span> 
     </span>
    </p>
   </div>
   <div class='ocr_carea' id='block_1_104' title="bbox 1883 4127 3454 4225">
    <p class='ocr_par' dir='ltr' id='par_1_104' title="bbox 1883 4127 3454 4225">
     <span class='ocr_line' id='line_1_105' title="bbox 1883 4127 3454 4225; baseline -0.032 1"><span class='ocrx_word' id='word_1_778' title='bbox 1883 4172 2141 4225; x_wconf 84' lang='lat' dir='ltr'><strong>occurrat</strong></span> <span class='ocrx_word' id='word_1_779' title='bbox 2168 4154 2435 4216; x_wconf 89' lang='lat' dir='ltr'><strong>Salvatori</strong></span> <span class='ocrx_word' id='word_1_780' title='bbox 2465 4150 2693 4206; x_wconf 89' lang='lat' dir='ltr'><strong>salutem</strong></span> <span class='ocrx_word' id='word_1_781' title='bbox 2724 4135 3061 4214; x_wconf 86' lang='lat' dir='ltr'><strong>peccantium</strong></span> <span class='ocrx_word' id='word_1_782' title='bbox 3087 4127 3370 4201; x_wconf 58' lang='lat' dir='ltr'><strong>quaerenti,</strong></span> <span class='ocrx_word' id='word_1_783' title='bbox 3401 4133 3454 4179; x_wconf 92' lang='lat' dir='ltr'><strong>et</strong></span> 
     </span>
    </p>
   </div>
   <div class='ocr_carea' id='block_1_105' title="bbox 1886 4220 3461 4330">
    <p class='ocr_par' dir='ltr' id='par_1_105' title="bbox 1886 4220 3461 4330">
     <span class='ocr_line' id='line_1_106' title="bbox 1886 4220 3461 4330; baseline -0.029 -14"><span class='ocrx_word' id='word_1_784' title='bbox 1886 4262 1974 4330; x_wconf 90' lang='lat' dir='ltr'><strong>pia</strong></span> <span class='ocrx_word' id='word_1_785' title='bbox 2019 4251 2416 4325; x_wconf 88' lang='lat' dir='ltr'><strong>supplicatione</strong></span> <span class='ocrx_word' id='word_1_786' title='bbox 2464 4241 2707 4299; x_wconf 89' lang='lat' dir='ltr'><strong>obtineat</strong></span> <span class='ocrx_word' id='word_1_787' title='bbox 2737 4235 2804 4288; x_wconf 91' lang='lat' dir='ltr'><strong>ab</strong></span> <span class='ocrx_word' id='word_1_788' title='bbox 2833 4247 2898 4286; x_wconf 91' lang='lat' dir='ltr'><strong>eo</strong></span> <span class='ocrx_word' id='word_1_789' title='bbox 2940 4229 3103 4281; x_wconf 89' lang='lat' dir='ltr'><strong>vitam</strong></span> <span class='ocrx_word' id='word_1_790' title='bbox 3135 4239 3198 4278; x_wconf 91' lang='lat' dir='ltr'><strong>ac</strong></span> <span class='ocrx_word' id='word_1_791' title='bbox 3236 4220 3461 4276; x_wconf 85' lang='lat' dir='ltr'><strong>salutem</strong></span> 
     </span>
    </p>
   </div>
   <div class='ocr_carea' id='block_1_106' title="bbox 1887 4311 3462 4418">
    <p class='ocr_par' dir='ltr' id='par_1_106' title="bbox 1887 4311 3462 4418">
     <span class='ocr_line' id='line_1_107' title="bbox 1887 4311 3462 4418; baseline -0.028 -15"><span class='ocrx_word' id='word_1_792' title='bbox 1887 4311 2025 4418; x_wconf 65' lang='lat' dir='ltr'><strong>ejus,</strong></span> <span class='ocrx_word' id='word_1_793' title='bbox 2063 4311 2351 4414; x_wconf 55' lang='lat' dir='ltr'><strong>praestante</strong></span> <span class='ocrx_word' id='word_1_794' title='bbox 2396 4333 2564 4404; x_wconf 85' lang='lat' dir='ltr'><strong>ipsius</strong></span> <span class='ocrx_word' id='word_1_795' title='bbox 2612 4320 2786 4398; x_wconf 85' lang='lat' dir='ltr'><strong>gratia</strong></span> <span class='ocrx_word' id='word_1_796' title='bbox 2831 4315 3151 4401; x_wconf 83' lang='lat' dir='ltr'><strong>Salvatoris,</strong></span> <span class='ocrx_word' id='word_1_797' title='bbox 3200 4311 3290 4380; x_wconf 91' lang='lat' dir='ltr'><strong>qui</strong></span> <span class='ocrx_word' id='word_1_798' title='bbox 3341 4323 3462 4364; x_wconf 87' lang='lat' dir='ltr'><strong>cum</strong></span> 
     </span>
    </p>
   </div>
   <div class='ocr_carea' id='block_1_107' title="bbox 1890 4405 3465 4502">
    <p class='ocr_par' dir='ltr' id='par_1_107' title="bbox 1890 4405 3465 4502">
     <span class='ocr_line' id='line_1_108' title="bbox 1890 4405 3465 4502; baseline -0.027 -7"><span class='ocrx_word' id='word_1_799' title='bbox 1890 4405 2143 4502; x_wconf 45' lang='lat' dir='ltr'><strong>Dulce-et</strong></span> <span class='ocrx_word' id='word_1_800' title='bbox 2186 4429 2390 4500; x_wconf 79' lang='lat' dir='ltr'><strong>Spiritu</strong></span> <span class='ocrx_word' id='word_1_801' title='bbox 2423 4431 2626 4495; x_wconf 79' lang='lat' dir='ltr'><strong>sancto</strong></span> <span class='ocrx_word' id='word_1_802' title='bbox 2670 4416 2806 4488; x_wconf 78' lang='lat' dir='ltr'><strong>vivit</strong></span> <span class='ocrx_word' id='word_1_803' title='bbox 2849 4421 2904 4468; x_wconf 92' lang='lat' dir='ltr'><strong>et</strong></span> <span class='ocrx_word' id='word_1_804' title='bbox 2956 4415 3145 4479; x_wconf 86' lang='lat' dir='ltr'><strong>regnat</strong></span> <span class='ocrx_word' id='word_1_805' title='bbox 3182 4405 3340 4467; x_wconf 90' lang='lat' dir='ltr'><strong>Deus,</strong></span> <span class='ocrx_word' id='word_1_806' title='bbox 3372 4413 3465 4470; x_wconf 91' lang='lat' dir='ltr'><strong>per</strong></span> 
     </span>
    </p>
   </div>
   <div class='ocr_carea' id='block_1_108' title="bbox 1892 4511 2900 4590">
    <p class='ocr_par' dir='ltr' id='par_1_108' title="bbox 1892 4511 2900 4590">
     <span class='ocr_line' id='line_1_109' title="bbox 1892 4511 2900 4590; baseline -0.032 0"><span class='ocrx_word' id='word_1_807' title='bbox 1892 4532 2072 4590; x_wconf 90' lang='lat' dir='ltr'><strong>omnia</strong></span> <span class='ocrx_word' id='word_1_808' title='bbox 2103 4524 2298 4584; x_wconf 66' lang='lat' dir='ltr'><strong>saecula</strong></span> <span class='ocrx_word' id='word_1_809' title='bbox 2330 4517 2673 4576; x_wconf 66' lang='lat' dir='ltr'><strong>saeculorum.</strong></span> <span class='ocrx_word' id='word_1_810' title='bbox 2703 4511 2900 4585; x_wconf 75' lang='lat' dir='ltr'><strong>Amen.</strong></span> 
     </span>
    </p>
   </div>
   <div class='ocr_carea' id='block_1_109' title="bbox 2462 4589 2964 4662">
    <p class='ocr_par' dir='ltr' id='par_1_109' title="bbox 2462 4589 2964 4662">
     <span class='ocr_line' id='line_1_110' title="bbox 2462 4589 2964 4662; baseline -0.032 0"><span class='ocrx_word' id='word_1_811' title='bbox 2462 4600 2740 4662; x_wconf 77' lang='lat' dir='ltr'><strong>llOMlLlA</strong></span> <span class='ocrx_word' id='word_1_812' title='bbox 2779 4596 2896 4650; x_wconf 73' lang='lat' dir='ltr'><strong>XV.</strong></span> <span class='ocrx_word' id='word_1_813' title='bbox 2925 4589 2933 4598; x_wconf 82' lang='grc'><em>’</em></span> <span class='ocrx_word' id='word_1_814' title='bbox 2961 4641 2964 4645; x_wconf 91' lang='grc'>.</span> 
     </span>
    </p>
   </div>
   <div class='ocr_carea' id='block_1_110' title="bbox 1893 4671 3471 4771">
    <p class='ocr_par' dir='ltr' id='par_1_110' title="bbox 1893 4671 3471 4771">
     <span class='ocr_line' id='line_1_111' title="bbox 1893 4671 3471 4771; baseline -0.031 -1"><span class='ocrx_word' id='word_1_815' title='bbox 1893 4715 1945 4771; x_wconf 70' lang='lat' dir='ltr'><strong>lu</strong></span> <span class='ocrx_word' id='word_1_816' title='bbox 1973 4719 2307 4768; x_wconf 65' lang='lat' dir='ltr'><strong>EVANGELIUDI</strong></span> <span class='ocrx_word' id='word_1_817' title='bbox 2332 4711 2607 4770; x_wconf 69' lang='lat' dir='ltr'><strong>sscuunust</strong></span> <span class='ocrx_word' id='word_1_818' title='bbox 2627 4703 2882 4748; x_wconf 61' lang='lat' dir='ltr'><strong>rosum-zu.</strong></span> <span class='ocrx_word' id='word_1_819' title='bbox 2914 4685 3024 4754; x_wconf 81' lang='lat' dir='ltr'><strong>Ego</strong></span> <span class='ocrx_word' id='word_1_820' title='bbox 3045 4697 3159 4762; x_wconf 85' lang='lat' dir='ltr'><strong>sum</strong></span> <span class='ocrx_word' id='word_1_821' title='bbox 3179 4686 3356 4754; x_wconf 80' lang='lat' dir='ltr'><strong>pastor</strong></span> <span class='ocrx_word' id='word_1_822' title='bbox 3380 4671 3471 4724; x_wconf 86' lang='lat' dir='ltr'><strong>bo-</strong></span> 
     </span>
    </p>
   </div>
   <div class='ocr_carea' id='block_1_111' title="bbox 1896 4762 3472 4869">
    <p class='ocr_par' dir='ltr' id='par_1_111' title="bbox 1896 4762 3472 4869">
     <span class='ocr_line' id='line_1_112' title="bbox 1896 4762 3472 4869; baseline -0.032 -7"><span class='ocrx_word' id='word_1_823' title='bbox 1896 4866 1898 4869; x_wconf 44' lang='lat'><strong>,</strong></span> <span class='ocrx_word' id='word_1_824' title='bbox 1968 4821 2085 4868; x_wconf 87' lang='lat' dir='ltr'><strong>nus.</strong></span> <span class='ocrx_word' id='word_1_825' title='bbox 2107 4799 2296 4866; x_wconf 79' lang='lat' dir='ltr'><strong>Bonus</strong></span> <span class='ocrx_word' id='word_1_826' title='bbox 2322 4802 2500 4864; x_wconf 86' lang='lat' dir='ltr'><strong>pastor</strong></span> <span class='ocrx_word' id='word_1_827' title='bbox 2529 4787 2761 4842; x_wconf 87' lang='lat' dir='ltr'><strong>animant</strong></span> <span class='ocrx_word' id='word_1_828' title='bbox 2793 4794 2945 4834; x_wconf 86' lang='lat' dir='ltr'><strong>suam</strong></span> <span class='ocrx_word' id='word_1_829' title='bbox 2983 4774 3126 4844; x_wconf 88' lang='lat' dir='ltr'><strong>ponit</strong></span> <span class='ocrx_word' id='word_1_830' title='bbox 3168 4783 3260 4838; x_wconf 88' lang='lat' dir='ltr'><strong>pro</strong></span> <span class='ocrx_word' id='word_1_831' title='bbox 3300 4762 3472 4818; x_wconf 85' lang='lat' dir='ltr'><strong>ovibus</strong></span> 
     </span>
    </p>
   </div>
   <div class='ocr_carea' id='block_1_112' title="bbox 1991 4853 3476 4948">
    <p class='ocr_par' dir='ltr' id='par_1_112' title="bbox 1991 4853 3476 4948">
     <span class='ocr_line' id='line_1_113' title="bbox 1991 4853 3476 4948; baseline -0.031 1"><span class='ocrx_word' id='word_1_832' title='bbox 1991 4895 2092 4948; x_wconf 89' lang='lat' dir='ltr'><strong>uis.</strong></span> <span class='ocrx_word' id='word_1_833' title='bbox 2111 4885 2466 4946; x_wconf 77' lang='lat' dir='ltr'><strong>Mercenarius</strong></span> <span class='ocrx_word' id='word_1_834' title='bbox 2492 4885 2743 4938; x_wconf 85' lang='lat' dir='ltr'><strong>autem,et</strong></span> <span class='ocrx_word' id='word_1_835' title='bbox 2761 4871 2848 4943; x_wconf 90' lang='lat' dir='ltr'><strong>qui</strong></span> <span class='ocrx_word' id='word_1_836' title='bbox 2878 4883 2988 4948; x_wconf 24' lang='lat' dir='ltr'><strong>non.</strong></span> <span class='ocrx_word' id='word_1_837' title='bbox 3000 4873 3071 4918; x_wconf 86' lang='lat' dir='ltr'><strong>est</strong></span> <span class='ocrx_word' id='word_1_838' title='bbox 3101 4869 3300 4930; x_wconf 86' lang='lat' dir='ltr'><strong>pastor,</strong></span> <span class='ocrx_word' id='word_1_839' title='bbox 3326 4853 3476 4920; x_wconf 87' lang='lat' dir='ltr'><strong>cujus</strong></span> 
     </span>
    </p>
   </div>
   <div class='ocr_carea' id='block_1_113' title="bbox 1973 4940 3479 5048">
    <p class='ocr_par' dir='ltr' id='par_1_113' title="bbox 1973 4940 3479 5048">
     <span class='ocr_line' id='line_1_114' title="bbox 1973 4940 3479 5048; baseline -0.032 -8"><span class='ocrx_word' id='word_1_840' title='bbox 1973 5001 2073 5040; x_wconf 90' lang='lat' dir='ltr'><strong>non</strong></span> <span class='ocrx_word' id='word_1_841' title='bbox 2103 4989 2225 5048; x_wconf 84' lang='lat' dir='ltr'><strong>sunt</strong></span> <span class='ocrx_word' id='word_1_842' title='bbox 2264 4991 2379 5031; x_wconf 83' lang='lat' dir='ltr'><strong>oves</strong></span> <span class='ocrx_word' id='word_1_843' title='bbox 2408 4970 2631 5044; x_wconf 72' lang='lat' dir='ltr'><strong>prapriaa</strong></span> <span class='ocrx_word' id='word_1_844' title='bbox 2653 5008 2668 5034; x_wconf 89' lang='lat'><strong>,</strong></span> <span class='ocrx_word' id='word_1_845' title='bbox 2712 4960 2846 5018; x_wconf 80' lang='lat' dir='ltr'><strong>videt</strong></span> <span class='ocrx_word' id='word_1_846' title='bbox 2878 4940 3057 5026; x_wconf 82' lang='lat' dir='ltr'><strong>lupum</strong></span> <span class='ocrx_word' id='word_1_847' title='bbox 3110 4948 3409 5007; x_wconf 85' lang='lat' dir='ltr'><strong>venientem,</strong></span> <span class='ocrx_word' id='word_1_848' title='bbox 3432 4949 3479 4995; x_wconf 90' lang='lat' dir='ltr'><strong>et</strong></span> 
     </span>
    </p>
   </div>
   <div class='ocr_carea' id='block_1_114' title="bbox 1979 5035 3477 5140">
    <p class='ocr_par' dir='ltr' id='par_1_114' title="bbox 1979 5035 3477 5140">
     <span class='ocr_line' id='line_1_115' title="bbox 1979 5035 3477 5140; baseline -0.033 -11"><span class='ocrx_word' id='word_1_849' title='bbox 1979 5072 2176 5140; x_wconf 81' lang='lat' dir='ltr'><strong>limittit</strong></span> <span class='ocrx_word' id='word_1_850' title='bbox 2195 5045 2392 5131; x_wconf 8' lang='lat' dir='ltr'><strong>ioves,et</strong></span> <span class='ocrx_word' id='word_1_851' title='bbox 2408 5035 2544 5132; x_wconf 31' lang='lat' dir='ltr'><strong>vingit</strong></span> <span class='ocrx_word' id='word_1_852' title='bbox 2561 5067 2642 5126; x_wconf 81' lang='lat' dir='ltr'><strong>,&#39;_et</strong></span> <span class='ocrx_word' id='word_1_853' title='bbox 2667 5056 2816 5119; x_wconf 86' lang='lat' dir='ltr'><strong>lupus</strong></span> <span class='ocrx_word' id='word_1_854' title='bbox 2842 5045 2994 5115; x_wconf 89' lang='lat' dir='ltr'><strong>rapit,</strong></span> <span class='ocrx_word' id='word_1_855' title='bbox 3013 5051 3057 5096; x_wconf 89' lang='lat' dir='ltr'><strong>et</strong></span> <span class='ocrx_word' id='word_1_856' title='bbox 3080 5035 3320 5106; x_wconf 86' lang='lat' dir='ltr'><strong>dispergit</strong></span> <span class='ocrx_word' id='word_1_857' title='bbox 3345 5047 3477 5084; x_wconf 85' lang='lat' dir='ltr'><strong>oves.</strong></span> 
     </span>
    </p>
   </div>
   <div class='ocr_carea' id='block_1_115' title="bbox 1971 5130 3482 5221">
    <p class='ocr_par' dir='ltr' id='par_1_115' title="bbox 1971 5130 3482 5221">
     <span class='ocr_line' id='line_1_116' title="bbox 1971 5130 3482 5221; baseline -0.034 1"><span class='ocrx_word' id='word_1_858' title='bbox 1971 5162 2326 5221; x_wconf 80' lang='lat' dir='ltr'><strong>Mercenarius</strong></span> <span class='ocrx_word' id='word_1_859' title='bbox 2339 5165 2510 5209; x_wconf 88' lang='lat' dir='ltr'><strong>autem</strong></span> <span class='ocrx_word' id='word_1_860' title='bbox 2537 5146 2693 5218; x_wconf 77' lang='lat' dir='ltr'><strong>fugit,</strong></span> <span class='ocrx_word' id='word_1_861' title='bbox 2707 5142 2826 5212; x_wconf 87' lang='lat' dir='ltr'><strong>quia</strong></span> <span class='ocrx_word' id='word_1_862' title='bbox 2842 5130 3190 5190; x_wconf 86' lang='lat' dir='ltr'><strong>mercenarius</strong></span> <span class='ocrx_word' id='word_1_863' title='bbox 3208 5133 3279 5179; x_wconf 86' lang='lat' dir='ltr'><strong>est</strong></span> <span class='ocrx_word' id='word_1_864' title='bbox 3291 5165 3304 5188; x_wconf 92' lang='lat'><strong>,</strong></span> <span class='ocrx_word' id='word_1_865' title='bbox 3316 5133 3360 5176; x_wconf 84' lang='lat' dir='ltr'><strong>et</strong></span> <span class='ocrx_word' id='word_1_866' title='bbox 3381 5136 3482 5173; x_wconf 88' lang='lat' dir='ltr'><strong>non</strong></span> 
     </span>
    </p>
   </div>
   <div class='ocr_carea' id='block_1_116' title="bbox 1979 5208 3482 5327">
    <p class='ocr_par' dir='ltr' id='par_1_116' title="bbox 1979 5208 3482 5327">
     <span class='ocr_line' id='line_1_117' title="bbox 1979 5208 3482 5327; baseline -0.034 -16"><span class='ocrx_word' id='word_1_867' title='bbox 1979 5208 2440 5327; x_wconf 29' lang='lat' dir='ltr'><strong>deiﬁcum</strong></span> <span class='ocrx_word' id='word_1_868' title='bbox 2460 5208 2750 5317; x_wconf 46' lang='lat' dir='ltr'><strong>tle-ovibus.</strong></span> <span class='ocrx_word' id='word_1_869' title='bbox 2779 5230 2841 5296; x_wconf 80' lang='lat' dir='ltr'><strong>Et</strong></span> <span class='ocrx_word' id='word_1_870' title='bbox 2871 5218 3269 5292; x_wconf 78' lang='lat' dir='ltr'><strong>reliqua.(Joan</strong></span> <span class='ocrx_word' id='word_1_871' title='bbox 3297 5230 3346 5284; x_wconf 65' lang='grc' dir='ltr'><strong>χ,</strong></span> <span class='ocrx_word' id='word_1_872' title='bbox 3374 5208 3482 5275; x_wconf 80' lang='grc' dir='ltr'><strong>Η.)</strong></span> 
     </span>
    </p>
   </div>
   <div class='ocr_carea' id='block_1_117' title="bbox 1982 5313 3485 5413">
    <p class='ocr_par' dir='ltr' id='par_1_117' title="bbox 1982 5313 3485 5413">
     <span class='ocr_line' id='line_1_118' title="bbox 1982 5313 3485 5413; baseline -0.034 -10"><span class='ocrx_word' id='word_1_873' title='bbox 1982 5313 2120 5413; x_wconf 37' lang='lat' dir='ltr'><strong>[Quis</strong></span> <span class='ocrx_word' id='word_1_874' title='bbox 2148 5339 2388 5412; x_wconf 87' lang='lat' dir='ltr'><strong>plerique</strong></span> <span class='ocrx_word' id='word_1_875' title='bbox 2438 5315 2539 5386; x_wconf 87' lang='lat' dir='ltr'><strong>sibi</strong></span> <span class='ocrx_word' id='word_1_876' title='bbox 2574 5326 2706 5396; x_wconf 89' lang='lat' dir='ltr'><strong>ipsis</strong></span> <span class='ocrx_word' id='word_1_877' title='bbox 2737 5319 2842 5376; x_wconf 83' lang='lat' dir='ltr'><strong>non&#39;</strong></span> <span class='ocrx_word' id='word_1_878' title='bbox 2871 5313 3233 5371; x_wconf 84' lang='lat' dir='ltr'><strong>attendentes,</strong></span> <span class='ocrx_word' id='word_1_879' title='bbox 3263 5318 3360 5358; x_wconf 90' lang='lat' dir='ltr'><strong>nec</strong></span> <span class='ocrx_word' id='word_1_880' title='bbox 3389 5315 3485 5394; x_wconf 78' lang='lat' dir='ltr'><strong>sua</strong></span> 
     </span>
    </p>
   </div>
   <div class='ocr_carea' id='block_1_118' title="bbox 1907 5387 3481 5495">
    <p class='ocr_par' dir='ltr' id='par_1_118' title="bbox 1907 5387 3481 5495">
     <span class='ocr_line' id='line_1_119' title="bbox 1984 5387 2610 5413; baseline -0.029 1"><span class='ocrx_word' id='word_1_881' title='bbox 1984 5387 2120 5413; x_wconf 70' lang='grc' dir='ltr'><strong>κω·-</strong></span> <span class='ocrx_word' id='word_1_882' title='bbox 2167 5387 2383 5407; x_wconf 68' lang='grc' dir='ltr'><strong>”“*··-ι--</strong></span> <span class='ocrx_word' id='word_1_883' title='bbox 2594 5387 2610 5396; x_wconf 94' lang='grc'><em>.</em></span> 
     </span>
     <span class='ocr_line' id='line_1_120' title="bbox 1907 5387 3481 5495; baseline -0.034 1"><span class='ocrx_word' id='word_1_884' title='bbox 1907 5439 2044 5495; x_wconf 88' lang='lat' dir='ltr'><strong>vitia</strong></span> <span class='ocrx_word' id='word_1_885' title='bbox 2075 5387 2504 5491; x_wconf 68' lang='lat' dir='ltr'><strong>considerantes,</strong></span> <span class='ocrx_word' id='word_1_886' title='bbox 2533 5415 2768 5491; x_wconf 87' lang='lat' dir='ltr'><strong>gaudent</strong></span> <span class='ocrx_word' id='word_1_887' title='bbox 2792 5405 2851 5465; x_wconf 38' lang='lat' dir='ltr'><strong>&quot;in</strong></span> <span class='ocrx_word' id='word_1_888' title='bbox 2879 5405 3037 5473; x_wconf 89' lang='lat' dir='ltr'><strong>hujus</strong></span> <span class='ocrx_word' id='word_1_889' title='bbox 3076 5396 3348 5459; x_wconf 87' lang='lat' dir='ltr'><strong>lectionis&#39;</strong></span> <span class='ocrx_word' id='word_1_890' title='bbox 3379 5387 3481 5445; x_wconf 85' lang='lat' dir='ltr'><strong>tra-</strong></span> 
     </span>
    </p>
   </div>
   <div class='ocr_carea' id='block_1_119' title="bbox 1877 5483 3484 5582">
    <p class='ocr_par' dir='ltr' id='par_1_119' title="bbox 1877 5483 3484 5582">
     <span class='ocr_line' id='line_1_121' title="bbox 1877 5483 3484 5582; baseline -0.029 -2"><span class='ocrx_word' id='word_1_891' title='bbox 1877 5510 1882 5580; x_wconf 66' lang='grc' dir='ltr'>ξ</span> <span class='ocrx_word' id='word_1_892' title='bbox 1911 5505 2326 5582; x_wconf 53' lang='grc' dir='ltr'><strong>ειειιυὶοριιόὶιέ</strong></span> <span class='ocrx_word' id='word_1_893' title='bbox 2349 5511 2732 5582; x_wconf 80' lang='lat' dir='ltr'><strong>lacerationem</strong></span> <span class='ocrx_word' id='word_1_894' title='bbox 2757 5503 2879 5556; x_wconf 67' lang='lat' dir='ltr'><strong>vita:</strong></span> <span class='ocrx_word' id='word_1_895' title='bbox 2904 5505 3177 5578; x_wconf 74' lang='lat' dir='ltr'><strong>pastorum</strong></span> <span class='ocrx_word' id='word_1_896' title='bbox 3201 5483 3484 5558; x_wconf 66' lang='lat' dir='ltr'><strong>Ecclesiae:</strong></span> 
     </span>
    </p>
   </div>
   <div class='ocr_carea' id='block_1_120' title="bbox 1914 5572 3488 5688">
    <p class='ocr_par' dir='ltr' id='par_1_120' title="bbox 1914 5572 3488 5688">
     <span class='ocr_line' id='line_1_122' title="bbox 1914 5572 3488 5688; baseline -0.034 -10"><span class='ocrx_word' id='word_1_897' title='bbox 1914 5602 2195 5688; x_wconf 8' lang='lat' dir='ltr'><strong>nosqaliam</strong></span> <span class='ocrx_word' id='word_1_898' title='bbox 2217 5612 2270 5688; x_wconf 91' lang='lat' dir='ltr'><strong>ei</strong></span> <span class='ocrx_word' id='word_1_899' title='bbox 2307 5608 2534 5676; x_wconf 77' lang='lat' dir='ltr'><strong>fecimus</strong></span> <span class='ocrx_word' id='word_1_900' title='bbox 2582 5572 3090 5670; x_wconf 69' lang='lat' dir='ltr'><strong>expositiuaculam,</strong></span> <span class='ocrx_word' id='word_1_901' title='bbox 3125 5596 3246 5656; x_wconf 66' lang='lat' dir='ltr'><strong>qua:</strong></span> <span class='ocrx_word' id='word_1_902' title='bbox 3293 5591 3390 5632; x_wconf 84' lang='lat' dir='ltr'><strong>nos</strong></span> <span class='ocrx_word' id='word_1_903' title='bbox 3421 5572 3488 5626; x_wconf 90' lang='lat' dir='ltr'><strong>ad</strong></span> 
     </span>
    </p>
   </div>
   <div class='ocr_carea' id='block_1_121' title="bbox 1870 5668 3490 5769">
    <p class='ocr_par' dir='ltr' id='par_1_121' title="bbox 1870 5668 3490 5769">
     <span class='ocr_line' id='line_1_123' title="bbox 1870 5668 3490 5769; baseline -0.034 2"><span class='ocrx_word' id='word_1_904' title='bbox 1870 5685 2103 5769; x_wconf 9' lang='lat' dir='ltr'><strong>“intima</strong></span> <span class='ocrx_word' id='word_1_905' title='bbox 2151 5686 2333 5762; x_wconf 86' lang='lat' dir='ltr'><strong>nostra</strong></span> <span class='ocrx_word' id='word_1_906' title='bbox 2395 5668 2756 5761; x_wconf 25' lang='lat' dir='ltr'><strong>revocetput,</strong></span> <span class='ocrx_word' id='word_1_907' title='bbox 2813 5683 2992 5743; x_wconf 88' lang='lat' dir='ltr'><strong>nullus</strong></span> <span class='ocrx_word' id='word_1_908' title='bbox 3029 5673 3273 5735; x_wconf 74' lang='lat' dir='ltr'><strong>mordere</strong></span> <span class='ocrx_word' id='word_1_909' title='bbox 3325 5668 3490 5750; x_wconf 83' lang='lat' dir='ltr'><strong>vitam</strong></span> 
     </span>
    </p>
   </div>
  </div>
