  <div class='ocr_page' id='page_1' title='image "/cluster/home/n/w/nwhite01/storage/ocr_20150623/158/hvd.32044024236689/391.png"; bbox 0 0 4060 6292; ppageno 0'>
   <div class='ocr_carea' id='block_1_1' title="bbox 576 356 677 413">
    <p class='ocr_par' dir='ltr' id='par_1_1' title="bbox 576 356 677 413">
     <span class='ocr_line' id='line_1_1' title="bbox 576 356 677 413; baseline 0.01 -2"><span class='ocrx_word' id='word_1_1' title='bbox 576 356 677 413; x_wconf 71' lang='lat'><strong>671</strong></span> 
     </span>
    </p>
   </div>
   <div class='ocr_carea' id='block_1_2' title="bbox 934 345 2156 413">
    <p class='ocr_par' dir='ltr' id='par_1_2' title="bbox 934 351 2156 413">
     <span class='ocr_line' id='line_1_2' title="bbox 934 351 2156 413; baseline -0.004 -1"><span class='ocrx_word' id='word_1_2' title='bbox 934 355 995 413; x_wconf 80' lang='lat'><strong>8.</strong></span> <span class='ocrx_word' id='word_1_3' title='bbox 1032 354 1334 412; x_wconf 76' lang='lat' dir='ltr'><strong>ANSELMI</strong></span> <span class='ocrx_word' id='word_1_4' title='bbox 1370 353 1718 411; x_wconf 72' lang='lat' dir='ltr'><strong>CANTUAli.</strong></span> <span class='ocrx_word' id='word_1_5' title='bbox 1760 353 2078 411; x_wconf 75' lang='lat' dir='ltr'><strong>ARClllEP.</strong></span> <span class='ocrx_word' id='word_1_6' title='bbox 2120 351 2156 408; x_wconf 85' lang='lat'>0</span> 
     </span>
    </p>
   </div>
   <div class='ocr_carea' id='block_1_3' title="bbox 2259 345 3522 413">
    <p class='ocr_par' dir='ltr' id='par_1_3' title="bbox 2259 345 3522 406">
     <span class='ocr_line' id='line_1_3' title="bbox 2259 345 3522 406; baseline -0.002 0"><span class='ocrx_word' id='word_1_7' title='bbox 2259 390 2270 406; x_wconf 89' lang='lat'><strong>.</strong></span> <span class='ocrx_word' id='word_1_8' title='bbox 2314 347 2491 404; x_wconf 75' lang='lat' dir='ltr'><strong>PARS</strong></span> <span class='ocrx_word' id='word_1_9' title='bbox 2532 346 2597 403; x_wconf 90' lang='lat' dir='ltr'><strong>ll.</strong></span> <span class='ocrx_word' id='word_1_10' title='bbox 2634 378 2701 388; x_wconf 93' lang='lat'>—</span> <span class='ocrx_word' id='word_1_11' title='bbox 2746 345 3111 403; x_wconf 64' lang='lat' dir='ltr'><strong>PARENET.</strong></span> <span class='ocrx_word' id='word_1_12' title='bbox 3152 346 3240 401; x_wconf 83' lang='lat' dir='ltr'><strong>ET</strong></span> <span class='ocrx_word' id='word_1_13' title='bbox 3278 347 3522 404; x_wconf 75' lang='lat' dir='ltr'><strong>ASCE&#39;I‘.</strong></span> 
     </span>
    </p>
   </div>
   <div class='ocr_carea' id='block_1_4' title="bbox 3737 349 3856 404">
    <p class='ocr_par' dir='ltr' id='par_1_4' title="bbox 3737 349 3856 404">
     <span class='ocr_line' id='line_1_4' title="bbox 3737 349 3856 404; baseline 0.017 -1"><span class='ocrx_word' id='word_1_14' title='bbox 3737 349 3856 404; x_wconf 65' lang='lat'><strong>672</strong></span> 
     </span>
    </p>
   </div>
   <div class='ocr_carea' id='block_1_5' title="bbox 576 440 3853 538">
    <p class='ocr_par' dir='ltr' id='par_1_5' title="bbox 576 440 3853 538">
     <span class='ocr_line' id='line_1_5' title="bbox 576 440 3853 538; baseline -0.001 -17"><span class='ocrx_word' id='word_1_15' title='bbox 576 468 1016 538; x_wconf 71' lang='lat' dir='ltr'><strong>praepositorum,</strong></span> <span class='ocrx_word' id='word_1_16' title='bbox 1043 481 1203 536; x_wconf 86' lang='lat' dir='ltr'><strong>quam</strong></span> <span class='ocrx_word' id='word_1_17' title='bbox 1227 464 1481 522; x_wconf 76' lang='lat' dir='ltr'><strong>Christus</strong></span> <span class='ocrx_word' id='word_1_18' title='bbox 1510 479 1607 536; x_wconf 91' lang='lat' dir='ltr'><strong>per</strong></span> <span class='ocrx_word' id='word_1_19' title='bbox 1629 464 1867 535; x_wconf 84' lang='lat' dir='ltr'><strong>seipsutu</strong></span> <span class='ocrx_word' id='word_1_20' title='bbox 1891 464 2161 520; x_wconf 79' lang='lat' dir='ltr'><strong>discussu-</strong></span> <span class='ocrx_word' id='word_1_21' title='bbox 2189 471 2235 527; x_wconf 78' lang='grc' dir='ltr'><strong>Α</strong></span> <span class='ocrx_word' id='word_1_22' title='bbox 2340 455 2489 512; x_wconf 82' lang='lat' dir='ltr'><strong>Videt</strong></span> <span class='ocrx_word' id='word_1_23' title='bbox 2513 458 2693 528; x_wconf 82' lang='lat' dir='ltr'><strong>lupum</strong></span> <span class='ocrx_word' id='word_1_24' title='bbox 2723 440 3030 524; x_wconf 70' lang='lat' dir='ltr'><strong>uenientem,</strong></span> <span class='ocrx_word' id='word_1_25' title='bbox 3060 469 3110 513; x_wconf 82' lang='lat' dir='ltr'><strong>et</strong></span> <span class='ocrx_word' id='word_1_26' title='bbox 3150 460 3364 513; x_wconf 84' lang='lat' dir='ltr'><strong>dimittit</strong></span> <span class='ocrx_word' id='word_1_27' title='bbox 3420 477 3568 527; x_wconf 80' lang='lat' dir='ltr'><strong>om;</strong></span> <span class='ocrx_word' id='word_1_28' title='bbox 3598 464 3728 531; x_wconf 78' lang='lat' dir='ltr'><strong>quia</strong></span> <span class='ocrx_word' id='word_1_29' title='bbox 3762 464 3853 519; x_wconf 73' lang='lat' dir='ltr'><strong>vel</strong></span> 
     </span>
    </p>
   </div>
   <div class='ocr_carea' id='block_1_6' title="bbox 576 556 2159 629">
    <p class='ocr_par' dir='ltr' id='par_1_6' title="bbox 576 556 2159 629">
     <span class='ocr_line' id='line_1_6' title="bbox 576 556 2159 629; baseline -0.002 -16"><span class='ocrx_word' id='word_1_30' title='bbox 576 571 673 614; x_wconf 86' lang='lat' dir='ltr'><strong>rus</strong></span> <span class='ocrx_word' id='word_1_31' title='bbox 701 567 806 622; x_wconf 88' lang='lat' dir='ltr'><strong>est,</strong></span> <span class='ocrx_word' id='word_1_32' title='bbox 837 556 1062 623; x_wconf 89' lang='lat' dir='ltr'><strong>audeat;</strong></span> <span class='ocrx_word' id='word_1_33' title='bbox 1106 556 1201 612; x_wconf 90' lang='lat' dir='ltr'><strong>sed</strong></span> <span class='ocrx_word' id='word_1_34' title='bbox 1250 556 1426 627; x_wconf 88' lang='lat' dir='ltr'><strong>magis</strong></span> <span class='ocrx_word' id='word_1_35' title='bbox 1460 557 1836 629; x_wconf 80' lang='lat' dir='ltr'><strong>unusquisque</strong></span> <span class='ocrx_word' id='word_1_36' title='bbox 1887 556 2010 612; x_wconf 84' lang='lat' dir='ltr'><strong>talis</strong></span> <span class='ocrx_word' id='word_1_37' title='bbox 2038 570 2159 611; x_wconf 85' lang='lat' dir='ltr'><strong>esse</strong></span> 
     </span>
    </p>
   </div>
   <div class='ocr_carea' id='block_1_7' title="bbox 576 646 2160 716">
    <p class='ocr_par' dir='ltr' id='par_1_7' title="bbox 576 646 2160 716">
     <span class='ocr_line' id='line_1_7' title="bbox 576 646 2160 716; baseline -0.003 -12"><span class='ocrx_word' id='word_1_38' title='bbox 576 648 819 712; x_wconf 73' lang='lat' dir='ltr'><strong>studeat,</strong></span> <span class='ocrx_word' id='word_1_39' title='bbox 852 646 1067 715; x_wconf 86' lang='lat' dir='ltr'><strong>qualem</strong></span> <span class='ocrx_word' id='word_1_40' title='bbox 1110 647 1461 716; x_wconf 84' lang='lat' dir='ltr'><strong>approbando</strong></span> <span class='ocrx_word' id='word_1_41' title='bbox 1516 646 1673 702; x_wconf 88' lang='lat' dir='ltr'><strong>lectio</strong></span> <span class='ocrx_word' id='word_1_42' title='bbox 1719 648 2059 701; x_wconf 90' lang='lat' dir='ltr'><strong>demonstrat</strong></span> <span class='ocrx_word' id='word_1_43' title='bbox 2104 656 2160 700; x_wconf 92' lang='lat' dir='ltr'><strong>et</strong></span> 
     </span>
    </p>
   </div>
   <div class='ocr_carea' id='block_1_8' title="bbox 578 737 2159 808">
    <p class='ocr_par' dir='ltr' id='par_1_8' title="bbox 578 737 2159 808">
     <span class='ocr_line' id='line_1_8' title="bbox 578 737 2159 808; baseline 0.001 -16"><span class='ocrx_word' id='word_1_44' title='bbox 578 738 716 792; x_wconf 86' lang='lat' dir='ltr'><strong>mala</strong></span> <span class='ocrx_word' id='word_1_45' title='bbox 738 752 857 806; x_wconf 67' lang='lat' dir='ltr'><strong>quae</strong></span> <span class='ocrx_word' id='word_1_46' title='bbox 879 737 1251 807; x_wconf 87' lang='lat' dir='ltr'><strong>reprehendit,</strong></span> <span class='ocrx_word' id='word_1_47' title='bbox 1284 747 1494 792; x_wconf 90' lang='lat' dir='ltr'><strong>caveat.</strong></span> <span class='ocrx_word' id='word_1_48' title='bbox 1540 737 1805 808; x_wconf 77' lang='lat' dir='ltr'><strong>Loquitur</strong></span> <span class='ocrx_word' id='word_1_49' title='bbox 1837 746 2018 793; x_wconf 90' lang='lat' dir='ltr'><strong>autem</strong></span> <span class='ocrx_word' id='word_1_50' title='bbox 2053 738 2159 794; x_wconf 81' lang='lat' dir='ltr'><strong>Do-</strong></span> 
     </span>
    </p>
   </div>
   <div class='ocr_carea' id='block_1_9' title="bbox 576 826 2156 900">
    <p class='ocr_par' dir='ltr' id='par_1_9' title="bbox 576 826 2156 900">
     <span class='ocr_line' id='line_1_9' title="bbox 576 826 2156 900; baseline 0 -18"><span class='ocrx_word' id='word_1_51' title='bbox 576 826 756 882; x_wconf 89' lang='lat' dir='ltr'><strong>minus</strong></span> <span class='ocrx_word' id='word_1_52' title='bbox 785 827 1095 894; x_wconf 71' lang='lat' dir='ltr'><strong>Pbarisaeis,</strong></span> <span class='ocrx_word' id='word_1_53' title='bbox 1136 829 1230 898; x_wconf 90' lang='lat' dir='ltr'><strong>qni</strong></span> <span class='ocrx_word' id='word_1_54' title='bbox 1278 844 1338 885; x_wconf 89' lang='lat' dir='ltr'><strong>se</strong></span> <span class='ocrx_word' id='word_1_55' title='bbox 1383 844 1557 884; x_wconf 58' lang='lat' dir='ltr'><strong>cureos</strong></span> <span class='ocrx_word' id='word_1_56' title='bbox 1583 844 1690 884; x_wconf 93' lang='lat' dir='ltr'><strong>non</strong></span> <span class='ocrx_word' id='word_1_57' title='bbox 1720 844 1841 885; x_wconf 92' lang='lat' dir='ltr'><strong>esse</strong></span> <span class='ocrx_word' id='word_1_58' title='bbox 1858 831 2156 900; x_wconf 70' lang='lat' dir='ltr'><strong>jactabaut,</strong></span> 
     </span>
    </p>
   </div>
   <div class='ocr_carea' id='block_1_10' title="bbox 572 921 2163 996">
    <p class='ocr_par' dir='ltr' id='par_1_10' title="bbox 572 921 2163 996">
     <span class='ocr_line' id='line_1_10' title="bbox 572 921 2163 996; baseline 0.002 -20"><span class='ocrx_word' id='word_1_59' title='bbox 572 929 630 977; x_wconf 85' lang='lat' dir='ltr'><strong>et</strong></span> <span class='ocrx_word' id='word_1_60' title='bbox 689 921 744 975; x_wconf 90' lang='lat' dir='ltr'><strong>in</strong></span> <span class='ocrx_word' id='word_1_61' title='bbox 800 936 989 975; x_wconf 89' lang='lat' dir='ltr'><strong>eormn</strong></span> <span class='ocrx_word' id='word_1_62' title='bbox 1028 933 1153 993; x_wconf 84' lang='lat' dir='ltr'><strong>typo</strong></span> <span class='ocrx_word' id='word_1_63' title='bbox 1199 926 1500 979; x_wconf 69' lang='lat' dir='ltr'><strong>emcitatem</strong></span> <span class='ocrx_word' id='word_1_64' title='bbox 1544 925 1786 979; x_wconf 90' lang='lat' dir='ltr'><strong>omnium</strong></span> <span class='ocrx_word' id='word_1_65' title='bbox 1832 923 2163 996; x_wconf 81' lang='lat' dir='ltr'><strong>pseudoreli-</strong></span> 
     </span>
    </p>
   </div>
   <div class='ocr_carea' id='block_1_11' title="bbox 573 1008 2161 1085">
    <p class='ocr_par' dir='ltr' id='par_1_11' title="bbox 573 1008 2161 1085">
     <span class='ocr_line' id='line_1_11' title="bbox 573 1008 2161 1085; baseline 0.003 -22"><span class='ocrx_word' id='word_1_66' title='bbox 573 1008 852 1081; x_wconf 88' lang='lat' dir='ltr'><strong>giosorum</strong></span> <span class='ocrx_word' id='word_1_67' title='bbox 887 1011 1125 1065; x_wconf 82' lang='lat' dir='ltr'><strong>denotat.</strong></span> <span class='ocrx_word' id='word_1_68' title='bbox 1160 1012 1234 1065; x_wconf 88' lang='lat' dir='ltr'><strong>Ea</strong></span> <span class='ocrx_word' id='word_1_69' title='bbox 1278 1026 1406 1069; x_wconf 89' lang='lat' dir='ltr'><strong>vero</strong></span> <span class='ocrx_word' id='word_1_70' title='bbox 1450 1029 1570 1082; x_wconf 68' lang='lat' dir='ltr'><strong>quae</strong></span> <span class='ocrx_word' id='word_1_71' title='bbox 1606 1013 1867 1085; x_wconf 88' lang='lat' dir='ltr'><strong>loquitur,</strong></span> <span class='ocrx_word' id='word_1_72' title='bbox 1902 1015 1981 1069; x_wconf 91' lang='lat' dir='ltr'><strong>sic</strong></span> <span class='ocrx_word' id='word_1_73' title='bbox 2020 1028 2161 1067; x_wconf 91' lang='lat' dir='ltr'><strong>nunc</strong></span> 
     </span>
    </p>
   </div>
   <div class='ocr_carea' id='block_1_12' title="bbox 574 1099 2162 1177">
    <p class='ocr_par' dir='ltr' id='par_1_12' title="bbox 574 1099 2162 1177">
     <span class='ocr_line' id='line_1_12' title="bbox 574 1099 2162 1177; baseline 0.003 -21"><span class='ocrx_word' id='word_1_74' title='bbox 574 1099 963 1169; x_wconf 84' lang='lat' dir='ltr'><strong>intelligamus,</strong></span> <span class='ocrx_word' id='word_1_75' title='bbox 993 1111 1052 1156; x_wconf 93' lang='lat' dir='ltr'><strong>ut</strong></span> <span class='ocrx_word' id='word_1_76' title='bbox 1078 1118 1182 1157; x_wconf 94' lang='lat' dir='ltr'><strong>non</strong></span> <span class='ocrx_word' id='word_1_77' title='bbox 1212 1107 1277 1157; x_wconf 89' lang='lat' dir='ltr'><strong>ad</strong></span> <span class='ocrx_word' id='word_1_78' title='bbox 1306 1105 1479 1174; x_wconf 89' lang='lat' dir='ltr'><strong>ipsum</strong></span> <span class='ocrx_word' id='word_1_79' title='bbox 1512 1117 1692 1175; x_wconf 87' lang='lat' dir='ltr'><strong>caput,</strong></span> <span class='ocrx_word' id='word_1_80' title='bbox 1724 1108 1815 1162; x_wconf 87' lang='lat' dir='ltr'><strong>sed</strong></span> <span class='ocrx_word' id='word_1_81' title='bbox 1845 1108 1913 1161; x_wconf 90' lang='lat' dir='ltr'><strong>ad</strong></span> <span class='ocrx_word' id='word_1_82' title='bbox 1944 1106 2162 1177; x_wconf 81' lang='lat' dir='ltr'><strong>aliquod</strong></span> 
     </span>
    </p>
   </div>
   <div class='ocr_carea' id='block_1_13' title="bbox 574 1190 2162 1267">
    <p class='ocr_par' dir='ltr' id='par_1_13' title="bbox 574 1190 2162 1267">
     <span class='ocr_line' id='line_1_13' title="bbox 574 1190 2162 1267; baseline 0.004 -21"><span class='ocrx_word' id='word_1_83' title='bbox 574 1190 690 1259; x_wconf 89' lang='lat' dir='ltr'><strong>ejus</strong></span> <span class='ocrx_word' id='word_1_84' title='bbox 764 1194 1067 1247; x_wconf 90' lang='lat' dir='ltr'><strong>membrum</strong></span> <span class='ocrx_word' id='word_1_85' title='bbox 1148 1195 1475 1251; x_wconf 62' lang='lat' dir='ltr'><strong>referantur.</strong></span> <span class='ocrx_word' id='word_1_86' title='bbox 1545 1196 1680 1253; x_wconf 85' lang='lat' dir='ltr'><strong>Nam</strong></span> <span class='ocrx_word' id='word_1_87' title='bbox 1736 1197 2033 1267; x_wconf 76' lang='lat' dir='ltr'><strong>saepissime</strong></span> <span class='ocrx_word' id='word_1_88' title='bbox 2104 1197 2162 1253; x_wconf 89' lang='lat' dir='ltr'><strong>in</strong></span> 
     </span>
    </p>
   </div>
   <div class='ocr_carea' id='block_1_14' title="bbox 576 1282 2160 1359">
    <p class='ocr_par' dir='ltr' id='par_1_14' title="bbox 576 1282 2160 1359">
     <span class='ocr_line' id='line_1_14' title="bbox 576 1282 2160 1359; baseline 0.004 -22"><span class='ocrx_word' id='word_1_89' title='bbox 576 1282 874 1353; x_wconf 88' lang='lat' dir='ltr'><strong>Scripturis</strong></span> <span class='ocrx_word' id='word_1_90' title='bbox 903 1287 1063 1339; x_wconf 90' lang='lat' dir='ltr'><strong>verba</strong></span> <span class='ocrx_word' id='word_1_91' title='bbox 1108 1286 1321 1341; x_wconf 89' lang='lat' dir='ltr'><strong>Domini</strong></span> <span class='ocrx_word' id='word_1_92' title='bbox 1366 1290 1541 1357; x_wconf 90' lang='lat' dir='ltr'><strong>primo</strong></span> <span class='ocrx_word' id='word_1_93' title='bbox 1570 1291 1637 1344; x_wconf 89' lang='lat' dir='ltr'><strong>ad</strong></span> <span class='ocrx_word' id='word_1_94' title='bbox 1669 1291 1843 1359; x_wconf 91' lang='lat' dir='ltr'><strong>ipsum</strong></span> <span class='ocrx_word' id='word_1_95' title='bbox 1874 1290 2160 1343; x_wconf 89' lang='lat' dir='ltr'><strong>Dominum</strong></span> 
     </span>
    </p>
   </div>
   <div class='ocr_carea' id='block_1_15' title="bbox 575 1372 2161 1449">
    <p class='ocr_par' dir='ltr' id='par_1_15' title="bbox 575 1372 2161 1449">
     <span class='ocr_line' id='line_1_15' title="bbox 575 1372 2161 1449; baseline 0.004 -23"><span class='ocrx_word' id='word_1_96' title='bbox 575 1372 908 1441; x_wconf 81' lang='lat' dir='ltr'><strong>referuntur,</strong></span> <span class='ocrx_word' id='word_1_97' title='bbox 942 1384 999 1430; x_wconf 86' lang='lat' dir='ltr'><strong>et</strong></span> <span class='ocrx_word' id='word_1_98' title='bbox 1024 1376 1219 1432; x_wconf 86' lang='lat' dir='ltr'><strong>deinde</strong></span> <span class='ocrx_word' id='word_1_99' title='bbox 1259 1379 1323 1430; x_wconf 81' lang='lat' dir='ltr'><strong>ad</strong></span> <span class='ocrx_word' id='word_1_100' title='bbox 1362 1378 1656 1433; x_wconf 88' lang='lat' dir='ltr'><strong>Eeclesiam</strong></span> <span class='ocrx_word' id='word_1_101' title='bbox 1683 1396 1803 1449; x_wconf 71' lang='lat' dir='ltr'><strong>quae</strong></span> <span class='ocrx_word' id='word_1_102' title='bbox 1840 1390 1923 1435; x_wconf 89' lang='lat' dir='ltr'><strong>est</strong></span> <span class='ocrx_word' id='word_1_103' title='bbox 1962 1394 2161 1448; x_wconf 86' lang='lat' dir='ltr'><strong>corpus</strong></span> 
     </span>
    </p>
   </div>
   <div class='ocr_carea' id='block_1_16' title="bbox 576 1459 2162 1540">
    <p class='ocr_par' dir='ltr' id='par_1_16' title="bbox 576 1459 2162 1540">
     <span class='ocr_line' id='line_1_16' title="bbox 576 1459 2162 1540; baseline 0.004 -24"><span class='ocrx_word' id='word_1_104' title='bbox 576 1459 715 1529; x_wconf 85' lang='lat' dir='ltr'><strong>ejus,</strong></span> <span class='ocrx_word' id='word_1_105' title='bbox 752 1463 837 1517; x_wconf 83' lang='lat' dir='ltr'><strong>vel</strong></span> <span class='ocrx_word' id='word_1_106' title='bbox 869 1466 935 1517; x_wconf 91' lang='lat' dir='ltr'><strong>ad</strong></span> <span class='ocrx_word' id='word_1_107' title='bbox 988 1466 1219 1534; x_wconf 89' lang='lat' dir='ltr'><strong>aliquem</strong></span> <span class='ocrx_word' id='word_1_108' title='bbox 1250 1468 1545 1523; x_wconf 84' lang='lat' dir='ltr'><strong>electorum</strong></span> <span class='ocrx_word' id='word_1_109' title='bbox 1596 1471 1689 1540; x_wconf 89' lang='lat' dir='ltr'><strong>qui</strong></span> <span class='ocrx_word' id='word_1_110' title='bbox 1720 1481 1805 1526; x_wconf 87' lang='lat' dir='ltr'><strong>est</strong></span> <span class='ocrx_word' id='word_1_111' title='bbox 1860 1472 2162 1525; x_wconf 85' lang='lat' dir='ltr'><strong>membrum</strong></span> 
     </span>
    </p>
   </div>
   <div class='ocr_carea' id='block_1_17' title="bbox 576 1552 2158 1625">
    <p class='ocr_par' dir='ltr' id='par_1_17' title="bbox 576 1552 2158 1625">
     <span class='ocr_line' id='line_1_17' title="bbox 576 1552 2158 1625; baseline 0.005 -18"><span class='ocrx_word' id='word_1_112' title='bbox 576 1552 709 1621; x_wconf 85' lang='lat' dir='ltr'><strong>ejus,</strong></span> <span class='ocrx_word' id='word_1_113' title='bbox 738 1555 884 1608; x_wconf 84' lang='lat' dir='ltr'><strong>velut</strong></span> <span class='ocrx_word' id='word_1_114' title='bbox 915 1570 1035 1609; x_wconf 90' lang='lat' dir='ltr'><strong>cum</strong></span> <span class='ocrx_word' id='word_1_115' title='bbox 1075 1558 1209 1611; x_wconf 88' lang='lat' dir='ltr'><strong>dicit</strong></span> <span class='ocrx_word' id='word_1_116' title='bbox 1237 1573 1251 1612; x_wconf 89' lang='lat'><strong>:</strong></span> <span class='ocrx_word' id='word_1_117' title='bbox 1282 1559 1317 1612; x_wconf 83' lang='lat' dir='ltr'><em>J</em></span> <span class='ocrx_word' id='word_1_118' title='bbox 1324 1561 1499 1625; x_wconf 79' lang='lat' dir='ltr'><strong>ndica,</strong></span> <span class='ocrx_word' id='word_1_119' title='bbox 1526 1562 1765 1624; x_wconf 86' lang='lat' dir='ltr'><strong>Domine,</strong></span> <span class='ocrx_word' id='word_1_120' title='bbox 1790 1574 2026 1617; x_wconf 78' lang='lat' dir='ltr'><strong>nocentes</strong></span> <span class='ocrx_word' id='word_1_121' title='bbox 2056 1579 2158 1624; x_wconf 88' lang='lat' dir='ltr'><strong>me,</strong></span> 
     </span>
    </p>
   </div>
   <div class='ocr_carea' id='block_1_18' title="bbox 574 1646 2161 1724">
    <p class='ocr_par' dir='ltr' id='par_1_18' title="bbox 574 1646 2161 1724">
     <span class='ocr_line' id='line_1_18' title="bbox 574 1646 2161 1724; baseline 0.007 -26"><span class='ocrx_word' id='word_1_122' title='bbox 574 1661 813 1715; x_wconf 59' lang='lat' dir='ltr'><strong>expugna</strong></span> <span class='ocrx_word' id='word_1_123' title='bbox 846 1646 1206 1717; x_wconf 72' lang='lat' dir='ltr'><strong>impugnante:</strong></span> <span class='ocrx_word' id='word_1_124' title='bbox 1230 1666 1308 1705; x_wconf 88' lang='lat' dir='ltr'><strong>me</strong></span> <span class='ocrx_word' id='word_1_125' title='bbox 1345 1650 1518 1721; x_wconf 74' lang='lat' dir='ltr'><strong>(Paul.</strong></span> <span class='ocrx_word' id='word_1_126' title='bbox 1567 1670 1753 1720; x_wconf 77' lang='lat' dir='ltr'><strong>xxxiv,</strong></span> <span class='ocrx_word' id='word_1_127' title='bbox 1788 1654 1858 1724; x_wconf 90' lang='lat' dir='ltr'><strong>l),</strong></span> <span class='ocrx_word' id='word_1_128' title='bbox 1890 1665 1943 1709; x_wconf 91' lang='lat' dir='ltr'><strong>et</strong></span> <span class='ocrx_word' id='word_1_129' title='bbox 1977 1655 2065 1709; x_wconf 82' lang='lat' dir='ltr'><strong>liis</strong></span> <span class='ocrx_word' id='word_1_130' title='bbox 2088 1654 2161 1709; x_wconf 74' lang='grc' dir='ltr'><strong>εἱ-</strong></span> 
     </span>
    </p>
   </div>
   <div class='ocr_carea' id='block_1_19' title="bbox 575 1736 742 1791">
    <p class='ocr_par' dir='ltr' id='par_1_19' title="bbox 575 1736 742 1791">
     <span class='ocr_line' id='line_1_19' title="bbox 575 1736 742 1791; baseline 0 0"><span class='ocrx_word' id='word_1_131' title='bbox 575 1736 742 1791; x_wconf 86' lang='lat' dir='ltr'><strong>milia.</strong></span> 
     </span>
    </p>
   </div>
   <div class='ocr_carea' id='block_1_20' title="bbox 649 1823 2162 1905">
    <p class='ocr_par' dir='ltr' id='par_1_20' title="bbox 649 1823 2162 1905">
     <span class='ocr_line' id='line_1_20' title="bbox 649 1823 2162 1905; baseline 0.007 -28"><span class='ocrx_word' id='word_1_132' title='bbox 649 1823 801 1879; x_wconf 80' lang='lat' dir='ltr'><strong>Nunc</strong></span> <span class='ocrx_word' id='word_1_133' title='bbox 825 1825 989 1897; x_wconf 86' lang='lat' dir='ltr'><strong>igitur</strong></span> <span class='ocrx_word' id='word_1_134' title='bbox 1028 1826 1129 1881; x_wconf 90' lang='lat' dir='ltr'><strong>ista</strong></span> <span class='ocrx_word' id='word_1_135' title='bbox 1178 1845 1299 1899; x_wconf 63' lang='lat' dir='ltr'><strong>quae</strong></span> <span class='ocrx_word' id='word_1_136' title='bbox 1340 1829 1601 1901; x_wconf 82' lang='lat' dir='ltr'><strong>loquitur,</strong></span> <span class='ocrx_word' id='word_1_137' title='bbox 1651 1832 1730 1905; x_wconf 92' lang='lat' dir='ltr'><strong>sic</strong></span> <span class='ocrx_word' id='word_1_138' title='bbox 1760 1832 1983 1903; x_wconf 84' lang='lat' dir='ltr'><strong>intelligi</strong></span> <span class='ocrx_word' id='word_1_139' title='bbox 2008 1833 2162 1887; x_wconf 87' lang='lat' dir='ltr'><strong>volu-</strong></span> 
     </span>
    </p>
   </div>
   <div class='ocr_carea' id='block_1_21' title="bbox 576 1922 2159 1993">
    <p class='ocr_par' dir='ltr' id='par_1_21' title="bbox 576 1922 2159 1993">
     <span class='ocr_line' id='line_1_21' title="bbox 576 1922 2159 1993; baseline 0.013 -25"><span class='ocrx_word' id='word_1_140' title='bbox 576 1928 715 1981; x_wconf 82' lang='lat' dir='ltr'><strong>tnus,</strong></span> <span class='ocrx_word' id='word_1_141' title='bbox 733 1926 984 1985; x_wconf 83' lang='lat' dir='ltr'><strong>tanquam</strong></span> <span class='ocrx_word' id='word_1_142' title='bbox 1004 1923 1047 1974; x_wconf 90' lang='lat' dir='ltr'><strong>si</strong></span> <span class='ocrx_word' id='word_1_143' title='bbox 1062 1940 1123 1976; x_wconf 91' lang='lat' dir='ltr'><strong>ea</strong></span> <span class='ocrx_word' id='word_1_144' title='bbox 1138 1924 1257 1993; x_wconf 88' lang='lat' dir='ltr'><strong>quis</strong></span> <span class='ocrx_word' id='word_1_145' title='bbox 1273 1936 1581 1977; x_wconf 85' lang='lat' dir='ltr'><strong>sanctorum</strong></span> <span class='ocrx_word' id='word_1_146' title='bbox 1597 1922 1713 1991; x_wconf 72' lang='lat' dir='ltr'><strong>ejus</strong></span> <span class='ocrx_word' id='word_1_147' title='bbox 1728 1923 2058 1991; x_wconf 72' lang='lat' dir='ltr'><strong>loqueretur;</strong></span> <span class='ocrx_word' id='word_1_148' title='bbox 2081 1924 2159 1977; x_wconf 59' lang='lat' dir='ltr'><strong>ait</strong></span> 
     </span>
    </p>
   </div>
   <div class='ocr_carea' id='block_1_22' title="bbox 573 2002 2157 2085">
    <p class='ocr_par' dir='ltr' id='par_1_22' title="bbox 573 2002 2157 2085">
     <span class='ocr_line' id='line_1_22' title="bbox 573 2002 2157 2085; baseline 0.005 -26"><span class='ocrx_word' id='word_1_149' title='bbox 573 2005 717 2059; x_wconf 89' lang='lat' dir='ltr'><strong>enim</strong></span> <span class='ocrx_word' id='word_1_150' title='bbox 745 2025 756 2057; x_wconf 79' lang='grc' dir='ltr'><strong><em>τ</em></strong></span> <span class='ocrx_word' id='word_1_151' title='bbox 778 2006 889 2077; x_wconf 82' lang='lat' dir='ltr'><strong>Ego</strong></span> <span class='ocrx_word' id='word_1_152' title='bbox 908 2026 1022 2062; x_wconf 88' lang='lat' dir='ltr'><strong>sum</strong></span> <span class='ocrx_word' id='word_1_153' title='bbox 1043 2024 1225 2081; x_wconf 86' lang='lat' dir='ltr'><strong>pastor</strong></span> <span class='ocrx_word' id='word_1_154' title='bbox 1245 2014 1431 2071; x_wconf 85' lang='lat' dir='ltr'><strong>bonus.</strong></span> <span class='ocrx_word' id='word_1_155' title='bbox 1448 2002 1898 2085; x_wconf 87' lang='lat' dir='ltr'><strong>Etunusquisque</strong></span> <span class='ocrx_word' id='word_1_156' title='bbox 1914 2023 2157 2069; x_wconf 83' lang='lat' dir='ltr'><strong>nostrum</strong></span> 
     </span>
    </p>
   </div>
   <div class='ocr_carea' id='block_1_23' title="bbox 575 2098 2158 2173">
    <p class='ocr_par' dir='ltr' id='par_1_23' title="bbox 575 2098 2158 2173">
     <span class='ocr_line' id='line_1_23' title="bbox 575 2098 2158 2173; baseline 0.005 -24"><span class='ocrx_word' id='word_1_157' title='bbox 575 2098 734 2153; x_wconf 84' lang='lat' dir='ltr'><strong>debet</strong></span> <span class='ocrx_word' id='word_1_158' title='bbox 760 2116 877 2154; x_wconf 88' lang='lat' dir='ltr'><strong>esse</strong></span> <span class='ocrx_word' id='word_1_159' title='bbox 898 2112 1095 2170; x_wconf 87' lang='lat' dir='ltr'><strong>pastor,</strong></span> <span class='ocrx_word' id='word_1_160' title='bbox 1120 2119 1226 2157; x_wconf 91' lang='lat' dir='ltr'><strong>non</strong></span> <span class='ocrx_word' id='word_1_161' title='bbox 1257 2104 1666 2173; x_wconf 86' lang='lat' dir='ltr'><strong>qualiscunque,</strong></span> <span class='ocrx_word' id='word_1_162' title='bbox 1690 2106 1783 2159; x_wconf 85' lang='lat' dir='ltr'><strong>sed</strong></span> <span class='ocrx_word' id='word_1_163' title='bbox 1805 2106 2002 2169; x_wconf 87' lang='lat' dir='ltr'><strong>bonus;</strong></span> <span class='ocrx_word' id='word_1_164' title='bbox 2032 2104 2158 2173; x_wconf 91' lang='lat' dir='ltr'><strong>quia</strong></span> 
     </span>
    </p>
   </div>
   <div class='ocr_carea' id='block_1_24' title="bbox 575 2192 2158 2258">
    <p class='ocr_par' dir='ltr' id='par_1_24' title="bbox 575 2192 2158 2258">
     <span class='ocr_line' id='line_1_24' title="bbox 575 2192 2158 2258; baseline 0.007 -20"><span class='ocrx_word' id='word_1_165' title='bbox 575 2202 794 2258; x_wconf 78' lang='lat' dir='ltr'><strong>gregem</strong></span> <span class='ocrx_word' id='word_1_166' title='bbox 822 2192 1028 2255; x_wconf 90' lang='lat' dir='ltr'><strong>ovium,</strong></span> <span class='ocrx_word' id='word_1_167' title='bbox 1058 2192 1109 2246; x_wconf 90' lang='lat' dir='ltr'><strong>id</strong></span> <span class='ocrx_word' id='word_1_168' title='bbox 1134 2202 1217 2248; x_wconf 89' lang='lat' dir='ltr'><strong>est</strong></span> <span class='ocrx_word' id='word_1_169' title='bbox 1245 2196 1566 2247; x_wconf 73' lang='lat' dir='ltr'><strong>mundat-um</strong></span> <span class='ocrx_word' id='word_1_170' title='bbox 1606 2203 1661 2249; x_wconf 89' lang='lat' dir='ltr'><strong>et</strong></span> <span class='ocrx_word' id='word_1_171' title='bbox 1700 2194 2041 2249; x_wconf 83' lang='lat' dir='ltr'><strong>innoxiarum</strong></span> <span class='ocrx_word' id='word_1_172' title='bbox 2070 2211 2158 2249; x_wconf 84' lang='lat' dir='ltr'><strong>co-</strong></span> 
     </span>
    </p>
   </div>
   <div class='ocr_carea' id='block_1_25' title="bbox 577 2275 2161 2353">
    <p class='ocr_par' dir='ltr' id='par_1_25' title="bbox 577 2275 2161 2353">
     <span class='ocr_line' id='line_1_25' title="bbox 577 2275 2161 2353; baseline 0.008 -27"><span class='ocrx_word' id='word_1_173' title='bbox 577 2275 898 2344; x_wconf 84' lang='lat' dir='ltr'><strong>gitationum</strong></span> <span class='ocrx_word' id='word_1_174' title='bbox 957 2291 1121 2349; x_wconf 80' lang='lat' dir='ltr'><strong>atque</strong></span> <span class='ocrx_word' id='word_1_175' title='bbox 1176 2282 1439 2336; x_wconf 87' lang='lat' dir='ltr'><strong>virtutum</strong></span> <span class='ocrx_word' id='word_1_176' title='bbox 1489 2284 1674 2348; x_wconf 81' lang='lat' dir='ltr'><strong>habet,</strong></span> <span class='ocrx_word' id='word_1_177' title='bbox 1731 2298 1890 2352; x_wconf 86' lang='lat' dir='ltr'><strong>quem</strong></span> <span class='ocrx_word' id='word_1_178' title='bbox 1945 2285 2161 2353; x_wconf 82' lang='lat' dir='ltr'><strong>pascuis</strong></span> 
     </span>
    </p>
   </div>
   <div class='ocr_carea' id='block_1_26' title="bbox 578 2367 2160 2443">
    <p class='ocr_par' dir='ltr' id='par_1_26' title="bbox 578 2367 2160 2443">
     <span class='ocr_line' id='line_1_26' title="bbox 578 2367 2160 2443; baseline 0.01 -29"><span class='ocrx_word' id='word_1_179' title='bbox 578 2367 982 2434; x_wconf 64' lang='lat' dir='ltr'><strong>Seripturarum</strong></span> <span class='ocrx_word' id='word_1_180' title='bbox 1033 2386 1277 2439; x_wconf 26' lang='lat' dir='ltr'><strong>pascens,</strong></span> <span class='ocrx_word' id='word_1_181' title='bbox 1309 2374 1530 2438; x_wconf 86' lang='lat' dir='ltr'><strong>nutriat,</strong></span> <span class='ocrx_word' id='word_1_182' title='bbox 1572 2390 1731 2443; x_wconf 86' lang='lat' dir='ltr'><strong>quem</strong></span> <span class='ocrx_word' id='word_1_183' title='bbox 1781 2374 1932 2429; x_wconf 91' lang='lat' dir='ltr'><strong>velut</strong></span> <span class='ocrx_word' id='word_1_184' title='bbox 1982 2376 2048 2429; x_wconf 92' lang='lat' dir='ltr'><strong>de</strong></span> <span class='ocrx_word' id='word_1_185' title='bbox 2094 2390 2160 2430; x_wconf 91' lang='lat' dir='ltr'><strong>eo</strong></span> 
     </span>
    </p>
   </div>
   <div class='ocr_carea' id='block_1_27' title="bbox 575 2455 2158 2521">
    <p class='ocr_par' dir='ltr' id='par_1_27' title="bbox 575 2455 2158 2521">
     <span class='ocr_line' id='line_1_27' title="bbox 575 2455 2158 2521; baseline 0.009 -14"><span class='ocrx_word' id='word_1_186' title='bbox 575 2455 837 2511; x_wconf 74' lang='lat' dir='ltr'><strong>rationem</strong></span> <span class='ocrx_word' id='word_1_187' title='bbox 859 2461 1167 2517; x_wconf 87' lang='lat' dir='ltr'><strong>redditurus</strong></span> <span class='ocrx_word' id='word_1_188' title='bbox 1189 2464 1415 2518; x_wconf 90' lang='lat' dir='ltr'><strong>Domino</strong></span> <span class='ocrx_word' id='word_1_189' title='bbox 1429 2466 1718 2520; x_wconf 86' lang='lat' dir='ltr'><strong>custodiat.</strong></span> <span class='ocrx_word' id='word_1_190' title='bbox 1744 2465 1954 2520; x_wconf 83' lang='lat' dir='ltr'><strong>Talium</strong></span> <span class='ocrx_word' id='word_1_191' title='bbox 1976 2468 2158 2521; x_wconf 89' lang='lat' dir='ltr'><strong>ovium</strong></span> 
     </span>
    </p>
   </div>
   <div class='ocr_carea' id='block_1_28' title="bbox 576 2544 2157 2629">
    <p class='ocr_par' dir='ltr' id='par_1_28' title="bbox 576 2544 2157 2629">
     <span class='ocr_line' id='line_1_28' title="bbox 576 2544 2157 2629; baseline 0.01 -31"><span class='ocrx_word' id='word_1_192' title='bbox 576 2544 802 2602; x_wconf 89' lang='lat' dir='ltr'><strong>idoneus</strong></span> <span class='ocrx_word' id='word_1_193' title='bbox 832 2562 1017 2620; x_wconf 89' lang='lat' dir='ltr'><strong>pastor</strong></span> <span class='ocrx_word' id='word_1_194' title='bbox 1043 2563 1159 2607; x_wconf 87' lang='lat' dir='ltr'><strong>erat</strong></span> <span class='ocrx_word' id='word_1_195' title='bbox 1181 2565 1401 2610; x_wconf 87' lang='lat' dir='ltr'><strong>sanctus</strong></span> <span class='ocrx_word' id='word_1_196' title='bbox 1432 2557 1618 2621; x_wconf 81' lang='lat' dir='ltr'><strong>David,</strong></span> <span class='ocrx_word' id='word_1_197' title='bbox 1645 2560 1861 2628; x_wconf 86' lang='lat' dir='ltr'><strong>quando</strong></span> <span class='ocrx_word' id='word_1_198' title='bbox 1896 2561 1950 2613; x_wconf 94' lang='lat' dir='ltr'><strong>in</strong></span> <span class='ocrx_word' id='word_1_199' title='bbox 1978 2576 2157 2629; x_wconf 79' lang='lat' dir='ltr'><strong>regem</strong></span> 
     </span>
    </p>
   </div>
   <div class='ocr_carea' id='block_1_29' title="bbox 576 2647 2161 2722">
    <p class='ocr_par' dir='ltr' id='par_1_29' title="bbox 576 2647 2161 2722">
     <span class='ocr_line' id='line_1_29' title="bbox 576 2647 2161 2722; baseline 0.01 -31"><span class='ocrx_word' id='word_1_200' title='bbox 576 2650 768 2694; x_wconf 78' lang='lat' dir='ltr'><strong>auctus</strong></span> <span class='ocrx_word' id='word_1_201' title='bbox 789 2652 893 2707; x_wconf 85' lang='lat' dir='ltr'><strong>est,</strong></span> <span class='ocrx_word' id='word_1_202' title='bbox 917 2647 1085 2714; x_wconf 88' lang='lat' dir='ltr'><strong>utqui</strong></span> <span class='ocrx_word' id='word_1_203' title='bbox 1119 2648 1254 2701; x_wconf 88' lang='lat' dir='ltr'><strong>bene</strong></span> <span class='ocrx_word' id='word_1_204' title='bbox 1282 2664 1408 2703; x_wconf 89' lang='lat' dir='ltr'><strong>suos</strong></span> <span class='ocrx_word' id='word_1_205' title='bbox 1433 2665 1611 2704; x_wconf 89' lang='lat' dir='ltr'><strong>mores</strong></span> <span class='ocrx_word' id='word_1_206' title='bbox 1631 2663 1683 2704; x_wconf 89' lang='lat' dir='ltr'><strong>et</strong></span> <span class='ocrx_word' id='word_1_207' title='bbox 1711 2653 1944 2720; x_wconf 88' lang='lat' dir='ltr'><strong>seipsum</strong></span> <span class='ocrx_word' id='word_1_208' title='bbox 1974 2667 2161 2722; x_wconf 75' lang='lat' dir='ltr'><strong>regere</strong></span> 
     </span>
    </p>
   </div>
   <div class='ocr_carea' id='block_1_30' title="bbox 574 2736 2159 2796">
    <p class='ocr_par' dir='ltr' id='par_1_30' title="bbox 574 2736 2159 2796">
     <span class='ocr_line' id='line_1_30' title="bbox 574 2736 2159 2796; baseline 0.01 -15"><span class='ocrx_word' id='word_1_209' title='bbox 574 2738 818 2795; x_wconf 75' lang='lat' dir='ltr'><strong>noverat,</strong></span> <span class='ocrx_word' id='word_1_210' title='bbox 846 2743 1023 2788; x_wconf 89' lang='lat' dir='ltr'><strong>rector</strong></span> <span class='ocrx_word' id='word_1_211' title='bbox 1048 2736 1270 2791; x_wconf 90' lang='lat' dir='ltr'><strong>aliorum</strong></span> <span class='ocrx_word' id='word_1_212' title='bbox 1299 2739 1471 2793; x_wconf 84' lang='lat' dir='ltr'><strong>ﬁeret.</strong></span> <span class='ocrx_word' id='word_1_213' title='bbox 1497 2740 1706 2794; x_wconf 88' lang='lat' dir='ltr'><strong>Talium</strong></span> <span class='ocrx_word' id='word_1_214' title='bbox 1731 2742 1911 2795; x_wconf 89' lang='lat' dir='ltr'><strong>ovium</strong></span> <span class='ocrx_word' id='word_1_215' title='bbox 1940 2752 2159 2796; x_wconf 86' lang='lat' dir='ltr'><strong>sanctus</strong></span> 
     </span>
    </p>
   </div>
   <div class='ocr_carea' id='block_1_31' title="bbox 572 2814 2159 2900">
    <p class='ocr_par' dir='ltr' id='par_1_31' title="bbox 572 2814 2159 2900">
     <span class='ocr_line' id='line_1_31' title="bbox 572 2814 2159 2900; baseline 0.011 -29"><span class='ocrx_word' id='word_1_216' title='bbox 572 2814 674 2872; x_wconf 84' lang='lat' dir='ltr'><strong>Job</strong></span> <span class='ocrx_word' id='word_1_217' title='bbox 693 2830 895 2889; x_wconf 82' lang='lat' dir='ltr'><strong>septem</strong></span> <span class='ocrx_word' id='word_1_218' title='bbox 922 2824 1089 2879; x_wconf 90' lang='lat' dir='ltr'><strong>millia</strong></span> <span class='ocrx_word' id='word_1_219' title='bbox 1119 2829 1591 2899; x_wconf 88' lang='lat' dir='ltr'><strong>possidebat;quia</strong></span> <span class='ocrx_word' id='word_1_220' title='bbox 1621 2831 1856 2900; x_wconf 82' lang='lat' dir='ltr'><strong>perfecte</strong></span> <span class='ocrx_word' id='word_1_221' title='bbox 1875 2834 2159 2889; x_wconf 71' lang='lat' dir='ltr'><strong>virtutibus</strong></span> 
     </span>
    </p>
   </div>
   <div class='ocr_carea' id='block_1_32' title="bbox 574 2908 2157 2990">
    <p class='ocr_par' dir='ltr' id='par_1_32' title="bbox 574 2908 2157 2990">
     <span class='ocr_line' id='line_1_32' title="bbox 574 2908 2157 2990; baseline 0.01 -30"><span class='ocrx_word' id='word_1_222' title='bbox 574 2908 907 2976; x_wconf 77' lang='lat' dir='ltr'><strong>septiformis</strong></span> <span class='ocrx_word' id='word_1_223' title='bbox 936 2915 1124 2981; x_wconf 64' lang='lat' dir='ltr'><strong>gratiae</strong></span> <span class='ocrx_word' id='word_1_224' title='bbox 1163 2917 1366 2973; x_wconf 84' lang='lat' dir='ltr'><strong>ditatus</strong></span> <span class='ocrx_word' id='word_1_225' title='bbox 1395 2929 1533 2973; x_wconf 90' lang='lat' dir='ltr'><strong>erat.</strong></span> <span class='ocrx_word' id='word_1_226' title='bbox 1566 2921 1703 2975; x_wconf 89' lang='lat' dir='ltr'><strong>Sunt</strong></span> <span class='ocrx_word' id='word_1_227' title='bbox 1731 2938 1859 2977; x_wconf 92' lang='lat' dir='ltr'><strong>vero</strong></span> <span class='ocrx_word' id='word_1_228' title='bbox 1894 2924 2157 2990; x_wconf 91' lang='lat' dir='ltr'><strong>nonnulli,</strong></span> 
     </span>
    </p>
   </div>
   <div class='ocr_carea' id='block_1_33' title="bbox 576 2998 2157 3081">
    <p class='ocr_par' dir='ltr' id='par_1_33' title="bbox 576 2998 2157 3081">
     <span class='ocr_line' id='line_1_33' title="bbox 576 2998 2157 3081; baseline 0.013 -32"><span class='ocrx_word' id='word_1_229' title='bbox 576 2999 668 3067; x_wconf 91' lang='lat' dir='ltr'><strong>qui</strong></span> <span class='ocrx_word' id='word_1_230' title='bbox 695 2998 833 3055; x_wconf 89' lang='lat' dir='ltr'><strong>bona</strong></span> <span class='ocrx_word' id='word_1_231' title='bbox 871 3019 990 3072; x_wconf 71' lang='lat' dir='ltr'><strong>qua:</strong></span> <span class='ocrx_word' id='word_1_232' title='bbox 1035 3005 1260 3072; x_wconf 82' lang='lat' dir='ltr'><strong>faciunt,</strong></span> <span class='ocrx_word' id='word_1_233' title='bbox 1313 3025 1653 3081; x_wconf 87' lang='lat' dir='ltr'><strong>nequaquam</strong></span> <span class='ocrx_word' id='word_1_234' title='bbox 1696 3015 1951 3069; x_wconf 86' lang='lat' dir='ltr'><strong>sensibus</strong></span> <span class='ocrx_word' id='word_1_235' title='bbox 1981 3024 2034 3069; x_wconf 90' lang='lat' dir='ltr'><strong>et</strong></span> <span class='ocrx_word' id='word_1_236' title='bbox 2068 3030 2157 3069; x_wconf 87' lang='lat' dir='ltr'><strong>re-</strong></span> 
     </span>
    </p>
   </div>
   <div class='ocr_carea' id='block_1_34' title="bbox 576 3088 2158 3175">
    <p class='ocr_par' dir='ltr' id='par_1_34' title="bbox 576 3088 2158 3175">
     <span class='ocr_line' id='line_1_34' title="bbox 576 3088 2158 3175; baseline 0.016 -37"><span class='ocrx_word' id='word_1_237' title='bbox 576 3088 715 3157; x_wconf 90' lang='lat' dir='ltr'><strong>gulis</strong></span> <span class='ocrx_word' id='word_1_238' title='bbox 763 3090 1099 3161; x_wconf 84' lang='lat' dir='ltr'><strong>cloquiorum</strong></span> <span class='ocrx_word' id='word_1_239' title='bbox 1153 3098 1242 3153; x_wconf 87' lang='lat' dir='ltr'><strong>Dei</strong></span> <span class='ocrx_word' id='word_1_240' title='bbox 1281 3111 1528 3168; x_wconf 85' lang='lat' dir='ltr'><strong>pascunt,</strong></span> <span class='ocrx_word' id='word_1_241' title='bbox 1579 3104 1671 3158; x_wconf 90' lang='lat' dir='ltr'><strong>sed</strong></span> <span class='ocrx_word' id='word_1_242' title='bbox 1717 3103 1871 3172; x_wconf 83' lang='lat' dir='ltr'><strong>juxta</strong></span> <span class='ocrx_word' id='word_1_243' title='bbox 1912 3108 2052 3175; x_wconf 89' lang='lat' dir='ltr'><strong>quod</strong></span> <span class='ocrx_word' id='word_1_244' title='bbox 2078 3108 2158 3163; x_wconf 89' lang='lat' dir='ltr'><strong>eis</strong></span> 
     </span>
    </p>
   </div>
   <div class='ocr_carea' id='block_1_35' title="bbox 578 3182 2159 3265">
    <p class='ocr_par' dir='ltr' id='par_1_35' title="bbox 578 3182 2159 3265">
     <span class='ocr_line' id='line_1_35' title="bbox 578 3182 2159 3265; baseline 0.015 -36"><span class='ocrx_word' id='word_1_245' title='bbox 578 3182 1302 3243; x_wconf 82' lang='lat' dir='ltr'><strong>rectumvideturnutriunt.</strong></span> <span class='ocrx_word' id='word_1_246' title='bbox 1338 3190 1479 3245; x_wconf 81' lang='lat' dir='ltr'><strong>Ethi</strong></span> <span class='ocrx_word' id='word_1_247' title='bbox 1524 3192 1761 3262; x_wconf 80' lang='lat' dir='ltr'><strong>perfecto</strong></span> <span class='ocrx_word' id='word_1_248' title='bbox 1800 3195 1924 3249; x_wconf 88' lang='lat' dir='ltr'><strong>boni</strong></span> <span class='ocrx_word' id='word_1_249' title='bbox 1978 3207 2159 3265; x_wconf 87' lang='lat' dir='ltr'><strong>pasto-</strong></span> 
     </span>
    </p>
   </div>
   <div class='ocr_carea' id='block_1_36' title="bbox 575 3279 2157 3350">
    <p class='ocr_par' dir='ltr' id='par_1_36' title="bbox 575 3279 2157 3350">
     <span class='ocr_line' id='line_1_36' title="bbox 575 3279 2157 3350; baseline 0.013 -29"><span class='ocrx_word' id='word_1_250' title='bbox 575 3281 666 3322; x_wconf 88' lang='lat' dir='ltr'><strong>res</strong></span> <span class='ocrx_word' id='word_1_251' title='bbox 696 3285 803 3325; x_wconf 89' lang='lat' dir='ltr'><strong>non</strong></span> <span class='ocrx_word' id='word_1_252' title='bbox 857 3285 1011 3341; x_wconf 89' lang='lat' dir='ltr'><strong>sunt;</strong></span> <span class='ocrx_word' id='word_1_253' title='bbox 1047 3279 1173 3346; x_wconf 89' lang='lat' dir='ltr'><strong>quia</strong></span> <span class='ocrx_word' id='word_1_254' title='bbox 1220 3293 1409 3350; x_wconf 80' lang='lat' dir='ltr'><strong>greges</strong></span> <span class='ocrx_word' id='word_1_255' title='bbox 1450 3283 1725 3337; x_wconf 85' lang='lat' dir='ltr'><strong>actionum</strong></span> <span class='ocrx_word' id='word_1_256' title='bbox 1780 3300 1999 3340; x_wconf 89' lang='lat' dir='ltr'><strong>suarum</strong></span> <span class='ocrx_word' id='word_1_257' title='bbox 2053 3303 2157 3342; x_wconf 89' lang='lat' dir='ltr'><strong>non</strong></span> 
     </span>
    </p>
   </div>
   <div class='ocr_carea' id='block_1_37' title="bbox 573 3360 2160 3451">
    <p class='ocr_par' dir='ltr' id='par_1_37' title="bbox 573 3360 2160 3451">
     <span class='ocr_line' id='line_1_37' title="bbox 573 3360 2160 3451; baseline 0.013 -33"><span class='ocrx_word' id='word_1_258' title='bbox 573 3360 712 3419; x_wconf 83' lang='lat' dir='ltr'><strong>bene</strong></span> <span class='ocrx_word' id='word_1_259' title='bbox 749 3379 995 3437; x_wconf 86' lang='lat' dir='ltr'><strong>pascunt,</strong></span> <span class='ocrx_word' id='word_1_260' title='bbox 1028 3387 1151 3426; x_wconf 90' lang='lat' dir='ltr'><strong>cum</strong></span> <span class='ocrx_word' id='word_1_261' title='bbox 1188 3362 1448 3445; x_wconf 84' lang='lat' dir='ltr'><strong>scriptum</strong></span> <span class='ocrx_word' id='word_1_262' title='bbox 1480 3377 1585 3432; x_wconf 90' lang='lat' dir='ltr'><strong>sit:</strong></span> <span class='ocrx_word' id='word_1_263' title='bbox 1616 3377 1813 3435; x_wconf 87' lang='lat' dir='ltr'><strong>Discite</strong></span> <span class='ocrx_word' id='word_1_264' title='bbox 1835 3381 1960 3436; x_wconf 84' lang='lat' dir='ltr'><strong>bene</strong></span> <span class='ocrx_word' id='word_1_265' title='bbox 1986 3382 2160 3451; x_wconf 81' lang='lat' dir='ltr'><strong>facere</strong></span> 
     </span>
    </p>
   </div>
   <div class='ocr_carea' id='block_1_38' title="bbox 574 3451 920 3526">
    <p class='ocr_par' dir='ltr' id='par_1_38' title="bbox 574 3451 920 3526">
     <span class='ocr_line' id='line_1_38' title="bbox 574 3451 920 3526; baseline 0.023 -21"><span class='ocrx_word' id='word_1_266' title='bbox 574 3451 714 3522; x_wconf 85' lang='lat' dir='ltr'><strong>(Isa.</strong></span> <span class='ocrx_word' id='word_1_267' title='bbox 741 3472 777 3520; x_wconf 92' lang='lat' dir='ltr'><strong>l,</strong></span> <span class='ocrx_word' id='word_1_268' title='bbox 809 3459 920 3526; x_wconf 81' lang='grc'><strong>17).</strong></span> 
     </span>
    </p>
   </div>
   <div class='ocr_carea' id='block_1_39' title="bbox 646 3546 2158 3633">
    <p class='ocr_par' dir='ltr' id='par_1_39' title="bbox 646 3546 2158 3633">
     <span class='ocr_line' id='line_1_39' title="bbox 646 3546 2158 3633; baseline 0.015 -35"><span class='ocrx_word' id='word_1_269' title='bbox 646 3546 826 3603; x_wconf 86' lang='lat' dir='ltr'><strong>Bonus</strong></span> <span class='ocrx_word' id='word_1_270' title='bbox 859 3567 985 3607; x_wconf 88' lang='lat' dir='ltr'><strong>vero</strong></span> <span class='ocrx_word' id='word_1_271' title='bbox 1034 3569 1214 3623; x_wconf 79' lang='lat' dir='ltr'><strong>pastor</strong></span> <span class='ocrx_word' id='word_1_272' title='bbox 1255 3560 1487 3614; x_wconf 81' lang='lat' dir='ltr'><strong>animant</strong></span> <span class='ocrx_word' id='word_1_273' title='bbox 1514 3579 1664 3615; x_wconf 87' lang='lat' dir='ltr'><strong>suam</strong></span> <span class='ocrx_word' id='word_1_274' title='bbox 1693 3564 1837 3619; x_wconf 79' lang='lat' dir='ltr'><strong>ponit</strong></span> <span class='ocrx_word' id='word_1_275' title='bbox 1857 3581 1951 3633; x_wconf 88' lang='lat' dir='ltr'><strong>pro</strong></span> <span class='ocrx_word' id='word_1_276' title='bbox 1981 3565 2158 3620; x_wconf 83' lang='lat' dir='ltr'><strong>ovibus</strong></span> 
     </span>
    </p>
   </div>
   <div class='ocr_carea' id='block_1_40' title="bbox 575 3640 2159 3725">
    <p class='ocr_par' dir='ltr' id='par_1_40' title="bbox 575 3640 2159 3725">
     <span class='ocr_line' id='line_1_40' title="bbox 575 3640 2159 3725; baseline 0.013 -36"><span class='ocrx_word' id='word_1_277' title='bbox 575 3640 723 3703; x_wconf 85' lang='lat' dir='ltr'><strong>suis;</strong></span> <span class='ocrx_word' id='word_1_278' title='bbox 763 3643 886 3710; x_wconf 84' lang='lat' dir='ltr'><strong>quia</strong></span> <span class='ocrx_word' id='word_1_279' title='bbox 916 3658 1234 3712; x_wconf 60' lang='lat' dir='ltr'><strong>praesentem</strong></span> <span class='ocrx_word' id='word_1_280' title='bbox 1264 3652 1426 3704; x_wconf 87' lang='lat' dir='ltr'><strong>vitam</strong></span> <span class='ocrx_word' id='word_1_281' title='bbox 1452 3668 1625 3720; x_wconf 88' lang='lat' dir='ltr'><strong>suam,</strong></span> <span class='ocrx_word' id='word_1_282' title='bbox 1652 3670 1772 3724; x_wconf 81' lang='lat' dir='ltr'><strong>quae</strong></span> <span class='ocrx_word' id='word_1_283' title='bbox 1798 3656 2159 3725; x_wconf 80' lang='lat' dir='ltr'><strong>appellatione</strong></span> 
     </span>
    </p>
   </div>
   <div class='ocr_carea' id='block_1_41' title="bbox 576 3730 2161 3817">
    <p class='ocr_par' dir='ltr' id='par_1_41' title="bbox 576 3730 2161 3817">
     <span class='ocr_line' id='line_1_41' title="bbox 576 3730 2161 3817; baseline 0.013 -35"><span class='ocrx_word' id='word_1_284' title='bbox 576 3730 771 3784; x_wconf 68' lang='lat' dir='ltr'><strong>animm</strong></span> <span class='ocrx_word' id='word_1_285' title='bbox 817 3734 1149 3805; x_wconf 83' lang='lat' dir='ltr'><strong>designatur,</strong></span> <span class='ocrx_word' id='word_1_286' title='bbox 1185 3741 1237 3801; x_wconf 87' lang='lat' dir='ltr'><strong>in</strong></span> <span class='ocrx_word' id='word_1_287' title='bbox 1270 3740 1652 3800; x_wconf 77' lang='lat' dir='ltr'><strong>alﬂictionibus</strong></span> <span class='ocrx_word' id='word_1_288' title='bbox 1708 3747 1875 3815; x_wconf 76' lang='lat' dir='ltr'><strong>punit,</strong></span> <span class='ocrx_word' id='word_1_289' title='bbox 1930 3748 2031 3817; x_wconf 86' lang='lat' dir='ltr'><strong>hoc</strong></span> <span class='ocrx_word' id='word_1_290' title='bbox 2075 3758 2161 3803; x_wconf 88' lang='lat' dir='ltr'><strong>est</strong></span> 
     </span>
    </p>
   </div>
   <div class='ocr_carea' id='block_1_42' title="bbox 574 3826 2157 3905">
    <p class='ocr_par' dir='ltr' id='par_1_42' title="bbox 574 3826 2157 3905">
     <span class='ocr_line' id='line_1_42' title="bbox 574 3826 2157 3905; baseline 0.013 -34"><span class='ocrx_word' id='word_1_291' title='bbox 574 3828 871 3889; x_wconf 89' lang='lat' dir='ltr'><strong>spontanea</strong></span> <span class='ocrx_word' id='word_1_292' title='bbox 893 3826 1163 3883; x_wconf 82' lang='lat' dir='ltr'><strong>voluntate</strong></span> <span class='ocrx_word' id='word_1_293' title='bbox 1184 3832 1411 3897; x_wconf 91' lang='lat' dir='ltr'><strong>cruciat,</strong></span> <span class='ocrx_word' id='word_1_294' title='bbox 1436 3847 1533 3901; x_wconf 77' lang='lat' dir='ltr'><strong>pro</strong></span> <span class='ocrx_word' id='word_1_295' title='bbox 1554 3833 1784 3889; x_wconf 74' lang='lat' dir='ltr'><strong>utilitate</strong></span> <span class='ocrx_word' id='word_1_296' title='bbox 1799 3836 2157 3905; x_wconf 80' lang='lat' dir='ltr'><strong>spiritualium</strong></span> 
     </span>
    </p>
   </div>
   <div class='ocr_carea' id='block_1_43' title="bbox 574 3916 2156 3984">
    <p class='ocr_par' dir='ltr' id='par_1_43' title="bbox 574 3916 2156 3984">
     <span class='ocr_line' id='line_1_43' title="bbox 574 3916 2156 3984; baseline 0.012 -19"><span class='ocrx_word' id='word_1_297' title='bbox 574 3926 793 3968; x_wconf 86' lang='lat' dir='ltr'><strong>suarum</strong></span> <span class='ocrx_word' id='word_1_298' title='bbox 819 3916 1078 3973; x_wconf 87' lang='lat' dir='ltr'><strong>virtutum</strong></span> <span class='ocrx_word' id='word_1_299' title='bbox 1106 3930 1159 3976; x_wconf 90' lang='lat' dir='ltr'><strong>et</strong></span> <span class='ocrx_word' id='word_1_300' title='bbox 1188 3922 1452 3979; x_wconf 87' lang='lat' dir='ltr'><strong>bonarum</strong></span> <span class='ocrx_word' id='word_1_301' title='bbox 1476 3926 1771 3981; x_wconf 88' lang='lat' dir='ltr'><strong>actionum.</strong></span> <span class='ocrx_word' id='word_1_302' title='bbox 1798 3927 2156 3984; x_wconf 70' lang='lat' dir='ltr'><strong>Mercenarius</strong></span> 
     </span>
    </p>
   </div>
   <div class='ocr_carea' id='block_1_44' title="bbox 570 4010 2157 4091">
    <p class='ocr_par' dir='ltr' id='par_1_44' title="bbox 570 4010 2157 4091">
     <span class='ocr_line' id='line_1_44' title="bbox 570 4010 2157 4091; baseline 0.013 -36"><span class='ocrx_word' id='word_1_303' title='bbox 570 4016 763 4069; x_wconf 84' lang='lat' dir='ltr'><strong>autent,</strong></span> <span class='ocrx_word' id='word_1_304' title='bbox 788 4018 835 4060; x_wconf 80' lang='grc' dir='ltr'><strong>ει</strong></span> <span class='ocrx_word' id='word_1_305' title='bbox 975 4027 1077 4065; x_wconf 88' lang='lat' dir='ltr'><strong>non</strong></span> <span class='ocrx_word' id='word_1_306' title='bbox 1106 4023 1180 4066; x_wconf 69' lang='grc'><strong>881</strong></span> <span class='ocrx_word' id='word_1_307' title='bbox 1202 4026 1399 4083; x_wconf 76' lang='lat' dir='ltr'><strong>pastor,</strong></span> <span class='ocrx_word' id='word_1_308' title='bbox 1425 4019 1575 4086; x_wconf 86' lang='lat' dir='ltr'><strong>cujus</strong></span> <span class='ocrx_word' id='word_1_309' title='bbox 1607 4036 1709 4073; x_wconf 87' lang='lat' dir='ltr'><strong>non</strong></span> <span class='ocrx_word' id='word_1_310' title='bbox 1740 4032 1859 4073; x_wconf 84' lang='lat' dir='ltr'><strong>sunt</strong></span> <span class='ocrx_word' id='word_1_311' title='bbox 1891 4037 2007 4075; x_wconf 77' lang='grc' dir='ltr'><strong>συεε</strong></span> <span class='ocrx_word' id='word_1_312' title='bbox 2033 4039 2157 4091; x_wconf 74' lang='grc' dir='ltr'><strong>μω·-</strong></span> 
     </span>
    </p>
   </div>
   <div class='ocr_carea' id='block_1_45' title="bbox 567 4095 2151 4179">
    <p class='ocr_par' dir='ltr' id='par_1_45' title="bbox 567 4095 2151 4179">
     <span class='ocr_line' id='line_1_45' title="bbox 567 4095 2151 4179; baseline 0.013 -35"><span class='ocrx_word' id='word_1_313' title='bbox 567 4095 717 4161; x_wconf 72' lang='lat' dir='ltr'><strong>prite,</strong></span> <span class='ocrx_word' id='word_1_314' title='bbox 753 4098 889 4151; x_wconf 81' lang='lat' dir='ltr'><strong>videt</strong></span> <span class='ocrx_word' id='word_1_315' title='bbox 919 4103 1099 4169; x_wconf 84' lang='lat' dir='ltr'><strong>lupum</strong></span> <span class='ocrx_word' id='word_1_316' title='bbox 1125 4106 1427 4168; x_wconf 64' lang='lat' dir='ltr'><strong>venienfcm,</strong></span> <span class='ocrx_word' id='word_1_317' title='bbox 1457 4118 1502 4159; x_wconf 83' lang='lat' dir='ltr'><strong>et</strong></span> <span class='ocrx_word' id='word_1_318' title='bbox 1526 4109 1737 4161; x_wconf 72' lang='lat' dir='ltr'><strong>dimittit</strong></span> <span class='ocrx_word' id='word_1_319' title='bbox 1764 4127 1897 4172; x_wconf 78' lang='lat' dir='ltr'><strong>oves,</strong></span> <span class='ocrx_word' id='word_1_320' title='bbox 1930 4122 1975 4162; x_wconf 87' lang='lat' dir='ltr'><strong>et</strong></span> <span class='ocrx_word' id='word_1_321' title='bbox 2000 4110 2151 4179; x_wconf 84' lang='lat' dir='ltr'><strong>fugit.</strong></span> 
     </span>
    </p>
   </div>
   <div class='ocr_carea' id='block_1_46' title="bbox 569 4181 2153 4263">
    <p class='ocr_par' dir='ltr' id='par_1_46' title="bbox 569 4181 2153 4263">
     <span class='ocr_line' id='line_1_46' title="bbox 569 4181 2153 4263; baseline 0.013 -30"><span class='ocrx_word' id='word_1_322' title='bbox 569 4181 638 4234; x_wconf 84' lang='lat' dir='ltr'><strong>Et</strong></span> <span class='ocrx_word' id='word_1_323' title='bbox 664 4184 815 4253; x_wconf 87' lang='lat' dir='ltr'><strong>lupus</strong></span> <span class='ocrx_word' id='word_1_324' title='bbox 842 4191 1002 4258; x_wconf 83' lang='lat' dir='ltr'><strong>rapit,</strong></span> <span class='ocrx_word' id='word_1_325' title='bbox 1027 4202 1075 4244; x_wconf 89' lang='lat' dir='ltr'><strong>et</strong></span> <span class='ocrx_word' id='word_1_326' title='bbox 1106 4193 1355 4263; x_wconf 69' lang='lat' dir='ltr'><strong>dispergit</strong></span> <span class='ocrx_word' id='word_1_327' title='bbox 1397 4213 1531 4250; x_wconf 84' lang='lat' dir='ltr'><strong>ores.</strong></span> <span class='ocrx_word' id='word_1_328' title='bbox 1581 4198 1941 4252; x_wconf 83' lang='lat' dir='ltr'><strong>Mercenarius</strong></span> <span class='ocrx_word' id='word_1_329' title='bbox 1978 4211 2153 4254; x_wconf 85' lang='lat' dir='ltr'><strong>autent</strong></span> 
     </span>
    </p>
   </div>
   <div class='ocr_carea' id='block_1_47' title="bbox 568 4273 2154 4358">
    <p class='ocr_par' dir='ltr' id='par_1_47' title="bbox 568 4273 2154 4358">
     <span class='ocr_line' id='line_1_47' title="bbox 568 4273 2154 4358; baseline 0.012 -33"><span class='ocrx_word' id='word_1_330' title='bbox 568 4273 724 4343; x_wconf 82' lang='lat' dir='ltr'><strong>fugit,</strong></span> <span class='ocrx_word' id='word_1_331' title='bbox 750 4280 874 4347; x_wconf 80' lang='lat' dir='ltr'><strong>quia</strong></span> <span class='ocrx_word' id='word_1_332' title='bbox 921 4285 1274 4338; x_wconf 83' lang='lat' dir='ltr'><strong>mercenarius</strong></span> <span class='ocrx_word' id='word_1_333' title='bbox 1296 4296 1454 4353; x_wconf 88' lang='lat' dir='ltr'><strong>est,et</strong></span> <span class='ocrx_word' id='word_1_334' title='bbox 1486 4305 1586 4341; x_wconf 87' lang='lat' dir='ltr'><strong>non</strong></span> <span class='ocrx_word' id='word_1_335' title='bbox 1608 4292 1823 4358; x_wconf 78' lang='lat' dir='ltr'><strong>pertinet</strong></span> <span class='ocrx_word' id='word_1_336' title='bbox 1850 4292 1918 4343; x_wconf 83' lang='lat' dir='ltr'><strong>ad</strong></span> <span class='ocrx_word' id='word_1_337' title='bbox 1942 4307 2058 4343; x_wconf 68' lang='lat' dir='ltr'><strong>tum</strong></span> <span class='ocrx_word' id='word_1_338' title='bbox 2092 4292 2154 4345; x_wconf 82' lang='lat' dir='ltr'><strong>de</strong></span> 
     </span>
    </p>
   </div>
   <div class='ocr_carea' id='block_1_48' title="bbox 570 4366 2150 4453">
    <p class='ocr_par' dir='ltr' id='par_1_48' title="bbox 570 4366 2150 4453">
     <span class='ocr_line' id='line_1_48' title="bbox 570 4366 2150 4453; baseline 0.014 -37"><span class='ocrx_word' id='word_1_339' title='bbox 570 4366 771 4421; x_wconf 78' lang='lat' dir='ltr'><strong>oribus.</strong></span> <span class='ocrx_word' id='word_1_340' title='bbox 827 4371 1036 4427; x_wconf 89' lang='lat' dir='ltr'><strong>Dictum</strong></span> <span class='ocrx_word' id='word_1_341' title='bbox 1077 4386 1196 4429; x_wconf 86' lang='lat' dir='ltr'><strong>erat</strong></span> <span class='ocrx_word' id='word_1_342' title='bbox 1225 4378 1290 4432; x_wconf 92' lang='lat' dir='ltr'><strong>de</strong></span> <span class='ocrx_word' id='word_1_343' title='bbox 1324 4394 1410 4443; x_wconf 93' lang='lat' dir='ltr'><strong>co,</strong></span> <span class='ocrx_word' id='word_1_344' title='bbox 1463 4381 1555 4448; x_wconf 91' lang='lat' dir='ltr'><strong>qui</strong></span> <span class='ocrx_word' id='word_1_345' title='bbox 1605 4381 1950 4437; x_wconf 85' lang='lat' dir='ltr'><strong>laudabiliter</strong></span> <span class='ocrx_word' id='word_1_346' title='bbox 2006 4383 2150 4453; x_wconf 85' lang='lat' dir='ltr'><strong>agit;</strong></span> 
     </span>
    </p>
   </div>
   <div class='ocr_carea' id='block_1_49' title="bbox 2262 547 3856 622">
    <p class='ocr_par' dir='ltr' id='par_1_49' title="bbox 2262 547 3856 622">
     <span class='ocr_line' id='line_1_49' title="bbox 2262 547 3856 622; baseline 0.004 -19"><span class='ocrx_word' id='word_1_347' title='bbox 2262 547 2317 603; x_wconf 86' lang='lat' dir='ltr'><strong>in</strong></span> <span class='ocrx_word' id='word_1_348' title='bbox 2348 547 2566 603; x_wconf 89' lang='lat' dir='ltr'><strong>bomine</strong></span> <span class='ocrx_word' id='word_1_349' title='bbox 2607 563 2887 618; x_wconf 84' lang='lat' dir='ltr'><strong>perverso,</strong></span> <span class='ocrx_word' id='word_1_350' title='bbox 2924 548 3006 604; x_wconf 89' lang='lat' dir='ltr'><strong>vel</strong></span> <span class='ocrx_word' id='word_1_351' title='bbox 3057 549 3112 603; x_wconf 89' lang='lat' dir='ltr'><strong>in</strong></span> <span class='ocrx_word' id='word_1_352' title='bbox 3150 548 3560 606; x_wconf 79' lang='lat' dir='ltr'><strong>tribulationum</strong></span> <span class='ocrx_word' id='word_1_353' title='bbox 3607 552 3856 622; x_wconf 79' lang='lat' dir='ltr'><strong>procella</strong></span> 
     </span>
    </p>
   </div>
   <div class='ocr_carea' id='block_1_50' title="bbox 2261 641 3856 717">
    <p class='ocr_par' dir='ltr' id='par_1_50' title="bbox 2261 641 3856 717">
     <span class='ocr_line' id='line_1_50' title="bbox 2261 641 3856 717; baseline 0.004 -21"><span class='ocrx_word' id='word_1_354' title='bbox 2261 652 2519 711; x_wconf 78' lang='lat' dir='ltr'><strong>surgente</strong></span> <span class='ocrx_word' id='word_1_355' title='bbox 2540 641 2707 695; x_wconf 87' lang='lat' dir='ltr'><strong>sentit</strong></span> <span class='ocrx_word' id='word_1_356' title='bbox 2734 641 2929 697; x_wconf 81' lang='lat' dir='ltr'><strong>adesse</strong></span> <span class='ocrx_word' id='word_1_357' title='bbox 2967 642 3224 707; x_wconf 83' lang='lat' dir='ltr'><strong>bestiam,</strong></span> <span class='ocrx_word' id='word_1_358' title='bbox 3263 658 3384 712; x_wconf 74' lang='lat' dir='ltr'><strong>qua:</strong></span> <span class='ocrx_word' id='word_1_359' title='bbox 3413 644 3679 701; x_wconf 88' lang='lat' dir='ltr'><strong>bonorum</strong></span> <span class='ocrx_word' id='word_1_360' title='bbox 3717 662 3856 717; x_wconf 85' lang='lat' dir='ltr'><strong>ope-</strong></span> 
     </span>
    </p>
   </div>
   <div class='ocr_carea' id='block_1_51' title="bbox 2262 734 3855 808">
    <p class='ocr_par' dir='ltr' id='par_1_51' title="bbox 2262 734 3855 808">
     <span class='ocr_line' id='line_1_51' title="bbox 2262 734 3855 808; baseline 0.004 -20"><span class='ocrx_word' id='word_1_361' title='bbox 2262 750 2381 788; x_wconf 87' lang='lat' dir='ltr'><strong>rum</strong></span> <span class='ocrx_word' id='word_1_362' title='bbox 2404 748 2534 789; x_wconf 90' lang='lat' dir='ltr'><strong>oves</strong></span> <span class='ocrx_word' id='word_1_363' title='bbox 2560 734 2756 802; x_wconf 83' lang='lat' dir='ltr'><strong>quaerit</strong></span> <span class='ocrx_word' id='word_1_364' title='bbox 2781 734 3066 801; x_wconf 87' lang='lat' dir='ltr'><strong>devorare,</strong></span> <span class='ocrx_word' id='word_1_365' title='bbox 3091 734 3143 789; x_wconf 92' lang='lat' dir='ltr'><strong>id</strong></span> <span class='ocrx_word' id='word_1_366' title='bbox 3165 744 3250 790; x_wconf 88' lang='lat' dir='ltr'><strong>est</strong></span> <span class='ocrx_word' id='word_1_367' title='bbox 3276 735 3575 804; x_wconf 88' lang='lat' dir='ltr'><strong>diabolum,</strong></span> <span class='ocrx_word' id='word_1_368' title='bbox 3604 742 3697 808; x_wconf 91' lang='lat' dir='ltr'><strong>qui</strong></span> <span class='ocrx_word' id='word_1_369' title='bbox 3723 749 3855 796; x_wconf 83' lang='lat' dir='ltr'><strong>ten-</strong></span> 
     </span>
    </p>
   </div>
   <div class='ocr_carea' id='block_1_52' title="bbox 2220 825 3856 885">
    <p class='ocr_par' dir='ltr' id='par_1_52' title="bbox 2220 825 3856 885">
     <span class='ocr_line' id='line_1_52' title="bbox 2220 825 3856 885; baseline 0.006 -10"><span class='ocrx_word' id='word_1_370' title='bbox 2220 825 2560 881; x_wconf 27' lang='lat' dir='ltr'><strong>.tutionibus</strong></span> <span class='ocrx_word' id='word_1_371' title='bbox 2626 825 3020 881; x_wconf 86' lang='lat' dir='ltr'><strong>adversitatum</strong></span> <span class='ocrx_word' id='word_1_372' title='bbox 3092 825 3285 880; x_wconf 91' lang='lat' dir='ltr'><strong>nititur</strong></span> <span class='ocrx_word' id='word_1_373' title='bbox 3366 827 3509 882; x_wconf 90' lang='lat' dir='ltr'><strong>ovile</strong></span> <span class='ocrx_word' id='word_1_374' title='bbox 3582 830 3856 885; x_wconf 85' lang='lat' dir='ltr'><strong>virtutum</strong></span> 
     </span>
    </p>
   </div>
   <div class='ocr_carea' id='block_1_53' title="bbox 2262 916 3858 989">
    <p class='ocr_par' dir='ltr' id='par_1_53' title="bbox 2262 916 3858 989">
     <span class='ocr_line' id='line_1_53' title="bbox 2262 916 3858 989; baseline 0.001 -16"><span class='ocrx_word' id='word_1_375' title='bbox 2262 918 2628 985; x_wconf 78' lang='lat' dir='ltr'><strong>exstinguere.</strong></span> <span class='ocrx_word' id='word_1_376' title='bbox 2668 916 2735 970; x_wconf 86' lang='lat' dir='ltr'><strong>Et</strong></span> <span class='ocrx_word' id='word_1_377' title='bbox 2767 916 2860 989; x_wconf 89' lang='lat' dir='ltr'><strong>qui</strong></span> <span class='ocrx_word' id='word_1_378' title='bbox 2912 919 3065 987; x_wconf 90' lang='lat' dir='ltr'><strong>prius</strong></span> <span class='ocrx_word' id='word_1_379' title='bbox 3112 917 3235 970; x_wconf 87' lang='lat' dir='ltr'><strong>ideo</strong></span> <span class='ocrx_word' id='word_1_380' title='bbox 3292 917 3435 972; x_wconf 87' lang='lat' dir='ltr'><strong>bona</strong></span> <span class='ocrx_word' id='word_1_381' title='bbox 3469 916 3733 984; x_wconf 80' lang='lat' dir='ltr'><strong>faciebat,</strong></span> <span class='ocrx_word' id='word_1_382' title='bbox 3797 930 3858 975; x_wconf 87' lang='lat' dir='ltr'><strong>ut</strong></span> 
     </span>
    </p>
   </div>
   <div class='ocr_carea' id='block_1_54' title="bbox 2264 1008 3856 1079">
    <p class='ocr_par' dir='ltr' id='par_1_54' title="bbox 2264 1008 3856 1079">
     <span class='ocr_line' id='line_1_54' title="bbox 2264 1008 3856 1079; baseline 0.002 -16"><span class='ocrx_word' id='word_1_383' title='bbox 2264 1008 2571 1063; x_wconf 85' lang='lat' dir='ltr'><strong>mercedem</strong></span> <span class='ocrx_word' id='word_1_384' title='bbox 2603 1008 2812 1079; x_wconf 88' lang='lat' dir='ltr'><strong>probis</strong></span> <span class='ocrx_word' id='word_1_385' title='bbox 2841 1009 2895 1063; x_wconf 86' lang='lat' dir='ltr'><strong>in</strong></span> <span class='ocrx_word' id='word_1_386' title='bbox 2931 1011 3185 1078; x_wconf 64' lang='lat' dir='ltr'><strong>praesenti</strong></span> <span class='ocrx_word' id='word_1_387' title='bbox 3226 1008 3520 1077; x_wconf 81' lang='lat' dir='ltr'><strong>reciperet;</strong></span> <span class='ocrx_word' id='word_1_388' title='bbox 3562 1027 3707 1065; x_wconf 87' lang='lat' dir='ltr'><strong>nunc</strong></span> <span class='ocrx_word' id='word_1_389' title='bbox 3749 1028 3856 1066; x_wconf 87' lang='lat' dir='ltr'><strong>au-</strong></span> 
     </span>
    </p>
   </div>
   <div class='ocr_carea' id='block_1_55' title="bbox 2264 1101 3855 1174">
    <p class='ocr_par' dir='ltr' id='par_1_55' title="bbox 2264 1101 3855 1174">
     <span class='ocr_line' id='line_1_55' title="bbox 2264 1101 3855 1174; baseline 0.002 -17"><span class='ocrx_word' id='word_1_390' title='bbox 2264 1112 2372 1157; x_wconf 87' lang='lat' dir='ltr'><strong>tem</strong></span> <span class='ocrx_word' id='word_1_391' title='bbox 2411 1117 2516 1172; x_wconf 88' lang='lat' dir='ltr'><strong>pro</strong></span> <span class='ocrx_word' id='word_1_392' title='bbox 2552 1103 2683 1172; x_wconf 21' lang='lat' dir='ltr'><strong>iptis</strong></span> <span class='ocrx_word' id='word_1_393' title='bbox 2737 1101 3025 1157; x_wconf 83' lang='lat' dir='ltr'><strong>imminere</strong></span> <span class='ocrx_word' id='word_1_394' title='bbox 3068 1103 3173 1157; x_wconf 88' lang='lat' dir='ltr'><strong>sibi</strong></span> <span class='ocrx_word' id='word_1_395' title='bbox 3227 1104 3455 1159; x_wconf 83' lang='lat' dir='ltr'><strong>adversa</strong></span> <span class='ocrx_word' id='word_1_396' title='bbox 3501 1105 3855 1174; x_wconf 83' lang='lat' dir='ltr'><strong>considerat;</strong></span> 
     </span>
    </p>
   </div>
   <div class='ocr_carea' id='block_1_56' title="bbox 2263 1193 3859 1263">
    <p class='ocr_par' dir='ltr' id='par_1_56' title="bbox 2263 1193 3859 1263">
     <span class='ocr_line' id='line_1_56' title="bbox 2263 1193 3859 1263; baseline 0.004 -16"><span class='ocrx_word' id='word_1_397' title='bbox 2263 1194 2481 1248; x_wconf 83' lang='lat' dir='ltr'><strong>dimittit</strong></span> <span class='ocrx_word' id='word_1_398' title='bbox 2517 1210 2661 1260; x_wconf 83' lang='lat' dir='ltr'><strong>oves,</strong></span> <span class='ocrx_word' id='word_1_399' title='bbox 2692 1193 2953 1262; x_wconf 89' lang='lat' dir='ltr'><strong>relinquit</strong></span> <span class='ocrx_word' id='word_1_400' title='bbox 3000 1194 3231 1248; x_wconf 86' lang='lat' dir='ltr'><strong>virtutes</strong></span> <span class='ocrx_word' id='word_1_401' title='bbox 3272 1210 3414 1263; x_wconf 88' lang='lat' dir='ltr'><strong>quas</strong></span> <span class='ocrx_word' id='word_1_402' title='bbox 3453 1196 3726 1259; x_wconf 79' lang='lat' dir='ltr'><strong>servabat,</strong></span> <span class='ocrx_word' id='word_1_403' title='bbox 3764 1197 3859 1253; x_wconf 87' lang='lat' dir='ltr'><strong>de-</strong></span> 
     </span>
    </p>
   </div>
   <div class='ocr_carea' id='block_1_57' title="bbox 2264 1286 3851 1357">
    <p class='ocr_par' dir='ltr' id='par_1_57' title="bbox 2264 1286 3851 1357">
     <span class='ocr_line' id='line_1_57' title="bbox 2264 1286 3851 1357; baseline 0.002 -15"><span class='ocrx_word' id='word_1_404' title='bbox 2264 1290 2403 1342; x_wconf 82' lang='lat' dir='ltr'><strong>serit</strong></span> <span class='ocrx_word' id='word_1_405' title='bbox 2434 1287 2574 1342; x_wconf 88' lang='lat' dir='ltr'><strong>bona</strong></span> <span class='ocrx_word' id='word_1_406' title='bbox 2602 1302 2723 1357; x_wconf 77' lang='lat' dir='ltr'><strong>qua:</strong></span> <span class='ocrx_word' id='word_1_407' title='bbox 2749 1286 3007 1353; x_wconf 82' lang='lat' dir='ltr'><strong>iaciebat,</strong></span> <span class='ocrx_word' id='word_1_408' title='bbox 3027 1302 3097 1342; x_wconf 91' lang='lat' dir='ltr'><strong>ne</strong></span> <span class='ocrx_word' id='word_1_409' title='bbox 3125 1302 3224 1356; x_wconf 91' lang='lat' dir='ltr'><strong>pro</strong></span> <span class='ocrx_word' id='word_1_410' title='bbox 3245 1287 3375 1357; x_wconf 88' lang='lat' dir='ltr'><strong>ipsis</strong></span> <span class='ocrx_word' id='word_1_411' title='bbox 3398 1287 3534 1342; x_wconf 88' lang='lat' dir='ltr'><strong>mala</strong></span> <span class='ocrx_word' id='word_1_412' title='bbox 3548 1289 3851 1353; x_wconf 81' lang='lat' dir='ltr'><strong>sustineat;</strong></span> 
     </span>
    </p>
   </div>
   <div class='ocr_carea' id='block_1_58' title="bbox 2262 1378 3857 1449">
    <p class='ocr_par' dir='ltr' id='par_1_58' title="bbox 2262 1378 3857 1449">
     <span class='ocr_line' id='line_1_58' title="bbox 2262 1378 3857 1449; baseline 0.001 -15"><span class='ocrx_word' id='word_1_413' title='bbox 2262 1388 2311 1434; x_wconf 80' lang='lat' dir='ltr'><strong>et</strong></span> <span class='ocrx_word' id='word_1_414' title='bbox 2349 1378 2505 1449; x_wconf 88' lang='lat' dir='ltr'><strong>fugit,</strong></span> <span class='ocrx_word' id='word_1_415' title='bbox 2552 1379 2655 1433; x_wconf 90' lang='lat' dir='ltr'><strong>boc</strong></span> <span class='ocrx_word' id='word_1_416' title='bbox 2684 1388 2764 1433; x_wconf 92' lang='lat' dir='ltr'><strong>est</strong></span> <span class='ocrx_word' id='word_1_417' title='bbox 2799 1378 3116 1433; x_wconf 86' lang='lat' dir='ltr'><strong>adversitati</strong></span> <span class='ocrx_word' id='word_1_418' title='bbox 3150 1396 3208 1434; x_wconf 89' lang='lat' dir='ltr'><strong>se</strong></span> <span class='ocrx_word' id='word_1_419' title='bbox 3248 1380 3519 1434; x_wconf 75' lang='lat' dir='ltr'><strong>subducit.</strong></span> <span class='ocrx_word' id='word_1_420' title='bbox 3558 1380 3675 1435; x_wconf 78' lang='lat' dir='ltr'><strong>Non</strong></span> <span class='ocrx_word' id='word_1_421' title='bbox 3702 1382 3857 1437; x_wconf 84' lang='lat' dir='ltr'><strong>enim</strong></span> 
     </span>
    </p>
   </div>
   <div class='ocr_carea' id='block_1_59' title="bbox 2266 1468 3857 1541">
    <p class='ocr_par' dir='ltr' id='par_1_59' title="bbox 2266 1468 3857 1541">
     <span class='ocr_line' id='line_1_59' title="bbox 2266 1468 3857 1541; baseline 0.002 -18"><span class='ocrx_word' id='word_1_422' title='bbox 2266 1476 2376 1523; x_wconf 86' lang='lat' dir='ltr'><strong>tam</strong></span> <span class='ocrx_word' id='word_1_423' title='bbox 2410 1468 2529 1523; x_wconf 80' lang='lat' dir='ltr'><strong>loco</strong></span> <span class='ocrx_word' id='word_1_424' title='bbox 2556 1483 2717 1538; x_wconf 89' lang='lat' dir='ltr'><strong>quam</strong></span> <span class='ocrx_word' id='word_1_425' title='bbox 2751 1484 2977 1539; x_wconf 85' lang='lat' dir='ltr'><strong>operum</strong></span> <span class='ocrx_word' id='word_1_426' title='bbox 3004 1469 3383 1526; x_wconf 86' lang='lat' dir='ltr'><strong>immutatione</strong></span> <span class='ocrx_word' id='word_1_427' title='bbox 3413 1470 3563 1541; x_wconf 80' lang='lat' dir='ltr'><strong>fugit.</strong></span> <span class='ocrx_word' id='word_1_428' title='bbox 3596 1470 3667 1525; x_wconf 82' lang='lat' dir='ltr'><strong>Et</strong></span> <span class='ocrx_word' id='word_1_429' title='bbox 3696 1472 3857 1539; x_wconf 74' lang='lat' dir='ltr'><strong>lupus</strong></span> 
     </span>
    </p>
   </div>
   <div class='ocr_carea' id='block_1_60' title="bbox 2265 1562 3859 1632">
    <p class='ocr_par' dir='ltr' id='par_1_60' title="bbox 2265 1562 3859 1632">
     <span class='ocr_line' id='line_1_60' title="bbox 2265 1562 3859 1632; baseline 0.003 -18"><span class='ocrx_word' id='word_1_430' title='bbox 2265 1564 2427 1632; x_wconf 83' lang='lat' dir='ltr'><strong>rapit,</strong></span> <span class='ocrx_word' id='word_1_431' title='bbox 2458 1563 2718 1632; x_wconf 89' lang='lat' dir='ltr'><strong>quoniam</strong></span> <span class='ocrx_word' id='word_1_432' title='bbox 2776 1562 3026 1619; x_wconf 86' lang='lat' dir='ltr'><strong>diabolus</strong></span> <span class='ocrx_word' id='word_1_433' title='bbox 3075 1578 3140 1618; x_wconf 85' lang='lat' dir='ltr'><strong>ea</strong></span> <span class='ocrx_word' id='word_1_434' title='bbox 3199 1562 3520 1619; x_wconf 89' lang='lat' dir='ltr'><strong>meritorum</strong></span> <span class='ocrx_word' id='word_1_435' title='bbox 3562 1564 3705 1618; x_wconf 85' lang='lat' dir='ltr'><strong>bona</strong></span> <span class='ocrx_word' id='word_1_436' title='bbox 3734 1576 3859 1632; x_wconf 74' lang='lat' dir='ltr'><strong>qua:</strong></span> 
     </span>
    </p>
   </div>
   <div class='ocr_carea' id='block_1_61' title="bbox 2264 1653 3860 1724">
    <p class='ocr_par' dir='ltr' id='par_1_61' title="bbox 2264 1653 3860 1724">
     <span class='ocr_line' id='line_1_61' title="bbox 2264 1653 3860 1724; baseline 0 -16"><span class='ocrx_word' id='word_1_437' title='bbox 2264 1653 2550 1709; x_wconf 83' lang='lat' dir='ltr'><strong>videbatur</strong></span> <span class='ocrx_word' id='word_1_438' title='bbox 2569 1654 2797 1719; x_wconf 87' lang='lat' dir='ltr'><strong>habere,</strong></span> <span class='ocrx_word' id='word_1_439' title='bbox 2823 1653 2982 1708; x_wconf 90' lang='lat' dir='ltr'><strong>tollit.</strong></span> <span class='ocrx_word' id='word_1_440' title='bbox 3008 1653 3076 1708; x_wconf 87' lang='lat' dir='ltr'><strong>Et</strong></span> <span class='ocrx_word' id='word_1_441' title='bbox 3104 1655 3354 1724; x_wconf 83' lang='lat' dir='ltr'><strong>dispergit</strong></span> <span class='ocrx_word' id='word_1_442' title='bbox 3385 1654 3663 1724; x_wconf 78' lang='lat' dir='ltr'><strong>oves,quia</strong></span> <span class='ocrx_word' id='word_1_443' title='bbox 3694 1654 3860 1710; x_wconf 78' lang='lat' dir='ltr'><strong>dissi-</strong></span> 
     </span>
    </p>
   </div>
   <div class='ocr_carea' id='block_1_62' title="bbox 2265 1743 3859 1814">
    <p class='ocr_par' dir='ltr' id='par_1_62' title="bbox 2265 1743 3859 1814">
     <span class='ocr_line' id='line_1_62' title="bbox 2265 1743 3859 1814; baseline 0.003 -18"><span class='ocrx_word' id='word_1_444' title='bbox 2265 1753 2358 1813; x_wconf 89' lang='lat' dir='ltr'><strong>pat</strong></span> <span class='ocrx_word' id='word_1_445' title='bbox 2381 1743 2497 1812; x_wconf 88' lang='lat' dir='ltr'><strong>ejus</strong></span> <span class='ocrx_word' id='word_1_446' title='bbox 2539 1745 2806 1806; x_wconf 88' lang='lat' dir='ltr'><strong>actiones,</strong></span> <span class='ocrx_word' id='word_1_447' title='bbox 2840 1753 2898 1799; x_wconf 91' lang='lat' dir='ltr'><strong>ut</strong></span> <span class='ocrx_word' id='word_1_448' title='bbox 2931 1745 3119 1801; x_wconf 79' lang='lat' dir='ltr'><strong>omnia</strong></span> <span class='ocrx_word' id='word_1_449' title='bbox 3162 1760 3284 1814; x_wconf 73' lang='lat' dir='ltr'><strong>quia:</strong></span> <span class='ocrx_word' id='word_1_450' title='bbox 3323 1743 3440 1812; x_wconf 89' lang='lat' dir='ltr'><strong>jam</strong></span> <span class='ocrx_word' id='word_1_451' title='bbox 3472 1745 3689 1810; x_wconf 80' lang='lat' dir='ltr'><strong>fecerit,</strong></span> <span class='ocrx_word' id='word_1_452' title='bbox 3744 1745 3859 1801; x_wconf 81' lang='lat' dir='ltr'><strong>sint</strong></span> 
     </span>
    </p>
   </div>
   <div class='ocr_carea' id='block_1_63' title="bbox 2187 1824 3513 1905">
    <p class='ocr_par' dir='ltr' id='par_1_63' title="bbox 2187 1824 3513 1905">
     <span class='ocr_line' id='line_1_63' title="bbox 2187 1824 3513 1905; baseline 0.003 -22"><span class='ocrx_word' id='word_1_453' title='bbox 2187 1824 2237 1883; x_wconf 83' lang='grc' dir='ltr'><strong>Β</strong></span> <span class='ocrx_word' id='word_1_454' title='bbox 2266 1834 2641 1904; x_wconf 90' lang='lat' dir='ltr'><strong>incomposita,</strong></span> <span class='ocrx_word' id='word_1_455' title='bbox 2669 1844 2725 1889; x_wconf 90' lang='lat' dir='ltr'><strong>et</strong></span> <span class='ocrx_word' id='word_1_456' title='bbox 2748 1836 3067 1905; x_wconf 79' lang='lat' dir='ltr'><strong>incongrua,</strong></span> <span class='ocrx_word' id='word_1_457' title='bbox 3098 1844 3153 1889; x_wconf 80' lang='lat' dir='ltr'><strong>et</strong></span> <span class='ocrx_word' id='word_1_458' title='bbox 3175 1834 3513 1890; x_wconf 82' lang='lat' dir='ltr'><strong>dissidentia.</strong></span> 
     </span>
    </p>
   </div>
   <div class='ocr_carea' id='block_1_64' title="bbox 2189 3159 2229 3219">
    <p class='ocr_par' dir='ltr' id='par_1_64' title="bbox 2189 3159 2229 3219">
     <span class='ocr_line' id='line_1_64' title="bbox 2189 3159 2229 3187; baseline 0 -7"><span class='ocrx_word' id='word_1_459' title='bbox 2189 3159 2229 3187; x_wconf 68' lang='grc' dir='ltr'><strong><em>ο</em></strong></span> 
     </span>
     <span class='ocr_line' id='line_1_65' title="bbox 2189 3198 2229 3219; baseline 0 0"><span class='ocrx_word' id='word_1_460' title='bbox 2189 3198 2229 3219; x_wconf 82' lang='grc' dir='ltr'>υ</span> 
     </span>
    </p>
   </div>
   <div class='ocr_carea' id='block_1_65' title="bbox 2339 1925 3858 1998">
    <p class='ocr_par' dir='ltr' id='par_1_65' title="bbox 2339 1925 3858 1998">
     <span class='ocr_line' id='line_1_66' title="bbox 2339 1925 3858 1998; baseline -0.001 -16"><span class='ocrx_word' id='word_1_461' title='bbox 2339 1928 2502 1998; x_wconf 77' lang='lat'><strong>189</strong></span> <span class='ocrx_word' id='word_1_462' title='bbox 2533 1927 2891 1982; x_wconf 70' lang='lat' dir='ltr'><strong>Mercenarius</strong></span> <span class='ocrx_word' id='word_1_463' title='bbox 2926 1936 3103 1980; x_wconf 79' lang='lat' dir='ltr'><strong>autem</strong></span> <span class='ocrx_word' id='word_1_464' title='bbox 3125 1942 3228 1980; x_wconf 90' lang='lat' dir='ltr'><strong>non</strong></span> <span class='ocrx_word' id='word_1_465' title='bbox 3259 1925 3463 1980; x_wconf 88' lang='lat' dir='ltr'><strong>resistit</strong></span> <span class='ocrx_word' id='word_1_466' title='bbox 3484 1925 3608 1994; x_wconf 92' lang='lat' dir='ltr'><strong>lupo</strong></span> <span class='ocrx_word' id='word_1_467' title='bbox 3634 1940 3858 1995; x_wconf 69' lang='lat' dir='ltr'><strong>gregem</strong></span> 
     </span>
    </p>
   </div>
   <div class='ocr_carea' id='block_1_66' title="bbox 2261 2014 3857 2086">
    <p class='ocr_par' dir='ltr' id='par_1_66' title="bbox 2261 2014 3857 2086">
     <span class='ocr_line' id='line_1_67' title="bbox 2261 2014 3857 2086; baseline 0 -17"><span class='ocrx_word' id='word_1_468' title='bbox 2261 2032 2418 2071; x_wconf 78' lang='lat' dir='ltr'><strong>suum</strong></span> <span class='ocrx_word' id='word_1_469' title='bbox 2445 2019 2519 2071; x_wconf 89' lang='lat' dir='ltr'><strong>ita</strong></span> <span class='ocrx_word' id='word_1_470' title='bbox 2548 2017 2855 2081; x_wconf 85' lang='lat' dir='ltr'><strong>devoranti,</strong></span> <span class='ocrx_word' id='word_1_471' title='bbox 2903 2017 2997 2073; x_wconf 86' lang='lat' dir='ltr'><strong>sed</strong></span> <span class='ocrx_word' id='word_1_472' title='bbox 3030 2017 3166 2086; x_wconf 81' lang='lat' dir='ltr'><strong>fugit</strong></span> <span class='ocrx_word' id='word_1_473' title='bbox 3198 2032 3225 2081; x_wconf 58' lang='grc' dir='ltr'><strong>ί</strong></span> <span class='ocrx_word' id='word_1_474' title='bbox 3250 2015 3377 2084; x_wconf 86' lang='lat' dir='ltr'><strong>quia</strong></span> <span class='ocrx_word' id='word_1_475' title='bbox 3408 2014 3495 2069; x_wconf 88' lang='lat' dir='ltr'><strong>ille</strong></span> <span class='ocrx_word' id='word_1_476' title='bbox 3533 2015 3627 2083; x_wconf 91' lang='lat' dir='ltr'><strong>qui</strong></span> <span class='ocrx_word' id='word_1_477' title='bbox 3678 2014 3857 2069; x_wconf 87' lang='lat' dir='ltr'><strong>virtu-</strong></span> 
     </span>
    </p>
   </div>
   <div class='ocr_carea' id='block_1_67' title="bbox 2264 2104 3859 2177">
    <p class='ocr_par' dir='ltr' id='par_1_67' title="bbox 2264 2104 3859 2177">
     <span class='ocr_line' id='line_1_68' title="bbox 2264 2104 3859 2177; baseline -0.001 -16"><span class='ocrx_word' id='word_1_478' title='bbox 2264 2116 2375 2161; x_wconf 77' lang='lat' dir='ltr'><strong>tum</strong></span> <span class='ocrx_word' id='word_1_479' title='bbox 2408 2117 2502 2162; x_wconf 87' lang='lat' dir='ltr'><strong>aut</strong></span> <span class='ocrx_word' id='word_1_480' title='bbox 2551 2108 2932 2177; x_wconf 77' lang='lat' dir='ltr'><strong>religiosarum</strong></span> <span class='ocrx_word' id='word_1_481' title='bbox 2969 2107 3247 2161; x_wconf 86' lang='lat' dir='ltr'><strong>actionum</strong></span> <span class='ocrx_word' id='word_1_482' title='bbox 3296 2104 3443 2161; x_wconf 83' lang='lat' dir='ltr'><strong>ovile</strong></span> <span class='ocrx_word' id='word_1_483' title='bbox 3485 2120 3591 2161; x_wconf 80' lang='lat' dir='ltr'><strong>non</strong></span> <span class='ocrx_word' id='word_1_484' title='bbox 3632 2114 3859 2175; x_wconf 76' lang='lat' dir='ltr'><strong>propter</strong></span> 
     </span>
    </p>
   </div>
   <div class='ocr_carea' id='block_1_68' title="bbox 2265 2196 3861 2268">
    <p class='ocr_par' dir='ltr' id='par_1_68' title="bbox 2265 2196 3861 2268">
     <span class='ocr_line' id='line_1_69' title="bbox 2265 2196 3861 2268; baseline -0.001 -17"><span class='ocrx_word' id='word_1_485' title='bbox 2265 2198 2413 2266; x_wconf 85' lang='lat' dir='ltr'><strong>ipsas</strong></span> <span class='ocrx_word' id='word_1_486' title='bbox 2446 2199 2693 2261; x_wconf 83' lang='lat' dir='ltr'><strong>virtutes,</strong></span> <span class='ocrx_word' id='word_1_487' title='bbox 2737 2198 2835 2252; x_wconf 90' lang='lat' dir='ltr'><strong>sed</strong></span> <span class='ocrx_word' id='word_1_488' title='bbox 2862 2206 3086 2268; x_wconf 80' lang='lat' dir='ltr'><strong>propter</strong></span> <span class='ocrx_word' id='word_1_489' title='bbox 3121 2197 3273 2252; x_wconf 77' lang='lat' dir='ltr'><strong>lncra</strong></span> <span class='ocrx_word' id='word_1_490' title='bbox 3306 2196 3628 2266; x_wconf 81' lang='lat' dir='ltr'><strong>temporalia</strong></span> <span class='ocrx_word' id='word_1_491' title='bbox 3670 2210 3861 2251; x_wconf 59' lang='lat' dir='ltr'><strong>serva»</strong></span> 
     </span>
    </p>
   </div>
   <div class='ocr_carea' id='block_1_69' title="bbox 2261 2286 3858 2355">
    <p class='ocr_par' dir='ltr' id='par_1_69' title="bbox 2261 2286 3858 2355">
     <span class='ocr_line' id='line_1_70' title="bbox 2261 2286 3858 2355; baseline -0.003 -10"><span class='ocrx_word' id='word_1_492' title='bbox 2261 2291 2373 2351; x_wconf 64' lang='lat' dir='ltr'><strong>bal,</strong></span> <span class='ocrx_word' id='word_1_493' title='bbox 2407 2290 2608 2343; x_wconf 89' lang='lat' dir='ltr'><strong>recedit</strong></span> <span class='ocrx_word' id='word_1_494' title='bbox 2633 2289 2701 2343; x_wconf 89' lang='lat' dir='ltr'><strong>ab</strong></span> <span class='ocrx_word' id='word_1_495' title='bbox 2730 2305 2917 2344; x_wconf 84' lang='lat' dir='ltr'><strong>earum</strong></span> <span class='ocrx_word' id='word_1_496' title='bbox 2950 2287 3136 2353; x_wconf 90' lang='lat' dir='ltr'><strong>tutela,</strong></span> <span class='ocrx_word' id='word_1_497' title='bbox 3174 2297 3229 2343; x_wconf 90' lang='lat' dir='ltr'><strong>et</strong></span> <span class='ocrx_word' id='word_1_498' title='bbox 3265 2286 3526 2355; x_wconf 87' lang='lat' dir='ltr'><strong>relinquit</strong></span> <span class='ocrx_word' id='word_1_499' title='bbox 3551 2300 3649 2340; x_wconf 84' lang='lat' dir='ltr'><strong>eas</strong></span> <span class='ocrx_word' id='word_1_500' title='bbox 3675 2286 3734 2341; x_wconf 85' lang='lat' dir='ltr'><strong>in</strong></span> <span class='ocrx_word' id='word_1_501' title='bbox 3764 2300 3858 2340; x_wconf 86' lang='lat' dir='ltr'><strong>ore</strong></span> 
     </span>
    </p>
   </div>
   <div class='ocr_carea' id='block_1_70' title="bbox 2262 2374 3859 2446">
    <p class='ocr_par' dir='ltr' id='par_1_70' title="bbox 2262 2374 3859 2446">
     <span class='ocr_line' id='line_1_71' title="bbox 2262 2374 3859 2446; baseline -0.003 -13"><span class='ocrx_word' id='word_1_502' title='bbox 2262 2378 2620 2438; x_wconf 82' lang='lat' dir='ltr'><strong>devoratoris,</strong></span> <span class='ocrx_word' id='word_1_503' title='bbox 2654 2392 2721 2431; x_wconf 87' lang='lat' dir='ltr'><strong>ne</strong></span> <span class='ocrx_word' id='word_1_504' title='bbox 2760 2376 3059 2446; x_wconf 88' lang='lat' dir='ltr'><strong>periculum</strong></span> <span class='ocrx_word' id='word_1_505' title='bbox 3105 2376 3309 2430; x_wconf 86' lang='lat' dir='ltr'><strong>sentiat</strong></span> <span class='ocrx_word' id='word_1_506' title='bbox 3351 2374 3722 2430; x_wconf 85' lang='lat' dir='ltr'><strong>adversitatis.</strong></span> <span class='ocrx_word' id='word_1_507' title='bbox 3755 2374 3859 2441; x_wconf 85' lang='lat' dir='ltr'><strong>Qui</strong></span> 
     </span>
    </p>
   </div>
   <div class='ocr_carea' id='block_1_71' title="bbox 2262 2464 3856 2537">
    <p class='ocr_par' dir='ltr' id='par_1_71' title="bbox 2262 2464 3856 2537">
     <span class='ocr_line' id='line_1_72' title="bbox 2262 2464 3856 2537; baseline 0.001 -19"><span class='ocrx_word' id='word_1_508' title='bbox 2262 2478 2548 2537; x_wconf 72' lang='lat' dir='ltr'><strong>pzopterea</strong></span> <span class='ocrx_word' id='word_1_509' title='bbox 2577 2467 2654 2521; x_wconf 85' lang='lat' dir='ltr'><strong>sic</strong></span> <span class='ocrx_word' id='word_1_510' title='bbox 2678 2467 2832 2536; x_wconf 85' lang='lat' dir='ltr'><strong>fugit,</strong></span> <span class='ocrx_word' id='word_1_511' title='bbox 2853 2467 2977 2533; x_wconf 87' lang='lat' dir='ltr'><strong>quia</strong></span> <span class='ocrx_word' id='word_1_512' title='bbox 3006 2466 3360 2519; x_wconf 80' lang='lat' dir='ltr'><strong>mercenarius</strong></span> <span class='ocrx_word' id='word_1_513' title='bbox 3387 2475 3493 2528; x_wconf 79' lang='lat' dir='ltr'><strong>est,</strong></span> <span class='ocrx_word' id='word_1_514' title='bbox 3526 2464 3578 2518; x_wconf 89' lang='lat' dir='ltr'><strong>id</strong></span> <span class='ocrx_word' id='word_1_515' title='bbox 3608 2473 3696 2518; x_wconf 81' lang='lat' dir='ltr'><strong>est</strong></span> <span class='ocrx_word' id='word_1_516' title='bbox 3727 2464 3856 2533; x_wconf 76' lang='lat' dir='ltr'><strong>quia</strong></span> 
     </span>
    </p>
   </div>
   <div class='ocr_carea' id='block_1_72' title="bbox 2263 2554 3857 2626">
    <p class='ocr_par' dir='ltr' id='par_1_72' title="bbox 2263 2554 3857 2626">
     <span class='ocr_line' id='line_1_73' title="bbox 2263 2554 3857 2626; baseline -0.002 -15"><span class='ocrx_word' id='word_1_517' title='bbox 2263 2560 2524 2611; x_wconf 86' lang='lat' dir='ltr'><strong>virtutum</strong></span> <span class='ocrx_word' id='word_1_518' title='bbox 2554 2572 2717 2626; x_wconf 87' lang='lat' dir='ltr'><strong>opera</strong></span> <span class='ocrx_word' id='word_1_519' title='bbox 2748 2566 2966 2626; x_wconf 89' lang='lat' dir='ltr'><strong>propter</strong></span> <span class='ocrx_word' id='word_1_520' title='bbox 3006 2556 3497 2610; x_wconf 86' lang='lat' dir='ltr'><strong>emolumentorum</strong></span> <span class='ocrx_word' id='word_1_521' title='bbox 3548 2554 3857 2609; x_wconf 83' lang='lat' dir='ltr'><strong>carnalium</strong></span> 
     </span>
    </p>
   </div>
   <div class='ocr_carea' id='block_1_73' title="bbox 2263 2645 3859 2712">
    <p class='ocr_par' dir='ltr' id='par_1_73' title="bbox 2263 2645 3859 2712">
     <span class='ocr_line' id='line_1_74' title="bbox 2263 2645 3859 2712; baseline -0.003 -11"><span class='ocrx_word' id='word_1_522' title='bbox 2263 2647 2564 2701; x_wconf 72' lang='lat' dir='ltr'><strong>mercedem</strong></span> <span class='ocrx_word' id='word_1_523' title='bbox 2598 2660 2819 2700; x_wconf 82' lang='lat' dir='ltr'><strong>Servare</strong></span> <span class='ocrx_word' id='word_1_524' title='bbox 2863 2654 3263 2710; x_wconf 80' lang='lat' dir='ltr'><strong>consueverat;</strong></span> <span class='ocrx_word' id='word_1_525' title='bbox 3298 2654 3345 2698; x_wconf 88' lang='lat' dir='ltr'><strong>et</strong></span> <span class='ocrx_word' id='word_1_526' title='bbox 3389 2661 3493 2698; x_wconf 73' lang='lat' dir='ltr'><strong>non</strong></span> <span class='ocrx_word' id='word_1_527' title='bbox 3534 2645 3760 2712; x_wconf 81' lang='lat' dir='ltr'><strong>pertinet</strong></span> <span class='ocrx_word' id='word_1_528' title='bbox 3788 2648 3859 2697; x_wconf 82' lang='lat' dir='ltr'><strong>ad</strong></span> 
     </span>
    </p>
   </div>
   <div class='ocr_carea' id='block_1_74' title="bbox 2261 2736 3859 2806">
    <p class='ocr_par' dir='ltr' id='par_1_74' title="bbox 2261 2736 3859 2806">
     <span class='ocr_line' id='line_1_75' title="bbox 2261 2736 3859 2806; baseline -0.001 -15"><span class='ocrx_word' id='word_1_529' title='bbox 2261 2755 2378 2791; x_wconf 90' lang='lat' dir='ltr'><strong>eum</strong></span> <span class='ocrx_word' id='word_1_530' title='bbox 2408 2740 2471 2790; x_wconf 84' lang='lat' dir='ltr'><strong>de</strong></span> <span class='ocrx_word' id='word_1_531' title='bbox 2502 2738 2697 2797; x_wconf 83' lang='lat' dir='ltr'><strong>ovibus,</strong></span> <span class='ocrx_word' id='word_1_532' title='bbox 2731 2738 2854 2806; x_wconf 85' lang='lat' dir='ltr'><strong>quia</strong></span> <span class='ocrx_word' id='word_1_533' title='bbox 2886 2752 2994 2792; x_wconf 85' lang='lat' dir='ltr'><strong>non</strong></span> <span class='ocrx_word' id='word_1_534' title='bbox 3026 2746 3155 2791; x_wconf 91' lang='lat' dir='ltr'><strong>sunt</strong></span> <span class='ocrx_word' id='word_1_535' title='bbox 3181 2736 3295 2803; x_wconf 85' lang='lat' dir='ltr'><strong>ejus</strong></span> <span class='ocrx_word' id='word_1_536' title='bbox 3318 2736 3545 2789; x_wconf 83' lang='lat' dir='ltr'><strong>virtutes</strong></span> <span class='ocrx_word' id='word_1_537' title='bbox 3567 2736 3654 2789; x_wconf 88' lang='lat' dir='ltr'><strong>vel</strong></span> <span class='ocrx_word' id='word_1_538' title='bbox 3688 2745 3859 2790; x_wconf 81' lang='lat' dir='ltr'><strong>aetio-</strong></span> 
     </span>
    </p>
   </div>
   <div class='ocr_carea' id='block_1_75' title="bbox 2263 2824 3852 2896">
    <p class='ocr_par' dir='ltr' id='par_1_75' title="bbox 2263 2824 3852 2896">
     <span class='ocr_line' id='line_1_76' title="bbox 2263 2824 3852 2896; baseline -0.003 -15"><span class='ocrx_word' id='word_1_539' title='bbox 2263 2842 2357 2881; x_wconf 81' lang='lat' dir='ltr'><strong>nes</strong></span> <span class='ocrx_word' id='word_1_540' title='bbox 2389 2841 2525 2896; x_wconf 92' lang='lat' dir='ltr'><strong>quas</strong></span> <span class='ocrx_word' id='word_1_541' title='bbox 2552 2827 2811 2890; x_wconf 89' lang='lat' dir='ltr'><strong>custodit,</strong></span> <span class='ocrx_word' id='word_1_542' title='bbox 2848 2828 2945 2881; x_wconf 91' lang='lat' dir='ltr'><strong>sed</strong></span> <span class='ocrx_word' id='word_1_543' title='bbox 2980 2826 3132 2879; x_wconf 86' lang='lat' dir='ltr'><strong>lucra</strong></span> <span class='ocrx_word' id='word_1_544' title='bbox 3182 2840 3301 2893; x_wconf 77' lang='lat' dir='ltr'><strong>qua:</strong></span> <span class='ocrx_word' id='word_1_545' title='bbox 3345 2840 3443 2893; x_wconf 92' lang='lat' dir='ltr'><strong>pro</strong></span> <span class='ocrx_word' id='word_1_546' title='bbox 3484 2824 3571 2878; x_wconf 89' lang='lat' dir='ltr'><strong>bis</strong></span> <span class='ocrx_word' id='word_1_547' title='bbox 3602 2826 3852 2893; x_wconf 84' lang='lat' dir='ltr'><strong>appetit;</strong></span> 
     </span>
    </p>
   </div>
   <div class='ocr_carea' id='block_1_76' title="bbox 2246 2904 3857 2988">
    <p class='ocr_par' dir='ltr' id='par_1_76' title="bbox 2246 2904 3857 2988">
     <span class='ocr_line' id='line_1_77' title="bbox 2246 2904 3857 2988; baseline -0.002 -15"><span class='ocrx_word' id='word_1_548' title='bbox 2246 2904 2362 2973; x_wconf 84' lang='lat' dir='ltr'><strong>nec</strong></span> <span class='ocrx_word' id='word_1_549' title='bbox 2382 2934 2567 2973; x_wconf 88' lang='lat' dir='ltr'><strong>earum</strong></span> <span class='ocrx_word' id='word_1_550' title='bbox 2598 2918 2827 2986; x_wconf 79' lang='lat' dir='ltr'><strong>perditio</strong></span> <span class='ocrx_word' id='word_1_551' title='bbox 2862 2927 3099 2973; x_wconf 88' lang='lat' dir='ltr'><strong>mentem</strong></span> <span class='ocrx_word' id='word_1_552' title='bbox 3123 2916 3240 2985; x_wconf 89' lang='lat' dir='ltr'><strong>ejus</strong></span> <span class='ocrx_word' id='word_1_553' title='bbox 3273 2915 3459 2971; x_wconf 90' lang='lat' dir='ltr'><strong>dolore</strong></span> <span class='ocrx_word' id='word_1_554' title='bbox 3500 2916 3699 2988; x_wconf 79' lang='lat' dir='ltr'><strong>tangit,</strong></span> <span class='ocrx_word' id='word_1_555' title='bbox 3727 2916 3857 2988; x_wconf 86' lang='lat' dir='ltr'><strong>quia</strong></span> 
     </span>
    </p>
   </div>
   <div class='ocr_carea' id='block_1_77' title="bbox 2258 3008 3199 3078">
    <p class='ocr_par' dir='ltr' id='par_1_77' title="bbox 2258 3008 3199 3078">
     <span class='ocr_line' id='line_1_78' title="bbox 2258 3008 3199 3078; baseline -0.004 -15"><span class='ocrx_word' id='word_1_556' title='bbox 2258 3026 2367 3064; x_wconf 89' lang='lat' dir='ltr'><strong>non</strong></span> <span class='ocrx_word' id='word_1_557' title='bbox 2398 3025 2512 3075; x_wconf 84' lang='lat' dir='ltr'><strong>eas,</strong></span> <span class='ocrx_word' id='word_1_558' title='bbox 2539 3010 2630 3063; x_wconf 87' lang='lat' dir='ltr'><strong>sed</strong></span> <span class='ocrx_word' id='word_1_559' title='bbox 2657 3010 2961 3064; x_wconf 81' lang='lat' dir='ltr'><strong>mercedem</strong></span> <span class='ocrx_word' id='word_1_560' title='bbox 3002 3008 3199 3078; x_wconf 79' lang='lat' dir='ltr'><strong>diligit.</strong></span> 
     </span>
    </p>
   </div>
   <div class='ocr_carea' id='block_1_78' title="bbox 2332 3099 3857 3170">
    <p class='ocr_par' dir='ltr' id='par_1_78' title="bbox 2332 3099 3857 3170">
     <span class='ocr_line' id='line_1_79' title="bbox 2332 3099 3857 3170; baseline -0.001 -16"><span class='ocrx_word' id='word_1_561' title='bbox 2332 3100 2620 3169; x_wconf 70' lang='lat' dir='ltr'><strong>Hucusque</strong></span> <span class='ocrx_word' id='word_1_562' title='bbox 2647 3116 2827 3155; x_wconf 89' lang='lat' dir='ltr'><strong>sermo</strong></span> <span class='ocrx_word' id='word_1_563' title='bbox 2853 3100 3076 3154; x_wconf 83' lang='lat' dir='ltr'><strong>divinus</strong></span> <span class='ocrx_word' id='word_1_564' title='bbox 3094 3100 3507 3170; x_wconf 78' lang='lat' dir='ltr'><strong>perversitatem</strong></span> <span class='ocrx_word' id='word_1_565' title='bbox 3531 3114 3725 3153; x_wconf 88' lang='lat' dir='ltr'><strong>eorum</strong></span> <span class='ocrx_word' id='word_1_566' title='bbox 3759 3099 3857 3168; x_wconf 86' lang='lat' dir='ltr'><strong>qui</strong></span> 
     </span>
    </p>
   </div>
   <div class='ocr_carea' id='block_1_79' title="bbox 2265 3191 3860 3261">
    <p class='ocr_par' dir='ltr' id='par_1_79' title="bbox 2265 3191 3860 3261">
     <span class='ocr_line' id='line_1_80' title="bbox 2265 3191 3860 3261; baseline -0.001 -14"><span class='ocrx_word' id='word_1_567' title='bbox 2265 3192 2387 3248; x_wconf 76' lang='lat' dir='ltr'><strong>(icto</strong></span> <span class='ocrx_word' id='word_1_568' title='bbox 2407 3194 2589 3256; x_wconf 87' lang='lat' dir='ltr'><strong>corde,</strong></span> <span class='ocrx_word' id='word_1_569' title='bbox 2620 3194 2762 3249; x_wconf 90' lang='lat' dir='ltr'><strong>sicut</strong></span> <span class='ocrx_word' id='word_1_570' title='bbox 2802 3192 3091 3256; x_wconf 62' lang='lat' dir='ltr'><strong>l’bariswi,</strong></span> <span class='ocrx_word' id='word_1_571' title='bbox 3126 3192 3262 3248; x_wconf 90' lang='lat' dir='ltr'><strong>bona</strong></span> <span class='ocrx_word' id='word_1_572' title='bbox 3305 3202 3521 3261; x_wconf 84' lang='lat' dir='ltr'><strong>gerunt,</strong></span> <span class='ocrx_word' id='word_1_573' title='bbox 3553 3191 3658 3247; x_wconf 79' lang='lat' dir='ltr'><strong>sub</strong></span> <span class='ocrx_word' id='word_1_574' title='bbox 3694 3192 3860 3245; x_wconf 88' lang='lat' dir='ltr'><strong>unius</strong></span> 
     </span>
    </p>
   </div>
   <div class='ocr_carea' id='block_1_80' title="bbox 2264 3284 3854 3356">
    <p class='ocr_par' dir='ltr' id='par_1_80' title="bbox 2264 3284 3854 3356">
     <span class='ocr_line' id='line_1_81' title="bbox 2264 3284 3854 3356; baseline -0.001 -18"><span class='ocrx_word' id='word_1_575' title='bbox 2264 3294 2392 3356; x_wconf 81' lang='lat' dir='ltr'><strong>typo</strong></span> <span class='ocrx_word' id='word_1_576' title='bbox 2436 3286 2756 3351; x_wconf 88' lang='lat' dir='ltr'><strong>denotavit;</strong></span> <span class='ocrx_word' id='word_1_577' title='bbox 2787 3296 2841 3339; x_wconf 89' lang='lat' dir='ltr'><strong>et</strong></span> <span class='ocrx_word' id='word_1_578' title='bbox 2886 3293 3007 3355; x_wconf 85' lang='lat' dir='ltr'><strong>post</strong></span> <span class='ocrx_word' id='word_1_579' title='bbox 3049 3284 3163 3339; x_wconf 56' lang='lat' dir='ltr'><strong>hinc</strong></span> <span class='ocrx_word' id='word_1_580' title='bbox 3202 3285 3379 3338; x_wconf 90' lang='lat' dir='ltr'><strong>denuo</strong></span> <span class='ocrx_word' id='word_1_581' title='bbox 3413 3284 3710 3352; x_wconf 84' lang='lat' dir='ltr'><strong>puritatem</strong></span> <span class='ocrx_word' id='word_1_582' title='bbox 3761 3300 3854 3337; x_wconf 83' lang='lat' dir='ltr'><strong>eo-</strong></span> 
     </span>
    </p>
   </div>
   <div class='ocr_carea' id='block_1_81' title="bbox 2263 3378 3856 3453">
    <p class='ocr_par' dir='ltr' id='par_1_81' title="bbox 2263 3378 3856 3453">
     <span class='ocr_line' id='line_1_82' title="bbox 2263 3378 3856 3453; baseline -0.004 -16"><span class='ocrx_word' id='word_1_583' title='bbox 2263 3384 2525 3451; x_wconf 88' lang='lat' dir='ltr'><strong>rum,qui</strong></span> <span class='ocrx_word' id='word_1_584' title='bbox 2577 3382 2819 3453; x_wconf 82' lang='lat' dir='ltr'><strong>perfecto</strong></span> <span class='ocrx_word' id='word_1_585' title='bbox 2852 3382 3014 3437; x_wconf 90' lang='lat' dir='ltr'><strong>corde</strong></span> <span class='ocrx_word' id='word_1_586' title='bbox 3069 3380 3205 3434; x_wconf 89' lang='lat' dir='ltr'><strong>bona</strong></span> <span class='ocrx_word' id='word_1_587' title='bbox 3262 3378 3491 3441; x_wconf 86' lang='lat' dir='ltr'><strong>faciunt,</strong></span> <span class='ocrx_word' id='word_1_588' title='bbox 3537 3379 3856 3433; x_wconf 85' lang='lat' dir='ltr'><strong>describere</strong></span> 
     </span>
    </p>
   </div>
   <div class='ocr_carea' id='block_1_82' title="bbox 2262 3456 3857 3541">
    <p class='ocr_par' dir='ltr' id='par_1_82' title="bbox 2262 3456 3857 3541">
     <span class='ocr_line' id='line_1_83' title="bbox 2262 3456 3857 3541; baseline -0.006 -14"><span class='ocrx_word' id='word_1_589' title='bbox 2262 3456 2471 3541; x_wconf 77' lang='lat' dir='ltr'><strong>incipit,</strong></span> <span class='ocrx_word' id='word_1_590' title='bbox 2506 3474 2631 3528; x_wconf 92' lang='lat' dir='ltr'><strong>dum</strong></span> <span class='ocrx_word' id='word_1_591' title='bbox 2663 3488 2795 3528; x_wconf 87' lang='lat' dir='ltr'><strong>voce</strong></span> <span class='ocrx_word' id='word_1_592' title='bbox 2825 3472 3107 3540; x_wconf 85' lang='lat' dir='ltr'><strong>cujuslibet</strong></span> <span class='ocrx_word' id='word_1_593' title='bbox 3149 3469 3334 3526; x_wconf 82' lang='lat' dir='ltr'><strong>talium</strong></span> <span class='ocrx_word' id='word_1_594' title='bbox 3377 3470 3545 3525; x_wconf 86' lang='lat' dir='ltr'><strong>dicit:</strong></span> <span class='ocrx_word' id='word_1_595' title='bbox 3575 3467 3693 3538; x_wconf 83' lang='lat' dir='ltr'><strong>Ego</strong></span> <span class='ocrx_word' id='word_1_596' title='bbox 3734 3484 3857 3521; x_wconf 83' lang='lat' dir='ltr'><strong>sum</strong></span> 
     </span>
    </p>
   </div>
   <div class='ocr_carea' id='block_1_83' title="bbox 2258 3562 3856 3634">
    <p class='ocr_par' dir='ltr' id='par_1_83' title="bbox 2258 3562 3856 3634">
     <span class='ocr_line' id='line_1_84' title="bbox 2258 3562 3856 3634; baseline -0.003 -17"><span class='ocrx_word' id='word_1_597' title='bbox 2258 3576 2437 3634; x_wconf 79' lang='lat' dir='ltr'><strong>pastor</strong></span> <span class='ocrx_word' id='word_1_598' title='bbox 2470 3565 2654 3618; x_wconf 86' lang='lat' dir='ltr'><strong>bonus.</strong></span> <span class='ocrx_word' id='word_1_599' title='bbox 2685 3565 2760 3619; x_wconf 79' lang='lat' dir='ltr'><strong>At:</strong></span> <span class='ocrx_word' id='word_1_600' title='bbox 2801 3565 2845 3618; x_wconf 84' lang='lat' dir='ltr'><strong>si</strong></span> <span class='ocrx_word' id='word_1_601' title='bbox 2877 3564 3063 3617; x_wconf 85' lang='lat' dir='ltr'><strong>dicat:</strong></span> <span class='ocrx_word' id='word_1_602' title='bbox 3104 3563 3214 3633; x_wconf 83' lang='lat' dir='ltr'><strong>Ego</strong></span> <span class='ocrx_word' id='word_1_603' title='bbox 3258 3562 3397 3616; x_wconf 83' lang='lat' dir='ltr'><strong>bene</strong></span> <span class='ocrx_word' id='word_1_604' title='bbox 3438 3575 3602 3631; x_wconf 84' lang='lat' dir='ltr'><strong>pasco</strong></span> <span class='ocrx_word' id='word_1_605' title='bbox 3642 3570 3697 3614; x_wconf 90' lang='lat' dir='ltr'><strong>et</strong></span> <span class='ocrx_word' id='word_1_606' title='bbox 3725 3576 3856 3630; x_wconf 75' lang='lat' dir='ltr'><strong>ger-</strong></span> 
     </span>
    </p>
   </div>
   <div class='ocr_carea' id='block_1_84' title="bbox 2263 3652 3854 3710">
    <p class='ocr_par' dir='ltr' id='par_1_84' title="bbox 2263 3652 3854 3710">
     <span class='ocr_line' id='line_1_85' title="bbox 2263 3652 3854 3710; baseline -0.004 -2"><span class='ocrx_word' id='word_1_607' title='bbox 2263 3672 2421 3708; x_wconf 77' lang='lat' dir='ltr'><strong>mana</strong></span> <span class='ocrx_word' id='word_1_608' title='bbox 2453 3654 2823 3709; x_wconf 84' lang='lat' dir='ltr'><strong>sollicitudine</strong></span> <span class='ocrx_word' id='word_1_609' title='bbox 2862 3654 3175 3710; x_wconf 76' lang='lat' dir='ltr'><strong>custodiens</strong></span> <span class='ocrx_word' id='word_1_610' title='bbox 3214 3654 3396 3707; x_wconf 89' lang='lat' dir='ltr'><strong>nutrio</strong></span> <span class='ocrx_word' id='word_1_611' title='bbox 3421 3666 3552 3709; x_wconf 87' lang='lat' dir='ltr'><strong>oves</strong></span> <span class='ocrx_word' id='word_1_612' title='bbox 3581 3652 3854 3705; x_wconf 83' lang='lat' dir='ltr'><strong>bonarum</strong></span> 
     </span>
    </p>
   </div>
   <div class='ocr_carea' id='block_1_85' title="bbox 2259 3739 3856 3816">
    <p class='ocr_par' dir='ltr' id='par_1_85' title="bbox 2259 3739 3856 3816">
     <span class='ocr_line' id='line_1_86' title="bbox 2259 3739 3856 3816; baseline -0.006 -15"><span class='ocrx_word' id='word_1_613' title='bbox 2259 3747 2672 3816; x_wconf 80' lang='lat' dir='ltr'><strong>cogitationum,</strong></span> <span class='ocrx_word' id='word_1_614' title='bbox 2712 3756 2875 3814; x_wconf 88' lang='lat' dir='ltr'><strong>atque</strong></span> <span class='ocrx_word' id='word_1_615' title='bbox 2915 3746 3177 3798; x_wconf 88' lang='lat' dir='ltr'><strong>virtutum</strong></span> <span class='ocrx_word' id='word_1_616' title='bbox 3223 3744 3350 3795; x_wconf 89' lang='lat' dir='ltr'><strong>mibi</strong></span> <span class='ocrx_word' id='word_1_617' title='bbox 3382 3741 3648 3795; x_wconf 85' lang='lat' dir='ltr'><strong>divinitus</strong></span> <span class='ocrx_word' id='word_1_618' title='bbox 3677 3739 3856 3793; x_wconf 85' lang='lat' dir='ltr'><strong>tradi-</strong></span> 
     </span>
    </p>
   </div>
   <div class='ocr_carea' id='block_1_86' title="bbox 2261 3829 3857 3907">
    <p class='ocr_par' dir='ltr' id='par_1_86' title="bbox 2261 3829 3857 3907">
     <span class='ocr_line' id='line_1_87' title="bbox 2261 3829 3857 3907; baseline -0.008 -14"><span class='ocrx_word' id='word_1_619' title='bbox 2261 3846 2467 3893; x_wconf 75' lang='lat' dir='ltr'><strong>tarum.</strong></span> <span class='ocrx_word' id='word_1_620' title='bbox 2488 3836 2554 3890; x_wconf 83' lang='lat' dir='ltr'><strong>Et</strong></span> <span class='ocrx_word' id='word_1_621' title='bbox 2591 3853 2844 3907; x_wconf 85' lang='lat' dir='ltr'><strong>cognosco</strong></span> <span class='ocrx_word' id='word_1_622' title='bbox 2893 3851 3035 3889; x_wconf 87' lang='lat' dir='ltr'><strong>meas</strong></span> <span class='ocrx_word' id='word_1_623' title='bbox 3082 3850 3229 3898; x_wconf 85' lang='lat' dir='ltr'><strong>oves,</strong></span> <span class='ocrx_word' id='word_1_624' title='bbox 3264 3833 3327 3886; x_wconf 87' lang='lat' dir='ltr'><strong>id.</strong></span> <span class='ocrx_word' id='word_1_625' title='bbox 3359 3840 3442 3886; x_wconf 89' lang='lat' dir='ltr'><strong>est</strong></span> <span class='ocrx_word' id='word_1_626' title='bbox 3475 3845 3582 3884; x_wconf 91' lang='lat' dir='ltr'><strong>non</strong></span> <span class='ocrx_word' id='word_1_627' title='bbox 3635 3829 3857 3899; x_wconf 81' lang='lat' dir='ltr'><strong>neglige</strong></span> 
     </span>
    </p>
   </div>
   <div class='ocr_carea' id='block_1_87' title="bbox 2258 3925 3858 4002">
    <p class='ocr_par' dir='ltr' id='par_1_87' title="bbox 2258 3925 3858 4002">
     <span class='ocr_line' id='line_1_88' title="bbox 2258 3925 3858 4002; baseline -0.003 -15"><span class='ocrx_word' id='word_1_628' title='bbox 2258 3942 2313 3987; x_wconf 90' lang='lat' dir='ltr'><strong>et</strong></span> <span class='ocrx_word' id='word_1_629' title='bbox 2356 3933 2518 4002; x_wconf 83' lang='lat' dir='ltr'><strong>diligo</strong></span> <span class='ocrx_word' id='word_1_630' title='bbox 2569 3946 2717 3988; x_wconf 90' lang='lat' dir='ltr'><strong>meas</strong></span> <span class='ocrx_word' id='word_1_631' title='bbox 2760 3932 2988 3986; x_wconf 81' lang='lat' dir='ltr'><strong>virtutes</strong></span> <span class='ocrx_word' id='word_1_632' title='bbox 3016 3948 3029 3984; x_wconf 90' lang='lat'>:</span> <span class='ocrx_word' id='word_1_633' title='bbox 3056 3939 3104 3983; x_wconf 85' lang='lat' dir='ltr'><strong>et</strong></span> <span class='ocrx_word' id='word_1_634' title='bbox 3137 3937 3450 3998; x_wconf 77' lang='lat' dir='ltr'><strong>cognoscunt</strong></span> <span class='ocrx_word' id='word_1_635' title='bbox 3492 3944 3577 3981; x_wconf 83' lang='lat' dir='ltr'><strong>me</strong></span> <span class='ocrx_word' id='word_1_636' title='bbox 3617 3943 3768 3987; x_wconf 74' lang='lat' dir='ltr'><strong>meta,</strong></span> <span class='ocrx_word' id='word_1_637' title='bbox 3801 3925 3858 3982; x_wconf 79' lang='lat' dir='ltr'><strong>id</strong></span> 
     </span>
    </p>
   </div>
   <div class='ocr_carea' id='block_1_88' title="bbox 2257 4016 3853 4089">
    <p class='ocr_par' dir='ltr' id='par_1_88' title="bbox 2257 4016 3853 4089">
     <span class='ocr_line' id='line_1_89' title="bbox 2257 4016 3853 4089; baseline -0.006 -12"><span class='ocrx_word' id='word_1_638' title='bbox 2257 4032 2374 4089; x_wconf 88' lang='lat' dir='ltr'><strong>est,</strong></span> <span class='ocrx_word' id='word_1_639' title='bbox 2418 4022 2562 4077; x_wconf 86' lang='lat' dir='ltr'><strong>velut</strong></span> <span class='ocrx_word' id='word_1_640' title='bbox 2593 4021 2788 4077; x_wconf 90' lang='lat' dir='ltr'><strong>dilecto</strong></span> <span class='ocrx_word' id='word_1_641' title='bbox 2820 4020 2951 4075; x_wconf 89' lang='lat' dir='ltr'><strong>mihi</strong></span> <span class='ocrx_word' id='word_1_642' title='bbox 2988 4019 3292 4083; x_wconf 66' lang='lat' dir='ltr'><strong>adhaerent,</strong></span> <span class='ocrx_word' id='word_1_643' title='bbox 3329 4033 3429 4073; x_wconf 89' lang='lat' dir='ltr'><strong>nec</strong></span> <span class='ocrx_word' id='word_1_644' title='bbox 3454 4032 3485 4071; x_wconf 85' lang='lat' dir='ltr'><strong>a</strong></span> <span class='ocrx_word' id='word_1_645' title='bbox 3532 4033 3622 4071; x_wconf 89' lang='lat' dir='ltr'><strong>mc</strong></span> <span class='ocrx_word' id='word_1_646' title='bbox 3666 4017 3752 4071; x_wconf 82' lang='lat' dir='ltr'><strong>vel</strong></span> <span class='ocrx_word' id='word_1_647' title='bbox 3797 4016 3853 4069; x_wconf 91' lang='lat' dir='ltr'><strong>in</strong></span> 
     </span>
    </p>
   </div>
   <div class='ocr_carea' id='block_1_89' title="bbox 2257 4111 3858 4185">
    <p class='ocr_par' dir='ltr' id='par_1_89' title="bbox 2257 4111 3858 4185">
     <span class='ocr_line' id='line_1_90' title="bbox 2257 4111 3858 4185; baseline -0.004 -15"><span class='ocrx_word' id='word_1_648' title='bbox 2257 4116 2497 4170; x_wconf 90' lang='lat' dir='ltr'><strong>adversis</strong></span> <span class='ocrx_word' id='word_1_649' title='bbox 2523 4122 2873 4185; x_wconf 83' lang='lat' dir='ltr'><strong>separantur.</strong></span> <span class='ocrx_word' id='word_1_650' title='bbox 2900 4112 3039 4168; x_wconf 84' lang='lat' dir='ltr'><strong>Eum</strong></span> <span class='ocrx_word' id='word_1_651' title='bbox 3071 4126 3307 4182; x_wconf 87' lang='lat' dir='ltr'><strong>namque</strong></span> <span class='ocrx_word' id='word_1_652' title='bbox 3337 4122 3655 4181; x_wconf 76' lang='lat' dir='ltr'><strong>cognoscunt</strong></span> <span class='ocrx_word' id='word_1_653' title='bbox 3682 4111 3858 4164; x_wconf 85' lang='lat' dir='ltr'><strong>virtu-</strong></span> 
     </span>
    </p>
   </div>
   <div class='ocr_carea' id='block_1_90' title="bbox 2259 4198 3856 4274">
    <p class='ocr_par' dir='ltr' id='par_1_90' title="bbox 2259 4198 3856 4274">
     <span class='ocr_line' id='line_1_91' title="bbox 2259 4198 3856 4274; baseline -0.004 -15"><span class='ocrx_word' id='word_1_654' title='bbox 2259 4213 2363 4270; x_wconf 81' lang='lat' dir='ltr'><strong>tes,</strong></span> <span class='ocrx_word' id='word_1_655' title='bbox 2394 4206 2484 4274; x_wconf 92' lang='lat' dir='ltr'><strong>qui</strong></span> <span class='ocrx_word' id='word_1_656' title='bbox 2512 4219 2617 4257; x_wconf 92' lang='lat' dir='ltr'><strong>non</strong></span> <span class='ocrx_word' id='word_1_657' title='bbox 2648 4204 2707 4259; x_wconf 80' lang='lat' dir='ltr'><strong>tit</strong></span> <span class='ocrx_word' id='word_1_658' title='bbox 2740 4204 2821 4258; x_wconf 90' lang='lat' dir='ltr'><strong>eis</strong></span> <span class='ocrx_word' id='word_1_659' title='bbox 2850 4201 3158 4273; x_wconf 85' lang='lat' dir='ltr'><strong>incognitus</strong></span> <span class='ocrx_word' id='word_1_660' title='bbox 3195 4213 3292 4271; x_wconf 89' lang='lat' dir='ltr'><strong>per</strong></span> <span class='ocrx_word' id='word_1_661' title='bbox 3320 4198 3537 4270; x_wconf 89' lang='lat' dir='ltr'><strong>aliquas</strong></span> <span class='ocrx_word' id='word_1_662' title='bbox 3589 4199 3856 4255; x_wconf 77' lang='lat' dir='ltr'><strong>vitiorum</strong></span> 
     </span>
    </p>
   </div>
   <div class='ocr_carea' id='block_1_91' title="bbox 2255 4297 2706 4367">
    <p class='ocr_par' dir='ltr' id='par_1_91' title="bbox 2255 4297 2706 4367">
     <span class='ocr_line' id='line_1_92' title="bbox 2255 4297 2706 4367; baseline -0.004 -16"><span class='ocrx_word' id='word_1_663' title='bbox 2255 4297 2706 4367; x_wconf 88' lang='lat' dir='ltr'><strong>perpetrationes.</strong></span> 
     </span>
    </p>
   </div>
   <div class='ocr_carea' id='block_1_92' title="bbox 2326 4382 3854 4462">
    <p class='ocr_par' dir='ltr' id='par_1_92' title="bbox 2326 4382 3854 4462">
     <span class='ocr_line' id='line_1_93' title="bbox 2326 4382 3854 4462; baseline -0.005 -21"><span class='ocrx_word' id='word_1_664' title='bbox 2326 4388 2471 4442; x_wconf 82' lang='lat' dir='ltr'><strong>Sicut</strong></span> <span class='ocrx_word' id='word_1_665' title='bbox 2500 4389 2638 4441; x_wconf 87' lang='lat' dir='ltr'><strong>novit</strong></span> <span class='ocrx_word' id='word_1_666' title='bbox 2661 4403 2741 4440; x_wconf 88' lang='lat' dir='ltr'><strong>me</strong></span> <span class='ocrx_word' id='word_1_667' title='bbox 2770 4386 2954 4452; x_wconf 80' lang='lat' dir='ltr'><strong>Pater,</strong></span> <span class='ocrx_word' id='word_1_668' title='bbox 2984 4397 3031 4442; x_wconf 86' lang='lat' dir='ltr'><strong>et</strong></span> <span class='ocrx_word' id='word_1_669' title='bbox 3059 4402 3151 4456; x_wconf 80' lang='lat' dir='ltr'><strong>ego</strong></span> <span class='ocrx_word' id='word_1_670' title='bbox 3183 4383 3652 4462; x_wconf 53' lang='lat' dir='ltr'><strong>agnoxchatrem</strong></span> <span class='ocrx_word' id='word_1_671' title='bbox 3675 4400 3694 4447; x_wconf 85' lang='lat'><strong>;</strong></span> <span class='ocrx_word' id='word_1_672' title='bbox 3719 4382 3854 4452; x_wconf 79' lang='lat' dir='ltr'><strong>quia</strong></span> 
     </span>
    </p>
   </div>
   <div class='ocr_carea' id='block_1_93' title="bbox 570 4454 3859 4553">
    <p class='ocr_par' dir='ltr' id='par_1_93' title="bbox 570 4454 3859 4553">
     <span class='ocr_line' id='line_1_94' title="bbox 570 4454 3859 4553; baseline 0.009 -48"><span class='ocrx_word' id='word_1_673' title='bbox 570 4454 771 4510; x_wconf 88' lang='lat' dir='ltr'><strong>dicitur</strong></span> <span class='ocrx_word' id='word_1_674' title='bbox 792 4467 856 4553; x_wconf 73' lang='lat' dir='ltr'><strong>et</strong></span> <span class='ocrx_word' id='word_1_675' title='bbox 889 4460 961 4514; x_wconf 68' lang='lat' dir='ltr'><strong>de“</strong></span> <span class='ocrx_word' id='word_1_676' title='bbox 991 4462 1104 4553; x_wconf 86' lang='lat' dir='ltr'><strong>illo,</strong></span> <span class='ocrx_word' id='word_1_677' title='bbox 1146 4465 1237 4532; x_wconf 91' lang='lat' dir='ltr'><strong>qui</strong></span> <span class='ocrx_word' id='word_1_678' title='bbox 1291 4469 1531 4537; x_wconf 76' lang='lat' dir='ltr'><strong>segniter</strong></span> <span class='ocrx_word' id='word_1_679' title='bbox 1564 4470 1706 4523; x_wconf 84' lang='lat' dir='ltr'><strong>vivit</strong></span> <span class='ocrx_word' id='word_1_680' title='bbox 1743 4486 1757 4523; x_wconf 81' lang='lat'><strong>2</strong></span> <span class='ocrx_word' id='word_1_681' title='bbox 1793 4471 2016 4536; x_wconf 91' lang='lat' dir='ltr'><strong>dictum,</strong></span> <span class='ocrx_word' id='word_1_682' title='bbox 2058 4473 2145 4525; x_wconf 91' lang='lat' dir='ltr'><strong>in-</strong></span> <span class='ocrx_word' id='word_1_683' title='bbox 2181 4494 2227 4553; x_wconf 74' lang='grc' dir='ltr'>υ</span> <span class='ocrx_word' id='word_1_684' title='bbox 2254 4479 2395 4533; x_wconf 86' lang='lat' dir='ltr'><strong>sicut</strong></span> <span class='ocrx_word' id='word_1_685' title='bbox 2422 4479 2657 4533; x_wconf 69' lang='lat' dir='ltr'><strong>cmlestis</strong></span> <span class='ocrx_word' id='word_1_686' title='bbox 2694 4477 2783 4531; x_wconf 88' lang='lat' dir='ltr'><strong>ille</strong></span> <span class='ocrx_word' id='word_1_687' title='bbox 2829 4476 2991 4532; x_wconf 87' lang='lat' dir='ltr'><strong>Pater</strong></span> <span class='ocrx_word' id='word_1_688' title='bbox 3026 4454 3229 4532; x_wconf 77' lang='lat' dir='ltr'><strong>dilexit</strong></span> <span class='ocrx_word' id='word_1_689' title='bbox 3266 4493 3353 4533; x_wconf 88' lang='lat' dir='ltr'><strong>me</strong></span> <span class='ocrx_word' id='word_1_690' title='bbox 3391 4454 3614 4547; x_wconf 77' lang='lat' dir='ltr'><strong>propter</strong></span> <span class='ocrx_word' id='word_1_691' title='bbox 3644 4488 3756 4538; x_wconf 81' lang='lat' dir='ltr'><strong>me.</strong></span> <span class='ocrx_word' id='word_1_692' title='bbox 3800 4472 3859 4527; x_wconf 70' lang='lat' dir='ltr'><strong>id</strong></span> 
     </span>
    </p>
   </div>
   <div class='ocr_carea' id='block_1_94' title="bbox 571 4547 2150 4627">
    <p class='ocr_par' dir='ltr' id='par_1_94' title="bbox 571 4547 2150 4627">
     <span class='ocr_line' id='line_1_95' title="bbox 571 4547 2150 4627; baseline 0.013 -33"><span class='ocrx_word' id='word_1_693' title='bbox 571 4559 756 4611; x_wconf 88' lang='lat' dir='ltr'><strong>quam,</strong></span> <span class='ocrx_word' id='word_1_694' title='bbox 788 4547 963 4602; x_wconf 83' lang='lat' dir='ltr'><strong>fuerat</strong></span> <span class='ocrx_word' id='word_1_695' title='bbox 988 4552 1055 4606; x_wconf 90' lang='lat' dir='ltr'><strong>de</strong></span> <span class='ocrx_word' id='word_1_696' title='bbox 1076 4562 1315 4620; x_wconf 89' lang='lat' dir='ltr'><strong>pastore,</strong></span> <span class='ocrx_word' id='word_1_697' title='bbox 1357 4557 1449 4625; x_wconf 90' lang='lat' dir='ltr'><strong>qui</strong></span> <span class='ocrx_word' id='word_1_698' title='bbox 1480 4573 1588 4611; x_wconf 92' lang='lat' dir='ltr'><strong>non</strong></span> <span class='ocrx_word' id='word_1_699' title='bbox 1618 4571 1832 4612; x_wconf 80' lang='lat' dir='ltr'><strong>recusat</strong></span> <span class='ocrx_word' id='word_1_700' title='bbox 1857 4577 1950 4627; x_wconf 88' lang='lat' dir='ltr'><strong>pro</strong></span> <span class='ocrx_word' id='word_1_701' title='bbox 1972 4562 2150 4615; x_wconf 84' lang='lat' dir='ltr'><strong>ovibus</strong></span> 
     </span>
    </p>
   </div>
   <div class='ocr_carea' id='block_1_95' title="bbox 570 4637 2149 4724">
    <p class='ocr_par' dir='ltr' id='par_1_95' title="bbox 570 4637 2149 4724">
     <span class='ocr_line' id='line_1_96' title="bbox 570 4637 2149 4724; baseline 0.015 -37"><span class='ocrx_word' id='word_1_702' title='bbox 570 4637 800 4692; x_wconf 86' lang='lat' dir='ltr'><strong>animam</strong></span> <span class='ocrx_word' id='word_1_703' title='bbox 831 4655 1061 4709; x_wconf 91' lang='lat' dir='ltr'><strong>ponere;</strong></span> <span class='ocrx_word' id='word_1_704' title='bbox 1105 4645 1304 4699; x_wconf 88' lang='lat' dir='ltr'><strong>dicitur</strong></span> <span class='ocrx_word' id='word_1_705' title='bbox 1333 4656 1387 4702; x_wconf 91' lang='lat' dir='ltr'><strong>et</strong></span> <span class='ocrx_word' id='word_1_706' title='bbox 1426 4649 1491 4703; x_wconf 87' lang='lat' dir='ltr'><strong>de</strong></span> <span class='ocrx_word' id='word_1_707' title='bbox 1516 4655 1871 4715; x_wconf 88' lang='lat' dir='ltr'><strong>mereenario,</strong></span> <span class='ocrx_word' id='word_1_708' title='bbox 1919 4656 2011 4724; x_wconf 88' lang='lat' dir='ltr'><strong>qui</strong></span> <span class='ocrx_word' id='word_1_709' title='bbox 2044 4671 2149 4711; x_wconf 93' lang='lat' dir='ltr'><strong>non</strong></span> 
     </span>
    </p>
   </div>
   <div class='ocr_carea' id='block_1_96' title="bbox 569 4728 2151 4816">
    <p class='ocr_par' dir='ltr' id='par_1_96' title="bbox 569 4728 2151 4816">
     <span class='ocr_line' id='line_1_97' title="bbox 569 4728 2151 4816; baseline 0.011 -33"><span class='ocrx_word' id='word_1_710' title='bbox 569 4728 732 4783; x_wconf 90' lang='lat' dir='ltr'><strong>audet</strong></span> <span class='ocrx_word' id='word_1_711' title='bbox 761 4729 887 4802; x_wconf 91' lang='lat' dir='ltr'><strong>lupo</strong></span> <span class='ocrx_word' id='word_1_712' title='bbox 912 4733 1189 4791; x_wconf 88' lang='lat' dir='ltr'><strong>resistere.</strong></span> <span class='ocrx_word' id='word_1_713' title='bbox 1235 4736 1369 4794; x_wconf 85' lang='lat' dir='ltr'><strong>Nam</strong></span> <span class='ocrx_word' id='word_1_714' title='bbox 1402 4745 1755 4797; x_wconf 86' lang='lat' dir='ltr'><strong>mercenarius</strong></span> <span class='ocrx_word' id='word_1_715' title='bbox 1783 4756 1884 4809; x_wconf 91' lang='lat' dir='ltr'><strong>est,</strong></span> <span class='ocrx_word' id='word_1_716' title='bbox 1928 4747 2020 4815; x_wconf 92' lang='lat' dir='ltr'><strong>qui</strong></span> <span class='ocrx_word' id='word_1_717' title='bbox 2052 4763 2151 4816; x_wconf 92' lang='lat' dir='ltr'><strong>pro</strong></span> 
     </span>
    </p>
   </div>
   <div class='ocr_carea' id='block_1_97' title="bbox 549 4824 2152 4910">
    <p class='ocr_par' dir='ltr' id='par_1_97' title="bbox 549 4824 2152 4910">
     <span class='ocr_line' id='line_1_98' title="bbox 549 4824 2152 4910; baseline 0.013 -36"><span class='ocrx_word' id='word_1_718' title='bbox 549 4824 821 4898; x_wconf 83' lang='lat' dir='ltr'><strong>mercede</strong></span> <span class='ocrx_word' id='word_1_719' title='bbox 849 4829 1226 4896; x_wconf 88' lang='lat' dir='ltr'><strong>temporalium</strong></span> <span class='ocrx_word' id='word_1_720' title='bbox 1251 4848 1433 4889; x_wconf 89' lang='lat' dir='ltr'><strong>rerum</strong></span> <span class='ocrx_word' id='word_1_721' title='bbox 1460 4837 1570 4906; x_wconf 89' lang='lat' dir='ltr'><strong>agit</strong></span> <span class='ocrx_word' id='word_1_722' title='bbox 1598 4835 1867 4906; x_wconf 85' lang='lat' dir='ltr'><strong>bona,qui</strong></span> <span class='ocrx_word' id='word_1_723' title='bbox 1897 4855 2001 4894; x_wconf 91' lang='lat' dir='ltr'><strong>non</strong></span> <span class='ocrx_word' id='word_1_724' title='bbox 2030 4855 2152 4910; x_wconf 84' lang='lat' dir='ltr'><strong>gra-</strong></span> 
     </span>
    </p>
   </div>
   <div class='ocr_carea' id='block_1_98' title="bbox 540 4912 2151 5000">
    <p class='ocr_par' dir='ltr' id='par_1_98' title="bbox 540 4912 2151 5000">
     <span class='ocr_line' id='line_1_99' title="bbox 540 4912 2151 5000; baseline 0.015 -36"><span class='ocrx_word' id='word_1_725' title='bbox 540 4912 641 4983; x_wconf 86' lang='lat' dir='ltr'><strong>tis</strong></span> <span class='ocrx_word' id='word_1_726' title='bbox 672 4914 841 4969; x_wconf 87' lang='lat' dir='ltr'><strong>Deum</strong></span> <span class='ocrx_word' id='word_1_727' title='bbox 887 4921 1039 4985; x_wconf 90' lang='lat' dir='ltr'><strong>cotit,</strong></span> <span class='ocrx_word' id='word_1_728' title='bbox 1093 4923 1183 4991; x_wconf 90' lang='lat' dir='ltr'><strong>qui</strong></span> <span class='ocrx_word' id='word_1_729' title='bbox 1214 4938 1314 4994; x_wconf 91' lang='lat' dir='ltr'><strong>pro</strong></span> <span class='ocrx_word' id='word_1_730' title='bbox 1354 4926 1441 4981; x_wconf 86' lang='lat' dir='ltr'><strong>bis</strong></span> <span class='ocrx_word' id='word_1_731' title='bbox 1492 4943 1611 4997; x_wconf 83' lang='lat' dir='ltr'><strong>quae</strong></span> <span class='ocrx_word' id='word_1_732' title='bbox 1661 4930 1911 5000; x_wconf 80' lang='lat' dir='ltr'><strong>religiose</strong></span> <span class='ocrx_word' id='word_1_733' title='bbox 1937 4931 2151 4988; x_wconf 88' lang='lat' dir='ltr'><strong>videtur</strong></span> 
     </span>
    </p>
   </div>
   <div class='ocr_carea' id='block_1_99' title="bbox 567 5006 2150 5089">
    <p class='ocr_par' dir='ltr' id='par_1_99' title="bbox 567 5006 2150 5089">
     <span class='ocr_line' id='line_1_100' title="bbox 567 5006 2150 5089; baseline 0.013 -34"><span class='ocrx_word' id='word_1_734' title='bbox 567 5006 805 5074; x_wconf 90' lang='lat' dir='ltr'><strong>operari,</strong></span> <span class='ocrx_word' id='word_1_735' title='bbox 831 5009 1024 5077; x_wconf 64' lang='lat' dir='ltr'><strong>quierit</strong></span> <span class='ocrx_word' id='word_1_736' title='bbox 1063 5011 1116 5067; x_wconf 93' lang='lat' dir='ltr'><strong>in</strong></span> <span class='ocrx_word' id='word_1_737' title='bbox 1163 5014 1268 5070; x_wconf 90' lang='lat' dir='ltr'><strong>hoc</strong></span> <span class='ocrx_word' id='word_1_738' title='bbox 1302 5018 1502 5072; x_wconf 56' lang='lat' dir='ltr'><strong>saeculo</strong></span> <span class='ocrx_word' id='word_1_739' title='bbox 1545 5020 1827 5089; x_wconf 68' lang='lat' dir='ltr'><strong>prmmium</strong></span> <span class='ocrx_word' id='word_1_740' title='bbox 1860 5021 1946 5075; x_wconf 86' lang='lat' dir='ltr'><strong>vel</strong></span> <span class='ocrx_word' id='word_1_741' title='bbox 1976 5021 2150 5078; x_wconf 88' lang='lat' dir='ltr'><strong>laudis</strong></span> 
     </span>
    </p>
   </div>
   <div class='ocr_carea' id='block_1_100' title="bbox 566 5095 2150 5183">
    <p class='ocr_par' dir='ltr' id='par_1_100' title="bbox 566 5095 2150 5183">
     <span class='ocr_line' id='line_1_101' title="bbox 566 5095 2150 5183; baseline 0.013 -36"><span class='ocrx_word' id='word_1_742' title='bbox 566 5095 652 5149; x_wconf 82' lang='lat' dir='ltr'><strong>vel</strong></span> <span class='ocrx_word' id='word_1_743' title='bbox 700 5099 961 5155; x_wconf 89' lang='lat' dir='ltr'><strong>muneris.</strong></span> <span class='ocrx_word' id='word_1_744' title='bbox 1012 5101 1081 5157; x_wconf 85' lang='lat' dir='ltr'><strong>Et</strong></span> <span class='ocrx_word' id='word_1_745' title='bbox 1135 5104 1241 5162; x_wconf 91' lang='lat' dir='ltr'><strong>iste</strong></span> <span class='ocrx_word' id='word_1_746' title='bbox 1292 5125 1399 5163; x_wconf 94' lang='lat' dir='ltr'><strong>non</strong></span> <span class='ocrx_word' id='word_1_747' title='bbox 1447 5118 1532 5164; x_wconf 90' lang='lat' dir='ltr'><strong>est</strong></span> <span class='ocrx_word' id='word_1_748' title='bbox 1577 5120 1796 5180; x_wconf 88' lang='lat' dir='ltr'><strong>pastor;</strong></span> <span class='ocrx_word' id='word_1_749' title='bbox 1842 5112 1970 5183; x_wconf 88' lang='lat' dir='ltr'><strong>quia</strong></span> <span class='ocrx_word' id='word_1_750' title='bbox 2017 5127 2150 5171; x_wconf 90' lang='lat' dir='ltr'><strong>oves</strong></span> 
     </span>
    </p>
   </div>
   <div class='ocr_carea' id='block_1_101' title="bbox 566 5190 2147 5275">
    <p class='ocr_par' dir='ltr' id='par_1_101' title="bbox 566 5190 2147 5275">
     <span class='ocr_line' id='line_1_102' title="bbox 566 5190 2147 5275; baseline 0.011 -32"><span class='ocrx_word' id='word_1_751' title='bbox 566 5190 837 5247; x_wconf 87' lang='lat' dir='ltr'><strong>actionum</strong></span> <span class='ocrx_word' id='word_1_752' title='bbox 864 5208 1086 5251; x_wconf 89' lang='lat' dir='ltr'><strong>suarum</strong></span> <span class='ocrx_word' id='word_1_753' title='bbox 1116 5214 1222 5253; x_wconf 94' lang='lat' dir='ltr'><strong>non</strong></span> <span class='ocrx_word' id='word_1_754' title='bbox 1253 5202 1429 5270; x_wconf 88' lang='lat' dir='ltr'><strong>pascit</strong></span> <span class='ocrx_word' id='word_1_755' title='bbox 1456 5201 1871 5272; x_wconf 88' lang='lat' dir='ltr'><strong>Scripturarum</strong></span> <span class='ocrx_word' id='word_1_756' title='bbox 1905 5207 2147 5275; x_wconf 89' lang='lat' dir='ltr'><strong>pascuis,</strong></span> 
     </span>
    </p>
   </div>
   <div class='ocr_carea' id='block_1_102' title="bbox 567 5292 2152 5368">
    <p class='ocr_par' dir='ltr' id='par_1_102' title="bbox 567 5292 2152 5368">
     <span class='ocr_line' id='line_1_103' title="bbox 567 5292 2152 5368; baseline 0.008 -28"><span class='ocrx_word' id='word_1_757' title='bbox 567 5296 628 5361; x_wconf 84' lang='lat' dir='ltr'><strong>ut</strong></span> <span class='ocrx_word' id='word_1_758' title='bbox 651 5302 716 5345; x_wconf 86' lang='lat' dir='ltr'><strong>eo</strong></span> <span class='ocrx_word' id='word_1_759' title='bbox 738 5292 898 5347; x_wconf 87' lang='lat' dir='ltr'><strong>modo</strong></span> <span class='ocrx_word' id='word_1_760' title='bbox 911 5292 991 5348; x_wconf 90' lang='lat' dir='ltr'><strong>vel</strong></span> <span class='ocrx_word' id='word_1_761' title='bbox 1006 5294 1204 5356; x_wconf 87' lang='lat' dir='ltr'><strong>studio,</strong></span> <span class='ocrx_word' id='word_1_762' title='bbox 1232 5310 1339 5364; x_wconf 91' lang='lat' dir='ltr'><strong>quo</strong></span> <span class='ocrx_word' id='word_1_763' title='bbox 1362 5309 1518 5349; x_wconf 90' lang='lat' dir='ltr'><strong>sacra</strong></span> <span class='ocrx_word' id='word_1_764' title='bbox 1546 5296 1758 5365; x_wconf 84' lang='lat' dir='ltr'><strong>eloquia</strong></span> <span class='ocrx_word' id='word_1_765' title='bbox 1785 5298 2000 5363; x_wconf 89' lang='lat' dir='ltr'><strong>docent,</strong></span> <span class='ocrx_word' id='word_1_766' title='bbox 2024 5306 2152 5368; x_wconf 85' lang='lat' dir='ltr'><strong>agat</strong></span> 
     </span>
    </p>
   </div>
   <div class='ocr_carea' id='block_1_103' title="bbox 564 5379 2147 5457">
    <p class='ocr_par' dir='ltr' id='par_1_103' title="bbox 564 5379 2147 5457">
     <span class='ocr_line' id='line_1_104' title="bbox 564 5379 2147 5457; baseline 0.005 -21"><span class='ocrx_word' id='word_1_767' title='bbox 564 5379 707 5439; x_wconf 76' lang='lat' dir='ltr'><strong>illas.</strong></span> <span class='ocrx_word' id='word_1_768' title='bbox 734 5381 901 5455; x_wconf 83' lang='lat' dir='ltr'><strong>Cujus</strong></span> <span class='ocrx_word' id='word_1_769' title='bbox 960 5402 1064 5440; x_wconf 88' lang='lat' dir='ltr'><strong>non</strong></span> <span class='ocrx_word' id='word_1_770' title='bbox 1110 5395 1232 5440; x_wconf 85' lang='lat' dir='ltr'><strong>sunt</strong></span> <span class='ocrx_word' id='word_1_771' title='bbox 1277 5402 1391 5441; x_wconf 82' lang='lat' dir='ltr'><strong>oves</strong></span> <span class='ocrx_word' id='word_1_772' title='bbox 1432 5388 1691 5456; x_wconf 79' lang='lat' dir='ltr'><strong>propriw;</strong></span> <span class='ocrx_word' id='word_1_773' title='bbox 1722 5388 1846 5455; x_wconf 90' lang='lat' dir='ltr'><strong>quia</strong></span> <span class='ocrx_word' id='word_1_774' title='bbox 1896 5388 2147 5457; x_wconf 84' lang='lat' dir='ltr'><strong>virtutes,</strong></span> 
     </span>
    </p>
   </div>
   <div class='ocr_carea' id='block_1_104' title="bbox 567 5473 2147 5550">
    <p class='ocr_par' dir='ltr' id='par_1_104' title="bbox 567 5473 2147 5550">
     <span class='ocr_line' id='line_1_105' title="bbox 567 5473 2147 5550; baseline 0.009 -26"><span class='ocrx_word' id='word_1_775' title='bbox 567 5486 703 5540; x_wconf 89' lang='lat' dir='ltr'><strong>quas</strong></span> <span class='ocrx_word' id='word_1_776' title='bbox 727 5473 779 5529; x_wconf 88' lang='lat' dir='ltr'><strong>in</strong></span> <span class='ocrx_word' id='word_1_777' title='bbox 804 5477 984 5545; x_wconf 91' lang='lat' dir='ltr'><strong>seipso</strong></span> <span class='ocrx_word' id='word_1_778' title='bbox 1013 5478 1287 5532; x_wconf 89' lang='lat' dir='ltr'><strong>custodire</strong></span> <span class='ocrx_word' id='word_1_779' title='bbox 1312 5477 1545 5542; x_wconf 90' lang='lat' dir='ltr'><strong>videtur,</strong></span> <span class='ocrx_word' id='word_1_780' title='bbox 1578 5492 1646 5534; x_wconf 88' lang='lat' dir='ltr'><strong>an</strong></span> <span class='ocrx_word' id='word_1_781' title='bbox 1674 5494 1739 5535; x_wconf 92' lang='lat' dir='ltr'><strong>eo</strong></span> <span class='ocrx_word' id='word_1_782' title='bbox 1772 5491 1898 5535; x_wconf 89' lang='lat' dir='ltr'><strong>sunt</strong></span> <span class='ocrx_word' id='word_1_783' title='bbox 1921 5480 2147 5550; x_wconf 66' lang='lat' dir='ltr'><strong>alienae,</strong></span> 
     </span>
    </p>
   </div>
   <div class='ocr_carea' id='block_1_105' title="bbox 568 5562 2149 5640">
    <p class='ocr_par' dir='ltr' id='par_1_105' title="bbox 568 5562 2149 5640">
     <span class='ocr_line' id='line_1_106' title="bbox 568 5562 2149 5640; baseline 0.009 -24"><span class='ocrx_word' id='word_1_784' title='bbox 568 5562 695 5617; x_wconf 89' lang='lat' dir='ltr'><strong>dum</strong></span> <span class='ocrx_word' id='word_1_785' title='bbox 741 5580 834 5621; x_wconf 89' lang='lat' dir='ltr'><strong>eas</strong></span> <span class='ocrx_word' id='word_1_786' title='bbox 862 5568 931 5624; x_wconf 92' lang='lat' dir='ltr'><strong>ob</strong></span> <span class='ocrx_word' id='word_1_787' title='bbox 973 5570 1345 5624; x_wconf 86' lang='lat' dir='ltr'><strong>transitoriam</strong></span> <span class='ocrx_word' id='word_1_788' title='bbox 1388 5571 1801 5627; x_wconf 88' lang='lat' dir='ltr'><strong>retributionem</strong></span> <span class='ocrx_word' id='word_1_789' title='bbox 1844 5583 2049 5640; x_wconf 87' lang='lat' dir='ltr'><strong>servat,</strong></span> <span class='ocrx_word' id='word_1_790' title='bbox 2093 5586 2149 5631; x_wconf 88' lang='lat' dir='ltr'><strong>et</strong></span> 
     </span>
    </p>
   </div>
   <div class='ocr_carea' id='block_1_106' title="bbox 567 5660 2147 5736">
    <p class='ocr_par' dir='ltr' id='par_1_106' title="bbox 567 5660 2147 5736">
     <span class='ocr_line' id='line_1_107' title="bbox 567 5660 2147 5736; baseline 0.009 -29"><span class='ocrx_word' id='word_1_791' title='bbox 567 5669 676 5708; x_wconf 90' lang='lat' dir='ltr'><strong>non</strong></span> <span class='ocrx_word' id='word_1_792' title='bbox 705 5660 861 5724; x_wconf 90' lang='lat' dir='ltr'><strong>quasi</strong></span> <span class='ocrx_word' id='word_1_793' title='bbox 895 5660 1142 5729; x_wconf 85' lang='lat' dir='ltr'><strong>proprias</strong></span> <span class='ocrx_word' id='word_1_794' title='bbox 1172 5670 1338 5715; x_wconf 89' lang='lat' dir='ltr'><strong>amat.</strong></span> <span class='ocrx_word' id='word_1_795' title='bbox 1375 5660 1473 5715; x_wconf 88' lang='lat' dir='ltr'><strong>llic</strong></span> <span class='ocrx_word' id='word_1_796' title='bbox 1500 5677 1630 5732; x_wconf 87' lang='lat' dir='ltr'><strong>ergo</strong></span> <span class='ocrx_word' id='word_1_797' title='bbox 1661 5665 1751 5731; x_wconf 88' lang='lat' dir='ltr'><strong>qui</strong></span> <span class='ocrx_word' id='word_1_798' title='bbox 1790 5666 1841 5719; x_wconf 93' lang='lat' dir='ltr'><strong>in</strong></span> <span class='ocrx_word' id='word_1_799' title='bbox 1872 5666 2147 5736; x_wconf 77' lang='lat' dir='ltr'><strong>prosperis</strong></span> 
     </span>
    </p>
   </div>
   <div class='ocr_carea' id='block_1_107' title="bbox 566 5746 1945 5824">
    <p class='ocr_par' dir='ltr' id='par_1_107' title="bbox 566 5746 1945 5824">
     <span class='ocr_line' id='line_1_108' title="bbox 566 5746 1945 5824; baseline 0.007 -22"><span class='ocrx_word' id='word_1_800' title='bbox 566 5746 647 5802; x_wconf 68' lang='lat' dir='ltr'><strong>sic</strong></span> <span class='ocrx_word' id='word_1_801' title='bbox 682 5746 899 5815; x_wconf 78' lang='lat' dir='ltr'><strong>agebat,</strong></span> <span class='ocrx_word' id='word_1_802' title='bbox 941 5752 1220 5807; x_wconf 83' lang='lat' dir='ltr'><strong>audiamus</strong></span> <span class='ocrx_word' id='word_1_803' title='bbox 1250 5754 1303 5807; x_wconf 95' lang='lat' dir='ltr'><strong>in</strong></span> <span class='ocrx_word' id='word_1_804' title='bbox 1337 5752 1577 5808; x_wconf 81' lang='lat' dir='ltr'><strong>adversis</strong></span> <span class='ocrx_word' id='word_1_805' title='bbox 1599 5755 1727 5824; x_wconf 92' lang='lat' dir='ltr'><strong>quid</strong></span> <span class='ocrx_word' id='word_1_806' title='bbox 1766 5756 1945 5811; x_wconf 80' lang='lat' dir='ltr'><strong>faciat.</strong></span> 
     </span>
    </p>
   </div>
   <div class='ocr_carea' id='block_1_108' title="bbox 2252 4567 3863 4640">
    <p class='ocr_par' dir='ltr' id='par_1_108' title="bbox 2252 4567 3863 4640">
     <span class='ocr_line' id='line_1_109' title="bbox 2252 4567 3863 4640; baseline -0.002 -16"><span class='ocrx_word' id='word_1_807' title='bbox 2252 4582 2334 4624; x_wconf 93' lang='lat' dir='ltr'><strong>est</strong></span> <span class='ocrx_word' id='word_1_808' title='bbox 2370 4579 2589 4638; x_wconf 89' lang='lat' dir='ltr'><strong>propter</strong></span> <span class='ocrx_word' id='word_1_809' title='bbox 2619 4585 2796 4624; x_wconf 88' lang='lat' dir='ltr'><strong>meam</strong></span> <span class='ocrx_word' id='word_1_810' title='bbox 2824 4570 3076 4637; x_wconf 89' lang='lat' dir='ltr'><strong>salutem,</strong></span> <span class='ocrx_word' id='word_1_811' title='bbox 3102 4582 3155 4625; x_wconf 88' lang='lat' dir='ltr'><strong>et</strong></span> <span class='ocrx_word' id='word_1_812' title='bbox 3183 4585 3289 4625; x_wconf 88' lang='lat' dir='ltr'><strong>non</strong></span> <span class='ocrx_word' id='word_1_813' title='bbox 3314 4578 3538 4640; x_wconf 88' lang='lat' dir='ltr'><strong>propter</strong></span> <span class='ocrx_word' id='word_1_814' title='bbox 3569 4567 3751 4632; x_wconf 87' lang='lat' dir='ltr'><strong>aliud;</strong></span> <span class='ocrx_word' id='word_1_815' title='bbox 3780 4567 3863 4621; x_wconf 73' lang='lat' dir='ltr'><strong>ita</strong></span> 
     </span>
    </p>
   </div>
   <div class='ocr_carea' id='block_1_109' title="bbox 2253 4660 3856 4734">
    <p class='ocr_par' dir='ltr' id='par_1_109' title="bbox 2253 4660 3856 4734">
     <span class='ocr_line' id='line_1_110' title="bbox 2253 4660 3856 4734; baseline -0.004 -16"><span class='ocrx_word' id='word_1_816' title='bbox 2253 4674 2305 4718; x_wconf 89' lang='lat' dir='ltr'><strong>et</strong></span> <span class='ocrx_word' id='word_1_817' title='bbox 2335 4679 2435 4734; x_wconf 88' lang='lat' dir='ltr'><strong>ego</strong></span> <span class='ocrx_word' id='word_1_818' title='bbox 2458 4664 2622 4733; x_wconf 79' lang='lat' dir='ltr'><strong>diligo</strong></span> <span class='ocrx_word' id='word_1_819' title='bbox 2651 4678 2775 4717; x_wconf 89' lang='lat' dir='ltr'><strong>eum</strong></span> <span class='ocrx_word' id='word_1_820' title='bbox 2802 4672 3024 4732; x_wconf 89' lang='lat' dir='ltr'><strong>propter</strong></span> <span class='ocrx_word' id='word_1_821' title='bbox 3055 4671 3275 4727; x_wconf 85' lang='lat' dir='ltr'><strong>eum,et</strong></span> <span class='ocrx_word' id='word_1_822' title='bbox 3294 4677 3399 4718; x_wconf 92' lang='lat' dir='ltr'><strong>non</strong></span> <span class='ocrx_word' id='word_1_823' title='bbox 3426 4670 3651 4732; x_wconf 72' lang='lat' dir='ltr'><strong>propter</strong></span> <span class='ocrx_word' id='word_1_824' title='bbox 3676 4660 3856 4714; x_wconf 83' lang='lat' dir='ltr'><strong>aliud.</strong></span> 
     </span>
    </p>
   </div>
   <div class='ocr_carea' id='block_1_110' title="bbox 2253 4748 3858 4823">
    <p class='ocr_par' dir='ltr' id='par_1_110' title="bbox 2253 4748 3858 4823">
     <span class='ocr_line' id='line_1_111' title="bbox 2253 4748 3858 4823; baseline -0.002 -17"><span class='ocrx_word' id='word_1_825' title='bbox 2253 4752 2387 4807; x_wconf 88' lang='lat' dir='ltr'><strong>Nam</strong></span> <span class='ocrx_word' id='word_1_826' title='bbox 2429 4768 2531 4807; x_wconf 89' lang='lat' dir='ltr'><strong>nec</strong></span> <span class='ocrx_word' id='word_1_827' title='bbox 2558 4754 2644 4806; x_wconf 89' lang='lat' dir='ltr'><strong>ille</strong></span> <span class='ocrx_word' id='word_1_828' title='bbox 2670 4752 2814 4809; x_wconf 90' lang='lat' dir='ltr'><strong>aliud</strong></span> <span class='ocrx_word' id='word_1_829' title='bbox 2844 4754 3095 4822; x_wconf 53' lang='lat' dir='ltr'><strong>quaesivit</strong></span> <span class='ocrx_word' id='word_1_830' title='bbox 3122 4767 3223 4823; x_wconf 91' lang='lat' dir='ltr'><strong>pro</strong></span> <span class='ocrx_word' id='word_1_831' title='bbox 3261 4754 3363 4806; x_wconf 86' lang='lat' dir='ltr'><strong>bac</strong></span> <span class='ocrx_word' id='word_1_832' title='bbox 3389 4750 3702 4811; x_wconf 88' lang='lat' dir='ltr'><strong>dilectione,</strong></span> <span class='ocrx_word' id='word_1_833' title='bbox 3743 4748 3858 4803; x_wconf 83' lang='lat' dir='ltr'><strong>nisi</strong></span> 
     </span>
    </p>
   </div>
   <div class='ocr_carea' id='block_1_111' title="bbox 2252 4835 3857 4911">
    <p class='ocr_par' dir='ltr' id='par_1_111' title="bbox 2252 4835 3857 4911">
     <span class='ocr_line' id='line_1_112' title="bbox 2252 4835 3857 4911; baseline -0.005 -15"><span class='ocrx_word' id='word_1_834' title='bbox 2252 4857 2370 4907; x_wconf 86' lang='lat' dir='ltr'><strong>tne,</strong></span> <span class='ocrx_word' id='word_1_835' title='bbox 2404 4856 2504 4897; x_wconf 90' lang='lat' dir='ltr'><strong>nec</strong></span> <span class='ocrx_word' id='word_1_836' title='bbox 2532 4855 2634 4911; x_wconf 86' lang='lat' dir='ltr'><strong>ego</strong></span> <span class='ocrx_word' id='word_1_837' title='bbox 2684 4842 2830 4896; x_wconf 87' lang='lat' dir='ltr'><strong>aliud</strong></span> <span class='ocrx_word' id='word_1_838' title='bbox 2869 4857 3056 4911; x_wconf 69' lang='lat' dir='ltr'><strong>qumro</strong></span> <span class='ocrx_word' id='word_1_839' title='bbox 3104 4857 3202 4911; x_wconf 91' lang='lat' dir='ltr'><strong>pro</strong></span> <span class='ocrx_word' id='word_1_840' title='bbox 3246 4841 3351 4896; x_wconf 87' lang='lat' dir='ltr'><strong>hac</strong></span> <span class='ocrx_word' id='word_1_841' title='bbox 3397 4837 3711 4901; x_wconf 86' lang='lat' dir='ltr'><strong>dilectione,</strong></span> <span class='ocrx_word' id='word_1_842' title='bbox 3743 4835 3857 4889; x_wconf 88' lang='lat' dir='ltr'><strong>nisi</strong></span> 
     </span>
    </p>
   </div>
   <div class='ocr_carea' id='block_1_112' title="bbox 2254 4928 3856 5003">
    <p class='ocr_par' dir='ltr' id='par_1_112' title="bbox 2254 4928 3856 5003">
     <span class='ocr_line' id='line_1_113' title="bbox 2254 4928 3856 5003; baseline -0.002 -16"><span class='ocrx_word' id='word_1_843' title='bbox 2254 4933 2424 4987; x_wconf 87' lang='lat' dir='ltr'><strong>illum.</strong></span> <span class='ocrx_word' id='word_1_844' title='bbox 2459 4932 2595 4987; x_wconf 86' lang='lat' dir='ltr'><strong>Hinc</strong></span> <span class='ocrx_word' id='word_1_845' title='bbox 2625 4935 2878 5003; x_wconf 86' lang='lat' dir='ltr'><strong>estquod</strong></span> <span class='ocrx_word' id='word_1_846' title='bbox 2900 4940 2956 4986; x_wconf 90' lang='lat' dir='ltr'><strong>et</strong></span> <span class='ocrx_word' id='word_1_847' title='bbox 2981 4932 3035 4987; x_wconf 89' lang='lat' dir='ltr'><strong>in</strong></span> <span class='ocrx_word' id='word_1_848' title='bbox 3060 4931 3290 5002; x_wconf 78' lang='lat' dir='ltr'><strong>epistola</strong></span> <span class='ocrx_word' id='word_1_849' title='bbox 3328 4944 3427 4986; x_wconf 86' lang='lat' dir='ltr'><strong>sua</strong></span> <span class='ocrx_word' id='word_1_850' title='bbox 3446 4928 3686 4985; x_wconf 71' lang='lat' dir='ltr'><strong>Joannes</strong></span> <span class='ocrx_word' id='word_1_851' title='bbox 3716 4928 3806 4981; x_wconf 77' lang='lat' dir='ltr'><strong>ait</strong></span> <span class='ocrx_word' id='word_1_852' title='bbox 3840 4944 3856 4984; x_wconf 90' lang='lat'><strong>:</strong></span> 
     </span>
    </p>
   </div>
   <div class='ocr_carea' id='block_1_113' title="bbox 2254 5019 3859 5089">
    <p class='ocr_par' dir='ltr' id='par_1_113' title="bbox 2254 5019 3859 5089">
     <span class='ocr_line' id='line_1_114' title="bbox 2254 5019 3859 5089; baseline -0.004 -12"><span class='ocrx_word' id='word_1_853' title='bbox 2254 5022 2391 5089; x_wconf 81' lang='lat' dir='ltr'><strong>Quia</strong></span> <span class='ocrx_word' id='word_1_854' title='bbox 2418 5022 2551 5077; x_wconf 79' lang='lat' dir='ltr'><strong>sicut</strong></span> <span class='ocrx_word' id='word_1_855' title='bbox 2598 5022 2687 5075; x_wconf 81' lang='lat' dir='ltr'><strong>ille</strong></span> <span class='ocrx_word' id='word_1_856' title='bbox 2714 5034 2809 5087; x_wconf 83' lang='lat' dir='ltr'><strong>est,</strong></span> <span class='ocrx_word' id='word_1_857' title='bbox 2842 5024 2919 5077; x_wconf 86' lang='lat' dir='ltr'><strong>ita</strong></span> <span class='ocrx_word' id='word_1_858' title='bbox 2957 5032 3005 5077; x_wconf 87' lang='lat' dir='ltr'><strong>et</strong></span> <span class='ocrx_word' id='word_1_859' title='bbox 3039 5040 3133 5077; x_wconf 83' lang='lat' dir='ltr'><strong>nos</strong></span> <span class='ocrx_word' id='word_1_860' title='bbox 3180 5037 3364 5076; x_wconf 79' lang='lat' dir='ltr'><strong>sumus</strong></span> <span class='ocrx_word' id='word_1_861' title='bbox 3402 5021 3459 5074; x_wconf 87' lang='lat' dir='ltr'><strong>in</strong></span> <span class='ocrx_word' id='word_1_862' title='bbox 3501 5021 3602 5076; x_wconf 77' lang='lat' dir='ltr'><strong>hoc</strong></span> <span class='ocrx_word' id='word_1_863' title='bbox 3643 5019 3859 5072; x_wconf 70' lang='lat' dir='ltr'><strong>mundo</strong></span> 
     </span>
    </p>
   </div>
   <div class='ocr_carea' id='block_1_114' title="bbox 2252 5112 3861 5185">
    <p class='ocr_par' dir='ltr' id='par_1_114' title="bbox 2252 5112 3861 5185">
     <span class='ocr_line' id='line_1_115' title="bbox 2252 5112 3861 5185; baseline 0 -17"><span class='ocrx_word' id='word_1_864' title='bbox 2252 5114 2303 5185; x_wconf 87' lang='lat' dir='ltr'><strong>(I</strong></span> <span class='ocrx_word' id='word_1_865' title='bbox 2332 5112 2497 5168; x_wconf 76' lang='lat' dir='ltr'><strong>Joan.</strong></span> <span class='ocrx_word' id='word_1_866' title='bbox 2528 5130 2603 5180; x_wconf 85' lang='lat' dir='ltr'><strong>tv,</strong></span> <span class='ocrx_word' id='word_1_867' title='bbox 2646 5114 2757 5185; x_wconf 78' lang='lat' dir='ltr'><strong>l7).</strong></span> <span class='ocrx_word' id='word_1_868' title='bbox 2806 5114 2955 5170; x_wconf 84' lang='lat' dir='ltr'><strong>Sicut</strong></span> <span class='ocrx_word' id='word_1_869' title='bbox 2992 5116 3137 5169; x_wconf 89' lang='lat' dir='ltr'><strong>enim</strong></span> <span class='ocrx_word' id='word_1_870' title='bbox 3166 5130 3274 5169; x_wconf 88' lang='lat' dir='ltr'><strong>non</strong></span> <span class='ocrx_word' id='word_1_871' title='bbox 3299 5113 3669 5183; x_wconf 66' lang='lat' dir='ltr'><strong>aequalitatem</strong></span> <span class='ocrx_word' id='word_1_872' title='bbox 3694 5128 3861 5168; x_wconf 85' lang='lat' dir='ltr'><strong>nunc</strong></span> 
     </span>
    </p>
   </div>
   <div class='ocr_carea' id='block_1_115' title="bbox 2220 5203 3861 5275">
    <p class='ocr_par' dir='ltr' id='par_1_115' title="bbox 2220 5203 3861 5275">
     <span class='ocr_line' id='line_1_116' title="bbox 2220 5203 3861 5275; baseline -0.001 -16"><span class='ocrx_word' id='word_1_873' title='bbox 2220 5236 2223 5239; x_wconf 97' lang='lat'><strong><em>-</em></strong></span> <span class='ocrx_word' id='word_1_874' title='bbox 2251 5204 2541 5275; x_wconf 82' lang='lat' dir='ltr'><strong>signiﬁcat,</strong></span> <span class='ocrx_word' id='word_1_875' title='bbox 2570 5204 2666 5259; x_wconf 88' lang='lat' dir='ltr'><strong>sed</strong></span> <span class='ocrx_word' id='word_1_876' title='bbox 2688 5205 3127 5271; x_wconf 87' lang='lat' dir='ltr'><strong>similitudinem;</strong></span> <span class='ocrx_word' id='word_1_877' title='bbox 3165 5206 3291 5275; x_wconf 90' lang='lat' dir='ltr'><strong>quia</strong></span> <span class='ocrx_word' id='word_1_878' title='bbox 3327 5220 3437 5260; x_wconf 83' lang='lat' dir='ltr'><strong>non</strong></span> <span class='ocrx_word' id='word_1_879' title='bbox 3465 5204 3753 5272; x_wconf 81' lang='lat' dir='ltr'><strong>loquimur</strong></span> <span class='ocrx_word' id='word_1_880' title='bbox 3787 5203 3861 5257; x_wconf 83' lang='lat' dir='ltr'><strong>de</strong></span> 
     </span>
    </p>
   </div>
   <div class='ocr_carea' id='block_1_116' title="bbox 2251 5294 3865 5367">
    <p class='ocr_par' dir='ltr' id='par_1_116' title="bbox 2251 5294 3865 5367">
     <span class='ocr_line' id='line_1_117' title="bbox 2251 5294 3865 5367; baseline -0.003 -16"><span class='ocrx_word' id='word_1_881' title='bbox 2251 5297 2638 5367; x_wconf 82' lang='lat' dir='ltr'><strong>Redemptore,</strong></span> <span class='ocrx_word' id='word_1_882' title='bbox 2666 5298 2757 5367; x_wconf 91' lang='lat' dir='ltr'><strong>qui</strong></span> <span class='ocrx_word' id='word_1_883' title='bbox 2798 5297 3096 5352; x_wconf 84' lang='lat' dir='ltr'><strong>secundum</strong></span> <span class='ocrx_word' id='word_1_884' title='bbox 3131 5297 3470 5353; x_wconf 88' lang='lat' dir='ltr'><strong>divinitatem</strong></span> <span class='ocrx_word' id='word_1_885' title='bbox 3504 5294 3738 5365; x_wconf 66' lang='lat' dir='ltr'><strong>aqualis</strong></span> <span class='ocrx_word' id='word_1_886' title='bbox 3769 5304 3865 5347; x_wconf 81' lang='lat' dir='ltr'><strong>est</strong></span> 
     </span>
    </p>
   </div>
   <div class='ocr_carea' id='block_1_117' title="bbox 2250 5385 3861 5458">
    <p class='ocr_par' dir='ltr' id='par_1_117' title="bbox 2250 5385 3861 5458">
     <span class='ocr_line' id='line_1_118' title="bbox 2250 5385 3861 5458; baseline -0.004 -14"><span class='ocrx_word' id='word_1_887' title='bbox 2250 5389 2429 5456; x_wconf 88' lang='lat' dir='ltr'><strong>Patri;</strong></span> <span class='ocrx_word' id='word_1_888' title='bbox 2454 5390 2548 5445; x_wconf 88' lang='lat' dir='ltr'><strong>sed</strong></span> <span class='ocrx_word' id='word_1_889' title='bbox 2574 5391 2643 5443; x_wconf 90' lang='lat' dir='ltr'><strong>de</strong></span> <span class='ocrx_word' id='word_1_890' title='bbox 2685 5388 2985 5458; x_wconf 81' lang='lat' dir='ltr'><strong>redempta,</strong></span> <span class='ocrx_word' id='word_1_891' title='bbox 3015 5389 3105 5458; x_wconf 88' lang='lat' dir='ltr'><strong>qui</strong></span> <span class='ocrx_word' id='word_1_892' title='bbox 3135 5391 3439 5443; x_wconf 85' lang='lat' dir='ltr'><strong>membrum</strong></span> <span class='ocrx_word' id='word_1_893' title='bbox 3474 5397 3562 5440; x_wconf 90' lang='lat' dir='ltr'><strong>est</strong></span> <span class='ocrx_word' id='word_1_894' title='bbox 3602 5385 3861 5437; x_wconf 77' lang='lat' dir='ltr'><strong>Redem—</strong></span> 
     </span>
    </p>
   </div>
   <div class='ocr_carea' id='block_1_118' title="bbox 2212 5472 3868 5551">
    <p class='ocr_par' dir='ltr' id='par_1_118' title="bbox 2212 5472 3868 5551">
     <span class='ocr_line' id='line_1_119' title="bbox 2212 5472 3868 5551; baseline -0.005 -13"><span class='ocrx_word' id='word_1_895' title='bbox 2212 5498 2219 5503; x_wconf 72' lang='lat'><strong><em>&#39;</em></strong></span> <span class='ocrx_word' id='word_1_896' title='bbox 2250 5480 2442 5551; x_wconf 88' lang='lat' dir='ltr'><strong>ptoris.</strong></span> <span class='ocrx_word' id='word_1_897' title='bbox 2465 5480 2569 5549; x_wconf 85' lang='lat' dir='ltr'><strong>Qui</strong></span> <span class='ocrx_word' id='word_1_898' title='bbox 2596 5480 2805 5536; x_wconf 84' lang='lat' dir='ltr'><strong>scilicet</strong></span> <span class='ocrx_word' id='word_1_899' title='bbox 2830 5479 3145 5550; x_wconf 85' lang='lat' dir='ltr'><strong>redemptus</strong></span> <span class='ocrx_word' id='word_1_900' title='bbox 3166 5477 3481 5548; x_wconf 85' lang='lat' dir='ltr'><strong>subjungit:</strong></span> <span class='ocrx_word' id='word_1_901' title='bbox 3511 5476 3579 5531; x_wconf 83' lang='lat' dir='ltr'><strong>Et</strong></span> <span class='ocrx_word' id='word_1_902' title='bbox 3603 5472 3868 5532; x_wconf 66' lang='lat' dir='ltr'><strong>animant</strong></span> 
     </span>
    </p>
   </div>
   <div class='ocr_carea' id='block_1_119' title="bbox 2249 5566 3870 5641">
    <p class='ocr_par' dir='ltr' id='par_1_119' title="bbox 2249 5566 3870 5641">
     <span class='ocr_line' id='line_1_120' title="bbox 2249 5566 3870 5641; baseline -0.002 -16"><span class='ocrx_word' id='word_1_903' title='bbox 2249 5588 2419 5625; x_wconf 86' lang='lat' dir='ltr'><strong>nteant</strong></span> <span class='ocrx_word' id='word_1_904' title='bbox 2446 5587 2581 5641; x_wconf 87' lang='lat' dir='ltr'><strong>pono</strong></span> <span class='ocrx_word' id='word_1_905' title='bbox 2602 5587 2697 5639; x_wconf 89' lang='lat' dir='ltr'><strong>pro</strong></span> <span class='ocrx_word' id='word_1_906' title='bbox 2716 5571 2895 5626; x_wconf 78' lang='lat' dir='ltr'><strong>ovibus</strong></span> <span class='ocrx_word' id='word_1_907' title='bbox 2920 5571 3066 5626; x_wconf 81' lang='lat' dir='ltr'><strong>meis.</strong></span> <span class='ocrx_word' id='word_1_908' title='bbox 3098 5570 3158 5626; x_wconf 89' lang='lat' dir='ltr'><strong>Id</strong></span> <span class='ocrx_word' id='word_1_909' title='bbox 3181 5579 3266 5626; x_wconf 87' lang='lat' dir='ltr'><strong>est</strong></span> <span class='ocrx_word' id='word_1_910' title='bbox 3294 5568 3645 5639; x_wconf 79' lang='lat' dir='ltr'><strong>temporalem</strong></span> <span class='ocrx_word' id='word_1_911' title='bbox 3663 5566 3870 5621; x_wconf 70' lang='lat' dir='ltr'><strong>Vitam</strong></span> 
     </span>
    </p>
   </div>
   <div class='ocr_carea' id='block_1_120' title="bbox 2251 5656 3871 5730">
    <p class='ocr_par' dir='ltr' id='par_1_120' title="bbox 2251 5656 3871 5730">
     <span class='ocr_line' id='line_1_121' title="bbox 2251 5656 3871 5730; baseline -0.002 -13"><span class='ocrx_word' id='word_1_912' title='bbox 2251 5662 2477 5717; x_wconf 89' lang='lat' dir='ltr'><strong>bumilio</strong></span> <span class='ocrx_word' id='word_1_913' title='bbox 2509 5661 2561 5715; x_wconf 93' lang='lat' dir='ltr'><strong>in</strong></span> <span class='ocrx_word' id='word_1_914' title='bbox 2592 5661 2886 5727; x_wconf 86' lang='lat' dir='ltr'><strong>laboribus,</strong></span> <span class='ocrx_word' id='word_1_915' title='bbox 2917 5671 2972 5717; x_wconf 91' lang='lat' dir='ltr'><strong>et</strong></span> <span class='ocrx_word' id='word_1_916' title='bbox 3011 5661 3258 5730; x_wconf 78' lang='lat' dir='ltr'><strong>expendo</strong></span> <span class='ocrx_word' id='word_1_917' title='bbox 3306 5668 3366 5714; x_wconf 87' lang='lat' dir='ltr'><strong>ut</strong></span> <span class='ocrx_word' id='word_1_918' title='bbox 3400 5674 3531 5714; x_wconf 86' lang='lat' dir='ltr'><strong>oves</strong></span> <span class='ocrx_word' id='word_1_919' title='bbox 3568 5656 3871 5713; x_wconf 76' lang='lat' dir='ltr'><strong>virtutum</strong></span> 
     </span>
    </p>
   </div>
   <div class='ocr_carea' id='block_1_121' title="bbox 2250 5744 3875 5818">
    <p class='ocr_par' dir='ltr' id='par_1_121' title="bbox 2250 5744 3875 5818">
     <span class='ocr_line' id='line_1_122' title="bbox 2250 5744 3875 5818; baseline -0.002 -9"><span class='ocrx_word' id='word_1_920' title='bbox 2250 5766 2305 5809; x_wconf 85' lang='lat' dir='ltr'><strong>et</strong></span> <span class='ocrx_word' id='word_1_921' title='bbox 2338 5754 2609 5810; x_wconf 89' lang='lat' dir='ltr'><strong>actionum</strong></span> <span class='ocrx_word' id='word_1_922' title='bbox 2640 5769 2887 5809; x_wconf 81' lang='lat' dir='ltr'><strong>mearum</strong></span> <span class='ocrx_word' id='word_1_923' title='bbox 2921 5771 3025 5810; x_wconf 86' lang='lat' dir='ltr'><strong>non</strong></span> <span class='ocrx_word' id='word_1_924' title='bbox 3057 5753 3329 5818; x_wconf 78' lang='lat' dir='ltr'><strong>amittam,</strong></span> <span class='ocrx_word' id='word_1_925' title='bbox 3359 5751 3453 5809; x_wconf 80' lang='lat' dir='ltr'><strong>sed</strong></span> <span class='ocrx_word' id='word_1_926' title='bbox 3482 5744 3875 5817; x_wconf 79' lang='lat' dir='ltr'><strong>multiplicem</strong></span> 
     </span>
    </p>
   </div>
  </div>
