  <div class='ocr_page' id='page_1' title='image "/cluster/home/n/w/nwhite01/storage/ocr_20150623/158/hvd.32044024236689/392.png"; bbox 0 0 4060 6292; ppageno 0'>
   <div class='ocr_carea' id='block_1_1' title="bbox 201 303 306 359">
    <p class='ocr_par' dir='ltr' id='par_1_1' title="bbox 201 303 306 359">
     <span class='ocr_line' id='line_1_1' title="bbox 201 303 306 359; baseline 0 0"><span class='ocrx_word' id='word_1_1' title='bbox 201 303 306 359; x_wconf 72' lang='grc'><strong>075</strong></span> 
     </span>
    </p>
   </div>
   <div class='ocr_carea' id='block_1_2' title="bbox 1040 294 2222 352">
    <p class='ocr_par' dir='ltr' id='par_1_2' title="bbox 1040 294 2222 352">
     <span class='ocr_line' id='line_1_2' title="bbox 1040 294 2222 352; baseline -0.003 -1"><span class='ocrx_word' id='word_1_2' title='bbox 1040 318 1050 328; x_wconf 90' lang='grc'>·</span> <span class='ocrx_word' id='word_1_3' title='bbox 1128 295 1439 352; x_wconf 60' lang='grc' dir='ltr'><strong>Ηωιιιιιι</strong></span> <span class='ocrx_word' id='word_1_4' title='bbox 1478 296 1566 351; x_wconf 77' lang='grc' dir='ltr'><strong>ΕΤ</strong></span> <span class='ocrx_word' id='word_1_5' title='bbox 1611 294 1849 351; x_wconf 71' lang='lat' dir='ltr'><strong>EXIIOR</strong></span> <span class='ocrx_word' id='word_1_6' title='bbox 1866 294 2222 351; x_wconf 59' lang='lat' dir='ltr'><strong>RATIONES.</strong></span> 
     </span>
    </p>
   </div>
   <div class='ocr_carea' id='block_1_3' title="bbox 3366 304 3476 361">
    <p class='ocr_par' dir='ltr' id='par_1_3' title="bbox 3366 304 3476 361">
     <span class='ocr_line' id='line_1_3' title="bbox 3366 304 3476 361; baseline 0.055 -5"><span class='ocrx_word' id='word_1_7' title='bbox 3366 304 3476 361; x_wconf 65' lang='grc'><strong>674</strong></span> 
     </span>
    </p>
   </div>
   <div class='ocr_carea' id='block_1_4' title="bbox 198 407 3487 495">
    <p class='ocr_par' dir='ltr' id='par_1_4' title="bbox 198 407 3487 495">
     <span class='ocr_line' id='line_1_4' title="bbox 198 407 3487 495; baseline -0.003 -15"><span class='ocrx_word' id='word_1_8' title='bbox 198 435 257 481; x_wconf 85' lang='lat' dir='ltr'><strong>et</strong></span> <span class='ocrx_word' id='word_1_9' title='bbox 284 424 527 479; x_wconf 77' lang='lat' dir='ltr'><strong>foveam.</strong></span> <span class='ocrx_word' id='word_1_10' title='bbox 558 418 694 486; x_wconf 75' lang='lat' dir='ltr'><strong>Quia</strong></span> <span class='ocrx_word' id='word_1_11' title='bbox 726 423 991 495; x_wconf 44' lang='lat' dir='ltr'><strong>vero‘post</strong></span> <span class='ocrx_word' id='word_1_12' title='bbox 1013 413 1199 467; x_wconf 61' lang='lat' dir='ltr'><strong>activa&quot;:</strong></span> <span class='ocrx_word' id='word_1_13' title='bbox 1225 413 1347 467; x_wconf 80' lang='lat' dir='ltr'><strong>vita:</strong></span> <span class='ocrx_word' id='word_1_14' title='bbox 1378 410 1790 478; x_wconf 85' lang='lat' dir='ltr'><strong>laboresjustus</strong></span> <span class='ocrx_word' id='word_1_15' title='bbox 1818 413 1868 471; x_wconf 76' lang='grc' dir='ltr'>Α</span> <span class='ocrx_word' id='word_1_16' title='bbox 1896 418 2099 475; x_wconf 88' lang='lat' dir='ltr'><strong>autem,</strong></span> <span class='ocrx_word' id='word_1_17' title='bbox 2123 410 2190 463; x_wconf 92' lang='lat' dir='ltr'><strong>de</strong></span> <span class='ocrx_word' id='word_1_18' title='bbox 2227 407 2438 463; x_wconf 79' lang='lat' dir='ltr'><strong>mortali</strong></span> <span class='ocrx_word' id='word_1_19' title='bbox 2481 409 2533 463; x_wconf 91' lang='lat' dir='ltr'><strong>in</strong></span> <span class='ocrx_word' id='word_1_20' title='bbox 2580 421 2810 465; x_wconf 85' lang='lat' dir='ltr'><strong>mortem</strong></span> <span class='ocrx_word' id='word_1_21' title='bbox 2851 412 3305 483; x_wconf 55' lang='lat' dir='ltr'><strong>praecipitaretur.</strong></span> <span class='ocrx_word' id='word_1_22' title='bbox 3355 415 3487 473; x_wconf 83' lang='lat' dir='ltr'><strong>Per-</strong></span> 
     </span>
    </p>
   </div>
   <div class='ocr_carea' id='block_1_5' title="bbox 200 500 1791 577">
    <p class='ocr_par' dir='ltr' id='par_1_5' title="bbox 200 500 1791 577">
     <span class='ocr_line' id='line_1_5' title="bbox 200 500 1791 577; baseline -0.009 -9"><span class='ocrx_word' id='word_1_23' title='bbox 200 513 270 569; x_wconf 81' lang='lat' dir='ltr'><strong>ad</strong></span> <span class='ocrx_word' id='word_1_24' title='bbox 303 507 738 577; x_wconf 67' lang='lat' dir='ltr'><strong>contemplativa:</strong></span> <span class='ocrx_word' id='word_1_25' title='bbox 796 503 1121 557; x_wconf 73' lang='lat' dir='ltr'><strong>suavitatem</strong></span> <span class='ocrx_word' id='word_1_26' title='bbox 1164 500 1429 570; x_wconf 81' lang='lat' dir='ltr'><strong>proﬁcere</strong></span> <span class='ocrx_word' id='word_1_27' title='bbox 1478 500 1634 566; x_wconf 85' lang='lat' dir='ltr'><strong>solet,</strong></span> <span class='ocrx_word' id='word_1_28' title='bbox 1667 509 1791 569; x_wconf 89' lang='lat' dir='ltr'><strong>apte</strong></span> 
     </span>
    </p>
   </div>
   <div class='ocr_carea' id='block_1_6' title="bbox 201 590 1790 669">
    <p class='ocr_par' dir='ltr' id='par_1_6' title="bbox 201 590 1790 669">
     <span class='ocr_line' id='line_1_6' title="bbox 201 590 1790 669; baseline -0.009 -12"><span class='ocrx_word' id='word_1_29' title='bbox 201 601 423 669; x_wconf 88' lang='lat' dir='ltr'><strong>subjicit</strong></span> <span class='ocrx_word' id='word_1_30' title='bbox 450 616 463 652; x_wconf 87' lang='lat'><strong>:</strong></span> <span class='ocrx_word' id='word_1_31' title='bbox 493 596 558 649; x_wconf 78' lang='lat' dir='ltr'><strong>Et</strong></span> <span class='ocrx_word' id='word_1_32' title='bbox 589 596 725 649; x_wconf 79' lang='lat' dir='ltr'><strong>alias</strong></span> <span class='ocrx_word' id='word_1_33' title='bbox 765 610 879 647; x_wconf 83' lang='lat' dir='ltr'><strong>oves</strong></span> <span class='ocrx_word' id='word_1_34' title='bbox 927 592 1114 654; x_wconf 84' lang='lat' dir='ltr'><strong>habeo,</strong></span> <span class='ocrx_word' id='word_1_35' title='bbox 1139 608 1258 658; x_wconf 67' lang='lat' dir='ltr'><strong>qua</strong></span> <span class='ocrx_word' id='word_1_36' title='bbox 1297 606 1400 645; x_wconf 86' lang='lat' dir='ltr'><strong>non</strong></span> <span class='ocrx_word' id='word_1_37' title='bbox 1441 600 1561 645; x_wconf 83' lang='lat' dir='ltr'><strong>sunt</strong></span> <span class='ocrx_word' id='word_1_38' title='bbox 1591 606 1657 645; x_wconf 80' lang='lat' dir='ltr'><strong>ea:</strong></span> <span class='ocrx_word' id='word_1_39' title='bbox 1693 590 1790 643; x_wconf 80' lang='lat' dir='ltr'><strong>hoc</strong></span> 
     </span>
    </p>
   </div>
   <div class='ocr_carea' id='block_1_7' title="bbox 199 682 1803 752">
    <p class='ocr_par' dir='ltr' id='par_1_7' title="bbox 199 682 1803 752">
     <span class='ocr_line' id='line_1_7' title="bbox 199 682 1803 752; baseline -0.007 -7"><span class='ocrx_word' id='word_1_40' title='bbox 199 692 341 752; x_wconf 80' lang='lat' dir='ltr'><strong>ovili,</strong></span> <span class='ocrx_word' id='word_1_41' title='bbox 374 689 426 742; x_wconf 94' lang='lat' dir='ltr'><strong>id</strong></span> <span class='ocrx_word' id='word_1_42' title='bbox 459 697 544 742; x_wconf 88' lang='lat' dir='ltr'><strong>est</strong></span> <span class='ocrx_word' id='word_1_43' title='bbox 594 687 824 740; x_wconf 75' lang='lat' dir='ltr'><strong>virtutes</strong></span> <span class='ocrx_word' id='word_1_44' title='bbox 856 684 1117 738; x_wconf 73' lang='lat' dir='ltr'><strong>theoricm</strong></span> <span class='ocrx_word' id='word_1_45' title='bbox 1168 682 1489 745; x_wconf 85' lang='lat' dir='ltr'><strong>dulcedinis,</strong></span> <span class='ocrx_word' id='word_1_46' title='bbox 1515 696 1637 751; x_wconf 64' lang='lat' dir='ltr'><strong>qua!</strong></span> <span class='ocrx_word' id='word_1_47' title='bbox 1686 696 1803 733; x_wconf 55' lang='lat' dir='ltr'><strong>non:</strong></span> 
     </span>
    </p>
   </div>
   <div class='ocr_carea' id='block_1_8' title="bbox 198 771 1791 848">
    <p class='ocr_par' dir='ltr' id='par_1_8' title="bbox 198 771 1791 848">
     <span class='ocr_line' id='line_1_8' title="bbox 198 771 1791 848; baseline -0.006 -14"><span class='ocrx_word' id='word_1_48' title='bbox 198 791 317 834; x_wconf 75' lang='lat' dir='ltr'><strong>sunt</strong></span> <span class='ocrx_word' id='word_1_49' title='bbox 345 796 414 832; x_wconf 87' lang='lat' dir='ltr'><strong>ex</strong></span> <span class='ocrx_word' id='word_1_50' title='bbox 443 792 603 848; x_wconf 90' lang='lat' dir='ltr'><strong>grege</strong></span> <span class='ocrx_word' id='word_1_51' title='bbox 630 778 889 829; x_wconf 88' lang='lat' dir='ltr'><strong>virtutum</strong></span> <span class='ocrx_word' id='word_1_52' title='bbox 919 774 1171 845; x_wconf 81' lang='lat' dir='ltr'><strong>practica:</strong></span> <span class='ocrx_word' id='word_1_53' title='bbox 1196 773 1619 827; x_wconf 77' lang='lat' dir='ltr'><strong>exercitationis.</strong></span> <span class='ocrx_word' id='word_1_54' title='bbox 1641 771 1791 825; x_wconf 89' lang='lat' dir='ltr'><strong>Alias</strong></span> 
     </span>
    </p>
   </div>
   <div class='ocr_carea' id='block_1_9' title="bbox 198 859 1791 932">
    <p class='ocr_par' dir='ltr' id='par_1_9' title="bbox 198 859 1791 932">
     <span class='ocr_line' id='line_1_9' title="bbox 198 859 1791 932; baseline -0.003 -11"><span class='ocrx_word' id='word_1_55' title='bbox 198 869 344 922; x_wconf 84' lang='lat' dir='ltr'><strong>enim</strong></span> <span class='ocrx_word' id='word_1_56' title='bbox 376 868 605 920; x_wconf 81' lang='lat' dir='ltr'><strong>virtutes</strong></span> <span class='ocrx_word' id='word_1_57' title='bbox 641 864 802 918; x_wconf 88' lang='lat' dir='ltr'><strong>habet</strong></span> <span class='ocrx_word' id='word_1_58' title='bbox 846 862 1026 932; x_wconf 90' lang='lat' dir='ltr'><strong>justus</strong></span> <span class='ocrx_word' id='word_1_59' title='bbox 1062 863 1115 916; x_wconf 92' lang='lat' dir='ltr'><strong>in</strong></span> <span class='ocrx_word' id='word_1_60' title='bbox 1169 862 1342 916; x_wconf 84' lang='lat' dir='ltr'><strong>activa</strong></span> <span class='ocrx_word' id='word_1_61' title='bbox 1371 861 1504 927; x_wconf 82' lang='lat' dir='ltr'><strong>vita,</strong></span> <span class='ocrx_word' id='word_1_62' title='bbox 1552 869 1606 916; x_wconf 90' lang='lat' dir='ltr'><strong>et</strong></span> <span class='ocrx_word' id='word_1_63' title='bbox 1655 859 1791 917; x_wconf 84' lang='lat' dir='ltr'><strong>alias</strong></span> 
     </span>
    </p>
   </div>
   <div class='ocr_carea' id='block_1_10' title="bbox 200 951 1791 1024">
    <p class='ocr_par' dir='ltr' id='par_1_10' title="bbox 200 951 1791 1024">
     <span class='ocr_line' id='line_1_10' title="bbox 200 951 1791 1024; baseline -0.003 -14"><span class='ocrx_word' id='word_1_64' title='bbox 200 957 251 1010; x_wconf 92' lang='lat' dir='ltr'><strong>in</strong></span> <span class='ocrx_word' id='word_1_65' title='bbox 278 954 724 1024; x_wconf 88' lang='lat' dir='ltr'><strong>contemplativa.</strong></span> <span class='ocrx_word' id='word_1_66' title='bbox 751 951 818 1006; x_wconf 87' lang='lat' dir='ltr'><strong>Et</strong></span> <span class='ocrx_word' id='word_1_67' title='bbox 844 953 983 1017; x_wconf 85' lang='lat' dir='ltr'><strong>illas,</strong></span> <span class='ocrx_word' id='word_1_68' title='bbox 1019 952 1213 1020; x_wconf 87' lang='lat' dir='ltr'><strong>inquit,</strong></span> <span class='ocrx_word' id='word_1_69' title='bbox 1237 967 1356 1021; x_wconf 77' lang='lat' dir='ltr'><strong>qua:</strong></span> <span class='ocrx_word' id='word_1_70' title='bbox 1393 961 1519 1005; x_wconf 92' lang='lat' dir='ltr'><strong>sunt</strong></span> <span class='ocrx_word' id='word_1_71' title='bbox 1550 960 1791 1006; x_wconf 86' lang='lat' dir='ltr'><strong>contem-</strong></span> 
     </span>
    </p>
   </div>
   <div class='ocr_carea' id='block_1_11' title="bbox 199 1043 1790 1119">
    <p class='ocr_par' dir='ltr' id='par_1_11' title="bbox 199 1043 1790 1119">
     <span class='ocr_line' id='line_1_11' title="bbox 199 1043 1790 1119; baseline -0.002 -20"><span class='ocrx_word' id='word_1_72' title='bbox 199 1048 480 1119; x_wconf 88' lang='lat' dir='ltr'><strong>plationis,</strong></span> <span class='ocrx_word' id='word_1_73' title='bbox 510 1055 708 1113; x_wconf 85' lang='lat' dir='ltr'><strong>oportet</strong></span> <span class='ocrx_word' id='word_1_74' title='bbox 747 1062 827 1098; x_wconf 90' lang='lat' dir='ltr'><strong>me</strong></span> <span class='ocrx_word' id='word_1_75' title='bbox 850 1045 1112 1098; x_wconf 79' lang='lat' dir='ltr'><strong>adducere</strong></span> <span class='ocrx_word' id='word_1_76' title='bbox 1135 1044 1203 1097; x_wconf 90' lang='lat' dir='ltr'><strong>ad</strong></span> <span class='ocrx_word' id='word_1_77' title='bbox 1229 1044 1334 1096; x_wconf 88' lang='lat' dir='ltr'><strong>ima</strong></span> <span class='ocrx_word' id='word_1_78' title='bbox 1359 1059 1491 1097; x_wconf 64' lang='lat' dir='ltr'><strong>meae</strong></span> <span class='ocrx_word' id='word_1_79' title='bbox 1521 1043 1790 1112; x_wconf 83' lang='lat' dir='ltr'><strong>possibili-</strong></span> 
     </span>
    </p>
   </div>
   <div class='ocr_carea' id='block_1_12' title="bbox 203 1133 1793 1204">
    <p class='ocr_par' dir='ltr' id='par_1_12' title="bbox 203 1133 1793 1204">
     <span class='ocr_line' id='line_1_12' title="bbox 203 1133 1793 1204; baseline -0.001 -13"><span class='ocrx_word' id='word_1_80' title='bbox 203 1140 349 1203; x_wconf 92' lang='lat' dir='ltr'><strong>tatis,</strong></span> <span class='ocrx_word' id='word_1_81' title='bbox 377 1148 436 1190; x_wconf 90' lang='lat' dir='ltr'><strong>nt</strong></span> <span class='ocrx_word' id='word_1_82' title='bbox 466 1138 519 1190; x_wconf 93' lang='lat' dir='ltr'><strong>in</strong></span> <span class='ocrx_word' id='word_1_83' title='bbox 557 1136 972 1190; x_wconf 90' lang='lat' dir='ltr'><strong>conversatione</strong></span> <span class='ocrx_word' id='word_1_84' title='bbox 998 1150 1117 1189; x_wconf 90' lang='lat' dir='ltr'><strong>mea</strong></span> <span class='ocrx_word' id='word_1_85' title='bbox 1159 1135 1362 1190; x_wconf 87' lang='lat' dir='ltr'><strong>sociem</strong></span> <span class='ocrx_word' id='word_1_86' title='bbox 1390 1133 1518 1189; x_wconf 76' lang='lat' dir='ltr'><strong>illas</strong></span> <span class='ocrx_word' id='word_1_87' title='bbox 1547 1135 1635 1189; x_wconf 88' lang='lat' dir='ltr'><strong>his</strong></span> <span class='ocrx_word' id='word_1_88' title='bbox 1672 1150 1793 1204; x_wconf 84' lang='lat' dir='ltr'><strong>quae</strong></span> 
     </span>
    </p>
   </div>
   <div class='ocr_carea' id='block_1_13' title="bbox 201 1225 612 1280">
    <p class='ocr_par' dir='ltr' id='par_1_13' title="bbox 201 1225 612 1280">
     <span class='ocr_line' id='line_1_13' title="bbox 201 1225 612 1280; baseline -0.005 0"><span class='ocrx_word' id='word_1_89' title='bbox 201 1236 326 1280; x_wconf 85' lang='lat' dir='ltr'><strong>sunt</strong></span> <span class='ocrx_word' id='word_1_90' title='bbox 356 1225 612 1279; x_wconf 77' lang='lat' dir='ltr'><strong>actionis.</strong></span> 
     </span>
    </p>
   </div>
   <div class='ocr_carea' id='block_1_14' title="bbox 274 1305 1790 1383">
    <p class='ocr_par' dir='ltr' id='par_1_14' title="bbox 274 1305 1790 1383">
     <span class='ocr_line' id='line_1_14' title="bbox 274 1305 1790 1383; baseline -0.001 -15"><span class='ocrx_word' id='word_1_91' title='bbox 274 1315 340 1368; x_wconf 77' lang='grc' dir='ltr'><em>Ιιί</em></span> <span class='ocrx_word' id='word_1_92' title='bbox 365 1332 536 1368; x_wconf 83' lang='lat' dir='ltr'><strong>vocem</strong></span> <span class='ocrx_word' id='word_1_93' title='bbox 560 1331 731 1367; x_wconf 85' lang='lat' dir='ltr'><strong>meam</strong></span> <span class='ocrx_word' id='word_1_94' title='bbox 761 1315 1016 1367; x_wconf 81' lang='lat' dir='ltr'><strong>audient:</strong></span> <span class='ocrx_word' id='word_1_95' title='bbox 1048 1314 1173 1383; x_wconf 85' lang='lat' dir='ltr'><strong>quia</strong></span> <span class='ocrx_word' id='word_1_96' title='bbox 1204 1328 1511 1369; x_wconf 86' lang='lat' dir='ltr'><strong>sermonem</strong></span> <span class='ocrx_word' id='word_1_97' title='bbox 1542 1305 1790 1368; x_wconf 81' lang='lat' dir='ltr'><strong>volunta-</strong></span> 
     </span>
    </p>
   </div>
   <div class='ocr_carea' id='block_1_15' title="bbox 202 1404 1787 1475">
    <p class='ocr_par' dir='ltr' id='par_1_15' title="bbox 202 1404 1787 1475">
     <span class='ocr_line' id='line_1_15' title="bbox 202 1404 1787 1475; baseline 0 -16"><span class='ocrx_word' id='word_1_98' title='bbox 202 1407 269 1459; x_wconf 92' lang='lat' dir='ltr'><strong>tis</strong></span> <span class='ocrx_word' id='word_1_99' title='bbox 298 1422 433 1458; x_wconf 65' lang='lat' dir='ltr'><strong>mea:</strong></span> <span class='ocrx_word' id='word_1_100' title='bbox 463 1404 684 1467; x_wconf 82' lang='lat' dir='ltr'><strong>facient,</strong></span> <span class='ocrx_word' id='word_1_101' title='bbox 716 1404 817 1458; x_wconf 89' lang='lat' dir='ltr'><strong>hoc</strong></span> <span class='ocrx_word' id='word_1_102' title='bbox 853 1413 936 1458; x_wconf 88' lang='lat' dir='ltr'><strong>est</strong></span> <span class='ocrx_word' id='word_1_103' title='bbox 978 1414 1164 1458; x_wconf 90' lang='lat' dir='ltr'><strong>nutmn</strong></span> <span class='ocrx_word' id='word_1_104' title='bbox 1194 1405 1373 1459; x_wconf 88' lang='lat' dir='ltr'><strong>cordis</strong></span> <span class='ocrx_word' id='word_1_105' title='bbox 1401 1406 1505 1458; x_wconf 92' lang='lat' dir='ltr'><strong>mei</strong></span> <span class='ocrx_word' id='word_1_106' title='bbox 1550 1409 1787 1475; x_wconf 80' lang='lat' dir='ltr'><strong>sequen-</strong></span> 
     </span>
    </p>
   </div>
   <div class='ocr_carea' id='block_1_16' title="bbox 202 1494 1790 1566">
    <p class='ocr_par' dir='ltr' id='par_1_16' title="bbox 202 1494 1790 1566">
     <span class='ocr_line' id='line_1_16' title="bbox 202 1494 1790 1566; baseline 0.001 -18"><span class='ocrx_word' id='word_1_107' title='bbox 202 1506 309 1549; x_wconf 92' lang='lat' dir='ltr'><strong>tur.</strong></span> <span class='ocrx_word' id='word_1_108' title='bbox 344 1495 477 1548; x_wconf 79' lang='lat' dir='ltr'><strong>Nam</strong></span> <span class='ocrx_word' id='word_1_109' title='bbox 503 1503 557 1548; x_wconf 92' lang='lat' dir='ltr'><strong>ct</strong></span> <span class='ocrx_word' id='word_1_110' title='bbox 585 1510 678 1549; x_wconf 92' lang='lat' dir='ltr'><strong>cor</strong></span> <span class='ocrx_word' id='word_1_111' title='bbox 706 1494 869 1549; x_wconf 81' lang='lat' dir='ltr'><strong>habet</strong></span> <span class='ocrx_word' id='word_1_112' title='bbox 909 1511 1062 1549; x_wconf 91' lang='lat' dir='ltr'><strong>suam</strong></span> <span class='ocrx_word' id='word_1_113' title='bbox 1105 1510 1316 1560; x_wconf 88' lang='lat' dir='ltr'><strong>vocem,</strong></span> <span class='ocrx_word' id='word_1_114' title='bbox 1342 1511 1604 1566; x_wconf 89' lang='lat' dir='ltr'><strong>suamque</strong></span> <span class='ocrx_word' id='word_1_115' title='bbox 1644 1496 1790 1550; x_wconf 82' lang='lat' dir='ltr'><strong>locu-</strong></span> 
     </span>
    </p>
   </div>
   <div class='ocr_carea' id='block_1_17' title="bbox 202 1585 1789 1654">
    <p class='ocr_par' dir='ltr' id='par_1_17' title="bbox 202 1585 1789 1654">
     <span class='ocr_line' id='line_1_17' title="bbox 202 1585 1789 1654; baseline -0.001 -13"><span class='ocrx_word' id='word_1_116' title='bbox 202 1591 429 1641; x_wconf 77' lang='lat' dir='ltr'><strong>tionem.</strong></span> <span class='ocrx_word' id='word_1_117' title='bbox 472 1585 643 1654; x_wconf 79' lang='lat' dir='ltr'><strong>Etﬁet</strong></span> <span class='ocrx_word' id='word_1_118' title='bbox 684 1602 843 1637; x_wconf 86' lang='lat' dir='ltr'><strong>unum</strong></span> <span class='ocrx_word' id='word_1_119' title='bbox 884 1585 1012 1638; x_wconf 80' lang='lat' dir='ltr'><strong>ovile</strong></span> <span class='ocrx_word' id='word_1_120' title='bbox 1068 1585 1133 1639; x_wconf 85' lang='lat' dir='ltr'><strong>de</strong></span> <span class='ocrx_word' id='word_1_121' title='bbox 1165 1585 1455 1640; x_wconf 83' lang='lat' dir='ltr'><strong>virtutibus</strong></span> <span class='ocrx_word' id='word_1_122' title='bbox 1506 1586 1789 1654; x_wconf 87' lang='lat' dir='ltr'><strong>utriusque</strong></span> 
     </span>
    </p>
   </div>
   <div class='ocr_carea' id='block_1_18' title="bbox 200 1674 1789 1744">
    <p class='ocr_par' dir='ltr' id='par_1_18' title="bbox 200 1674 1789 1744">
     <span class='ocr_line' id='line_1_18' title="bbox 200 1674 1789 1744; baseline 0 -15"><span class='ocrx_word' id='word_1_123' title='bbox 200 1678 355 1742; x_wconf 64' lang='lat' dir='ltr'><strong>vita};</strong></span> <span class='ocrx_word' id='word_1_124' title='bbox 384 1690 433 1731; x_wconf 92' lang='lat' dir='ltr'><strong>et</strong></span> <span class='ocrx_word' id='word_1_125' title='bbox 461 1694 593 1730; x_wconf 81' lang='lat' dir='ltr'><strong>unus</strong></span> <span class='ocrx_word' id='word_1_126' title='bbox 630 1686 809 1744; x_wconf 84' lang='lat' dir='ltr'><strong>pastor</strong></span> <span class='ocrx_word' id='word_1_127' title='bbox 835 1674 926 1730; x_wconf 87' lang='lat' dir='ltr'><strong>fiet</strong></span> <span class='ocrx_word' id='word_1_128' title='bbox 973 1684 1347 1744; x_wconf 89' lang='lat' dir='ltr'><strong>utrarumque,</strong></span> <span class='ocrx_word' id='word_1_129' title='bbox 1391 1690 1543 1730; x_wconf 92' lang='lat' dir='ltr'><strong>meus</strong></span> <span class='ocrx_word' id='word_1_130' title='bbox 1582 1675 1789 1730; x_wconf 84' lang='lat' dir='ltr'><strong>scilicet</strong></span> 
     </span>
    </p>
   </div>
   <div class='ocr_carea' id='block_1_19' title="bbox 1894 498 3488 569">
    <p class='ocr_par' dir='ltr' id='par_1_19' title="bbox 1894 498 3488 569">
     <span class='ocr_line' id='line_1_19' title="bbox 1894 498 3488 569; baseline 0.005 -16"><span class='ocrx_word' id='word_1_131' title='bbox 1894 512 2090 553; x_wconf 87' lang='lat' dir='ltr'><strong>suasus</strong></span> <span class='ocrx_word' id='word_1_132' title='bbox 2122 512 2254 569; x_wconf 90' lang='lat' dir='ltr'><strong>ergo</strong></span> <span class='ocrx_word' id='word_1_133' title='bbox 2280 513 2311 552; x_wconf 90' lang='lat' dir='ltr'><strong>a</strong></span> <span class='ocrx_word' id='word_1_134' title='bbox 2347 498 2583 564; x_wconf 85' lang='lat' dir='ltr'><strong>diabolo,</strong></span> <span class='ocrx_word' id='word_1_135' title='bbox 2608 498 2764 567; x_wconf 82' lang='lat' dir='ltr'><strong>juxta</strong></span> <span class='ocrx_word' id='word_1_136' title='bbox 2799 501 3098 557; x_wconf 87' lang='lat' dir='ltr'><strong>terribilem</strong></span> <span class='ocrx_word' id='word_1_137' title='bbox 3134 503 3224 558; x_wconf 88' lang='lat' dir='ltr'><strong>Dei</strong></span> <span class='ocrx_word' id='word_1_138' title='bbox 3262 509 3488 561; x_wconf 85' lang='lat' dir='ltr'><strong>commi-</strong></span> 
     </span>
    </p>
   </div>
   <div class='ocr_carea' id='block_1_20' title="bbox 1896 589 3484 665">
    <p class='ocr_par' dir='ltr' id='par_1_20' title="bbox 1896 589 3484 665">
     <span class='ocr_line' id='line_1_20' title="bbox 1896 589 3484 665; baseline 0.006 -21"><span class='ocrx_word' id='word_1_139' title='bbox 1896 590 2197 655; x_wconf 90' lang='lat' dir='ltr'><strong>nationem,</strong></span> <span class='ocrx_word' id='word_1_140' title='bbox 2228 591 2295 645; x_wconf 89' lang='lat' dir='ltr'><strong>de</strong></span> <span class='ocrx_word' id='word_1_141' title='bbox 2324 589 2537 644; x_wconf 83' lang='lat' dir='ltr'><strong>mortali</strong></span> <span class='ocrx_word' id='word_1_142' title='bbox 2573 602 2821 647; x_wconf 90' lang='lat' dir='ltr'><strong>mortuus</strong></span> <span class='ocrx_word' id='word_1_143' title='bbox 2868 593 3041 649; x_wconf 89' lang='lat' dir='ltr'><strong>factus</strong></span> <span class='ocrx_word' id='word_1_144' title='bbox 3065 603 3167 661; x_wconf 90' lang='lat' dir='ltr'><strong>est,</strong></span> <span class='ocrx_word' id='word_1_145' title='bbox 3199 604 3252 650; x_wconf 92' lang='lat' dir='ltr'><strong>et</strong></span> <span class='ocrx_word' id='word_1_146' title='bbox 3276 596 3421 665; x_wconf 88' lang='lat' dir='ltr'><strong>juste</strong></span> <span class='ocrx_word' id='word_1_147' title='bbox 3453 613 3484 653; x_wconf 81' lang='lat' dir='ltr'><strong>a</strong></span> 
     </span>
    </p>
   </div>
   <div class='ocr_carea' id='block_1_21' title="bbox 1895 679 3482 756">
    <p class='ocr_par' dir='ltr' id='par_1_21' title="bbox 1895 679 3482 756">
     <span class='ocr_line' id='line_1_21' title="bbox 1895 679 3482 756; baseline 0.004 -22"><span class='ocrx_word' id='word_1_148' title='bbox 1895 679 2110 734; x_wconf 85' lang='lat' dir='ltr'><strong>diabolo</strong></span> <span class='ocrx_word' id='word_1_149' title='bbox 2133 694 2436 749; x_wconf 85' lang='lat' dir='ltr'><strong>possessus,</strong></span> <span class='ocrx_word' id='word_1_150' title='bbox 2485 682 2572 737; x_wconf 89' lang='lat' dir='ltr'><strong>cui</strong></span> <span class='ocrx_word' id='word_1_151' title='bbox 2594 720 2597 723; x_wconf 65' lang='grc'><strong>»</strong></span> <span class='ocrx_word' id='word_1_152' title='bbox 2620 693 2814 751; x_wconf 79' lang='lat' dir='ltr'><strong>Sponte</strong></span> <span class='ocrx_word' id='word_1_153' title='bbox 2852 694 3203 739; x_wconf 84' lang='lat' dir='ltr'><strong>consenserat</strong></span> <span class='ocrx_word' id='word_1_154' title='bbox 3232 683 3385 756; x_wconf 82' lang='lat' dir='ltr'><strong>(Gen.</strong></span> <span class='ocrx_word' id='word_1_155' title='bbox 3420 701 3482 753; x_wconf 82' lang='lat' dir='ltr'><strong>tt,</strong></span> 
     </span>
    </p>
   </div>
   <div class='ocr_carea' id='block_1_22' title="bbox 1894 769 3484 845">
    <p class='ocr_par' dir='ltr' id='par_1_22' title="bbox 1894 769 3484 845">
     <span class='ocr_line' id='line_1_22' title="bbox 1894 769 3484 845; baseline 0.004 -20"><span class='ocrx_word' id='word_1_156' title='bbox 1894 771 2005 841; x_wconf 74' lang='lat' dir='ltr'><strong>i7).</strong></span> <span class='ocrx_word' id='word_1_157' title='bbox 2030 769 2213 825; x_wconf 83' lang='lat' dir='ltr'><strong>Voluit</strong></span> <span class='ocrx_word' id='word_1_158' title='bbox 2267 781 2451 827; x_wconf 89' lang='lat' dir='ltr'><strong>tamen</strong></span> <span class='ocrx_word' id='word_1_159' title='bbox 2482 788 2606 827; x_wconf 91' lang='lat' dir='ltr'><strong>eum</strong></span> <span class='ocrx_word' id='word_1_160' title='bbox 2662 774 2805 829; x_wconf 86' lang='lat' dir='ltr'><strong>Deus</strong></span> <span class='ocrx_word' id='word_1_161' title='bbox 2846 776 3161 844; x_wconf 90' lang='lat' dir='ltr'><strong>requirere;</strong></span> <span class='ocrx_word' id='word_1_162' title='bbox 3188 777 3315 845; x_wconf 89' lang='lat' dir='ltr'><strong>quia</strong></span> <span class='ocrx_word' id='word_1_163' title='bbox 3356 777 3484 832; x_wconf 80' lang='lat' dir='ltr'><strong>licet</strong></span> 
     </span>
    </p>
   </div>
   <div class='ocr_carea' id='block_1_23' title="bbox 1893 862 3481 942">
    <p class='ocr_par' dir='ltr' id='par_1_23' title="bbox 1893 862 3481 942">
     <span class='ocr_line' id='line_1_23' title="bbox 1893 862 3481 942; baseline 0.004 -25"><span class='ocrx_word' id='word_1_164' title='bbox 1893 870 2106 932; x_wconf 87' lang='lat' dir='ltr'><strong>sponte,</strong></span> <span class='ocrx_word' id='word_1_165' title='bbox 2134 862 2309 942; x_wconf 75' lang='lat' dir='ltr'><strong>aliena</strong></span> <span class='ocrx_word' id='word_1_166' title='bbox 2358 871 2538 917; x_wconf 89' lang='lat' dir='ltr'><strong>tamen</strong></span> <span class='ocrx_word' id='word_1_167' title='bbox 2583 865 2781 918; x_wconf 90' lang='lat' dir='ltr'><strong>cecidit</strong></span> <span class='ocrx_word' id='word_1_168' title='bbox 2818 867 3190 934; x_wconf 87' lang='lat' dir='ltr'><strong>persuasione.</strong></span> <span class='ocrx_word' id='word_1_169' title='bbox 3225 867 3481 925; x_wconf 83' lang='lat' dir='ltr'><strong>Diabolus</strong></span> 
     </span>
    </p>
   </div>
   <div class='ocr_carea' id='block_1_24' title="bbox 1892 952 3486 1022">
    <p class='ocr_par' dir='ltr' id='par_1_24' title="bbox 1892 952 3486 1022">
     <span class='ocr_line' id='line_1_24' title="bbox 1892 952 3486 1022; baseline 0.004 -17"><span class='ocrx_word' id='word_1_170' title='bbox 1892 967 2023 1008; x_wconf 89' lang='lat' dir='ltr'><strong>vero</strong></span> <span class='ocrx_word' id='word_1_171' title='bbox 2048 952 2249 1021; x_wconf 85' lang='lat' dir='ltr'><strong>requiri</strong></span> <span class='ocrx_word' id='word_1_172' title='bbox 2282 968 2389 1007; x_wconf 87' lang='lat' dir='ltr'><strong>non</strong></span> <span class='ocrx_word' id='word_1_173' title='bbox 2421 952 2645 1017; x_wconf 81' lang='lat' dir='ltr'><strong>debuit;</strong></span> <span class='ocrx_word' id='word_1_174' title='bbox 2677 955 2804 1022; x_wconf 88' lang='lat' dir='ltr'><strong>quia</strong></span> <span class='ocrx_word' id='word_1_175' title='bbox 2851 957 2902 1008; x_wconf 92' lang='lat' dir='ltr'><strong>in</strong></span> <span class='ocrx_word' id='word_1_176' title='bbox 2941 966 3145 1009; x_wconf 77' lang='lat' dir='ltr'><strong>naturzc</strong></span> <span class='ocrx_word' id='word_1_177' title='bbox 3180 972 3291 1010; x_wconf 73' lang='lat' dir='ltr'><strong>sua:</strong></span> <span class='ocrx_word' id='word_1_178' title='bbox 3314 958 3486 1013; x_wconf 85' lang='lat' dir='ltr'><strong>firmi-</strong></span> 
     </span>
    </p>
   </div>
   <div class='ocr_carea' id='block_1_25' title="bbox 1893 1042 3483 1114">
    <p class='ocr_par' dir='ltr' id='par_1_25' title="bbox 1893 1042 3483 1114">
     <span class='ocr_line' id='line_1_25' title="bbox 1893 1042 3483 1114; baseline 0.004 -17"><span class='ocrx_word' id='word_1_179' title='bbox 1893 1043 2082 1097; x_wconf 84' lang='lat' dir='ltr'><strong>mitate</strong></span> <span class='ocrx_word' id='word_1_180' title='bbox 2112 1058 2208 1112; x_wconf 90' lang='lat' dir='ltr'><strong>per</strong></span> <span class='ocrx_word' id='word_1_181' title='bbox 2248 1043 2487 1113; x_wconf 85' lang='lat' dir='ltr'><strong>seipsum</strong></span> <span class='ocrx_word' id='word_1_182' title='bbox 2542 1042 2691 1096; x_wconf 87' lang='lat' dir='ltr'><strong>nulla</strong></span> <span class='ocrx_word' id='word_1_183' title='bbox 2744 1045 3086 1099; x_wconf 90' lang='lat' dir='ltr'><strong>extrinsecus</strong></span> <span class='ocrx_word' id='word_1_184' title='bbox 3131 1046 3483 1114; x_wconf 82' lang='lat' dir='ltr'><strong>persuasione</strong></span> 
     </span>
    </p>
   </div>
   <div class='ocr_carea' id='block_1_26' title="bbox 1892 1131 3479 1203">
    <p class='ocr_par' dir='ltr' id='par_1_26' title="bbox 1892 1131 3479 1203">
     <span class='ocr_line' id='line_1_26' title="bbox 1892 1131 3479 1203; baseline 0.003 -16"><span class='ocrx_word' id='word_1_185' title='bbox 1892 1132 2109 1188; x_wconf 87' lang='lat' dir='ltr'><strong>cecidit.</strong></span> <span class='ocrx_word' id='word_1_186' title='bbox 2163 1131 2414 1203; x_wconf 90' lang='lat' dir='ltr'><strong>Oportuit</strong></span> <span class='ocrx_word' id='word_1_187' title='bbox 2443 1148 2572 1203; x_wconf 91' lang='lat' dir='ltr'><strong>ergo</strong></span> <span class='ocrx_word' id='word_1_188' title='bbox 2606 1142 2664 1186; x_wconf 95' lang='lat' dir='ltr'><strong>ut</strong></span> <span class='ocrx_word' id='word_1_189' title='bbox 2703 1145 2980 1187; x_wconf 90' lang='lat' dir='ltr'><strong>auctorem</strong></span> <span class='ocrx_word' id='word_1_190' title='bbox 3011 1135 3202 1190; x_wconf 90' lang='lat' dir='ltr'><strong>salutis</strong></span> <span class='ocrx_word' id='word_1_191' title='bbox 3234 1137 3479 1203; x_wconf 86' lang='lat' dir='ltr'><strong>haberet,</strong></span> 
     </span>
    </p>
   </div>
   <div class='ocr_carea' id='block_1_27' title="bbox 1890 1224 3481 1293">
    <p class='ocr_par' dir='ltr' id='par_1_27' title="bbox 1890 1224 3481 1293">
     <span class='ocr_line' id='line_1_27' title="bbox 1890 1224 3481 1293; baseline 0.003 -15"><span class='ocrx_word' id='word_1_192' title='bbox 1890 1238 1989 1293; x_wconf 87' lang='lat' dir='ltr'><strong>per</strong></span> <span class='ocrx_word' id='word_1_193' title='bbox 2022 1224 2340 1293; x_wconf 78' lang='lat' dir='ltr'><strong>quem‘justa</strong></span> <span class='ocrx_word' id='word_1_194' title='bbox 2372 1225 2581 1278; x_wconf 87' lang='lat' dir='ltr'><strong>ratione</strong></span> <span class='ocrx_word' id='word_1_195' title='bbox 2603 1226 2670 1277; x_wconf 89' lang='lat' dir='ltr'><strong>ad</strong></span> <span class='ocrx_word' id='word_1_196' title='bbox 2710 1225 2879 1278; x_wconf 89' lang='lat' dir='ltr'><strong>Deum</strong></span> <span class='ocrx_word' id='word_1_197' title='bbox 2926 1225 3151 1279; x_wconf 85' lang='lat' dir='ltr'><strong>rediret.</strong></span> <span class='ocrx_word' id='word_1_198' title='bbox 3186 1226 3481 1283; x_wconf 80' lang='lat' dir='ltr'><strong>Videamus</strong></span> 
     </span>
    </p>
   </div>
   <div class='ocr_carea' id='block_1_28' title="bbox 1894 1315 3481 1386">
    <p class='ocr_par' dir='ltr' id='par_1_28' title="bbox 1894 1315 3481 1386">
     <span class='ocr_line' id='line_1_28' title="bbox 1894 1315 3481 1386; baseline 0.001 -16"><span class='ocrx_word' id='word_1_199' title='bbox 1894 1330 2025 1386; x_wconf 89' lang='lat' dir='ltr'><strong>ergo</strong></span> <span class='ocrx_word' id='word_1_200' title='bbox 2057 1316 2179 1384; x_wconf 91' lang='lat' dir='ltr'><strong>quis</strong></span> <span class='ocrx_word' id='word_1_201' title='bbox 2234 1315 2326 1369; x_wconf 92' lang='lat' dir='ltr'><strong>ille</strong></span> <span class='ocrx_word' id='word_1_202' title='bbox 2366 1325 2557 1368; x_wconf 88' lang='lat' dir='ltr'><strong>auctor</strong></span> <span class='ocrx_word' id='word_1_203' title='bbox 2584 1329 2705 1369; x_wconf 89' lang='lat' dir='ltr'><strong>esse</strong></span> <span class='ocrx_word' id='word_1_204' title='bbox 2733 1316 2992 1383; x_wconf 89' lang='lat' dir='ltr'><strong>potuerit.</strong></span> <span class='ocrx_word' id='word_1_205' title='bbox 3026 1316 3081 1370; x_wconf 86' lang='lat' dir='ltr'><strong>Si</strong></span> <span class='ocrx_word' id='word_1_206' title='bbox 3112 1315 3253 1371; x_wconf 87' lang='lat' dir='ltr'><strong>Deus</strong></span> <span class='ocrx_word' id='word_1_207' title='bbox 3274 1317 3481 1386; x_wconf 85' lang='lat' dir='ltr'><strong>simpli-</strong></span> 
     </span>
    </p>
   </div>
   <div class='ocr_carea' id='block_1_29' title="bbox 1892 1404 3483 1475">
    <p class='ocr_par' dir='ltr' id='par_1_29' title="bbox 1892 1404 3483 1475">
     <span class='ocr_line' id='line_1_29' title="bbox 1892 1404 3483 1475; baseline 0.001 -17"><span class='ocrx_word' id='word_1_208' title='bbox 1892 1406 2026 1459; x_wconf 89' lang='lat' dir='ltr'><strong>citer</strong></span> <span class='ocrx_word' id='word_1_209' title='bbox 2057 1414 2224 1467; x_wconf 82' lang='lat' dir='ltr'><strong>esset.</strong></span> <span class='ocrx_word' id='word_1_210' title='bbox 2252 1413 2465 1474; x_wconf 88' lang='lat' dir='ltr'><strong>poterat</strong></span> <span class='ocrx_word' id='word_1_211' title='bbox 2492 1404 2710 1473; x_wconf 86' lang='lat' dir='ltr'><strong>quidem</strong></span> <span class='ocrx_word' id='word_1_212' title='bbox 2740 1405 3009 1459; x_wconf 89' lang='lat' dir='ltr'><strong>diabolum</strong></span> <span class='ocrx_word' id='word_1_213' title='bbox 3032 1406 3284 1475; x_wconf 49' lang='lat' dir='ltr'><strong>jvincere,</strong></span> <span class='ocrx_word' id='word_1_214' title='bbox 3309 1406 3483 1460; x_wconf 87' lang='lat' dir='ltr'><strong>homi-</strong></span> 
     </span>
    </p>
   </div>
   <div class='ocr_carea' id='block_1_30' title="bbox 1892 1491 3481 1562">
    <p class='ocr_par' dir='ltr' id='par_1_30' title="bbox 1892 1491 3481 1562">
     <span class='ocr_line' id='line_1_30' title="bbox 1892 1491 3481 1562; baseline 0 -15"><span class='ocrx_word' id='word_1_215' title='bbox 1892 1508 2014 1547; x_wconf 89' lang='lat' dir='ltr'><strong>nem</strong></span> <span class='ocrx_word' id='word_1_216' title='bbox 2052 1494 2301 1561; x_wconf 83' lang='lat' dir='ltr'><strong>eripere;</strong></span> <span class='ocrx_word' id='word_1_217' title='bbox 2346 1493 2438 1545; x_wconf 89' lang='lat' dir='ltr'><strong>sed</strong></span> <span class='ocrx_word' id='word_1_218' title='bbox 2474 1494 2585 1545; x_wconf 74' lang='lat' dir='ltr'><strong>lucc</strong></span> <span class='ocrx_word' id='word_1_219' title='bbox 2609 1492 2721 1545; x_wconf 89' lang='lat' dir='ltr'><strong>sola</strong></span> <span class='ocrx_word' id='word_1_220' title='bbox 2741 1491 2856 1559; x_wconf 89' lang='lat' dir='ltr'><strong>jam</strong></span> <span class='ocrx_word' id='word_1_221' title='bbox 2895 1500 3039 1546; x_wconf 86' lang='lat' dir='ltr'><strong>esset</strong></span> <span class='ocrx_word' id='word_1_222' title='bbox 3077 1494 3339 1562; x_wconf 84' lang='lat' dir='ltr'><strong>potentia,</strong></span> <span class='ocrx_word' id='word_1_223' title='bbox 3374 1507 3481 1549; x_wconf 91' lang='lat' dir='ltr'><strong>non</strong></span> 
     </span>
    </p>
   </div>
   <div class='ocr_carea' id='block_1_31' title="bbox 1892 1581 3484 1653">
    <p class='ocr_par' dir='ltr' id='par_1_31' title="bbox 1892 1581 3484 1653">
     <span class='ocr_line' id='line_1_31' title="bbox 1892 1581 3484 1653; baseline 0.001 -15"><span class='ocrx_word' id='word_1_224' title='bbox 1892 1582 2301 1652; x_wconf 68' lang='lat' dir='ltr'><strong>ratiojustitite;</strong></span> <span class='ocrx_word' id='word_1_225' title='bbox 2335 1584 2378 1638; x_wconf 89' lang='lat' dir='ltr'><strong>si</strong></span> <span class='ocrx_word' id='word_1_226' title='bbox 2403 1581 2640 1648; x_wconf 85' lang='lat' dir='ltr'><strong>diabolo,</strong></span> <span class='ocrx_word' id='word_1_227' title='bbox 2672 1581 2761 1651; x_wconf 88' lang='lat' dir='ltr'><strong>qui</strong></span> <span class='ocrx_word' id='word_1_228' title='bbox 2795 1583 2985 1637; x_wconf 91' lang='lat' dir='ltr'><strong>mortis</strong></span> <span class='ocrx_word' id='word_1_229' title='bbox 3029 1583 3263 1639; x_wconf 86' lang='lat' dir='ltr'><strong>habebat</strong></span> <span class='ocrx_word' id='word_1_230' title='bbox 3313 1585 3484 1653; x_wconf 84' lang='lat' dir='ltr'><strong>impc-</strong></span> 
     </span>
    </p>
   </div>
   <div class='ocr_carea' id='block_1_32' title="bbox 1893 1673 3481 1746">
    <p class='ocr_par' dir='ltr' id='par_1_32' title="bbox 1893 1673 3481 1746">
     <span class='ocr_line' id='line_1_32' title="bbox 1893 1673 3481 1746; baseline -0.001 -16"><span class='ocrx_word' id='word_1_231' title='bbox 1893 1677 2032 1730; x_wconf 87' lang='lat' dir='ltr'><strong>rium</strong></span> <span class='ocrx_word' id='word_1_232' title='bbox 2082 1674 2273 1746; x_wconf 79' lang='lat' dir='ltr'><strong>(Hebr.</strong></span> <span class='ocrx_word' id='word_1_233' title='bbox 2322 1691 2384 1739; x_wconf 83' lang='grc' dir='ltr'><strong>ιι,</strong></span> <span class='ocrx_word' id='word_1_234' title='bbox 2439 1674 2548 1744; x_wconf 62' lang='lat' dir='ltr'><strong>li),</strong></span> <span class='ocrx_word' id='word_1_235' title='bbox 2586 1674 2725 1728; x_wconf 91' lang='lat' dir='ltr'><strong>sicut</strong></span> <span class='ocrx_word' id='word_1_236' title='bbox 2767 1673 2843 1728; x_wconf 87' lang='lat' dir='ltr'><strong>ait</strong></span> <span class='ocrx_word' id='word_1_237' title='bbox 2882 1674 3196 1742; x_wconf 82' lang='lat' dir='ltr'><strong>Apostolus,</strong></span> <span class='ocrx_word' id='word_1_238' title='bbox 3231 1675 3481 1745; x_wconf 80' lang='lat' dir='ltr'><strong>quamvis</strong></span> 
     </span>
    </p>
   </div>
   <div class='ocr_carea' id='block_1_33' title="bbox 201 1764 3477 1836">
    <p class='ocr_par' dir='ltr' id='par_1_33' title="bbox 201 1764 3477 1836">
     <span class='ocr_line' id='line_1_33' title="bbox 201 1764 3477 1836; baseline 0 -15"><span class='ocrx_word' id='word_1_239' title='bbox 201 1769 434 1830; x_wconf 87' lang='lat' dir='ltr'><strong>animus,</strong></span> <span class='ocrx_word' id='word_1_240' title='bbox 459 1766 550 1836; x_wconf 84' lang='lat' dir='ltr'><strong>qui</strong></span> <span class='ocrx_word' id='word_1_241' title='bbox 593 1766 644 1819; x_wconf 91' lang='lat' dir='ltr'><strong>in</strong></span> <span class='ocrx_word' id='word_1_242' title='bbox 698 1775 1050 1836; x_wconf 91' lang='lat' dir='ltr'><strong>utrarumque</strong></span> <span class='ocrx_word' id='word_1_243' title='bbox 1088 1765 1332 1819; x_wconf 90' lang='lat' dir='ltr'><strong>custodia</strong></span> <span class='ocrx_word' id='word_1_244' title='bbox 1383 1766 1454 1818; x_wconf 90' lang='lat' dir='ltr'><strong>sit</strong></span> <span class='ocrx_word' id='word_1_245' title='bbox 1501 1764 1785 1819; x_wconf 89' lang='lat' dir='ltr'><strong>sollicitus.</strong></span> <span class='ocrx_word' id='word_1_246' title='bbox 1821 1774 1865 1833; x_wconf 82' lang='grc' dir='ltr'><strong>Β</strong></span> <span class='ocrx_word' id='word_1_247' title='bbox 1895 1782 2009 1822; x_wconf 90' lang='lat' dir='ltr'><strong>rem</strong></span> <span class='ocrx_word' id='word_1_248' title='bbox 2043 1767 2271 1820; x_wconf 88' lang='lat' dir='ltr'><strong>alienam</strong></span> <span class='ocrx_word' id='word_1_249' title='bbox 2307 1765 2615 1828; x_wconf 82' lang='lat' dir='ltr'><strong>invasisset,</strong></span> <span class='ocrx_word' id='word_1_250' title='bbox 2644 1772 2823 1818; x_wconf 89' lang='lat' dir='ltr'><strong>tamen</strong></span> <span class='ocrx_word' id='word_1_251' title='bbox 2852 1773 3046 1834; x_wconf 90' lang='lat' dir='ltr'><strong>sponte</strong></span> <span class='ocrx_word' id='word_1_252' title='bbox 3084 1768 3477 1821; x_wconf 90' lang='lat' dir='ltr'><strong>assentientem</strong></span> 
     </span>
    </p>
   </div>
   <div class='ocr_carea' id='block_1_34' title="bbox 203 1856 1788 1927">
    <p class='ocr_par' dir='ltr' id='par_1_34' title="bbox 203 1856 1788 1927">
     <span class='ocr_line' id='line_1_34' title="bbox 203 1856 1788 1927; baseline -0.001 -16"><span class='ocrx_word' id='word_1_253' title='bbox 203 1857 325 1911; x_wconf 64' lang='grc' dir='ltr'><strong>Ηυξε</strong></span> <span class='ocrx_word' id='word_1_254' title='bbox 351 1858 534 1925; x_wconf 85' lang='lat' dir='ltr'><strong>itaque</strong></span> <span class='ocrx_word' id='word_1_255' title='bbox 559 1857 601 1910; x_wconf 94' lang='lat' dir='ltr'><strong>si</strong></span> <span class='ocrx_word' id='word_1_256' title='bbox 631 1856 753 1926; x_wconf 91' lang='lat' dir='ltr'><strong>quis</strong></span> <span class='ocrx_word' id='word_1_257' title='bbox 776 1856 1064 1927; x_wconf 79' lang='lat' dir='ltr'><strong>diligenter</strong></span> <span class='ocrx_word' id='word_1_258' title='bbox 1099 1856 1357 1919; x_wconf 89' lang='lat' dir='ltr'><strong>attendat,</strong></span> <span class='ocrx_word' id='word_1_259' title='bbox 1387 1864 1439 1910; x_wconf 92' lang='lat' dir='ltr'><strong>et</strong></span> <span class='ocrx_word' id='word_1_260' title='bbox 1467 1865 1644 1909; x_wconf 89' lang='lat' dir='ltr'><strong>utrum</strong></span> <span class='ocrx_word' id='word_1_261' title='bbox 1675 1857 1788 1924; x_wconf 84' lang='lat' dir='ltr'><strong>ipse</strong></span> 
     </span>
    </p>
   </div>
   <div class='ocr_carea' id='block_1_35' title="bbox 203 1946 1787 2019">
    <p class='ocr_par' dir='ltr' id='par_1_35' title="bbox 203 1946 1787 2019">
     <span class='ocr_line' id='line_1_35' title="bbox 203 1946 1787 2019; baseline -0.001 -17"><span class='ocrx_word' id='word_1_262' title='bbox 203 1949 278 2002; x_wconf 91' lang='lat' dir='ltr'><strong>sic</strong></span> <span class='ocrx_word' id='word_1_263' title='bbox 304 1949 477 2019; x_wconf 87' lang='lat' dir='ltr'><strong>egerit</strong></span> <span class='ocrx_word' id='word_1_264' title='bbox 509 1948 588 2003; x_wconf 89' lang='lat' dir='ltr'><strong>vel</strong></span> <span class='ocrx_word' id='word_1_265' title='bbox 623 1964 727 2001; x_wconf 84' lang='lat' dir='ltr'><strong>non</strong></span> <span class='ocrx_word' id='word_1_266' title='bbox 752 1948 924 2018; x_wconf 87' lang='lat' dir='ltr'><strong>egerit</strong></span> <span class='ocrx_word' id='word_1_267' title='bbox 956 1946 1230 2016; x_wconf 81' lang='lat' dir='ltr'><strong>inSpicial,</strong></span> <span class='ocrx_word' id='word_1_268' title='bbox 1268 1946 1495 2001; x_wconf 83' lang='lat' dir='ltr'><strong>desistet</strong></span> <span class='ocrx_word' id='word_1_269' title='bbox 1544 1947 1787 2000; x_wconf 87' lang='lat' dir='ltr'><strong>lacerare</strong></span> 
     </span>
    </p>
   </div>
   <div class='ocr_carea' id='block_1_36' title="bbox 202 2038 973 2109">
    <p class='ocr_par' dir='ltr' id='par_1_36' title="bbox 202 2038 973 2109">
     <span class='ocr_line' id='line_1_36' title="bbox 202 2038 973 2109; baseline 0 -18"><span class='ocrx_word' id='word_1_270' title='bbox 202 2038 363 2091; x_wconf 83' lang='lat' dir='ltr'><strong>vitam</strong></span> <span class='ocrx_word' id='word_1_271' title='bbox 398 2048 671 2109; x_wconf 85' lang='lat' dir='ltr'><strong>pastorum</strong></span> <span class='ocrx_word' id='word_1_272' title='bbox 701 2038 973 2093; x_wconf 71' lang='lat' dir='ltr'><strong>Ecclesiae.</strong></span> 
     </span>
    </p>
   </div>
   <div class='ocr_carea' id='block_1_37' title="bbox 706 2126 1252 2197">
    <p class='ocr_par' dir='ltr' id='par_1_37' title="bbox 706 2126 1252 2197">
     <span class='ocr_line' id='line_1_37' title="bbox 706 2126 1252 2197; baseline -0.004 -15"><span class='ocrx_word' id='word_1_273' title='bbox 706 2128 987 2185; x_wconf 59' lang='lat' dir='ltr'><strong>uorum</strong></span> <span class='ocrx_word' id='word_1_274' title='bbox 1024 2126 1141 2181; x_wconf 72' lang='lat' dir='ltr'><strong>xvn</strong></span> <span class='ocrx_word' id='word_1_275' title='bbox 1174 2128 1252 2197; x_wconf 72' lang='grc'><strong>(1)</strong></span> 
     </span>
    </p>
   </div>
   <div class='ocr_carea' id='block_1_38' title="bbox 201 2216 1782 2288">
    <p class='ocr_par' dir='ltr' id='par_1_38' title="bbox 201 2216 1782 2288">
     <span class='ocr_line' id='line_1_38' title="bbox 201 2216 1782 2288; baseline 0.001 -15"><span class='ocrx_word' id='word_1_276' title='bbox 201 2216 753 2276; x_wconf 63' lang='lat' dir='ltr'><strong>LV.tt_1-uu.:-Decebat</strong></span> <span class='ocrx_word' id='word_1_277' title='bbox 796 2219 932 2273; x_wconf 83' lang='lat' dir='ltr'><strong>enim</strong></span> <span class='ocrx_word' id='word_1_278' title='bbox 982 2234 1099 2272; x_wconf 89' lang='lat' dir='ltr'><strong>eum</strong></span> <span class='ocrx_word' id='word_1_279' title='bbox 1148 2226 1357 2287; x_wconf 81' lang='lat' dir='ltr'><strong>propter</strong></span> <span class='ocrx_word' id='word_1_280' title='bbox 1392 2234 1543 2288; x_wconf 84' lang='lat' dir='ltr'><strong>quem</strong></span> <span class='ocrx_word' id='word_1_281' title='bbox 1576 2220 1782 2286; x_wconf 87' lang='lat' dir='ltr'><strong>omnia,</strong></span> 
     </span>
    </p>
   </div>
   <div class='ocr_carea' id='block_1_39' title="bbox 412 2307 1638 2380">
    <p class='ocr_par' dir='ltr' id='par_1_39' title="bbox 412 2307 1638 2380">
     <span class='ocr_line' id='line_1_39' title="bbox 412 2307 1638 2380; baseline 0.001 -17"><span class='ocrx_word' id='word_1_282' title='bbox 412 2322 460 2363; x_wconf 89' lang='lat' dir='ltr'><strong>et</strong></span> <span class='ocrx_word' id='word_1_283' title='bbox 488 2328 579 2379; x_wconf 85' lang='lat' dir='ltr'><strong>per</strong></span> <span class='ocrx_word' id='word_1_284' title='bbox 604 2326 755 2380; x_wconf 85' lang='lat' dir='ltr'><strong>quem</strong></span> <span class='ocrx_word' id='word_1_285' title='bbox 784 2310 980 2375; x_wconf 82' lang='lat' dir='ltr'><strong>omnia,</strong></span> <span class='ocrx_word' id='word_1_286' title='bbox 1008 2319 1114 2364; x_wconf 88' lang='lat' dir='ltr'><strong>etc.</strong></span> <span class='ocrx_word' id='word_1_287' title='bbox 1149 2308 1335 2380; x_wconf 83' lang='lat' dir='ltr'><strong>(Hebr.</strong></span> <span class='ocrx_word' id='word_1_288' title='bbox 1368 2325 1427 2376; x_wconf 85' lang='lat' dir='ltr'><strong>tt,</strong></span> <span class='ocrx_word' id='word_1_289' title='bbox 1462 2310 1573 2380; x_wconf 79' lang='grc'><strong>10.)</strong></span> <span class='ocrx_word' id='word_1_290' title='bbox 1621 2307 1638 2327; x_wconf 88' lang='grc'><strong><em>⁹</em></strong></span> 
     </span>
    </p>
   </div>
   <div class='ocr_carea' id='block_1_40' title="bbox 270 2399 1786 2471">
    <p class='ocr_par' dir='ltr' id='par_1_40' title="bbox 270 2399 1786 2471">
     <span class='ocr_line' id='line_1_40' title="bbox 270 2399 1786 2471; baseline 0.001 -17"><span class='ocrx_word' id='word_1_291' title='bbox 270 2401 413 2455; x_wconf 90' lang='lat' dir='ltr'><strong>Deus</strong></span> <span class='ocrx_word' id='word_1_292' title='bbox 446 2403 792 2470; x_wconf 89' lang='lat' dir='ltr'><strong>onmipotens</strong></span> <span class='ocrx_word' id='word_1_293' title='bbox 814 2400 857 2454; x_wconf 89' lang='lat' dir='ltr'><strong>si</strong></span> <span class='ocrx_word' id='word_1_294' title='bbox 892 2399 1093 2453; x_wconf 88' lang='lat' dir='ltr'><strong>nullam</strong></span> <span class='ocrx_word' id='word_1_295' title='bbox 1123 2400 1340 2471; x_wconf 84' lang='lat' dir='ltr'><strong>penitus</strong></span> <span class='ocrx_word' id='word_1_296' title='bbox 1373 2411 1680 2454; x_wconf 86' lang='lat' dir='ltr'><strong>creaturam</strong></span> <span class='ocrx_word' id='word_1_297' title='bbox 1711 2400 1786 2456; x_wconf 85' lang='lat' dir='ltr'><strong>fe-</strong></span> 
     </span>
    </p>
   </div>
   <div class='ocr_carea' id='block_1_41' title="bbox 201 2490 1786 2561">
    <p class='ocr_par' dir='ltr' id='par_1_41' title="bbox 201 2490 1786 2561">
     <span class='ocr_line' id='line_1_41' title="bbox 201 2490 1786 2561; baseline -0.001 -16"><span class='ocrx_word' id='word_1_298' title='bbox 201 2491 381 2555; x_wconf 88' lang='lat' dir='ltr'><strong>cisset,</strong></span> <span class='ocrx_word' id='word_1_299' title='bbox 409 2492 462 2544; x_wconf 90' lang='lat' dir='ltr'><strong>in</strong></span> <span class='ocrx_word' id='word_1_300' title='bbox 506 2492 683 2560; x_wconf 88' lang='lat' dir='ltr'><strong>seipse</strong></span> <span class='ocrx_word' id='word_1_301' title='bbox 733 2490 889 2559; x_wconf 90' lang='lat' dir='ltr'><strong>plene</strong></span> <span class='ocrx_word' id='word_1_302' title='bbox 943 2491 1133 2545; x_wconf 89' lang='lat' dir='ltr'><strong>beatus</strong></span> <span class='ocrx_word' id='word_1_303' title='bbox 1180 2504 1301 2544; x_wconf 90' lang='lat' dir='ltr'><strong>esse</strong></span> <span class='ocrx_word' id='word_1_304' title='bbox 1344 2490 1786 2561; x_wconf 86' lang='lat' dir='ltr'><strong>potuit;quippe</strong></span> 
     </span>
    </p>
   </div>
   <div class='ocr_carea' id='block_1_42' title="bbox 201 2578 1783 2649">
    <p class='ocr_par' dir='ltr' id='par_1_42' title="bbox 201 2578 1783 2649">
     <span class='ocr_line' id='line_1_42' title="bbox 201 2578 1783 2649; baseline 0.003 -16"><span class='ocrx_word' id='word_1_305' title='bbox 201 2580 341 2634; x_wconf 90' lang='lat' dir='ltr'><strong>nullo</strong></span> <span class='ocrx_word' id='word_1_306' title='bbox 374 2580 642 2649; x_wconf 81' lang='lat' dir='ltr'><strong>indigens,</strong></span> <span class='ocrx_word' id='word_1_307' title='bbox 668 2580 762 2633; x_wconf 90' lang='lat' dir='ltr'><strong>sed</strong></span> <span class='ocrx_word' id='word_1_308' title='bbox 801 2578 1018 2634; x_wconf 88' lang='lat' dir='ltr'><strong>sibimet</strong></span> <span class='ocrx_word' id='word_1_309' title='bbox 1060 2594 1446 2649; x_wconf 87' lang='lat' dir='ltr'><strong>usquequaque</strong></span> <span class='ocrx_word' id='word_1_310' title='bbox 1487 2580 1783 2638; x_wconf 76' lang='lat' dir='ltr'><strong>sufficiens.</strong></span> 
     </span>
    </p>
   </div>
   <div class='ocr_carea' id='block_1_43' title="bbox 201 2668 1786 2724">
    <p class='ocr_par' dir='ltr' id='par_1_43' title="bbox 201 2668 1786 2724">
     <span class='ocr_line' id='line_1_43' title="bbox 201 2668 1786 2724; baseline 0.001 -3"><span class='ocrx_word' id='word_1_311' title='bbox 201 2668 398 2723; x_wconf 85' lang='lat' dir='ltr'><strong>Valens</strong></span> <span class='ocrx_word' id='word_1_312' title='bbox 430 2678 610 2723; x_wconf 90' lang='lat' dir='ltr'><strong>autem</strong></span> <span class='ocrx_word' id='word_1_313' title='bbox 633 2684 698 2723; x_wconf 83' lang='lat' dir='ltr'><strong>cx</strong></span> <span class='ocrx_word' id='word_1_314' title='bbox 728 2684 938 2722; x_wconf 90' lang='lat' dir='ltr'><strong>summa</strong></span> <span class='ocrx_word' id='word_1_315' title='bbox 978 2668 1221 2723; x_wconf 87' lang='lat' dir='ltr'><strong>bonitate</strong></span> <span class='ocrx_word' id='word_1_316' title='bbox 1269 2680 1574 2724; x_wconf 89' lang='lat' dir='ltr'><strong>creaturam</strong></span> <span class='ocrx_word' id='word_1_317' title='bbox 1615 2669 1786 2724; x_wconf 89' lang='lat' dir='ltr'><strong>beati-</strong></span> 
     </span>
    </p>
   </div>
   <div class='ocr_carea' id='block_1_44' title="bbox 200 2756 1785 2826">
    <p class='ocr_par' dir='ltr' id='par_1_44' title="bbox 200 2756 1785 2826">
     <span class='ocr_line' id='line_1_44' title="bbox 200 2756 1785 2826; baseline 0.001 -15"><span class='ocrx_word' id='word_1_318' title='bbox 200 2757 371 2823; x_wconf 89' lang='lat' dir='ltr'><strong>ficari,</strong></span> <span class='ocrx_word' id='word_1_319' title='bbox 402 2759 545 2826; x_wconf 90' lang='lat' dir='ltr'><strong>quod</strong></span> <span class='ocrx_word' id='word_1_320' title='bbox 580 2771 647 2810; x_wconf 85' lang='lat' dir='ltr'><strong>ex</strong></span> <span class='ocrx_word' id='word_1_321' title='bbox 676 2756 844 2826; x_wconf 86' lang='lat' dir='ltr'><strong>ipsius</strong></span> <span class='ocrx_word' id='word_1_322' title='bbox 891 2765 1099 2811; x_wconf 91' lang='lat' dir='ltr'><strong>tantum</strong></span> <span class='ocrx_word' id='word_1_323' title='bbox 1155 2758 1465 2825; x_wconf 86' lang='lat' dir='ltr'><strong>cognitione</strong></span> <span class='ocrx_word' id='word_1_324' title='bbox 1511 2767 1566 2811; x_wconf 89' lang='lat' dir='ltr'><strong>ct</strong></span> <span class='ocrx_word' id='word_1_325' title='bbox 1602 2773 1785 2812; x_wconf 87' lang='lat' dir='ltr'><strong>amore</strong></span> 
     </span>
    </p>
   </div>
   <div class='ocr_carea' id='block_1_45' title="bbox 199 2838 1785 2916">
    <p class='ocr_par' dir='ltr' id='par_1_45' title="bbox 199 2838 1785 2916">
     <span class='ocr_line' id='line_1_45' title="bbox 199 2838 1785 2916; baseline 0 -15"><span class='ocrx_word' id='word_1_326' title='bbox 199 2846 436 2901; x_wconf 88' lang='lat' dir='ltr'><strong>futurum</strong></span> <span class='ocrx_word' id='word_1_327' title='bbox 476 2855 616 2911; x_wconf 88' lang='lat' dir='ltr'><strong>erat,</strong></span> <span class='ocrx_word' id='word_1_328' title='bbox 660 2838 930 2916; x_wconf 88' lang='lat' dir='ltr'><strong>angelicas</strong></span> <span class='ocrx_word' id='word_1_329' title='bbox 980 2856 1265 2900; x_wconf 90' lang='lat' dir='ltr'><strong>creaturas</strong></span> <span class='ocrx_word' id='word_1_330' title='bbox 1320 2846 1471 2911; x_wconf 87' lang='lat' dir='ltr'><strong>fecit,</strong></span> <span class='ocrx_word' id='word_1_331' title='bbox 1507 2862 1536 2900; x_wconf 88' lang='lat' dir='ltr'><strong>a</strong></span> <span class='ocrx_word' id='word_1_332' title='bbox 1589 2848 1785 2915; x_wconf 91' lang='lat' dir='ltr'><strong>quibus</strong></span> 
     </span>
    </p>
   </div>
   <div class='ocr_carea' id='block_1_46' title="bbox 198 2933 1782 3004">
    <p class='ocr_par' dir='ltr' id='par_1_46' title="bbox 198 2933 1782 3004">
     <span class='ocr_line' id='line_1_46' title="bbox 198 2933 1782 3004; baseline 0 -15"><span class='ocrx_word' id='word_1_333' title='bbox 198 2935 537 3002; x_wconf 87' lang='lat' dir='ltr'><strong>laudaretur;</strong></span> <span class='ocrx_word' id='word_1_334' title='bbox 566 2950 669 2988; x_wconf 92' lang='lat' dir='ltr'><strong>non</strong></span> <span class='ocrx_word' id='word_1_335' title='bbox 701 2943 761 2989; x_wconf 93' lang='lat' dir='ltr'><strong>ut</strong></span> <span class='ocrx_word' id='word_1_336' title='bbox 783 2933 833 2988; x_wconf 89' lang='lat' dir='ltr'><strong>ei</strong></span> <span class='ocrx_word' id='word_1_337' title='bbox 861 2934 928 2988; x_wconf 88' lang='lat' dir='ltr'><strong>de</strong></span> <span class='ocrx_word' id='word_1_338' title='bbox 961 2934 1119 2989; x_wconf 89' lang='lat' dir='ltr'><strong>laude</strong></span> <span class='ocrx_word' id='word_1_339' title='bbox 1146 2949 1334 2989; x_wconf 92' lang='lat' dir='ltr'><strong>corum</strong></span> <span class='ocrx_word' id='word_1_340' title='bbox 1362 2934 1563 3004; x_wconf 91' lang='lat' dir='ltr'><strong>aliquid</strong></span> <span class='ocrx_word' id='word_1_341' title='bbox 1593 2950 1782 2990; x_wconf 89' lang='lat' dir='ltr'><strong>accre-</strong></span> 
     </span>
    </p>
   </div>
   <div class='ocr_carea' id='block_1_47' title="bbox 198 3021 1782 3093">
    <p class='ocr_par' dir='ltr' id='par_1_47' title="bbox 198 3021 1782 3093">
     <span class='ocr_line' id='line_1_47' title="bbox 198 3021 1782 3093; baseline 0.002 -18"><span class='ocrx_word' id='word_1_342' title='bbox 198 3033 394 3085; x_wconf 87' lang='lat' dir='ltr'><strong>sceret,</strong></span> <span class='ocrx_word' id='word_1_343' title='bbox 427 3026 521 3077; x_wconf 81' lang='lat' dir='ltr'><strong>sed</strong></span> <span class='ocrx_word' id='word_1_344' title='bbox 560 3023 710 3093; x_wconf 90' lang='lat' dir='ltr'><strong>ipsis.</strong></span> <span class='ocrx_word' id='word_1_345' title='bbox 744 3022 912 3077; x_wconf 89' lang='lat' dir='ltr'><strong>Porro</strong></span> <span class='ocrx_word' id='word_1_346' title='bbox 935 3021 1124 3077; x_wconf 88' lang='lat' dir='ltr'><strong>eadem</strong></span> <span class='ocrx_word' id='word_1_347' title='bbox 1150 3024 1413 3089; x_wconf 90' lang='lat' dir='ltr'><strong>bonitate,</strong></span> <span class='ocrx_word' id='word_1_348' title='bbox 1438 3033 1497 3077; x_wconf 90' lang='lat' dir='ltr'><strong>ut</strong></span> <span class='ocrx_word' id='word_1_349' title='bbox 1535 3025 1651 3078; x_wconf 91' lang='lat' dir='ltr'><strong>laus</strong></span> <span class='ocrx_word' id='word_1_350' title='bbox 1681 3025 1782 3078; x_wconf 88' lang='lat' dir='ltr'><strong>im-</strong></span> 
     </span>
    </p>
   </div>
   <div class='ocr_carea' id='block_1_48' title="bbox 198 3100 1855 3181">
    <p class='ocr_par' dir='ltr' id='par_1_48' title="bbox 198 3100 1855 3181">
     <span class='ocr_line' id='line_1_48' title="bbox 198 3100 1855 3181; baseline -0.001 -16"><span class='ocrx_word' id='word_1_351' title='bbox 198 3112 435 3181; x_wconf 82' lang='lat' dir='ltr'><strong>perfecta</strong></span> <span class='ocrx_word' id='word_1_352' title='bbox 470 3130 574 3166; x_wconf 91' lang='lat' dir='ltr'><strong>non</strong></span> <span class='ocrx_word' id='word_1_353' title='bbox 621 3120 785 3178; x_wconf 89' lang='lat' dir='ltr'><strong>esset,</strong></span> <span class='ocrx_word' id='word_1_354' title='bbox 821 3127 1140 3181; x_wconf 87' lang='lat' dir='ltr'><strong>corpoream</strong></span> <span class='ocrx_word' id='word_1_355' title='bbox 1181 3123 1487 3167; x_wconf 88' lang='lat' dir='ltr'><strong>creaturam</strong></span> <span class='ocrx_word' id='word_1_356' title='bbox 1520 3114 1779 3179; x_wconf 88' lang='lat' dir='ltr'><strong>condidit,</strong></span> <span class='ocrx_word' id='word_1_357' title='bbox 1809 3100 1855 3163; x_wconf 91' lang='lat' dir='ltr'><strong><em>C</em></strong></span> 
     </span>
    </p>
   </div>
   <div class='ocr_carea' id='block_1_49' title="bbox 194 3204 1785 3275">
    <p class='ocr_par' dir='ltr' id='par_1_49' title="bbox 194 3204 1785 3275">
     <span class='ocr_line' id='line_1_49' title="bbox 194 3204 1785 3275; baseline 0 -16"><span class='ocrx_word' id='word_1_358' title='bbox 194 3214 247 3259; x_wconf 90' lang='lat' dir='ltr'><strong>et</strong></span> <span class='ocrx_word' id='word_1_359' title='bbox 269 3206 584 3260; x_wconf 87' lang='lat' dir='ltr'><strong>beatificare</strong></span> <span class='ocrx_word' id='word_1_360' title='bbox 610 3205 800 3259; x_wconf 81' lang='lat' dir='ltr'><strong>voluit.</strong></span> <span class='ocrx_word' id='word_1_361' title='bbox 838 3204 951 3260; x_wconf 83' lang='lat' dir='ltr'><strong>Hac</strong></span> <span class='ocrx_word' id='word_1_362' title='bbox 976 3206 1042 3259; x_wconf 89' lang='lat' dir='ltr'><strong>de</strong></span> <span class='ocrx_word' id='word_1_363' title='bbox 1082 3221 1245 3259; x_wconf 90' lang='lat' dir='ltr'><strong>causa</strong></span> <span class='ocrx_word' id='word_1_364' title='bbox 1274 3206 1521 3275; x_wconf 88' lang='lat' dir='ltr'><strong>spiritum</strong></span> <span class='ocrx_word' id='word_1_365' title='bbox 1549 3208 1785 3260; x_wconf 87' lang='lat' dir='ltr'><strong>rationa-</strong></span> 
     </span>
    </p>
   </div>
   <div class='ocr_carea' id='block_1_50' title="bbox 193 3297 1778 3368">
    <p class='ocr_par' dir='ltr' id='par_1_50' title="bbox 193 3297 1778 3368">
     <span class='ocr_line' id='line_1_50' title="bbox 193 3297 1778 3368; baseline 0.001 -18"><span class='ocrx_word' id='word_1_366' title='bbox 193 3297 300 3351; x_wconf 88' lang='lat' dir='ltr'><strong>lem</strong></span> <span class='ocrx_word' id='word_1_367' title='bbox 350 3299 564 3367; x_wconf 87' lang='lat' dir='ltr'><strong>corpori</strong></span> <span class='ocrx_word' id='word_1_368' title='bbox 598 3298 820 3363; x_wconf 89' lang='lat' dir='ltr'><strong>indidit;</strong></span> <span class='ocrx_word' id='word_1_369' title='bbox 853 3297 1089 3367; x_wconf 84' lang='lat' dir='ltr'><strong>qualiter</strong></span> <span class='ocrx_word' id='word_1_370' title='bbox 1119 3299 1257 3352; x_wconf 90' lang='lat' dir='ltr'><strong>bene</strong></span> <span class='ocrx_word' id='word_1_371' title='bbox 1302 3300 1535 3367; x_wconf 87' lang='lat' dir='ltr'><strong>regendo</strong></span> <span class='ocrx_word' id='word_1_372' title='bbox 1584 3298 1778 3368; x_wconf 88' lang='lat' dir='ltr'><strong>ipsum,</strong></span> 
     </span>
    </p>
   </div>
   <div class='ocr_carea' id='block_1_51' title="bbox 194 3387 1783 3459">
    <p class='ocr_par' dir='ltr' id='par_1_51' title="bbox 194 3387 1783 3459">
     <span class='ocr_line' id='line_1_51' title="bbox 194 3387 1783 3459; baseline 0 -17"><span class='ocrx_word' id='word_1_373' title='bbox 194 3389 355 3442; x_wconf 87' lang='lat' dir='ltr'><strong>simul</strong></span> <span class='ocrx_word' id='word_1_374' title='bbox 383 3404 505 3443; x_wconf 90' lang='lat' dir='ltr'><strong>cmn</strong></span> <span class='ocrx_word' id='word_1_375' title='bbox 545 3404 769 3459; x_wconf 90' lang='lat' dir='ltr'><strong>corpore</strong></span> <span class='ocrx_word' id='word_1_376' title='bbox 800 3389 853 3441; x_wconf 93' lang='lat' dir='ltr'><strong>in</strong></span> <span class='ocrx_word' id='word_1_377' title='bbox 888 3389 997 3443; x_wconf 87' lang='lat' dir='ltr'><strong>Deo</strong></span> <span class='ocrx_word' id='word_1_378' title='bbox 1024 3388 1429 3442; x_wconf 88' lang='lat' dir='ltr'><strong>beatificaretur</strong></span> <span class='ocrx_word' id='word_1_379' title='bbox 1457 3404 1471 3453; x_wconf 92' lang='lat'><strong>;</strong></span> <span class='ocrx_word' id='word_1_380' title='bbox 1496 3388 1642 3441; x_wconf 90' lang='lat' dir='ltr'><strong>etita</strong></span> <span class='ocrx_word' id='word_1_381' title='bbox 1666 3387 1783 3442; x_wconf 87' lang='lat' dir='ltr'><strong>laus</strong></span> 
     </span>
    </p>
   </div>
   <div class='ocr_carea' id='block_1_52' title="bbox 194 3476 1782 3548">
    <p class='ocr_par' dir='ltr' id='par_1_52' title="bbox 194 3476 1782 3548">
     <span class='ocr_line' id='line_1_52' title="bbox 194 3476 1782 3548; baseline 0.001 -17"><span class='ocrx_word' id='word_1_382' title='bbox 194 3476 287 3532; x_wconf 88' lang='lat' dir='ltr'><strong>Dei</strong></span> <span class='ocrx_word' id='word_1_383' title='bbox 328 3479 396 3532; x_wconf 90' lang='lat' dir='ltr'><strong>ab</strong></span> <span class='ocrx_word' id='word_1_384' title='bbox 436 3479 582 3531; x_wconf 88' lang='lat' dir='ltr'><strong>onmi</strong></span> <span class='ocrx_word' id='word_1_385' title='bbox 625 3486 871 3531; x_wconf 89' lang='lat' dir='ltr'><strong>creatura</strong></span> <span class='ocrx_word' id='word_1_386' title='bbox 917 3477 1071 3547; x_wconf 89' lang='lat' dir='ltr'><strong>plena</strong></span> <span class='ocrx_word' id='word_1_387' title='bbox 1122 3487 1285 3533; x_wconf 87' lang='lat' dir='ltr'><strong>esset.</strong></span> <span class='ocrx_word' id='word_1_388' title='bbox 1343 3478 1469 3533; x_wconf 91' lang='lat' dir='ltr'><strong>inde</strong></span> <span class='ocrx_word' id='word_1_389' title='bbox 1506 3486 1589 3533; x_wconf 89' lang='lat' dir='ltr'><strong>est</strong></span> <span class='ocrx_word' id='word_1_390' title='bbox 1636 3478 1782 3548; x_wconf 91' lang='lat' dir='ltr'><strong>quod</strong></span> 
     </span>
    </p>
   </div>
   <div class='ocr_carea' id='block_1_53' title="bbox 193 3568 1781 3637">
    <p class='ocr_par' dir='ltr' id='par_1_53' title="bbox 193 3568 1781 3637">
     <span class='ocr_line' id='line_1_53' title="bbox 193 3568 1781 3637; baseline 0 -14"><span class='ocrx_word' id='word_1_391' title='bbox 193 3571 377 3623; x_wconf 91' lang='lat' dir='ltr'><strong>omnia</strong></span> <span class='ocrx_word' id='word_1_392' title='bbox 438 3570 660 3624; x_wconf 90' lang='lat' dir='ltr'><strong>laudare</strong></span> <span class='ocrx_word' id='word_1_393' title='bbox 720 3571 884 3624; x_wconf 90' lang='lat' dir='ltr'><strong>Deum</strong></span> <span class='ocrx_word' id='word_1_394' title='bbox 949 3570 1254 3637; x_wconf 83' lang='lat' dir='ltr'><strong>dicuntur;</strong></span> <span class='ocrx_word' id='word_1_395' title='bbox 1306 3570 1432 3624; x_wconf 92' lang='lat' dir='ltr'><strong>dum</strong></span> <span class='ocrx_word' id='word_1_396' title='bbox 1486 3568 1781 3623; x_wconf 86' lang='lat' dir='ltr'><strong>rationales</strong></span> 
     </span>
    </p>
   </div>
   <div class='ocr_carea' id='block_1_54' title="bbox 193 3656 1780 3729">
    <p class='ocr_par' dir='ltr' id='par_1_54' title="bbox 193 3656 1780 3729">
     <span class='ocr_line' id='line_1_54' title="bbox 193 3656 1780 3729; baseline -0.001 -16"><span class='ocrx_word' id='word_1_397' title='bbox 193 3668 483 3723; x_wconf 81' lang='lat' dir='ltr'><strong>creaturae,</strong></span> <span class='ocrx_word' id='word_1_398' title='bbox 512 3658 684 3729; x_wconf 87' lang='lat' dir='ltr'><strong>angeli</strong></span> <span class='ocrx_word' id='word_1_399' title='bbox 717 3656 943 3724; x_wconf 89' lang='lat' dir='ltr'><strong>scilicet,</strong></span> <span class='ocrx_word' id='word_1_400' title='bbox 969 3667 1021 3711; x_wconf 91' lang='lat' dir='ltr'><strong>et</strong></span> <span class='ocrx_word' id='word_1_401' title='bbox 1057 3660 1304 3713; x_wconf 86' lang='lat' dir='ltr'><strong>homines</strong></span> <span class='ocrx_word' id='word_1_402' title='bbox 1338 3658 1531 3711; x_wconf 90' lang='lat' dir='ltr'><strong>miram</strong></span> <span class='ocrx_word' id='word_1_403' title='bbox 1561 3656 1652 3711; x_wconf 87' lang='lat' dir='ltr'><strong>Dei</strong></span> <span class='ocrx_word' id='word_1_404' title='bbox 1684 3673 1780 3726; x_wconf 85' lang='lat' dir='ltr'><strong>po-</strong></span> 
     </span>
    </p>
   </div>
   <div class='ocr_carea' id='block_1_55' title="bbox 195 3748 1779 3819">
    <p class='ocr_par' dir='ltr' id='par_1_55' title="bbox 195 3748 1779 3819">
     <span class='ocr_line' id='line_1_55' title="bbox 195 3748 1779 3819; baseline -0.001 -16"><span class='ocrx_word' id='word_1_405' title='bbox 195 3751 419 3805; x_wconf 87' lang='lat' dir='ltr'><strong>tentiam</strong></span> <span class='ocrx_word' id='word_1_406' title='bbox 469 3760 526 3805; x_wconf 90' lang='lat' dir='ltr'><strong>et</strong></span> <span class='ocrx_word' id='word_1_407' title='bbox 574 3751 866 3806; x_wconf 90' lang='lat' dir='ltr'><strong>bonitatem</strong></span> <span class='ocrx_word' id='word_1_408' title='bbox 903 3763 1007 3805; x_wconf 90' lang='lat' dir='ltr'><strong>tam</strong></span> <span class='ocrx_word' id='word_1_409' title='bbox 1054 3751 1106 3804; x_wconf 91' lang='lat' dir='ltr'><strong>in</strong></span> <span class='ocrx_word' id='word_1_410' title='bbox 1138 3765 1196 3803; x_wconf 91' lang='lat' dir='ltr'><strong>se</strong></span> <span class='ocrx_word' id='word_1_411' title='bbox 1246 3764 1407 3819; x_wconf 90' lang='lat' dir='ltr'><strong>quam</strong></span> <span class='ocrx_word' id='word_1_412' title='bbox 1462 3750 1515 3802; x_wconf 91' lang='lat' dir='ltr'><strong>in</strong></span> <span class='ocrx_word' id='word_1_413' title='bbox 1567 3748 1779 3802; x_wconf 73' lang='lat' dir='ltr'><strong>crcteris</strong></span> 
     </span>
    </p>
   </div>
   <div class='ocr_carea' id='block_1_56' title="bbox 195 3838 1779 3909">
    <p class='ocr_par' dir='ltr' id='par_1_56' title="bbox 195 3838 1779 3909">
     <span class='ocr_line' id='line_1_56' title="bbox 195 3838 1779 3909; baseline -0.003 -10"><span class='ocrx_word' id='word_1_414' title='bbox 195 3845 464 3899; x_wconf 85' lang='lat' dir='ltr'><strong>creaturis</strong></span> <span class='ocrx_word' id='word_1_415' title='bbox 507 3845 773 3899; x_wconf 89' lang='lat' dir='ltr'><strong>mirantur</strong></span> <span class='ocrx_word' id='word_1_416' title='bbox 796 3854 851 3898; x_wconf 94' lang='lat' dir='ltr'><strong>et</strong></span> <span class='ocrx_word' id='word_1_417' title='bbox 898 3843 1141 3897; x_wconf 89' lang='lat' dir='ltr'><strong>laudant.</strong></span> <span class='ocrx_word' id='word_1_418' title='bbox 1186 3840 1276 3895; x_wconf 91' lang='lat' dir='ltr'><strong>Sic</strong></span> <span class='ocrx_word' id='word_1_419' title='bbox 1316 3855 1446 3909; x_wconf 88' lang='lat' dir='ltr'><strong>ergo</strong></span> <span class='ocrx_word' id='word_1_420' title='bbox 1491 3838 1779 3909; x_wconf 86' lang='lat' dir='ltr'><strong>Apostolus</strong></span> 
     </span>
    </p>
   </div>
   <div class='ocr_carea' id='block_1_57' title="bbox 193 3926 1778 3999">
    <p class='ocr_par' dir='ltr' id='par_1_57' title="bbox 193 3926 1778 3999">
     <span class='ocr_line' id='line_1_57' title="bbox 193 3926 1778 3999; baseline -0.003 -16"><span class='ocrx_word' id='word_1_421' title='bbox 193 3930 271 3984; x_wconf 82' lang='lat' dir='ltr'><strong>ait</strong></span> <span class='ocrx_word' id='word_1_422' title='bbox 302 3948 317 3984; x_wconf 88' lang='lat'><strong>:</strong></span> <span class='ocrx_word' id='word_1_423' title='bbox 349 3927 576 3999; x_wconf 83' lang='lat' dir='ltr'><strong>Propter</strong></span> <span class='ocrx_word' id='word_1_424' title='bbox 602 3947 719 3984; x_wconf 87' lang='lat' dir='ltr'><strong>eum</strong></span> <span class='ocrx_word' id='word_1_425' title='bbox 759 3932 955 3994; x_wconf 86' lang='lat' dir='ltr'><strong>omnia,</strong></span> <span class='ocrx_word' id='word_1_426' title='bbox 1000 3929 1209 3983; x_wconf 89' lang='lat' dir='ltr'><strong>scilicet</strong></span> <span class='ocrx_word' id='word_1_427' title='bbox 1238 3926 1561 3980; x_wconf 91' lang='lat' dir='ltr'><strong>laudandum</strong></span> <span class='ocrx_word' id='word_1_428' title='bbox 1588 3937 1641 3980; x_wconf 92' lang='lat' dir='ltr'><strong>et</strong></span> <span class='ocrx_word' id='word_1_429' title='bbox 1668 3926 1778 3995; x_wconf 87' lang='lat' dir='ltr'><strong>glo-</strong></span> 
     </span>
    </p>
   </div>
   <div class='ocr_carea' id='block_1_58' title="bbox 198 4013 1778 4087">
    <p class='ocr_par' dir='ltr' id='par_1_58' title="bbox 198 4013 1778 4087">
     <span class='ocr_line' id='line_1_58' title="bbox 198 4013 1778 4087; baseline -0.002 -16"><span class='ocrx_word' id='word_1_430' title='bbox 198 4018 572 4082; x_wconf 85' lang='lat' dir='ltr'><strong>rificandum;</strong></span> <span class='ocrx_word' id='word_1_431' title='bbox 633 4029 678 4071; x_wconf 92' lang='lat' dir='ltr'><strong>et</strong></span> <span class='ocrx_word' id='word_1_432' title='bbox 739 4035 832 4087; x_wconf 89' lang='lat' dir='ltr'><strong>per</strong></span> <span class='ocrx_word' id='word_1_433' title='bbox 894 4031 1011 4071; x_wconf 77' lang='lat' dir='ltr'><strong>eum</strong></span> <span class='ocrx_word' id='word_1_434' title='bbox 1064 4016 1239 4069; x_wconf 84' lang='lat' dir='ltr'><strong>omnia</strong></span> <span class='ocrx_word' id='word_1_435' title='bbox 1273 4054 1288 4080; x_wconf 95' lang='lat'><strong>,</strong></span> <span class='ocrx_word' id='word_1_436' title='bbox 1363 4013 1526 4069; x_wconf 31' lang='lat' dir='ltr'><strong>nihil.</strong></span> <span class='ocrx_word' id='word_1_437' title='bbox 1572 4013 1778 4068; x_wconf 89' lang='lat' dir='ltr'><strong>scilicet</strong></span> 
     </span>
    </p>
   </div>
   <div class='ocr_carea' id='block_1_59' title="bbox 193 4102 1777 4178">
    <p class='ocr_par' dir='ltr' id='par_1_59' title="bbox 193 4102 1777 4178">
     <span class='ocr_line' id='line_1_59' title="bbox 193 4102 1777 4178; baseline -0.004 -14"><span class='ocrx_word' id='word_1_438' title='bbox 193 4109 469 4178; x_wconf 85' lang='lat' dir='ltr'><strong>superflue</strong></span> <span class='ocrx_word' id='word_1_439' title='bbox 535 4119 639 4162; x_wconf 88' lang='lat' dir='ltr'><strong>est.</strong></span> <span class='ocrx_word' id='word_1_440' title='bbox 713 4105 864 4174; x_wconf 85' lang='lat' dir='ltr'><strong>Quod</strong></span> <span class='ocrx_word' id='word_1_441' title='bbox 930 4108 973 4160; x_wconf 90' lang='lat' dir='ltr'><strong>si</strong></span> <span class='ocrx_word' id='word_1_442' title='bbox 1018 4120 1206 4159; x_wconf 87' lang='lat' dir='ltr'><strong>verum</strong></span> <span class='ocrx_word' id='word_1_443' title='bbox 1253 4112 1388 4169; x_wconf 90' lang='lat' dir='ltr'><strong>est,</strong></span> <span class='ocrx_word' id='word_1_444' title='bbox 1468 4102 1579 4157; x_wconf 92' lang='lat' dir='ltr'><strong>imo</strong></span> <span class='ocrx_word' id='word_1_445' title='bbox 1651 4102 1777 4171; x_wconf 90' lang='lat' dir='ltr'><strong>quia</strong></span> 
     </span>
    </p>
   </div>
   <div class='ocr_carea' id='block_1_60' title="bbox 193 4195 1775 4265">
    <p class='ocr_par' dir='ltr' id='par_1_60' title="bbox 193 4195 1775 4265">
     <span class='ocr_line' id='line_1_60' title="bbox 193 4195 1775 4265; baseline -0.003 -13"><span class='ocrx_word' id='word_1_446' title='bbox 193 4214 381 4254; x_wconf 77' lang='lat' dir='ltr'><strong>verum</strong></span> <span class='ocrx_word' id='word_1_447' title='bbox 413 4210 524 4263; x_wconf 83' lang='lat' dir='ltr'><strong>est;</strong></span> <span class='ocrx_word' id='word_1_448' title='bbox 573 4200 845 4254; x_wconf 85' lang='lat' dir='ltr'><strong>hominem</strong></span> <span class='ocrx_word' id='word_1_449' title='bbox 876 4197 942 4251; x_wconf 89' lang='lat' dir='ltr'><strong>ad</strong></span> <span class='ocrx_word' id='word_1_450' title='bbox 985 4197 1211 4265; x_wconf 84' lang='lat' dir='ltr'><strong>gloriam</strong></span> <span class='ocrx_word' id='word_1_451' title='bbox 1253 4195 1374 4249; x_wconf 90' lang='lat' dir='ltr'><strong>duci</strong></span> <span class='ocrx_word' id='word_1_452' title='bbox 1421 4208 1643 4249; x_wconf 89' lang='lat' dir='ltr'><strong>necesse</strong></span> <span class='ocrx_word' id='word_1_453' title='bbox 1672 4202 1775 4248; x_wconf 88' lang='lat' dir='ltr'><strong>est.</strong></span> 
     </span>
    </p>
   </div>
   <div class='ocr_carea' id='block_1_61' title="bbox 192 4289 1772 4360">
    <p class='ocr_par' dir='ltr' id='par_1_61' title="bbox 192 4289 1772 4360">
     <span class='ocr_line' id='line_1_61' title="bbox 192 4289 1772 4360; baseline -0.005 -13"><span class='ocrx_word' id='word_1_454' title='bbox 192 4293 323 4360; x_wconf 74' lang='lat' dir='ltr'><strong>Quae</strong></span> <span class='ocrx_word' id='word_1_455' title='bbox 354 4303 530 4347; x_wconf 87' lang='lat' dir='ltr'><strong>tamen</strong></span> <span class='ocrx_word' id='word_1_456' title='bbox 563 4292 858 4346; x_wconf 80' lang='lat' dir='ltr'><strong>necessitas</strong></span> <span class='ocrx_word' id='word_1_457' title='bbox 886 4304 991 4344; x_wconf 89' lang='lat' dir='ltr'><strong>non</strong></span> <span class='ocrx_word' id='word_1_458' title='bbox 1022 4289 1239 4343; x_wconf 90' lang='lat' dir='ltr'><strong>aliunde</strong></span> <span class='ocrx_word' id='word_1_459' title='bbox 1262 4302 1422 4357; x_wconf 91' lang='lat' dir='ltr'><strong>quam</strong></span> <span class='ocrx_word' id='word_1_460' title='bbox 1454 4302 1522 4341; x_wconf 84' lang='lat' dir='ltr'><strong>ex</strong></span> <span class='ocrx_word' id='word_1_461' title='bbox 1578 4301 1772 4357; x_wconf 85' lang='lat' dir='ltr'><strong>magna</strong></span> 
     </span>
    </p>
   </div>
   <div class='ocr_carea' id='block_1_62' title="bbox 190 4376 1771 4451">
    <p class='ocr_par' dir='ltr' id='par_1_62' title="bbox 190 4376 1771 4451">
     <span class='ocr_line' id='line_1_62' title="bbox 190 4376 1771 4451; baseline -0.004 -13"><span class='ocrx_word' id='word_1_462' title='bbox 190 4384 311 4445; x_wconf 88' lang='lat' dir='ltr'><strong>Dei,</strong></span> <span class='ocrx_word' id='word_1_463' title='bbox 342 4399 504 4451; x_wconf 90' lang='lat' dir='ltr'><strong>quam</strong></span> <span class='ocrx_word' id='word_1_464' title='bbox 535 4382 902 4451; x_wconf 71' lang='lat' dir='ltr'><strong>praediximus,</strong></span> <span class='ocrx_word' id='word_1_465' title='bbox 934 4381 1174 4437; x_wconf 88' lang='lat' dir='ltr'><strong>bonitate</strong></span> <span class='ocrx_word' id='word_1_466' title='bbox 1217 4378 1513 4433; x_wconf 87' lang='lat' dir='ltr'><strong>descendit.</strong></span> <span class='ocrx_word' id='word_1_467' title='bbox 1551 4376 1721 4431; x_wconf 74' lang='lat' dir='ltr'><strong>Hinno</strong></span> <span class='ocrx_word' id='word_1_468' title='bbox 1743 4394 1771 4431; x_wconf 92' lang='lat' dir='ltr'><strong>a</strong></span> 
     </span>
    </p>
   </div>
   <div class='ocr_carea' id='block_1_63' title="bbox 188 4466 1772 4543">
    <p class='ocr_par' dir='ltr' id='par_1_63' title="bbox 188 4466 1772 4543">
     <span class='ocr_line' id='line_1_63' title="bbox 188 4466 1772 4543; baseline -0.004 -16"><span class='ocrx_word' id='word_1_469' title='bbox 188 4482 421 4543; x_wconf 89' lang='lat' dir='ltr'><strong>peccato</strong></span> <span class='ocrx_word' id='word_1_470' title='bbox 448 4487 546 4527; x_wconf 89' lang='lat' dir='ltr'><strong>suo</strong></span> <span class='ocrx_word' id='word_1_471' title='bbox 577 4472 820 4541; x_wconf 88' lang='lat' dir='ltr'><strong>perditus</strong></span> <span class='ocrx_word' id='word_1_472' title='bbox 851 4482 934 4526; x_wconf 91' lang='lat' dir='ltr'><strong>est</strong></span> <span class='ocrx_word' id='word_1_473' title='bbox 960 4487 975 4535; x_wconf 89' lang='lat'><strong>;</strong></span> <span class='ocrx_word' id='word_1_474' title='bbox 1008 4485 1139 4540; x_wconf 88' lang='lat' dir='ltr'><strong>ergo</strong></span> <span class='ocrx_word' id='word_1_475' title='bbox 1168 4469 1233 4522; x_wconf 91' lang='lat' dir='ltr'><strong>ad</strong></span> <span class='ocrx_word' id='word_1_476' title='bbox 1274 4466 1497 4539; x_wconf 86' lang='lat' dir='ltr'><strong>gloriam</strong></span> <span class='ocrx_word' id='word_1_477' title='bbox 1536 4481 1642 4520; x_wconf 90' lang='lat' dir='ltr'><strong>non</strong></span> <span class='ocrx_word' id='word_1_478' title='bbox 1675 4468 1772 4521; x_wconf 86' lang='lat' dir='ltr'><strong>du-</strong></span> 
     </span>
    </p>
   </div>
   <div class='ocr_carea' id='block_1_64' title="bbox 188 4559 1773 4634">
    <p class='ocr_par' dir='ltr' id='par_1_64' title="bbox 188 4559 1773 4634">
     <span class='ocr_line' id='line_1_64' title="bbox 188 4559 1773 4634; baseline -0.002 -17"><span class='ocrx_word' id='word_1_479' title='bbox 188 4564 364 4629; x_wconf 89' lang='lat' dir='ltr'><strong>citur;</strong></span> <span class='ocrx_word' id='word_1_480' title='bbox 392 4578 521 4634; x_wconf 86' lang='lat' dir='ltr'><strong>ergo</strong></span> <span class='ocrx_word' id='word_1_481' title='bbox 544 4564 656 4633; x_wconf 90' lang='lat' dir='ltr'><strong>ipse</strong></span> <span class='ocrx_word' id='word_1_482' title='bbox 681 4577 783 4617; x_wconf 90' lang='lat' dir='ltr'><strong>non</strong></span> <span class='ocrx_word' id='word_1_483' title='bbox 811 4562 1010 4617; x_wconf 89' lang='lat' dir='ltr'><strong>laudat.</strong></span> <span class='ocrx_word' id='word_1_484' title='bbox 1033 4562 1440 4630; x_wconf 85' lang='lat' dir='ltr'><strong>Consequenter</strong></span> <span class='ocrx_word' id='word_1_485' title='bbox 1462 4559 1626 4629; x_wconf 85' lang='lat' dir='ltr'><strong>igitur</strong></span> <span class='ocrx_word' id='word_1_486' title='bbox 1652 4574 1773 4614; x_wconf 90' lang='lat' dir='ltr'><strong>cor-</strong></span> 
     </span>
    </p>
   </div>
   <div class='ocr_carea' id='block_1_65' title="bbox 185 4651 1768 4723">
    <p class='ocr_par' dir='ltr' id='par_1_65' title="bbox 185 4651 1768 4723">
     <span class='ocr_line' id='line_1_65' title="bbox 185 4651 1768 4723; baseline -0.002 -15"><span class='ocrx_word' id='word_1_487' title='bbox 185 4669 354 4723; x_wconf 87' lang='lat' dir='ltr'><strong>porea</strong></span> <span class='ocrx_word' id='word_1_488' title='bbox 392 4664 640 4709; x_wconf 85' lang='lat' dir='ltr'><strong>creatura</strong></span> <span class='ocrx_word' id='word_1_489' title='bbox 668 4670 773 4710; x_wconf 91' lang='lat' dir='ltr'><strong>non</strong></span> <span class='ocrx_word' id='word_1_490' title='bbox 812 4654 995 4709; x_wconf 86' lang='lat' dir='ltr'><strong>laudat</strong></span> <span class='ocrx_word' id='word_1_491' title='bbox 1027 4670 1039 4705; x_wconf 89' lang='lat'><strong>:</strong></span> <span class='ocrx_word' id='word_1_492' title='bbox 1069 4653 1244 4707; x_wconf 90' lang='lat' dir='ltr'><strong>otiose</strong></span> <span class='ocrx_word' id='word_1_493' title='bbox 1278 4651 1442 4722; x_wconf 87' lang='lat' dir='ltr'><strong>igitur</strong></span> <span class='ocrx_word' id='word_1_494' title='bbox 1492 4652 1635 4704; x_wconf 82' lang='lat' dir='ltr'><strong>facta</strong></span> <span class='ocrx_word' id='word_1_495' title='bbox 1667 4659 1768 4705; x_wconf 88' lang='lat' dir='ltr'><strong>est.</strong></span> 
     </span>
    </p>
   </div>
   <div class='ocr_carea' id='block_1_66' title="bbox 186 4741 1772 4818">
    <p class='ocr_par' dir='ltr' id='par_1_66' title="bbox 186 4741 1772 4818">
     <span class='ocr_line' id='line_1_66' title="bbox 186 4741 1772 4818; baseline -0.004 -17"><span class='ocrx_word' id='word_1_496' title='bbox 186 4746 345 4815; x_wconf 84' lang='lat' dir='ltr'><strong>Quod</strong></span> <span class='ocrx_word' id='word_1_497' title='bbox 374 4748 421 4801; x_wconf 91' lang='lat' dir='ltr'><strong>si</strong></span> <span class='ocrx_word' id='word_1_498' title='bbox 452 4748 525 4802; x_wconf 89' lang='lat' dir='ltr'><strong>ita</strong></span> <span class='ocrx_word' id='word_1_499' title='bbox 559 4757 641 4802; x_wconf 88' lang='lat' dir='ltr'><strong>est</strong></span> <span class='ocrx_word' id='word_1_500' title='bbox 669 4764 685 4814; x_wconf 90' lang='lat'><strong>;</strong></span> <span class='ocrx_word' id='word_1_501' title='bbox 718 4762 847 4818; x_wconf 87' lang='lat' dir='ltr'><strong>ergo</strong></span> <span class='ocrx_word' id='word_1_502' title='bbox 877 4762 975 4801; x_wconf 89' lang='lat' dir='ltr'><strong>nec</strong></span> <span class='ocrx_word' id='word_1_503' title='bbox 1012 4745 1108 4815; x_wconf 92' lang='lat' dir='ltr'><strong>ipsi</strong></span> <span class='ocrx_word' id='word_1_504' title='bbox 1139 4743 1313 4813; x_wconf 89' lang='lat' dir='ltr'><strong>angeli</strong></span> <span class='ocrx_word' id='word_1_505' title='bbox 1338 4743 1494 4812; x_wconf 84' lang='lat' dir='ltr'><strong>plene</strong></span> <span class='ocrx_word' id='word_1_506' title='bbox 1528 4741 1772 4807; x_wconf 90' lang='lat' dir='ltr'><strong>laudant,</strong></span> 
     </span>
    </p>
   </div>
   <div class='ocr_carea' id='block_1_67' title="bbox 183 4834 1775 4897">
    <p class='ocr_par' dir='ltr' id='par_1_67' title="bbox 183 4834 1775 4897">
     <span class='ocr_line' id='line_1_67' title="bbox 183 4834 1775 4897; baseline -0.004 -3"><span class='ocrx_word' id='word_1_507' title='bbox 183 4855 315 4895; x_wconf 85' lang='lat' dir='ltr'><strong>cum</strong></span> <span class='ocrx_word' id='word_1_508' title='bbox 342 4855 605 4896; x_wconf 86' lang='lat' dir='ltr'><strong>numerus</strong></span> <span class='ocrx_word' id='word_1_509' title='bbox 635 4855 823 4897; x_wconf 91' lang='lat' dir='ltr'><strong>eorum</strong></span> <span class='ocrx_word' id='word_1_510' title='bbox 855 4840 926 4894; x_wconf 86' lang='lat' dir='ltr'><strong>sit</strong></span> <span class='ocrx_word' id='word_1_511' title='bbox 971 4838 1288 4892; x_wconf 88' lang='lat' dir='ltr'><strong>diminutus.</strong></span> <span class='ocrx_word' id='word_1_512' title='bbox 1338 4834 1408 4891; x_wconf 88' lang='lat' dir='ltr'><strong>Ut</strong></span> <span class='ocrx_word' id='word_1_513' title='bbox 1431 4842 1611 4887; x_wconf 82' lang='lat' dir='ltr'><strong>autem</strong></span> <span class='ocrx_word' id='word_1_514' title='bbox 1658 4834 1775 4888; x_wconf 80' lang='lat' dir='ltr'><strong>hzcc</strong></span> 
     </span>
    </p>
   </div>
   <div class='ocr_carea' id='block_1_68' title="bbox 182 4922 1777 4998">
    <p class='ocr_par' dir='ltr' id='par_1_68' title="bbox 182 4922 1777 4998">
     <span class='ocr_line' id='line_1_68' title="bbox 182 4922 1777 4998; baseline -0.004 -12"><span class='ocrx_word' id='word_1_515' title='bbox 182 4932 377 4986; x_wconf 85' lang='lat' dir='ltr'><strong>omnia</strong></span> <span class='ocrx_word' id='word_1_516' title='bbox 428 4930 863 4986; x_wconf 86' lang='lat' dir='ltr'><strong>inconvenientia</strong></span> <span class='ocrx_word' id='word_1_517' title='bbox 900 4930 969 4985; x_wconf 90' lang='lat' dir='ltr'><strong>ab</strong></span> <span class='ocrx_word' id='word_1_518' title='bbox 1016 4930 1130 4998; x_wconf 92' lang='lat' dir='ltr'><strong>ipso</strong></span> <span class='ocrx_word' id='word_1_519' title='bbox 1153 4943 1259 4997; x_wconf 93' lang='lat' dir='ltr'><strong>quo</strong></span> <span class='ocrx_word' id='word_1_520' title='bbox 1281 4926 1579 4996; x_wconf 90' lang='lat' dir='ltr'><strong>procedunt</strong></span> <span class='ocrx_word' id='word_1_521' title='bbox 1629 4922 1777 4980; x_wconf 88' lang='lat' dir='ltr'><strong>fonte</strong></span> 
     </span>
    </p>
   </div>
   <div class='ocr_carea' id='block_1_69' title="bbox 180 5012 1773 5090">
    <p class='ocr_par' dir='ltr' id='par_1_69' title="bbox 180 5012 1773 5090">
     <span class='ocr_line' id='line_1_69' title="bbox 180 5012 1773 5090; baseline -0.006 -14"><span class='ocrx_word' id='word_1_522' title='bbox 180 5022 626 5090; x_wconf 71' lang='lat' dir='ltr'><strong>supprimantur,</strong></span> <span class='ocrx_word' id='word_1_523' title='bbox 675 5019 944 5075; x_wconf 87' lang='lat' dir='ltr'><strong>hominem</strong></span> <span class='ocrx_word' id='word_1_524' title='bbox 984 5017 1253 5088; x_wconf 89' lang='lat' dir='ltr'><strong>perditum</strong></span> <span class='ocrx_word' id='word_1_525' title='bbox 1283 5015 1347 5069; x_wconf 91' lang='lat' dir='ltr'><strong>ad</strong></span> <span class='ocrx_word' id='word_1_526' title='bbox 1380 5013 1605 5083; x_wconf 85' lang='lat' dir='ltr'><strong>gloriam</strong></span> <span class='ocrx_word' id='word_1_527' title='bbox 1653 5012 1773 5068; x_wconf 88' lang='lat' dir='ltr'><strong>dttci</strong></span> 
     </span>
    </p>
   </div>
   <div class='ocr_carea' id='block_1_70' title="bbox 178 5103 1770 5179">
    <p class='ocr_par' dir='ltr' id='par_1_70' title="bbox 178 5103 1770 5179">
     <span class='ocr_line' id='line_1_70' title="bbox 178 5103 1770 5179; baseline -0.007 -12"><span class='ocrx_word' id='word_1_528' title='bbox 178 5111 607 5167; x_wconf 86' lang='lat' dir='ltr'><strong>constituamus.</strong></span> <span class='ocrx_word' id='word_1_529' title='bbox 637 5109 803 5179; x_wconf 84' lang='lat' dir='ltr'><strong>Cujus</strong></span> <span class='ocrx_word' id='word_1_530' title='bbox 849 5109 1097 5178; x_wconf 70' lang='lat' dir='ltr'><strong>gloriosa:</strong></span> <span class='ocrx_word' id='word_1_531' title='bbox 1133 5104 1451 5161; x_wconf 89' lang='lat' dir='ltr'><strong>salvationis</strong></span> <span class='ocrx_word' id='word_1_532' title='bbox 1501 5103 1770 5169; x_wconf 80' lang='lat' dir='ltr'><strong>ordinem,</strong></span> 
     </span>
    </p>
   </div>
   <div class='ocr_carea' id='block_1_71' title="bbox 177 5204 1229 5275">
    <p class='ocr_par' dir='ltr' id='par_1_71' title="bbox 177 5204 1229 5275">
     <span class='ocr_line' id='line_1_71' title="bbox 177 5204 1229 5275; baseline -0.004 -16"><span class='ocrx_word' id='word_1_533' title='bbox 177 5204 315 5275; x_wconf 81' lang='lat' dir='ltr'><strong>ipso</strong></span> <span class='ocrx_word' id='word_1_534' title='bbox 345 5216 568 5260; x_wconf 86' lang='lat' dir='ltr'><strong>auctore</strong></span> <span class='ocrx_word' id='word_1_535' title='bbox 594 5205 905 5274; x_wconf 80' lang='lat' dir='ltr'><strong>adjuvante,</strong></span> <span class='ocrx_word' id='word_1_536' title='bbox 929 5205 1229 5258; x_wconf 86' lang='lat' dir='ltr'><strong>videamus.</strong></span> 
     </span>
    </p>
   </div>
   <div class='ocr_carea' id='block_1_72' title="bbox 258 5290 1771 5365">
    <p class='ocr_par' dir='ltr' id='par_1_72' title="bbox 258 5290 1771 5365">
     <span class='ocr_line' id='line_1_72' title="bbox 258 5290 1771 5365; baseline -0.003 -15"><span class='ocrx_word' id='word_1_537' title='bbox 258 5293 409 5350; x_wconf 87' lang='lat' dir='ltr'><strong>Deus</strong></span> <span class='ocrx_word' id='word_1_538' title='bbox 434 5295 707 5349; x_wconf 88' lang='lat' dir='ltr'><strong>hominem</strong></span> <span class='ocrx_word' id='word_1_539' title='bbox 735 5296 908 5365; x_wconf 85' lang='lat' dir='ltr'><strong>ipsum</strong></span> <span class='ocrx_word' id='word_1_540' title='bbox 939 5296 1017 5349; x_wconf 91' lang='lat' dir='ltr'><strong>sic</strong></span> <span class='ocrx_word' id='word_1_541' title='bbox 1052 5295 1104 5347; x_wconf 93' lang='lat' dir='ltr'><strong>in</strong></span> <span class='ocrx_word' id='word_1_542' title='bbox 1148 5292 1324 5346; x_wconf 90' lang='lat' dir='ltr'><strong>medio</strong></span> <span class='ocrx_word' id='word_1_543' title='bbox 1350 5290 1608 5351; x_wconf 90' lang='lat' dir='ltr'><strong>condidit,</strong></span> <span class='ocrx_word' id='word_1_544' title='bbox 1641 5300 1699 5343; x_wconf 88' lang='lat' dir='ltr'><strong>ttt</strong></span> <span class='ocrx_word' id='word_1_545' title='bbox 1726 5290 1771 5345; x_wconf 86' lang='lat' dir='ltr'><strong>si</strong></span> 
     </span>
    </p>
   </div>
   <div class='ocr_carea' id='block_1_73' title="bbox 173 5382 1772 5455">
    <p class='ocr_par' dir='ltr' id='par_1_73' title="bbox 173 5382 1772 5455">
     <span class='ocr_line' id='line_1_73' title="bbox 173 5382 1772 5455; baseline -0.004 -14"><span class='ocrx_word' id='word_1_546' title='bbox 173 5384 453 5441; x_wconf 82' lang='lat' dir='ltr'><strong>obediens</strong></span> <span class='ocrx_word' id='word_1_547' title='bbox 497 5385 545 5439; x_wconf 92' lang='lat' dir='ltr'><strong>ei</strong></span> <span class='ocrx_word' id='word_1_548' title='bbox 578 5388 857 5451; x_wconf 78' lang='lat' dir='ltr'><strong>existeret,</strong></span> <span class='ocrx_word' id='word_1_549' title='bbox 904 5394 1122 5455; x_wconf 86' lang='lat' dir='ltr'><strong>peracta</strong></span> <span class='ocrx_word' id='word_1_550' title='bbox 1154 5382 1480 5445; x_wconf 85' lang='lat' dir='ltr'><strong>obedientia,</strong></span> <span class='ocrx_word' id='word_1_551' title='bbox 1523 5382 1642 5435; x_wconf 90' lang='lat' dir='ltr'><strong>sine</strong></span> <span class='ocrx_word' id='word_1_552' title='bbox 1694 5382 1772 5435; x_wconf 89' lang='lat' dir='ltr'><strong>in-</strong></span> 
     </span>
    </p>
   </div>
   <div class='ocr_carea' id='block_1_74' title="bbox 172 5472 1770 5545">
    <p class='ocr_par' dir='ltr' id='par_1_74' title="bbox 172 5472 1770 5545">
     <span class='ocr_line' id='line_1_74' title="bbox 172 5472 1770 5545; baseline -0.002 -14"><span class='ocrx_word' id='word_1_553' title='bbox 172 5476 458 5545; x_wconf 73' lang='lat' dir='ltr'><strong>terposita</strong></span> <span class='ocrx_word' id='word_1_554' title='bbox 500 5480 670 5532; x_wconf 86' lang='lat' dir='ltr'><strong>morte</strong></span> <span class='ocrx_word' id='word_1_555' title='bbox 714 5478 781 5531; x_wconf 93' lang='lat' dir='ltr'><strong>de</strong></span> <span class='ocrx_word' id='word_1_556' title='bbox 830 5476 1045 5530; x_wconf 88' lang='lat' dir='ltr'><strong>mortali</strong></span> <span class='ocrx_word' id='word_1_557' title='bbox 1095 5473 1416 5529; x_wconf 89' lang='lat' dir='ltr'><strong>immortalis</strong></span> <span class='ocrx_word' id='word_1_558' title='bbox 1466 5472 1649 5540; x_wconf 84' lang='lat' dir='ltr'><strong>fleret;</strong></span> <span class='ocrx_word' id='word_1_559' title='bbox 1687 5475 1770 5528; x_wconf 90' lang='lat' dir='ltr'><strong>sin</strong></span> 
     </span>
    </p>
   </div>
   <div class='ocr_carea' id='block_1_75' title="bbox 286 5563 1054 5633">
    <p class='ocr_par' dir='ltr' id='par_1_75' title="bbox 286 5563 1054 5633">
     <span class='ocr_line' id='line_1_75' title="bbox 286 5563 1054 5633; baseline 0 -15"><span class='ocrx_word' id='word_1_560' title='bbox 286 5564 344 5633; x_wconf 79' lang='grc'><strong>1)</strong></span> <span class='ocrx_word' id='word_1_561' title='bbox 382 5563 461 5620; x_wconf 81' lang='lat' dir='ltr'><strong>Ex</strong></span> <span class='ocrx_word' id='word_1_562' title='bbox 494 5582 592 5621; x_wconf 87' lang='lat' dir='ltr'><strong>ms.</strong></span> <span class='ocrx_word' id='word_1_563' title='bbox 618 5566 830 5622; x_wconf 88' lang='lat' dir='ltr'><strong>Corbei.</strong></span> <span class='ocrx_word' id='word_1_564' title='bbox 855 5580 900 5621; x_wconf 92' lang='lat' dir='ltr'><strong>s.</strong></span> <span class='ocrx_word' id='word_1_565' title='bbox 933 5564 1054 5621; x_wconf 86' lang='lat'><strong>596.</strong></span> 
     </span>
    </p>
   </div>
   <div class='ocr_carea' id='block_1_76' title="bbox 1887 1855 3478 1927">
    <p class='ocr_par' dir='ltr' id='par_1_76' title="bbox 1887 1855 3478 1927">
     <span class='ocr_line' id='line_1_76' title="bbox 1887 1855 3478 1927; baseline 0.001 -16"><span class='ocrx_word' id='word_1_566' title='bbox 1887 1857 2030 1927; x_wconf 91' lang='lat' dir='ltr'><strong>juste</strong></span> <span class='ocrx_word' id='word_1_567' title='bbox 2057 1857 2334 1913; x_wconf 91' lang='lat' dir='ltr'><strong>obtinendi</strong></span> <span class='ocrx_word' id='word_1_568' title='bbox 2363 1856 2640 1911; x_wconf 85' lang='lat' dir='ltr'><strong>hominem</strong></span> <span class='ocrx_word' id='word_1_569' title='bbox 2675 1855 2756 1910; x_wconf 90' lang='lat' dir='ltr'><strong>sic</strong></span> <span class='ocrx_word' id='word_1_570' title='bbox 2806 1855 3080 1911; x_wconf 91' lang='lat' dir='ltr'><strong>subditum</strong></span> <span class='ocrx_word' id='word_1_571' title='bbox 3112 1857 3371 1913; x_wconf 87' lang='lat' dir='ltr'><strong>auferret.</strong></span> <span class='ocrx_word' id='word_1_572' title='bbox 3421 1858 3478 1912; x_wconf 89' lang='lat' dir='ltr'><strong>Si</strong></span> 
     </span>
    </p>
   </div>
   <div class='ocr_carea' id='block_1_77' title="bbox 1892 1946 3479 2017">
    <p class='ocr_par' dir='ltr' id='par_1_77' title="bbox 1892 1946 3479 2017">
     <span class='ocr_line' id='line_1_77' title="bbox 1892 1946 3479 2017; baseline 0.001 -15"><span class='ocrx_word' id='word_1_573' title='bbox 1892 1949 2053 2003; x_wconf 91' lang='lat' dir='ltr'><strong>homo</strong></span> <span class='ocrx_word' id='word_1_574' title='bbox 2106 1947 2335 2017; x_wconf 78' lang='lat' dir='ltr'><strong>simplex</strong></span> <span class='ocrx_word' id='word_1_575' title='bbox 2362 1955 2535 2012; x_wconf 87' lang='lat' dir='ltr'><strong>esset;</strong></span> <span class='ocrx_word' id='word_1_576' title='bbox 2578 1946 2853 2016; x_wconf 92' lang='lat' dir='ltr'><strong>quomodo</strong></span> <span class='ocrx_word' id='word_1_577' title='bbox 2880 1946 2934 2000; x_wconf 94' lang='lat' dir='ltr'><strong>in</strong></span> <span class='ocrx_word' id='word_1_578' title='bbox 2971 1960 3167 2002; x_wconf 88' lang='lat' dir='ltr'><strong>namra</strong></span> <span class='ocrx_word' id='word_1_579' title='bbox 3221 1957 3479 2017; x_wconf 84' lang='lat' dir='ltr'><strong>corrupta</strong></span> 
     </span>
    </p>
   </div>
   <div class='ocr_carea' id='block_1_78' title="bbox 1891 2038 3481 2110">
    <p class='ocr_par' dir='ltr' id='par_1_78' title="bbox 1891 2038 3481 2110">
     <span class='ocr_line' id='line_1_78' title="bbox 1891 2038 3481 2110; baseline 0.001 -16"><span class='ocrx_word' id='word_1_580' title='bbox 1891 2041 2187 2101; x_wconf 89' lang='lat' dir='ltr'><strong>resisteret,</strong></span> <span class='ocrx_word' id='word_1_581' title='bbox 2226 2038 2317 2109; x_wconf 90' lang='lat' dir='ltr'><strong>qui</strong></span> <span class='ocrx_word' id='word_1_582' title='bbox 2369 2038 2423 2093; x_wconf 91' lang='lat' dir='ltr'><strong>in</strong></span> <span class='ocrx_word' id='word_1_583' title='bbox 2468 2038 2680 2093; x_wconf 89' lang='lat' dir='ltr'><strong>meliori</strong></span> <span class='ocrx_word' id='word_1_584' title='bbox 2723 2046 2869 2093; x_wconf 89' lang='lat' dir='ltr'><strong>statu</strong></span> <span class='ocrx_word' id='word_1_585' title='bbox 2917 2040 3125 2110; x_wconf 91' lang='lat' dir='ltr'><strong>positus</strong></span> <span class='ocrx_word' id='word_1_586' title='bbox 3160 2048 3269 2093; x_wconf 90' lang='lat' dir='ltr'><strong>tam</strong></span> <span class='ocrx_word' id='word_1_587' title='bbox 3321 2039 3481 2095; x_wconf 79' lang='lat' dir='ltr'><strong>facile</strong></span> 
     </span>
    </p>
   </div>
   <div class='ocr_carea' id='block_1_79' title="bbox 1889 2130 3481 2200">
    <p class='ocr_par' dir='ltr' id='par_1_79' title="bbox 1889 2130 3481 2200">
     <span class='ocr_line' id='line_1_79' title="bbox 1889 2130 3481 2200; baseline 0.001 -15"><span class='ocrx_word' id='word_1_588' title='bbox 1889 2131 2195 2185; x_wconf 86' lang='lat' dir='ltr'><strong>succubuit.</strong></span> <span class='ocrx_word' id='word_1_589' title='bbox 2231 2130 2330 2184; x_wconf 89' lang='lat' dir='ltr'><strong>llic</strong></span> <span class='ocrx_word' id='word_1_590' title='bbox 2369 2130 2663 2185; x_wconf 89' lang='lat' dir='ltr'><strong>notandmn</strong></span> <span class='ocrx_word' id='word_1_591' title='bbox 2705 2137 2789 2183; x_wconf 86' lang='lat' dir='ltr'><strong>est</strong></span> <span class='ocrx_word' id='word_1_592' title='bbox 2833 2130 2975 2199; x_wconf 89' lang='lat' dir='ltr'><strong>quod</strong></span> <span class='ocrx_word' id='word_1_593' title='bbox 3021 2130 3194 2200; x_wconf 87' lang='lat' dir='ltr'><strong>gratia</strong></span> <span class='ocrx_word' id='word_1_594' title='bbox 3235 2131 3328 2185; x_wconf 91' lang='lat' dir='ltr'><strong>Dei</strong></span> <span class='ocrx_word' id='word_1_595' title='bbox 3369 2131 3481 2186; x_wconf 89' lang='lat' dir='ltr'><strong>vim</strong></span> 
     </span>
    </p>
   </div>
   <div class='ocr_carea' id='block_1_80' title="bbox 1890 2217 3478 2290">
    <p class='ocr_par' dir='ltr' id='par_1_80' title="bbox 1890 2217 3478 2290">
     <span class='ocr_line' id='line_1_80' title="bbox 1890 2217 3478 2290; baseline 0.001 -17"><span class='ocrx_word' id='word_1_596' title='bbox 1890 2234 1995 2273; x_wconf 93' lang='lat' dir='ltr'><strong>non</strong></span> <span class='ocrx_word' id='word_1_597' title='bbox 2038 2219 2199 2274; x_wconf 81' lang='lat' dir='ltr'><strong>infert</strong></span> <span class='ocrx_word' id='word_1_598' title='bbox 2228 2219 2398 2273; x_wconf 91' lang='lat' dir='ltr'><strong>libero</strong></span> <span class='ocrx_word' id='word_1_599' title='bbox 2444 2218 2690 2272; x_wconf 89' lang='lat' dir='ltr'><strong>arbitrio.</strong></span> <span class='ocrx_word' id='word_1_600' title='bbox 2727 2217 2960 2284; x_wconf 79' lang='lat' dir='ltr'><strong>Rursus,</strong></span> <span class='ocrx_word' id='word_1_601' title='bbox 3002 2220 3044 2273; x_wconf 95' lang='lat' dir='ltr'><strong>si</strong></span> <span class='ocrx_word' id='word_1_602' title='bbox 3076 2220 3215 2273; x_wconf 90' lang='lat' dir='ltr'><strong>hanc</strong></span> <span class='ocrx_word' id='word_1_603' title='bbox 3242 2235 3478 2290; x_wconf 89' lang='lat' dir='ltr'><strong>pugnam</strong></span> 
     </span>
    </p>
   </div>
   <div class='ocr_carea' id='block_1_81' title="bbox 1889 2310 3475 2381">
    <p class='ocr_par' dir='ltr' id='par_1_81' title="bbox 1889 2310 3475 2381">
     <span class='ocr_line' id='line_1_81' title="bbox 1889 2310 3475 2381; baseline 0.001 -16"><span class='ocrx_word' id='word_1_604' title='bbox 1889 2312 2110 2381; x_wconf 83' lang='lat' dir='ltr'><strong>angelus</strong></span> <span class='ocrx_word' id='word_1_605' title='bbox 2137 2319 2460 2376; x_wconf 84' lang='lat' dir='ltr'><strong>assumeret,</strong></span> <span class='ocrx_word' id='word_1_606' title='bbox 2496 2325 2665 2380; x_wconf 85' lang='lat' dir='ltr'><strong>quare</strong></span> <span class='ocrx_word' id='word_1_607' title='bbox 2698 2320 2984 2379; x_wconf 88' lang='lat' dir='ltr'><strong>propterea</strong></span> <span class='ocrx_word' id='word_1_608' title='bbox 3010 2310 3258 2366; x_wconf 87' lang='lat' dir='ltr'><strong>diabolus</strong></span> <span class='ocrx_word' id='word_1_609' title='bbox 3298 2312 3475 2366; x_wconf 73' lang='lat' dir='ltr'><strong>victus</strong></span> 
     </span>
    </p>
   </div>
   <div class='ocr_carea' id='block_1_82' title="bbox 1887 2394 3477 2464">
    <p class='ocr_par' dir='ltr' id='par_1_82' title="bbox 1887 2394 3477 2464">
     <span class='ocr_line' id='line_1_82' title="bbox 1887 2394 3477 2464; baseline 0 -10"><span class='ocrx_word' id='word_1_610' title='bbox 1887 2400 2052 2454; x_wconf 90' lang='lat' dir='ltr'><strong>etiam</strong></span> <span class='ocrx_word' id='word_1_611' title='bbox 2084 2400 2357 2453; x_wconf 88' lang='lat' dir='ltr'><strong>hominem</strong></span> <span class='ocrx_word' id='word_1_612' title='bbox 2388 2400 2685 2464; x_wconf 86' lang='lat' dir='ltr'><strong>amitteret,</strong></span> <span class='ocrx_word' id='word_1_613' title='bbox 2712 2400 2854 2452; x_wconf 91' lang='lat' dir='ltr'><strong>ratio</strong></span> <span class='ocrx_word' id='word_1_614' title='bbox 2904 2394 3008 2453; x_wconf 88' lang='lat' dir='ltr'><strong>non</strong></span> <span class='ocrx_word' id='word_1_615' title='bbox 3040 2409 3205 2454; x_wconf 88' lang='lat' dir='ltr'><strong>esset.</strong></span> <span class='ocrx_word' id='word_1_616' title='bbox 3238 2398 3343 2454; x_wconf 90' lang='lat' dir='ltr'><strong>Sed</strong></span> <span class='ocrx_word' id='word_1_617' title='bbox 3374 2415 3477 2454; x_wconf 85' lang='lat' dir='ltr'><strong>nec</strong></span> 
     </span>
    </p>
   </div>
   <div class='ocr_carea' id='block_1_83' title="bbox 1888 2488 3477 2561">
    <p class='ocr_par' dir='ltr' id='par_1_83' title="bbox 1888 2488 3477 2561">
     <span class='ocr_line' id='line_1_83' title="bbox 1888 2488 3477 2561; baseline -0.001 -16"><span class='ocrx_word' id='word_1_618' title='bbox 1888 2490 2111 2561; x_wconf 87' lang='lat' dir='ltr'><strong>angelus</strong></span> <span class='ocrx_word' id='word_1_619' title='bbox 2149 2490 2202 2544; x_wconf 91' lang='lat' dir='ltr'><strong>in</strong></span> <span class='ocrx_word' id='word_1_620' title='bbox 2236 2490 2453 2544; x_wconf 90' lang='lat' dir='ltr'><strong>homine</strong></span> <span class='ocrx_word' id='word_1_621' title='bbox 2476 2488 2597 2543; x_wconf 63' lang='lat' dir='ltr'><strong>hinc</strong></span> <span class='ocrx_word' id='word_1_622' title='bbox 2622 2497 2866 2558; x_wconf 87' lang='lat' dir='ltr'><strong>poterat;</strong></span> <span class='ocrx_word' id='word_1_623' title='bbox 2896 2490 3026 2557; x_wconf 90' lang='lat' dir='ltr'><strong>quia</strong></span> <span class='ocrx_word' id='word_1_624' title='bbox 3065 2490 3109 2542; x_wconf 93' lang='lat' dir='ltr'><strong>si</strong></span> <span class='ocrx_word' id='word_1_625' title='bbox 3143 2489 3197 2542; x_wconf 92' lang='lat' dir='ltr'><strong>in</strong></span> <span class='ocrx_word' id='word_1_626' title='bbox 3228 2505 3324 2543; x_wconf 89' lang='lat' dir='ltr'><strong>sua</strong></span> <span class='ocrx_word' id='word_1_627' title='bbox 3349 2490 3477 2543; x_wconf 87' lang='lat' dir='ltr'><strong>sim-</strong></span> 
     </span>
    </p>
   </div>
   <div class='ocr_carea' id='block_1_84' title="bbox 1886 2578 3480 2653">
    <p class='ocr_par' dir='ltr' id='par_1_84' title="bbox 1886 2578 3480 2653">
     <span class='ocr_line' id='line_1_84' title="bbox 1886 2578 3480 2653; baseline -0.001 -19"><span class='ocrx_word' id='word_1_628' title='bbox 1886 2581 2011 2653; x_wconf 92' lang='lat' dir='ltr'><strong>plici</strong></span> <span class='ocrx_word' id='word_1_629' title='bbox 2042 2592 2095 2637; x_wconf 92' lang='lat' dir='ltr'><strong>et</strong></span> <span class='ocrx_word' id='word_1_630' title='bbox 2118 2580 2244 2635; x_wconf 91' lang='lat' dir='ltr'><strong>forti</strong></span> <span class='ocrx_word' id='word_1_631' title='bbox 2268 2590 2458 2634; x_wconf 89' lang='lat' dir='ltr'><strong>natura</strong></span> <span class='ocrx_word' id='word_1_632' title='bbox 2485 2578 2735 2634; x_wconf 81' lang='lat' dir='ltr'><strong>infirmus</strong></span> <span class='ocrx_word' id='word_1_633' title='bbox 2758 2579 3011 2634; x_wconf 86' lang='lat' dir='ltr'><strong>inventus</strong></span> <span class='ocrx_word' id='word_1_634' title='bbox 3031 2589 3136 2646; x_wconf 87' lang='lat' dir='ltr'><strong>est,</strong></span> <span class='ocrx_word' id='word_1_635' title='bbox 3164 2581 3334 2635; x_wconf 89' lang='lat' dir='ltr'><strong>multo</strong></span> <span class='ocrx_word' id='word_1_636' title='bbox 3366 2597 3480 2634; x_wconf 90' lang='lat' dir='ltr'><strong>ma-</strong></span> 
     </span>
    </p>
   </div>
   <div class='ocr_carea' id='block_1_85' title="bbox 1887 2667 3479 2741">
    <p class='ocr_par' dir='ltr' id='par_1_85' title="bbox 1887 2667 3479 2741">
     <span class='ocr_line' id='line_1_85' title="bbox 1887 2667 3479 2741; baseline -0.003 -15"><span class='ocrx_word' id='word_1_637' title='bbox 1887 2671 1970 2741; x_wconf 89' lang='lat' dir='ltr'><strong>gis</strong></span> <span class='ocrx_word' id='word_1_638' title='bbox 2000 2673 2197 2725; x_wconf 74' lang='lat' dir='ltr'><strong>inlima:</strong></span> <span class='ocrx_word' id='word_1_639' title='bbox 2224 2670 2347 2724; x_wconf 90' lang='lat' dir='ltr'><strong>huic</strong></span> <span class='ocrx_word' id='word_1_640' title='bbox 2376 2678 2604 2733; x_wconf 63' lang='lat' dir='ltr'><strong>naturae,</strong></span> <span class='ocrx_word' id='word_1_641' title='bbox 2634 2670 2887 2722; x_wconf 75' lang='lat' dir='ltr'><strong>humana:</strong></span> <span class='ocrx_word' id='word_1_642' title='bbox 2916 2667 3187 2733; x_wconf 91' lang='lat' dir='ltr'><strong>videlicet,</strong></span> <span class='ocrx_word' id='word_1_643' title='bbox 3212 2668 3479 2725; x_wconf 87' lang='lat' dir='ltr'><strong>admistus</strong></span> 
     </span>
    </p>
   </div>
   <div class='ocr_carea' id='block_1_86' title="bbox 1887 2745 3481 2833">
    <p class='ocr_par' dir='ltr' id='par_1_86' title="bbox 1887 2745 3481 2833">
     <span class='ocr_line' id='line_1_86' title="bbox 1887 2745 3481 2833; baseline -0.001 -16"><span class='ocrx_word' id='word_1_644' title='bbox 1887 2762 2080 2817; x_wconf 90' lang='lat' dir='ltr'><strong>debilis</strong></span> <span class='ocrx_word' id='word_1_645' title='bbox 2098 2745 2462 2815; x_wconf 77' lang='lat' dir='ltr'><strong>inveniretur.</strong></span> <span class='ocrx_word' id='word_1_646' title='bbox 2499 2760 2726 2830; x_wconf 89' lang='lat' dir='ltr'><strong>Oportet</strong></span> <span class='ocrx_word' id='word_1_647' title='bbox 2753 2776 2883 2833; x_wconf 90' lang='lat' dir='ltr'><strong>ergo</strong></span> <span class='ocrx_word' id='word_1_648' title='bbox 2919 2772 2978 2814; x_wconf 92' lang='lat' dir='ltr'><strong>ut</strong></span> <span class='ocrx_word' id='word_1_649' title='bbox 3008 2771 3200 2815; x_wconf 88' lang='lat' dir='ltr'><strong>auctor</strong></span> <span class='ocrx_word' id='word_1_650' title='bbox 3222 2761 3312 2815; x_wconf 91' lang='lat' dir='ltr'><strong>ille</strong></span> <span class='ocrx_word' id='word_1_651' title='bbox 3337 2761 3481 2815; x_wconf 87' lang='lat' dir='ltr'><strong>salu-</strong></span> 
     </span>
    </p>
   </div>
   <div class='ocr_carea' id='block_1_87' title="bbox 1888 2852 3474 2921">
    <p class='ocr_par' dir='ltr' id='par_1_87' title="bbox 1888 2852 3474 2921">
     <span class='ocr_line' id='line_1_87' title="bbox 1888 2852 3474 2921; baseline -0.001 -15"><span class='ocrx_word' id='word_1_652' title='bbox 1888 2853 1956 2908; x_wconf 92' lang='lat' dir='ltr'><strong>tis</strong></span> <span class='ocrx_word' id='word_1_653' title='bbox 1999 2853 2141 2907; x_wconf 88' lang='lat' dir='ltr'><strong>Deus</strong></span> <span class='ocrx_word' id='word_1_654' title='bbox 2167 2854 2219 2906; x_wconf 93' lang='lat' dir='ltr'><strong>in</strong></span> <span class='ocrx_word' id='word_1_655' title='bbox 2262 2853 2478 2906; x_wconf 89' lang='lat' dir='ltr'><strong>homine</strong></span> <span class='ocrx_word' id='word_1_656' title='bbox 2504 2853 2606 2917; x_wconf 88' lang='lat' dir='ltr'><strong>sit,</strong></span> <span class='ocrx_word' id='word_1_657' title='bbox 2634 2853 2723 2921; x_wconf 93' lang='lat' dir='ltr'><strong>qui</strong></span> <span class='ocrx_word' id='word_1_658' title='bbox 2755 2868 2821 2907; x_wconf 82' lang='lat' dir='ltr'><strong>ex</strong></span> <span class='ocrx_word' id='word_1_659' title='bbox 2865 2854 2967 2907; x_wconf 90' lang='lat' dir='ltr'><strong>hoc</strong></span> <span class='ocrx_word' id='word_1_660' title='bbox 3009 2852 3151 2920; x_wconf 91' lang='lat' dir='ltr'><strong>quod</strong></span> <span class='ocrx_word' id='word_1_661' title='bbox 3192 2852 3334 2907; x_wconf 88' lang='lat' dir='ltr'><strong>Deus</strong></span> <span class='ocrx_word' id='word_1_662' title='bbox 3374 2861 3474 2915; x_wconf 89' lang='lat' dir='ltr'><strong>est,</strong></span> 
     </span>
    </p>
   </div>
   <div class='ocr_carea' id='block_1_88' title="bbox 1886 2940 3477 3010">
    <p class='ocr_par' dir='ltr' id='par_1_88' title="bbox 1886 2940 3477 3010">
     <span class='ocr_line' id='line_1_88' title="bbox 1886 2940 3477 3010; baseline -0.001 -15"><span class='ocrx_word' id='word_1_663' title='bbox 1886 2942 2091 3010; x_wconf 92' lang='lat' dir='ltr'><strong>possit;</strong></span> <span class='ocrx_word' id='word_1_664' title='bbox 2120 2956 2186 2994; x_wconf 86' lang='lat' dir='ltr'><strong>ex</strong></span> <span class='ocrx_word' id='word_1_665' title='bbox 2217 2942 2317 2995; x_wconf 88' lang='lat' dir='ltr'><strong>hoc</strong></span> <span class='ocrx_word' id='word_1_666' title='bbox 2355 2942 2497 3009; x_wconf 89' lang='lat' dir='ltr'><strong>quod</strong></span> <span class='ocrx_word' id='word_1_667' title='bbox 2530 2942 2709 3005; x_wconf 89' lang='lat' dir='ltr'><strong>homo,</strong></span> <span class='ocrx_word' id='word_1_668' title='bbox 2729 2940 2942 2995; x_wconf 89' lang='lat' dir='ltr'><strong>debeat.</strong></span> <span class='ocrx_word' id='word_1_669' title='bbox 2972 2940 3224 3009; x_wconf 87' lang='lat' dir='ltr'><strong>Congruo</strong></span> <span class='ocrx_word' id='word_1_670' title='bbox 3252 2940 3477 2993; x_wconf 78' lang='lat' dir='ltr'><strong>multum</strong></span> 
     </span>
    </p>
   </div>
   <div class='ocr_carea' id='block_1_89' title="bbox 1886 3030 3481 3100">
    <p class='ocr_par' dir='ltr' id='par_1_89' title="bbox 1886 3030 3481 3100">
     <span class='ocr_line' id='line_1_89' title="bbox 1886 3030 3481 3100; baseline -0.002 -15"><span class='ocrx_word' id='word_1_671' title='bbox 1886 3034 2094 3098; x_wconf 88' lang='lat' dir='ltr'><strong>ordine,</strong></span> <span class='ocrx_word' id='word_1_672' title='bbox 2136 3041 2195 3086; x_wconf 92' lang='lat' dir='ltr'><strong>ut</strong></span> <span class='ocrx_word' id='word_1_673' title='bbox 2226 3031 2365 3085; x_wconf 88' lang='lat' dir='ltr'><strong>sicut</strong></span> <span class='ocrx_word' id='word_1_674' title='bbox 2393 3030 2638 3085; x_wconf 87' lang='lat' dir='ltr'><strong>diabolus</strong></span> <span class='ocrx_word' id='word_1_675' title='bbox 2672 3030 2814 3084; x_wconf 90' lang='lat' dir='ltr'><strong>mala</strong></span> <span class='ocrx_word' id='word_1_676' title='bbox 2848 3030 3035 3085; x_wconf 86' lang='lat' dir='ltr'><strong>fraude</strong></span> <span class='ocrx_word' id='word_1_677' title='bbox 3057 3030 3292 3100; x_wconf 87' lang='lat' dir='ltr'><strong>primum</strong></span> <span class='ocrx_word' id='word_1_678' title='bbox 3330 3031 3481 3084; x_wconf 88' lang='lat' dir='ltr'><strong>iuva-</strong></span> 
     </span>
    </p>
   </div>
   <div class='ocr_carea' id='block_1_90' title="bbox 1887 3122 3473 3187">
    <p class='ocr_par' dir='ltr' id='par_1_90' title="bbox 1887 3122 3473 3187">
     <span class='ocr_line' id='line_1_90' title="bbox 1887 3122 3473 3187; baseline -0.001 -12"><span class='ocrx_word' id='word_1_679' title='bbox 1887 3125 2024 3177; x_wconf 86' lang='lat' dir='ltr'><strong>vasit</strong></span> <span class='ocrx_word' id='word_1_680' title='bbox 2060 3137 2170 3177; x_wconf 89' lang='lat' dir='ltr'><strong>rem</strong></span> <span class='ocrx_word' id='word_1_681' title='bbox 2214 3123 2474 3187; x_wconf 88' lang='lat' dir='ltr'><strong>alienam;</strong></span> <span class='ocrx_word' id='word_1_682' title='bbox 2502 3123 2573 3175; x_wconf 90' lang='lat' dir='ltr'><strong>ita</strong></span> <span class='ocrx_word' id='word_1_683' title='bbox 2617 3123 2757 3176; x_wconf 90' lang='lat' dir='ltr'><strong>Deus</strong></span> <span class='ocrx_word' id='word_1_684' title='bbox 2792 3122 2953 3179; x_wconf 89' lang='lat' dir='ltr'><strong>bona.</strong></span> <span class='ocrx_word' id='word_1_685' title='bbox 2984 3132 3045 3176; x_wconf 93' lang='lat' dir='ltr'><strong>ut</strong></span> <span class='ocrx_word' id='word_1_686' title='bbox 3088 3122 3159 3175; x_wconf 88' lang='lat' dir='ltr'><strong>ita</strong></span> <span class='ocrx_word' id='word_1_687' title='bbox 3210 3122 3473 3186; x_wconf 82' lang='lat' dir='ltr'><strong>dicamus,</strong></span> 
     </span>
    </p>
   </div>
   <div class='ocr_carea' id='block_1_91' title="bbox 1885 3212 3478 3287">
    <p class='ocr_par' dir='ltr' id='par_1_91' title="bbox 1885 3212 3478 3287">
     <span class='ocr_line' id='line_1_91' title="bbox 1885 3212 3478 3287; baseline 0 -22"><span class='ocrx_word' id='word_1_688' title='bbox 1885 3214 2073 3267; x_wconf 91' lang='lat' dir='ltr'><strong>fraude</strong></span> <span class='ocrx_word' id='word_1_689' title='bbox 2105 3228 2216 3265; x_wconf 92' lang='lat' dir='ltr'><strong>rem</strong></span> <span class='ocrx_word' id='word_1_690' title='bbox 2247 3228 2397 3265; x_wconf 90' lang='lat' dir='ltr'><strong>suam</strong></span> <span class='ocrx_word' id='word_1_691' title='bbox 2425 3212 2628 3266; x_wconf 87' lang='lat' dir='ltr'><strong>faceret</strong></span> <span class='ocrx_word' id='word_1_692' title='bbox 2658 3227 2753 3280; x_wconf 87' lang='lat' dir='ltr'><strong>per</strong></span> <span class='ocrx_word' id='word_1_693' title='bbox 2778 3213 3007 3281; x_wconf 87' lang='lat' dir='ltr'><strong>gratiam</strong></span> <span class='ocrx_word' id='word_1_694' title='bbox 3033 3229 3048 3265; x_wconf 89' lang='lat'><strong>:</strong></span> <span class='ocrx_word' id='word_1_695' title='bbox 3070 3224 3124 3287; x_wconf 84' lang='lat' dir='ltr'><strong>et</strong></span> <span class='ocrx_word' id='word_1_696' title='bbox 3154 3214 3293 3265; x_wconf 93' lang='lat' dir='ltr'><strong>sicut</strong></span> <span class='ocrx_word' id='word_1_697' title='bbox 3315 3213 3478 3265; x_wconf 91' lang='lat' dir='ltr'><strong>homo</strong></span> 
     </span>
    </p>
   </div>
   <div class='ocr_carea' id='block_1_92' title="bbox 1885 3301 3477 3374">
    <p class='ocr_par' dir='ltr' id='par_1_92' title="bbox 1885 3301 3477 3374">
     <span class='ocr_line' id='line_1_92' title="bbox 1885 3301 3477 3374; baseline -0.001 -19"><span class='ocrx_word' id='word_1_698' title='bbox 1885 3302 1975 3356; x_wconf 92' lang='lat' dir='ltr'><strong>ille</strong></span> <span class='ocrx_word' id='word_1_699' title='bbox 1995 3302 2211 3371; x_wconf 91' lang='lat' dir='ltr'><strong>propria</strong></span> <span class='ocrx_word' id='word_1_700' title='bbox 2242 3301 2489 3355; x_wconf 89' lang='lat' dir='ltr'><strong>libertate</strong></span> <span class='ocrx_word' id='word_1_701' title='bbox 2513 3302 2835 3365; x_wconf 89' lang='lat' dir='ltr'><strong>succubuit;</strong></span> <span class='ocrx_word' id='word_1_702' title='bbox 2865 3302 2935 3355; x_wconf 91' lang='lat' dir='ltr'><strong>ita</strong></span> <span class='ocrx_word' id='word_1_703' title='bbox 2972 3304 3133 3355; x_wconf 92' lang='lat' dir='ltr'><strong>homo</strong></span> <span class='ocrx_word' id='word_1_704' title='bbox 3161 3303 3261 3356; x_wconf 88' lang='lat' dir='ltr'><strong>iste</strong></span> <span class='ocrx_word' id='word_1_705' title='bbox 3286 3316 3353 3374; x_wconf 86' lang='lat' dir='ltr'><strong>ex</strong></span> <span class='ocrx_word' id='word_1_706' title='bbox 3385 3317 3477 3353; x_wconf 88' lang='lat' dir='ltr'><strong>ar-</strong></span> 
     </span>
    </p>
   </div>
   <div class='ocr_carea' id='block_1_93' title="bbox 1884 3388 3474 3459">
    <p class='ocr_par' dir='ltr' id='par_1_93' title="bbox 1884 3388 3474 3459">
     <span class='ocr_line' id='line_1_93' title="bbox 1884 3388 3474 3459; baseline -0.003 -13"><span class='ocrx_word' id='word_1_707' title='bbox 1884 3391 2028 3446; x_wconf 87' lang='lat' dir='ltr'><strong>bitrii</strong></span> <span class='ocrx_word' id='word_1_708' title='bbox 2053 3391 2303 3445; x_wconf 82' lang='lat' dir='ltr'><strong>libertate</strong></span> <span class='ocrx_word' id='word_1_709' title='bbox 2326 3389 2537 3443; x_wconf 87' lang='lat' dir='ltr'><strong>diabolo</strong></span> <span class='ocrx_word' id='word_1_710' title='bbox 2566 3391 2859 3443; x_wconf 78' lang='lat' dir='ltr'><strong>resisteret.</strong></span> <span class='ocrx_word' id='word_1_711' title='bbox 2894 3390 3065 3455; x_wconf 87' lang='lat' dir='ltr'><strong>Quem</strong></span> <span class='ocrx_word' id='word_1_712' title='bbox 3094 3400 3147 3443; x_wconf 86' lang='lat' dir='ltr'><strong>et</strong></span> <span class='ocrx_word' id='word_1_713' title='bbox 3168 3388 3279 3459; x_wconf 87' lang='lat' dir='ltr'><strong>pati</strong></span> <span class='ocrx_word' id='word_1_714' title='bbox 3312 3402 3474 3457; x_wconf 85' lang='lat' dir='ltr'><strong>opor-</strong></span> 
     </span>
    </p>
   </div>
   <div class='ocr_carea' id='block_1_94' title="bbox 1886 3476 3475 3549">
    <p class='ocr_par' dir='ltr' id='par_1_94' title="bbox 1886 3476 3475 3549">
     <span class='ocr_line' id='line_1_94' title="bbox 1886 3476 3475 3549; baseline -0.003 -13"><span class='ocrx_word' id='word_1_715' title='bbox 1886 3482 2009 3547; x_wconf 90' lang='lat' dir='ltr'><strong>tuit,</strong></span> <span class='ocrx_word' id='word_1_716' title='bbox 2046 3492 2105 3536; x_wconf 93' lang='lat' dir='ltr'><strong>ut</strong></span> <span class='ocrx_word' id='word_1_717' title='bbox 2131 3481 2378 3537; x_wconf 90' lang='lat' dir='ltr'><strong>diabolus</strong></span> <span class='ocrx_word' id='word_1_718' title='bbox 2411 3480 2462 3534; x_wconf 92' lang='lat' dir='ltr'><strong>in</strong></span> <span class='ocrx_word' id='word_1_719' title='bbox 2494 3495 2559 3535; x_wconf 92' lang='lat' dir='ltr'><strong>eo</strong></span> <span class='ocrx_word' id='word_1_720' title='bbox 2583 3488 2857 3549; x_wconf 89' lang='lat' dir='ltr'><strong>peccaret,</strong></span> <span class='ocrx_word' id='word_1_721' title='bbox 2895 3479 2947 3532; x_wconf 92' lang='lat' dir='ltr'><strong>in</strong></span> <span class='ocrx_word' id='word_1_722' title='bbox 2984 3494 3091 3547; x_wconf 90' lang='lat' dir='ltr'><strong>quo</strong></span> <span class='ocrx_word' id='word_1_723' title='bbox 3114 3476 3330 3548; x_wconf 84' lang='lat' dir='ltr'><strong>culpam</strong></span> <span class='ocrx_word' id='word_1_724' title='bbox 3367 3492 3475 3532; x_wconf 91' lang='lat' dir='ltr'><strong>non</strong></span> 
     </span>
    </p>
   </div>
   <div class='ocr_carea' id='block_1_95' title="bbox 1884 3558 3475 3644">
    <p class='ocr_par' dir='ltr' id='par_1_95' title="bbox 1884 3558 3475 3644">
     <span class='ocr_line' id='line_1_95' title="bbox 1884 3558 3475 3644; baseline -0.003 -16"><span class='ocrx_word' id='word_1_725' title='bbox 1884 3574 2084 3644; x_wconf 89' lang='lat' dir='ltr'><strong>reperit</strong></span> <span class='ocrx_word' id='word_1_726' title='bbox 2128 3572 2273 3627; x_wconf 88' lang='lat' dir='ltr'><strong>illum</strong></span> <span class='ocrx_word' id='word_1_727' title='bbox 2307 3558 2579 3643; x_wconf 87' lang='lat' dir='ltr'><strong>puniendo</strong></span> <span class='ocrx_word' id='word_1_728' title='bbox 2609 3588 2621 3624; x_wconf 95' lang='lat'><strong>:</strong></span> <span class='ocrx_word' id='word_1_729' title='bbox 2654 3570 2797 3625; x_wconf 89' lang='lat' dir='ltr'><strong>hunc</strong></span> <span class='ocrx_word' id='word_1_730' title='bbox 2840 3570 3037 3640; x_wconf 89' lang='lat' dir='ltr'><strong>quippe</strong></span> <span class='ocrx_word' id='word_1_731' title='bbox 3060 3570 3202 3623; x_wconf 88' lang='lat' dir='ltr'><strong>sicut</strong></span> <span class='ocrx_word' id='word_1_732' title='bbox 3225 3577 3280 3623; x_wconf 88' lang='lat' dir='ltr'><strong>et</strong></span> <span class='ocrx_word' id='word_1_733' title='bbox 3310 3578 3475 3623; x_wconf 69' lang='lat' dir='ltr'><strong>crete-</strong></span> 
     </span>
    </p>
   </div>
   <div class='ocr_carea' id='block_1_96' title="bbox 1883 3660 3477 3736">
    <p class='ocr_par' dir='ltr' id='par_1_96' title="bbox 1883 3660 3477 3736">
     <span class='ocr_line' id='line_1_96' title="bbox 1883 3660 3477 3736; baseline -0.004 -14"><span class='ocrx_word' id='word_1_734' title='bbox 1883 3683 1973 3722; x_wconf 92' lang='lat' dir='ltr'><strong>ros</strong></span> <span class='ocrx_word' id='word_1_735' title='bbox 2002 3666 2149 3720; x_wconf 93' lang='lat' dir='ltr'><strong>omni</strong></span> <span class='ocrx_word' id='word_1_736' title='bbox 2197 3680 2393 3736; x_wconf 87' lang='lat' dir='ltr'><strong>genere</strong></span> <span class='ocrx_word' id='word_1_737' title='bbox 2436 3664 2749 3719; x_wconf 81' lang='lat' dir='ltr'><strong>teutationis</strong></span> <span class='ocrx_word' id='word_1_738' title='bbox 2793 3677 3080 3734; x_wconf 88' lang='lat' dir='ltr'><strong>aggressus</strong></span> <span class='ocrx_word' id='word_1_739' title='bbox 3108 3669 3212 3727; x_wconf 90' lang='lat' dir='ltr'><strong>est,</strong></span> <span class='ocrx_word' id='word_1_740' title='bbox 3262 3660 3477 3716; x_wconf 80' lang='lat' dir='ltr'><strong>blandis</strong></span> 
     </span>
    </p>
   </div>
   <div class='ocr_carea' id='block_1_97' title="bbox 1880 3749 3477 3827">
    <p class='ocr_par' dir='ltr' id='par_1_97' title="bbox 1880 3749 3477 3827">
     <span class='ocr_line' id='line_1_97' title="bbox 1880 3749 3477 3827; baseline -0.004 -17"><span class='ocrx_word' id='word_1_741' title='bbox 1880 3757 2136 3827; x_wconf 88' lang='lat' dir='ltr'><strong>primum,</strong></span> <span class='ocrx_word' id='word_1_742' title='bbox 2165 3763 2223 3827; x_wconf 85' lang='lat' dir='ltr'><strong>ut</strong></span> <span class='ocrx_word' id='word_1_743' title='bbox 2252 3755 2452 3818; x_wconf 88' lang='lat' dir='ltr'><strong>draco;</strong></span> <span class='ocrx_word' id='word_1_744' title='bbox 2482 3754 2677 3808; x_wconf 90' lang='lat' dir='ltr'><strong>deinde</strong></span> <span class='ocrx_word' id='word_1_745' title='bbox 2708 3752 2932 3821; x_wconf 89' lang='lat' dir='ltr'><strong>asperis,</strong></span> <span class='ocrx_word' id='word_1_746' title='bbox 2967 3759 3027 3805; x_wconf 95' lang='lat' dir='ltr'><strong>ut</strong></span> <span class='ocrx_word' id='word_1_747' title='bbox 3056 3752 3137 3805; x_wconf 92' lang='lat' dir='ltr'><strong>leo</strong></span> <span class='ocrx_word' id='word_1_748' title='bbox 3162 3767 3179 3817; x_wconf 91' lang='lat'><strong>;</strong></span> <span class='ocrx_word' id='word_1_749' title='bbox 3214 3750 3281 3805; x_wconf 88' lang='lat' dir='ltr'><strong>ad</strong></span> <span class='ocrx_word' id='word_1_750' title='bbox 3317 3749 3477 3819; x_wconf 77' lang='lat' dir='ltr'><strong>19o</strong></span> 
     </span>
    </p>
   </div>
   <div class='ocr_carea' id='block_1_98' title="bbox 1882 3841 3474 3912">
    <p class='ocr_par' dir='ltr' id='par_1_98' title="bbox 1882 3841 3474 3912">
     <span class='ocr_line' id='line_1_98' title="bbox 1882 3841 3474 3912; baseline -0.004 -12"><span class='ocrx_word' id='word_1_751' title='bbox 1882 3847 2154 3911; x_wconf 91' lang='lat' dir='ltr'><strong>ultimum,</strong></span> <span class='ocrx_word' id='word_1_752' title='bbox 2203 3845 2421 3899; x_wconf 89' lang='lat' dir='ltr'><strong>occidit.</strong></span> <span class='ocrx_word' id='word_1_753' title='bbox 2459 3843 2525 3897; x_wconf 84' lang='lat' dir='ltr'><strong>Et</strong></span> <span class='ocrx_word' id='word_1_754' title='bbox 2568 3845 2645 3898; x_wconf 91' lang='lat' dir='ltr'><strong>sic</strong></span> <span class='ocrx_word' id='word_1_755' title='bbox 2688 3843 2989 3912; x_wconf 85' lang='lat' dir='ltr'><strong>justissime</strong></span> <span class='ocrx_word' id='word_1_756' title='bbox 3026 3854 3189 3895; x_wconf 89' lang='lat' dir='ltr'><strong>omne</strong></span> <span class='ocrx_word' id='word_1_757' title='bbox 3231 3855 3385 3893; x_wconf 91' lang='lat' dir='ltr'><strong>suum</strong></span> <span class='ocrx_word' id='word_1_758' title='bbox 3419 3841 3474 3893; x_wconf 92' lang='lat' dir='ltr'><strong>in</strong></span> 
     </span>
    </p>
   </div>
   <div class='ocr_carea' id='block_1_99' title="bbox 1881 3926 3473 4003">
    <p class='ocr_par' dir='ltr' id='par_1_99' title="bbox 1881 3926 3473 4003">
     <span class='ocr_line' id='line_1_99' title="bbox 1881 3926 3473 4003; baseline -0.007 -13"><span class='ocrx_word' id='word_1_759' title='bbox 1881 3936 2131 3990; x_wconf 90' lang='lat' dir='ltr'><strong>homines</strong></span> <span class='ocrx_word' id='word_1_760' title='bbox 2163 3932 2460 3987; x_wconf 91' lang='lat' dir='ltr'><strong>dominium</strong></span> <span class='ocrx_word' id='word_1_761' title='bbox 2512 3929 2935 4003; x_wconf 90' lang='lat' dir='ltr'><strong>pcrdidit,_dum</strong></span> <span class='ocrx_word' id='word_1_762' title='bbox 2985 3943 3045 3981; x_wconf 90' lang='lat' dir='ltr'><strong>se</strong></span> <span class='ocrx_word' id='word_1_763' title='bbox 3076 3927 3215 3981; x_wconf 88' lang='lat' dir='ltr'><strong>ultra</strong></span> <span class='ocrx_word' id='word_1_764' title='bbox 3266 3926 3473 3980; x_wconf 91' lang='lat' dir='ltr'><strong>licitum</strong></span> 
     </span>
    </p>
   </div>
   <div class='ocr_carea' id='block_1_100' title="bbox 1880 4016 3475 4095">
    <p class='ocr_par' dir='ltr' id='par_1_100' title="bbox 1880 4016 3475 4095">
     <span class='ocr_line' id='line_1_100' title="bbox 1880 4016 3475 4095; baseline -0.008 -14"><span class='ocrx_word' id='word_1_765' title='bbox 1880 4026 2147 4095; x_wconf 80' lang='lat' dir='ltr'><strong>extendit.</strong></span> <span class='ocrx_word' id='word_1_766' title='bbox 2182 4022 2337 4079; x_wconf 88' lang='lat' dir='ltr'><strong>Unde</strong></span> <span class='ocrx_word' id='word_1_767' title='bbox 2363 4023 2539 4076; x_wconf 89' lang='lat' dir='ltr'><strong>adhuc</strong></span> <span class='ocrx_word' id='word_1_768' title='bbox 2576 4022 2662 4075; x_wconf 85' lang='lat' dir='ltr'><strong>lex</strong></span> <span class='ocrx_word' id='word_1_769' title='bbox 2708 4018 3010 4074; x_wconf 90' lang='lat' dir='ltr'><strong>communis</strong></span> <span class='ocrx_word' id='word_1_770' title='bbox 3033 4017 3196 4071; x_wconf 88' lang='lat' dir='ltr'><strong>habet</strong></span> <span class='ocrx_word' id='word_1_771' title='bbox 3224 4025 3285 4070; x_wconf 90' lang='lat' dir='ltr'><strong>ut</strong></span> <span class='ocrx_word' id='word_1_772' title='bbox 3324 4016 3475 4070; x_wconf 87' lang='lat' dir='ltr'><strong>debi-</strong></span> 
     </span>
    </p>
   </div>
   <div class='ocr_carea' id='block_1_101' title="bbox 1882 4096 3475 4186">
    <p class='ocr_par' dir='ltr' id='par_1_101' title="bbox 1882 4096 3475 4186">
     <span class='ocr_line' id='line_1_101' title="bbox 1882 4096 3475 4186; baseline -0.006 -14"><span class='ocrx_word' id='word_1_773' title='bbox 1882 4128 1993 4172; x_wconf 91' lang='lat' dir='ltr'><strong>tum</strong></span> <span class='ocrx_word' id='word_1_774' title='bbox 2039 4117 2262 4186; x_wconf 87' lang='lat' dir='ltr'><strong>perdat,</strong></span> <span class='ocrx_word' id='word_1_775' title='bbox 2314 4113 2404 4184; x_wconf 90' lang='lat' dir='ltr'><strong>qui</strong></span> <span class='ocrx_word' id='word_1_776' title='bbox 2436 4112 2734 4183; x_wconf 84' lang='lat' dir='ltr'><strong>plusquam</strong></span> <span class='ocrx_word' id='word_1_777' title='bbox 2775 4096 3024 4165; x_wconf 82' lang='lat' dir='ltr'><strong>debitum</strong></span> <span class='ocrx_word' id='word_1_778' title='bbox 3078 4108 3266 4179; x_wconf 81' lang='lat' dir='ltr'><strong>exigit.</strong></span> <span class='ocrx_word' id='word_1_779' title='bbox 3320 4106 3475 4163; x_wconf 85' lang='lat' dir='ltr'><strong>Sicut</strong></span> 
     </span>
    </p>
   </div>
   <div class='ocr_carea' id='block_1_102' title="bbox 1878 4197 3473 4279">
    <p class='ocr_par' dir='ltr' id='par_1_102' title="bbox 1878 4197 3473 4279">
     <span class='ocr_line' id='line_1_102' title="bbox 1878 4197 3473 4279; baseline -0.007 -17"><span class='ocrx_word' id='word_1_780' title='bbox 1878 4222 2006 4279; x_wconf 87' lang='lat' dir='ltr'><strong>ergo</strong></span> <span class='ocrx_word' id='word_1_781' title='bbox 2035 4207 2087 4261; x_wconf 93' lang='lat' dir='ltr'><strong>in</strong></span> <span class='ocrx_word' id='word_1_782' title='bbox 2122 4207 2317 4276; x_wconf 91' lang='lat' dir='ltr'><strong>ipsum,</strong></span> <span class='ocrx_word' id='word_1_783' title='bbox 2342 4203 2435 4274; x_wconf 85' lang='lat' dir='ltr'><strong>qui</strong></span> <span class='ocrx_word' id='word_1_784' title='bbox 2474 4204 2522 4258; x_wconf 90' lang='lat' dir='ltr'><strong>ei</strong></span> <span class='ocrx_word' id='word_1_785' title='bbox 2556 4217 2665 4256; x_wconf 91' lang='lat' dir='ltr'><strong>non</strong></span> <span class='ocrx_word' id='word_1_786' title='bbox 2700 4200 2995 4264; x_wconf 90' lang='lat' dir='ltr'><strong>consensit,</strong></span> <span class='ocrx_word' id='word_1_787' title='bbox 3027 4197 3117 4266; x_wconf 89' lang='lat' dir='ltr'><strong>jus</strong></span> <span class='ocrx_word' id='word_1_788' title='bbox 3142 4198 3363 4262; x_wconf 91' lang='lat' dir='ltr'><strong>amisit;</strong></span> <span class='ocrx_word' id='word_1_789' title='bbox 3396 4198 3473 4252; x_wconf 90' lang='lat' dir='ltr'><strong>ita</strong></span> 
     </span>
    </p>
   </div>
   <div class='ocr_carea' id='block_1_103' title="bbox 1879 4291 3470 4366">
    <p class='ocr_par' dir='ltr' id='par_1_103' title="bbox 1879 4291 3470 4366">
     <span class='ocr_line' id='line_1_103' title="bbox 1879 4291 3470 4366; baseline -0.004 -13"><span class='ocrx_word' id='word_1_790' title='bbox 1879 4299 1932 4353; x_wconf 90' lang='lat' dir='ltr'><strong>in</strong></span> <span class='ocrx_word' id='word_1_791' title='bbox 1956 4313 2147 4353; x_wconf 89' lang='lat' dir='ltr'><strong>omnes</strong></span> <span class='ocrx_word' id='word_1_792' title='bbox 2179 4298 2315 4351; x_wconf 83' lang='lat' dir='ltr'><strong>filios</strong></span> <span class='ocrx_word' id='word_1_793' title='bbox 2336 4297 2473 4366; x_wconf 87' lang='lat' dir='ltr'><strong>ejus,</strong></span> <span class='ocrx_word' id='word_1_794' title='bbox 2498 4295 2589 4365; x_wconf 89' lang='lat' dir='ltr'><strong>qui</strong></span> <span class='ocrx_word' id='word_1_795' title='bbox 2616 4295 2732 4365; x_wconf 89' lang='lat' dir='ltr'><strong>ejus</strong></span> <span class='ocrx_word' id='word_1_796' title='bbox 2760 4294 3125 4348; x_wconf 90' lang='lat' dir='ltr'><strong>innocentiam</strong></span> <span class='ocrx_word' id='word_1_797' title='bbox 3166 4291 3470 4347; x_wconf 82' lang='lat' dir='ltr'><strong>imitantur.</strong></span> 
     </span>
    </p>
   </div>
   <div class='ocr_carea' id='block_1_104' title="bbox 1877 4382 3470 4453">
    <p class='ocr_par' dir='ltr' id='par_1_104' title="bbox 1877 4382 3470 4453">
     <span class='ocr_line' id='line_1_104' title="bbox 1877 4382 3470 4453; baseline -0.005 -9"><span class='ocrx_word' id='word_1_798' title='bbox 1877 4389 2031 4445; x_wconf 84' lang='lat' dir='ltr'><strong>Nunc</strong></span> <span class='ocrx_word' id='word_1_799' title='bbox 2056 4403 2183 4443; x_wconf 86' lang='lat' dir='ltr'><strong>vero</strong></span> <span class='ocrx_word' id='word_1_800' title='bbox 2215 4389 2317 4442; x_wconf 89' lang='lat' dir='ltr'><strong>iste</strong></span> <span class='ocrx_word' id='word_1_801' title='bbox 2345 4388 2395 4441; x_wconf 92' lang='lat' dir='ltr'><strong>in</strong></span> <span class='ocrx_word' id='word_1_802' title='bbox 2438 4396 2613 4440; x_wconf 90' lang='lat' dir='ltr'><strong>morte</strong></span> <span class='ocrx_word' id='word_1_803' title='bbox 2656 4400 2935 4439; x_wconf 88' lang='lat' dir='ltr'><strong>remanere</strong></span> <span class='ocrx_word' id='word_1_804' title='bbox 2968 4384 3312 4453; x_wconf 86' lang='lat' dir='ltr'><strong>nondebuit;</strong></span> <span class='ocrx_word' id='word_1_805' title='bbox 3342 4382 3470 4452; x_wconf 88' lang='lat' dir='ltr'><strong>quia</strong></span> 
     </span>
    </p>
   </div>
   <div class='ocr_carea' id='block_1_105' title="bbox 1888 4474 3471 4544">
    <p class='ocr_par' dir='ltr' id='par_1_105' title="bbox 1888 4474 3471 4544">
     <span class='ocr_line' id='line_1_105' title="bbox 1888 4474 3471 4544; baseline -0.004 -9"><span class='ocrx_word' id='word_1_806' title='bbox 1888 4481 1991 4535; x_wconf 92' lang='lat' dir='ltr'><strong>hoc</strong></span> <span class='ocrx_word' id='word_1_807' title='bbox 2020 4479 2181 4533; x_wconf 87' lang='lat' dir='ltr'><strong>modo</strong></span> <span class='ocrx_word' id='word_1_808' title='bbox 2198 4493 2297 4532; x_wconf 92' lang='lat' dir='ltr'><strong>nec</strong></span> <span class='ocrx_word' id='word_1_809' title='bbox 2325 4477 2425 4532; x_wconf 89' lang='lat' dir='ltr'><strong>sibi</strong></span> <span class='ocrx_word' id='word_1_810' title='bbox 2455 4491 2555 4531; x_wconf 91' lang='lat' dir='ltr'><strong>nec</strong></span> <span class='ocrx_word' id='word_1_811' title='bbox 2585 4475 2737 4529; x_wconf 91' lang='lat' dir='ltr'><strong>alteri</strong></span> <span class='ocrx_word' id='word_1_812' title='bbox 2764 4474 3102 4544; x_wconf 88' lang='lat' dir='ltr'><strong>profecisset.</strong></span> <span class='ocrx_word' id='word_1_813' title='bbox 3134 4474 3239 4530; x_wconf 87' lang='lat' dir='ltr'><strong>Per</strong></span> <span class='ocrx_word' id='word_1_814' title='bbox 3262 4474 3471 4544; x_wconf 88' lang='lat' dir='ltr'><strong>passio-</strong></span> 
     </span>
    </p>
   </div>
   <div class='ocr_carea' id='block_1_106' title="bbox 1879 4565 3471 4639">
    <p class='ocr_par' dir='ltr' id='par_1_106' title="bbox 1879 4565 3471 4639">
     <span class='ocr_line' id='line_1_106' title="bbox 1879 4565 3471 4639; baseline -0.004 -14"><span class='ocrx_word' id='word_1_815' title='bbox 1879 4584 2003 4627; x_wconf 90' lang='lat' dir='ltr'><strong>nem</strong></span> <span class='ocrx_word' id='word_1_816' title='bbox 2042 4583 2172 4639; x_wconf 87' lang='lat' dir='ltr'><strong>ergo</strong></span> <span class='ocrx_word' id='word_1_817' title='bbox 2208 4567 2611 4622; x_wconf 91' lang='lat' dir='ltr'><strong>consumendus</strong></span> <span class='ocrx_word' id='word_1_818' title='bbox 2654 4571 2794 4630; x_wconf 89' lang='lat' dir='ltr'><strong>erat,</strong></span> <span class='ocrx_word' id='word_1_819' title='bbox 2827 4572 2888 4619; x_wconf 88' lang='lat' dir='ltr'><strong>ut</strong></span> <span class='ocrx_word' id='word_1_820' title='bbox 2932 4565 3002 4619; x_wconf 90' lang='lat' dir='ltr'><strong>ita</strong></span> <span class='ocrx_word' id='word_1_821' title='bbox 3038 4580 3166 4619; x_wconf 91' lang='lat' dir='ltr'><strong>suos</strong></span> <span class='ocrx_word' id='word_1_822' title='bbox 3210 4578 3471 4633; x_wconf 85' lang='lat' dir='ltr'><strong>sequaces</strong></span> 
     </span>
    </p>
   </div>
   <div class='ocr_carea' id='block_1_107' title="bbox 1880 4655 3469 4727">
    <p class='ocr_par' dir='ltr' id='par_1_107' title="bbox 1880 4655 3469 4727">
     <span class='ocr_line' id='line_1_107' title="bbox 1880 4655 3469 4727; baseline -0.005 -11"><span class='ocrx_word' id='word_1_823' title='bbox 1880 4669 2318 4717; x_wconf 88' lang='lat' dir='ltr'><strong>consummaret:</strong></span> <span class='ocrx_word' id='word_1_824' title='bbox 2352 4668 2407 4713; x_wconf 90' lang='lat' dir='ltr'><strong>et</strong></span> <span class='ocrx_word' id='word_1_825' title='bbox 2433 4657 2536 4712; x_wconf 89' lang='lat' dir='ltr'><strong>hoc</strong></span> <span class='ocrx_word' id='word_1_826' title='bbox 2559 4666 2645 4713; x_wconf 91' lang='lat' dir='ltr'><strong>est</strong></span> <span class='ocrx_word' id='word_1_827' title='bbox 2679 4656 2823 4727; x_wconf 90' lang='lat' dir='ltr'><strong>quod</strong></span> <span class='ocrx_word' id='word_1_828' title='bbox 2855 4656 3142 4727; x_wconf 83' lang='lat' dir='ltr'><strong>Apostolus</strong></span> <span class='ocrx_word' id='word_1_829' title='bbox 3162 4657 3237 4711; x_wconf 79' lang='lat' dir='ltr'><strong>ait</strong></span> <span class='ocrx_word' id='word_1_830' title='bbox 3263 4675 3275 4710; x_wconf 90' lang='lat'><strong>:</strong></span> <span class='ocrx_word' id='word_1_831' title='bbox 3305 4655 3469 4709; x_wconf 79' lang='lat' dir='ltr'><strong>Dere-</strong></span> 
     </span>
    </p>
   </div>
   <div class='ocr_carea' id='block_1_108' title="bbox 1881 4751 3466 4821">
    <p class='ocr_par' dir='ltr' id='par_1_108' title="bbox 1881 4751 3466 4821">
     <span class='ocr_line' id='line_1_108' title="bbox 1881 4751 3466 4821; baseline -0.008 -12"><span class='ocrx_word' id='word_1_832' title='bbox 1881 4756 1967 4809; x_wconf 88' lang='lat' dir='ltr'><strong>bat</strong></span> <span class='ocrx_word' id='word_1_833' title='bbox 2023 4755 2159 4808; x_wconf 84' lang='lat' dir='ltr'><strong>enim</strong></span> <span class='ocrx_word' id='word_1_834' title='bbox 2194 4768 2311 4806; x_wconf 88' lang='lat' dir='ltr'><strong>eum</strong></span> <span class='ocrx_word' id='word_1_835' title='bbox 2359 4762 2570 4821; x_wconf 70' lang='lat' dir='ltr'><strong>propter</strong></span> <span class='ocrx_word' id='word_1_836' title='bbox 2621 4767 2773 4819; x_wconf 86' lang='lat' dir='ltr'><strong>quem</strong></span> <span class='ocrx_word' id='word_1_837' title='bbox 2829 4751 3029 4813; x_wconf 83' lang='lat' dir='ltr'><strong>omnia,</strong></span> <span class='ocrx_word' id='word_1_838' title='bbox 3077 4760 3125 4803; x_wconf 85' lang='lat' dir='ltr'><strong>et</strong></span> <span class='ocrx_word' id='word_1_839' title='bbox 3170 4764 3262 4818; x_wconf 86' lang='lat' dir='ltr'><strong>per</strong></span> <span class='ocrx_word' id='word_1_840' title='bbox 3314 4761 3466 4815; x_wconf 82' lang='lat' dir='ltr'><strong>quem</strong></span> 
     </span>
    </p>
   </div>
   <div class='ocr_carea' id='block_1_109' title="bbox 1881 4836 3465 4913">
    <p class='ocr_par' dir='ltr' id='par_1_109' title="bbox 1881 4836 3465 4913">
     <span class='ocr_line' id='line_1_109' title="bbox 1881 4836 3465 4913; baseline -0.006 -14"><span class='ocrx_word' id='word_1_841' title='bbox 1881 4846 2083 4899; x_wconf 88' lang='lat' dir='ltr'><strong>omnia.</strong></span> <span class='ocrx_word' id='word_1_842' title='bbox 2129 4842 2381 4913; x_wconf 89' lang='lat' dir='ltr'><strong>Singulos</strong></span> <span class='ocrx_word' id='word_1_843' title='bbox 2457 4856 2649 4911; x_wconf 83' lang='lat' dir='ltr'><strong>passus</strong></span> <span class='ocrx_word' id='word_1_844' title='bbox 2722 4849 2872 4895; x_wconf 90' lang='lat' dir='ltr'><strong>nota.</strong></span> <span class='ocrx_word' id='word_1_845' title='bbox 2958 4839 3183 4893; x_wconf 83' lang='lat' dir='ltr'><strong>Decebat</strong></span> <span class='ocrx_word' id='word_1_846' title='bbox 3266 4836 3465 4890; x_wconf 85' lang='lat' dir='ltr'><strong>multus</strong></span> 
     </span>
    </p>
   </div>
   <div class='ocr_carea' id='block_1_110' title="bbox 1878 4927 3465 5004">
    <p class='ocr_par' dir='ltr' id='par_1_110' title="bbox 1878 4927 3465 5004">
     <span class='ocr_line' id='line_1_110' title="bbox 1878 4927 3465 5004; baseline -0.006 -14"><span class='ocrx_word' id='word_1_847' title='bbox 1878 4935 2017 4991; x_wconf 86' lang='lat' dir='ltr'><strong>filios</strong></span> <span class='ocrx_word' id='word_1_848' title='bbox 2045 4935 2097 4988; x_wconf 93' lang='lat' dir='ltr'><strong>in</strong></span> <span class='ocrx_word' id='word_1_849' title='bbox 2128 4932 2352 5004; x_wconf 83' lang='lat' dir='ltr'><strong>gloriam</strong></span> <span class='ocrx_word' id='word_1_850' title='bbox 2375 4930 2646 4986; x_wconf 89' lang='lat' dir='ltr'><strong>adducere</strong></span> <span class='ocrx_word' id='word_1_851' title='bbox 2666 4947 2806 4996; x_wconf 82' lang='lat' dir='ltr'><strong>eam,</strong></span> <span class='ocrx_word' id='word_1_852' title='bbox 2838 4929 3047 4985; x_wconf 91' lang='lat' dir='ltr'><strong>scilicet</strong></span> <span class='ocrx_word' id='word_1_853' title='bbox 3068 4927 3317 4991; x_wconf 88' lang='lat' dir='ltr'><strong>Patrem;</strong></span> <span class='ocrx_word' id='word_1_854' title='bbox 3344 4942 3465 4982; x_wconf 78' lang='lat' dir='ltr'><strong>aro-</strong></span> 
     </span>
    </p>
   </div>
   <div class='ocr_carea' id='block_1_111' title="bbox 1875 5019 3463 5099">
    <p class='ocr_par' dir='ltr' id='par_1_111' title="bbox 1875 5019 3463 5099">
     <span class='ocr_line' id='line_1_111' title="bbox 1875 5019 3463 5099; baseline -0.009 -15"><span class='ocrx_word' id='word_1_855' title='bbox 1875 5038 1989 5099; x_wconf 85' lang='lat' dir='ltr'><strong>pter</strong></span> <span class='ocrx_word' id='word_1_856' title='bbox 2014 5044 2187 5099; x_wconf 87' lang='lat' dir='ltr'><strong>quem,</strong></span> <span class='ocrx_word' id='word_1_857' title='bbox 2225 5025 2434 5081; x_wconf 79' lang='lat' dir='ltr'><strong>scilicet</strong></span> <span class='ocrx_word' id='word_1_858' title='bbox 2476 5024 2801 5080; x_wconf 77' lang='lat' dir='ltr'><strong>laudandum</strong></span> <span class='ocrx_word' id='word_1_859' title='bbox 2842 5030 2897 5076; x_wconf 92' lang='lat' dir='ltr'><strong>et</strong></span> <span class='ocrx_word' id='word_1_860' title='bbox 2923 5019 3353 5093; x_wconf 75' lang='lat' dir='ltr'><strong>glorificandum,</strong></span> <span class='ocrx_word' id='word_1_861' title='bbox 3378 5019 3463 5087; x_wconf 82' lang='lat' dir='ltr'><strong>[a-</strong></span> 
     </span>
    </p>
   </div>
   <div class='ocr_carea' id='block_1_112' title="bbox 1877 5108 3459 5185">
    <p class='ocr_par' dir='ltr' id='par_1_112' title="bbox 1877 5108 3459 5185">
     <span class='ocr_line' id='line_1_112' title="bbox 1877 5108 3459 5185; baseline -0.008 -12"><span class='ocrx_word' id='word_1_862' title='bbox 1877 5129 1959 5173; x_wconf 86' lang='lat' dir='ltr'><strong>cta</strong></span> <span class='ocrx_word' id='word_1_863' title='bbox 1986 5128 2107 5172; x_wconf 84' lang='lat' dir='ltr'><strong>sunt</strong></span> <span class='ocrx_word' id='word_1_864' title='bbox 2122 5116 2322 5181; x_wconf 86' lang='lat' dir='ltr'><strong>omnia,</strong></span> <span class='ocrx_word' id='word_1_865' title='bbox 2345 5126 2391 5171; x_wconf 89' lang='lat' dir='ltr'><strong>et</strong></span> <span class='ocrx_word' id='word_1_866' title='bbox 2416 5131 2508 5185; x_wconf 86' lang='lat' dir='ltr'><strong>per</strong></span> <span class='ocrx_word' id='word_1_867' title='bbox 2527 5130 2675 5184; x_wconf 85' lang='lat' dir='ltr'><strong>quem</strong></span> <span class='ocrx_word' id='word_1_868' title='bbox 2707 5112 2849 5181; x_wconf 82' lang='lat' dir='ltr'><strong>facta</strong></span> <span class='ocrx_word' id='word_1_869' title='bbox 2872 5120 2993 5164; x_wconf 82' lang='lat' dir='ltr'><strong>sunt</strong></span> <span class='ocrx_word' id='word_1_870' title='bbox 3019 5109 3214 5164; x_wconf 85' lang='lat' dir='ltr'><strong>omnia.</strong></span> <span class='ocrx_word' id='word_1_871' title='bbox 3249 5108 3315 5162; x_wconf 77' lang='lat' dir='ltr'><strong>Et</strong></span> <span class='ocrx_word' id='word_1_872' title='bbox 3338 5109 3459 5171; x_wconf 93' lang='lat' dir='ltr'><strong>hoc,</strong></span> 
     </span>
    </p>
   </div>
   <div class='ocr_carea' id='block_1_113' title="bbox 1878 5199 3463 5268">
    <p class='ocr_par' dir='ltr' id='par_1_113' title="bbox 1878 5199 3463 5268">
     <span class='ocr_line' id='line_1_113' title="bbox 1878 5199 3463 5268; baseline -0.008 -4"><span class='ocrx_word' id='word_1_873' title='bbox 1878 5210 2056 5264; x_wconf 89' lang='lat' dir='ltr'><strong>dando</strong></span> <span class='ocrx_word' id='word_1_874' title='bbox 2093 5218 2368 5263; x_wconf 88' lang='lat' dir='ltr'><strong>auctorem</strong></span> <span class='ocrx_word' id='word_1_875' title='bbox 2409 5205 2633 5268; x_wconf 84' lang='lat' dir='ltr'><strong>salutis,</strong></span> <span class='ocrx_word' id='word_1_876' title='bbox 2657 5202 2870 5258; x_wconf 90' lang='lat' dir='ltr'><strong>scilicet</strong></span> <span class='ocrx_word' id='word_1_877' title='bbox 2891 5201 3199 5265; x_wconf 87' lang='lat' dir='ltr'><strong>Christum;</strong></span> <span class='ocrx_word' id='word_1_878' title='bbox 3234 5209 3288 5255; x_wconf 90' lang='lat' dir='ltr'><strong>et</strong></span> <span class='ocrx_word' id='word_1_879' title='bbox 3320 5199 3463 5252; x_wconf 89' lang='lat' dir='ltr'><strong>hunc</strong></span> 
     </span>
    </p>
   </div>
   <div class='ocr_carea' id='block_1_114' title="bbox 1877 5287 3463 5367">
    <p class='ocr_par' dir='ltr' id='par_1_114' title="bbox 1877 5287 3463 5367">
     <span class='ocr_line' id='line_1_114' title="bbox 1877 5287 3463 5367; baseline -0.008 -13"><span class='ocrx_word' id='word_1_880' title='bbox 1877 5299 2055 5354; x_wconf 86' lang='lat' dir='ltr'><strong>dando</strong></span> <span class='ocrx_word' id='word_1_881' title='bbox 2094 5297 2364 5367; x_wconf 86' lang='lat' dir='ltr'><strong>passioni;</strong></span> <span class='ocrx_word' id='word_1_882' title='bbox 2390 5306 2444 5349; x_wconf 89' lang='lat' dir='ltr'><strong>et</strong></span> <span class='ocrx_word' id='word_1_883' title='bbox 2482 5294 2562 5347; x_wconf 89' lang='lat' dir='ltr'><strong>sic</strong></span> <span class='ocrx_word' id='word_1_884' title='bbox 2607 5292 3058 5347; x_wconf 87' lang='lat' dir='ltr'><strong>consummando.</strong></span> <span class='ocrx_word' id='word_1_885' title='bbox 3096 5290 3267 5359; x_wconf 86' lang='lat' dir='ltr'><strong>Quem</strong></span> <span class='ocrx_word' id='word_1_886' title='bbox 3315 5287 3463 5343; x_wconf 79' lang='lat' dir='ltr'><strong>ordi-</strong></span> 
     </span>
    </p>
   </div>
   <div class='ocr_carea' id='block_1_115' title="bbox 1872 5378 3463 5458">
    <p class='ocr_par' dir='ltr' id='par_1_115' title="bbox 1872 5378 3463 5458">
     <span class='ocr_line' id='line_1_115' title="bbox 1872 5378 3463 5458; baseline -0.008 -11"><span class='ocrx_word' id='word_1_887' title='bbox 1872 5407 1994 5447; x_wconf 91' lang='lat' dir='ltr'><strong>nem</strong></span> <span class='ocrx_word' id='word_1_888' title='bbox 2021 5390 2066 5445; x_wconf 89' lang='lat' dir='ltr'><strong>si</strong></span> <span class='ocrx_word' id='word_1_889' title='bbox 2089 5388 2375 5458; x_wconf 88' lang='lat' dir='ltr'><strong>diligenter</strong></span> <span class='ocrx_word' id='word_1_890' title='bbox 2401 5382 2656 5446; x_wconf 86' lang='lat' dir='ltr'><strong>attendis,</strong></span> <span class='ocrx_word' id='word_1_891' title='bbox 2682 5380 2889 5435; x_wconf 85' lang='lat' dir='ltr'><strong>videbis</strong></span> <span class='ocrx_word' id='word_1_892' title='bbox 2916 5381 3188 5435; x_wconf 90' lang='lat' dir='ltr'><strong>hominem</strong></span> <span class='ocrx_word' id='word_1_893' title='bbox 3214 5378 3463 5435; x_wconf 81' lang='lat' dir='ltr'><strong>debuisse</strong></span> 
     </span>
    </p>
   </div>
   <div class='ocr_carea' id='block_1_116' title="bbox 1876 5473 3113 5545">
    <p class='ocr_par' dir='ltr' id='par_1_116' title="bbox 1876 5473 3113 5545">
     <span class='ocr_line' id='line_1_116' title="bbox 1876 5473 3113 5545; baseline -0.011 -5"><span class='ocrx_word' id='word_1_894' title='bbox 1876 5483 2075 5541; x_wconf 85' lang='lat' dir='ltr'><strong>salvari</strong></span> <span class='ocrx_word' id='word_1_895' title='bbox 2106 5477 2322 5537; x_wconf 86' lang='lat' dir='ltr'><strong>etiamsi</strong></span> <span class='ocrx_word' id='word_1_896' title='bbox 2352 5474 2532 5532; x_wconf 86' lang='lat' dir='ltr'><strong>nullus</strong></span> <span class='ocrx_word' id='word_1_897' title='bbox 2558 5473 2780 5545; x_wconf 81' lang='lat' dir='ltr'><strong>angelus</strong></span> <span class='ocrx_word' id='word_1_898' title='bbox 2807 5474 3113 5531; x_wconf 84' lang='lat' dir='ltr'><strong>cecidisset.</strong></span> 
     </span>
    </p>
   </div>
  </div>
