4060 6292
623 284 765 389 αις

988 294 1063 384 s.
1088 322 1388 383 susum
1425 317 1778 378 caurum.
1817 314 2136 373 ARCHIEP.
2178 312 2330 371 orr.
2369 307 2548 366 mas
2586 306 2650 363 ιι.
2680 334 2748 346 -
2776 276 3143 385 mem;
3183 302 3270 357 ιτ
3300 283 3549 403 ascen

3783 290 3898 371 (ξπ

788 558 1006 640 ”⁴
1212 736 1309 745 ,,
1472 628 2136 743 sumen

2328 619 3101 793 INSELMI
3186 739 3189 743 ⁴

1874 938 1897 955 .
1976 922 1981 927 -
2092 850 2492 946 SERMO

1365 1024 1615 1206 DE-

1693 1073 2447 1260 PASSIONE
2605 966 3175 1197 DOMINI

1704 1314 1832 1382 (Ea:
1860 1282 1958 1365 ius.
1988 1271 2206 1364 uilli!”
2235 1304 2575 1367 Bibliotheca:
2608 1301 2833 1376 Regiw.)

2325 1414 2350 1445 l

2029 1469 2390 1488 Α

637 1576 650 1584 .
676 1556 685 1566 ο
708 1568 933 1625 nomine
960 1565 1087 1622 Iesu
1117 1564 1351 1627 Christe,
1382 1546 1570 1639 νπιριι
1600 1561 1760 1624 bone,
1796 1559 1887 1627 qui
1926 1573 2023 1628 pro
2053 1574 2214 1629 grege
2240 1561 2290 1618 Α
2318 1551 2463 1607 ferre
2500 1549 2593 1619 jus
2619 1557 2791 1616 tuum,
2822 1564 2929 1603 non
2957 1528 3126 1605 debeo
3164 1549 3298 1606 dare
3324 1549 3501 1607 alieno
3537 1552 3767 1609 domino
3799 1567 3904 1612 sero

638 1666 729 1719 tuo
756 1641 892 1723 mori
920 1642 1175 1726 dignatus
1213 1668 1291 1715 es,
1322 1650 1556 1719 ag‘udsce
1585 1664 1671 1704 me
1694 1644 1842 1703 inter
1868 1665 1996 1705 oves
2020 1657 2138 1703 tuas
2164 1640 2219 1705 et

638 1751 793 1804 trahe
822 1747 889 1802 ad
933 1761 1130 1816 pascua
1166 1746 1274 1809 tua,
1302 1728 1362 1799 et
1404 1756 1633 1813 agnosce
1662 1741 1927 1796 oviculam
1965 1752 2110 1797 tuam
2164 1730 2221 1796 ut

635 1852 851 1892 merear
882 1851 1004 1891 esse
1031 1836 1096 1890 ad
1125 1820 1403 1890 dexteram
1440 1843 1605 1888 tuam.
1642 1833 1750 1888 Fac
1786 1849 1872 1888 me
1905 1834 2220 1904 participem

635 1927 819 1999 gloriae
867 1935 971 1981 tua:
1018 1927 1108 1995 qui
1152 1940 1399 1979 amarum
1445 1924 1669 1979 calicem
1719 1924 1899 1978 bibisti
1950 1939 2050 1992 pro
2100 1939 2217 1990 me;

637 2033 795 2088 ptena
847 2009 937 2072 tua
985 2024 1200 2084 torquet
1248 2015 1636 2070 conscientiam
1700 2029 1900 2079 meam,
1958 2024 2226 2069 tormenta

636 2100 880 2162 crueiant
909 2101 1222 2160 memoriam
1251 2120 1425 2160 meam
1455 2123 1468 2157 :
1513 2120 1612 2174 ego
1634 2106 1776 2159 enim
1805 2105 1956 2158 timui
1980 2106 2025 2138 5°
2054 2108 2229 2176 potio-

637 2210 759 2250 nem
792 2182 951 2264 quam
986 2194 1168 2248 bibisti
1192 2199 1222 2258 ς’
1246 2208 1344 2263 ego
1383 2195 1601 2261 peccavi
1632 2194 1773 2262 quod
1803 2205 1855 2247 tu
1891 2194 2094 2259 tulisti;
2126 2210 2226 2265 ego

640 2286 833 2337 servus
903 2282 1190 2336 contumax
1244 2281 1492 2337 commisi
1548 2284 1688 2351 quod
1750 2292 1802 2335 tu
1857 2283 2224 2353 devapulasti;

639 2370 740 2443 ego
771 2371 816 2402 ⁹⁰
867 2373 1009 2440 quod
1050 2380 1104 2425 tu
1154 2370 1470 2435 exsolvisti;
1521 2386 1681 2426 causa
1736 2382 1838 2425 tute
1888 2373 2076 2427 mortis
2122 2371 2228 2429 fuit

637 2460 897 2531 iniquitas
936 2447 1075 2527 mea,
1125 2462 1346 2515 vulnera
1399 2470 1484 2515 tua
1527 2456 1771 2516 fecerunt
1815 2457 2051 2518 crimina
2085 2448 2223 2519 mea.

636 2551 732 2609 νω
779 2546 1015 2623 peCcatis
1042 2553 1197 2616 meis,
1244 2567 1365 2621 quae
1414 2562 1543 2617 tam,
1576 2567 1759 2606 amara
1813 2563 1986 2608 morte
2018 2556 2227 2625 expiari

634 2642 893 2711 Oportuit.
933 2639 978 2696 Ο
1000 2651 1219 2711 peccata
1262 2658 1407 2707 mea,
1436 2657 1616 2711 quam
1644 2657 1826 2696 amara
1868 2644 2065 2709 fuistis,
2108 2661 2229 2715 qua:

636 2732 768 2786 mihi
800 2732 1139 2787 dulcedinem
1171 2730 1496 2802 promisistis
1523 2742 1579 2788 et
1609 2750 1694 2790 me
1720 2734 2022 2793 lefellistis!
2051 2738 2095 2792 0
2119 2740 2227 2793 Eva

636 2820 821 2878 infelix
844 2837 965 2894 qua:
990 2838 1208 2893 pomum
1249 2823 1585 2879 momordisti
1627 2833 1682 2880 et
1711 2837 1939 2882 mortem
1974 2831 2232 2885 omnibus

2323 1660 2448 1698 vum
2483 1652 2630 1698 tuum
2661 1660 2676 1697 :
2714 1641 2806 1711 jus
2852 1651 3002 1697 tuum
3044 1641 3223 1698 anima
3272 1657 3393 1698 mea
3430 1652 3536 1708 est,
3568 1661 3767 1701 servus
3794 1657 3902 1702 tuus

2324 1746 2521 1803 corpus
2567 1746 2747 1787 meum
2784 1741 2903 1797 est;
2944 1730 3035 1800 jus
3061 1738 3212 1786 tuum
3243 1731 3415 1789 fecisti
3448 1735 3689 1791 animam
3716 1722 3900 1799 meam.

2325 1824 2542 1892 quando
2570 1839 2669 1894 pro
2690 1838 2753 1878 ea
2778 1822 3005 1894 posuisti
3036 1823 3274 1879 animam
3305 1832 3448 1893 tuam
3472 1840 3487 1889 ;
3519 1840 3743 1880 servum
3768 1836 3900 1903 tuum

2327 1913 2503 1971 fecisti
2554 1931 2752 1986 corpus
2806 1932 2985 1972 meum
3021 1956 3037 1982 ,
3101 1915 3318 1989 quando
3381 1931 3480 1988 pro
3532 1933 3599 1973 eo
3650 1916 3902 1973 tradidisti

2325 1990 2520 2074 corpus
2578 2012 2728 2059 tuum
2775 2005 2829 2059 in
2888 2013 3136 2061 mortem.
3197 2004 3495 2061 Totum'te
3562 2007 3762 2064 dedisti
3816 2022 3903 2078 pro

2327 2112 2413 2154 me
2450 2105 2505 2151 et
2533 2086 2772 2168 operasti
2804 2106 2974 2166 totum
3028 2098 3084 2153 in
3135 2112 3259 2165 me;
3313 2099 3492 2154 emisti
3524 2099 3618 2154 tibi
3668 2100 3902 2170 spiritum

2328 2184 2539 2257 metum,
2580 2178 2760 2244 emisti
2788 2186 2881 2243 tibi
2910 2202 3108 2258 corpus
3145 2203 3352 2254 meum,
3385 2197 3679 2258 utrumque
3702 2202 3904 2243 servum

2329 2290 2502 2335 lltllm.
2534 2274 2681 2337 Tuus
2705 2270 2835 2356 ergo
2883 2274 3002 2336 sum
3028 2281 3222 2350 spiritu
3258 2290 3313 2336 et
3340 2296 3602 2352 corpore;
3631 2282 3905 2350 utrumque

2328 2370 2497 2426 debeo
2525 2370 2620 2425 tibi
2655 2364 2987 2441 impendere.
3018 2371 3247 2442 Diligam
3277 2382 3330 2428 te
3357 2387 3487 2444 ergo
3521 2388 3587 2427 ex
3617 2382 3732 2428 toto
3756 2372 3906 2429 corde

2328 2450 2472 2536 meo,
2517 2461 2750 2534 serviam
2776 2462 2871 2516 tibi
2902 2477 2969 2518 ex
2998 2472 3110 2517 toto
3140 2477 3385 2532 corpore.
3415 2452 3787 2533 Caligaverunt
3816 2473 3906 2535 pm

2329 2565 2415 2605 me
2440 2552 2493 2605 in
2515 2562 2688 2625 morte
2702 2550 2844 2606 oculi
2863 2552 2963 2605 tui.
2990 2552 3357 2608 advertautne
3380 2539 3595 2607 videant
3625 2553 3907 2606 vanitatem

2329 2640 2449 2711 vagi
2496 2641 2636 2718 oculi
2665 2640 2812 2707 mei;
2855 2641 3119 2697 conviciis
3157 2652 3213 2697 et
3250 2642 3601 2711 blaspb‘emiis
3630 2646 3910 2713 patuerunt

2331 2748 2492 2788 aures
2540 2742 2665 2799 tum,
2718 2724 2979 2805 patebunt
3007 2735 3075 2788 ad
3123 2734 3411 2791 clamorem
3463 2737 3717 2807 pauperis
3760 2747 3909 2790 aures

2333 2816 2512 2878 surda:
2562 2839 2724 2878 aures
2774 2839 2944 2891 meae;
3003 2822 3126 2879 felle
3154 2833 3210 2880 et
3266 2834 3421 2879 aceto
3459 2833 3701 2895 putatum
3748 2814 3908 2878 esteo

640 2910 889 2976 intulisti,
931 2911 1041 2966 imo
1074 2921 1131 2966 et
1160 2911 1330 2967 Deum
1357 2922 1413 2968 et
1454 2914 1727 2971 hominem
1762 2917 2042 2973 nobiseum
2078 2921 2230 2983 “occi-

2336 2924 2506 2981 tuutu,
2557 2917 2843 2973 veritatem
2896 2906 3261 2995 et'judieium
3313 2917 3567 2989 loquatur
3596 2920 3814 2975 mendax
3847 2931 3908 2971 es

642 3000 762 3057 disti
789 3004 802 3055 ἰ
845 2998 890 3057 0
922 3002 1105 3058 infelix
1128 3003 1289 3058 bomo
1318 3004 1409 3072 qui
1450 3004 1603 3059 brevi
1632 3000 1903 3074 voluptate
1930 3019 1980 3064 te
2016 2996 2230 3067 diabolo

645 3094 936 3157 tradidisti,
980 3104 1031 3149 et
1062 3104 1114 3149 te
1159 3105 1212 3150 et
1237 3104 1358 3149 tuos
1398 3095 1709 3164 perdidisti!
1747 3097 1857 3152 Deo
1886 3098 2102 3168 quidem
2133 3117 2233 3154 no-

640 3178 783 3238 lente
799 3177 1208 3255 et'probiben’te,
1228 3195 1454 3239 mortem
1471 3186 1856 3250 comminante,
1869 3187 2082 3242 diabolo
2104 3205 2229 3243 cou-

641 3272 892 3341 senSisti;
937 3269 1046 3329 Deo
1076 3270 1413 3345 disponente,
1445 3276 1645 3331 bonum
1684 3277 1955 3343 invenisti,
2000 3282 2228 3348 gratiam

643 3366 920 3433 accepisti.
961 3364 1005 3420 Ο
1033 3364 1321 3420 iucll'abilis
1362 3367 1770 3427 misericordia!
1810 3360 1896 3435 ubi
1943 3370 2227 3427 abundavit

653 3454 922 3521 delictum,
960 3448 1399 3525 superabundavit
1441 3467 1488 3511 et
1512 3461 1684 3528 gratia
1715 3460 1765 3531 (Ι
1794 3459 1924 3515 Tim.
1965 3479 2005 3527 ι,
2029 3462 2142 3533 Ut),
2173 3443 2232 3517 ut

643 3561 767 3602 cum
790 3547 1105 3604 satisfacere
1145 3566 1243 3619 pro
1269 3550 1423 3619 culpa
1456 3552 1634 3605 nullus
1668 3552 1891 3606 deberet
1919 3553 2020 3606 nisi
2047 3554 2229 3617 homo,

646 3636 827 3692 nullus
857 3638 1142 3696 absolvere
1164 3649 1377 3709 poterat
1396 3641 1496 3695 nisi
1529 3643 1687 3696 Deus.
1724 3641 1945 3696 Miserat
1975 3651 2033 3694 ut
2071 3644 2232 3697 homo

647 3726 827 3794 ﬂeret,
855 3724 944 3799 qui
972 3744 1093 3785 cum
1124 3746 1222 3800 pro
1250 3746 1308 3805 se
1333 3731 1407 3784 nil
1438 3732 1677 3797 deberet,
1707 3734 1987 3788 moriendo
2011 3747 2108 3802 pro
2133 3750 2234 3791 uo-

649 3815 735 3871 bis
765 3810 1018 3872 delictum
1043 3829 1288 3883 nostrum
1310 3818 1561 3875 solveret.
1590 3821 1877 3890 Propterea
1905 3822 2043 3877 Deus
2067 3818 2233 3887 earue

651 3903 925 3972 induitur;
957 3902 1048 3978 qui
1102 3917 1186 3963 est
1205 3908 1534 3978 .c0acipitur,
1561 3907 1802 3964 Verbum
1832 3912 2231 3982 iucorporatur,

644 3986 914 4052 Eternus
952 3997 1214 4064 nascitur,
1244 4000 1402 4069 panis
1429 3999 1737 4064 involvitur,
1771 4003 1823 4055 in
1851 4005 2112 4081 prteSepio
2140 4018 2237 4072 po-

646 4088 820 4155 nitur,
866 4089 1295 4157 circumciditur,
1354 4091 1681 4161 baptizatur,
1728 4095 1919 4156 esurit,
1953 4103 2228 4162 tentatur;

648 4172 821 4247 Deus,
859 4189 918 4234 ut
946 4179 1125 4249 homo,
1156 4183 1428 4247 venditur,
1459 4185 1692 4253 capitur,
1740 4178 1970 4251 tenetur,
2012 4168 2232 4271 ligatur,

2333 3023 2543 3074 meum;
2583 3019 2824 3064 extensa:
2870 3021 2997 3066 Slllll
3022 3027 3077 3066 ιιι
3124 3026 3289 3067 cruce
3336 3027 3530 3065 manus
3566 3020 3691 3074 ιυὲῗ,
3734 3018 3907 3064 exten-

2332 3096 2530 3161 deutur
2559 3096 2704 3167 inopi
2734 3112 2927 3153 manus
2964 3108 3260 3155 contractae
3289 3112 3484 3153 manus
3526 3113 3681 3153 mem.
3711 3094 3905 3153 (ἰουΒί

2298 3194 2458 3257 sunt
2483 3185 2656 3267 clavis
2683 3188 2847 3258 pedes
2897 3189 2995 3255 tui,
3027 3188 3328 3267 dirigentur
3376 3191 3430 3246 in
3476 3191 3700 3246 semitas
3728 3198 3892 3244 rectas

2332 3265 2497 3347 pedes
2522 3273 2734 3331 distorti
2772 3277 2935 3346 pedes
2976 3279 3104 3333 mei.
3147 3278 3404 3348 Apertum
3435 3287 3521 3333 est
3562 3278 3743 3334 lancea
3771 3276 3902 3332 latus

2335 3378 2507 3434 tuum,
2545 3368 2786 3437 aperiam
2834 3383 2935 3439 per
2961 3358 3357 3423 confessionem
3394 3381 3495 3422 eor
3532 3382 3714 3437 meum
3739 3374 3792 3420 ut
3824 3364 3901 3419 fa-

2334 3467 2450 3514 tear
2490 3459 2687 3517 vulnus
2716 3474 2916 3514 meum.
2948 3457 3239 3529 Angustias
3274 3454 3471 3513 'mortis
3498 3457 3720 3527 pertulit
3745 3465 3899 3512 totum

2333 3562 2531 3615 corpus
2562 3558 2730 3602 tuum.
2780 3539 2838 3602 ut
2866 3550 3169 3603 membrum
3215 3549 3372 3603 fieret
3415 3558 3565 3603 tuum
3601 3560 3783 3615 corpus
3804 3560 3900 3615 pu—

2337 3640 2534 3699 tridum
2573 3654 2771 3708 corpus
2796 3654 2996 3694 meum.
3045 3640 3090 3695 0
3136 3641 3275 3695 boue
3322 3640 3575 3706 Domine,
3603 3640 3725 3709 quid
3754 3637 3899 3694 retri—

2334 3727 2498 3780 buam
2523 3729 2618 3783 tibi
2649 3744 2746 3796 pro
2780 3726 2943 3784 tantis
2975 3730 3268 3794 beneﬁciis,
3294 3745 3394 3800 ego
3430 3730 3535 3784 vile
3559 3731 3883 3799 mancipium,

2334 3830 2526 3871 servus
2563 3817 2808 3871 inutilis?
2844 3818 3100 3874 Gandcbo
3142 3835 3210 3874 an
3242 3820 3437 3874 dolebo
3471 3819 3538 3874 de
3580 3830 3742 3874 morte
3780 3817 3895 3872 tua!

2333 3921 2469 3964 sane
2515 3919 2801 3976 utrumque
2833 3908 3048 3972 faciam,
3074 3910 3320 3979 gaudebo
3348 3911 3616 3982 siquidem
3645 3912 3709 3965 de
3741 3892 3892 3980 gratia

2338 3998 2602 4055 tradentis
2630 4007 2685 4052 et
2713 3998 2779 4052 de
2804 3998 3068 4053 cbaritatc
3099 3999 3381 4053 morientis
3415 4000 3564 4068 (litee
3593 4014 3659 4054 ex
3680 3986 3802 4053 med.
3829 3996 3887 4059 ll,

2339 4088 2414 4142 De
2458 4089 2691 4143 humana
2744 4090 3017 4158 adempt,
3040 4106 3110 4169 ορ.
3155 4072 3282 4154 2‘22,
3314 4089 3379 4142 2³
3411 4090 3593 4159 edit.).
3629 4090 3729 4143 Sed
3764 4088 3889 4157 prius

2305 4251 2313 4260 .
2337 4180 2527 4236 dolebo
2544 4182 2609 4236 de
2630 4170 2793 4259 causa
2820 4182 3032 4245 mortis,
3065 4182 3116 4235 id
3142 4191 3227 4236 est
3251 4181 3317 4236 de
3336 4183 3670 4236 conscientia
3694 4176 3884 4251 peccati,

629 4260 1008 4341 teonviciatur,
1037 4275 1341 4343 opprobriis
1378 4285 1674 4341 saturatur,
1725 4288 1880 4333 aceto
1909 4287 1961 4339 ct
1988 4254 2111 4335 felle
2140 4254 2238 4349 pi)-
2265 4254 2396 4354 c'et
2414 4254 2712 4327 condolebo
2740 4271 3013 4333 morienti.
3044 4271 3219 4327 Sinon
3243 4272 3474 4343 gaudeo,
3494 4271 3740 4343 ingratus
3754 4283 3880 4327 sum;

653 4364 819 4425 tatur,
866 4357 1035 4431 spinis
1062 4373 1372 4431 coronatur,
1407 4366 1550 4435 inter
1594 4366 1831 4435 latrones
1866 4382 2231 4441 computatur,

611 4518 619 4525 .
657 4460 831 4505 morte
861 4453 1167 4521 turpissima
1197 4455 1607 4521 condemnatur,
1631 4459 1777 4512 cruci
1801 4457 2053 4529 adigitur.
2093 4447 2265 4517 Ecce-

652 4532 923 4610 quomodo
947 4544 1161 4612 proprio
1184 4543 1438 4615 Filiqnon
1462 4547 1704 4616 pepercit
1727 4546 1887 4613 Deus,
1907 4550 1999 4603 sed
2025 4566 2122 4619 pro
2139 4568 2236 4617 no-

652 4629 738 4684 uis
768 4628 915 4684 illum
941 4622 1354 4701 tradiditUiom.
1377 4651 1496 4699 vm,
1523 4634 1636 4704 5‘2).
1662 4635 1705 4691 Ο
1727 4638 1899 4705 gratia
1926 4626 2191 4694 tradentis
2215 4640 2228 4693 !

651 4731 689 4774 ο
710 4713 883 4789 pietas
899 4721 1116 4776 mortis!
1136 4736 1169 4774 o
1185 4716 1320 4779 bone
1342 4723 1468 4780 Iesu
1489 4726 1500 4779 ι
1527 4741 1559 4780 o
1574 4726 1658 4796 pie
1676 4724 1799 4781 Jesu
1817 4728 1830 4781 ι
1851 4729 1977 4798 quid
2002 4731 2231 4786 tribuam

608 4874 619 4885 ι
657 4800 915 4879 tibi,quid
941 4808 1221 4866 sustinebo
1248 4827 1347 4881 pro
1375 4823 1425 4869 te
1453 4817 1544 4885 qui
1578 4825 1654 4870 tot
1680 4820 1735 4871 e't
1760 4826 1905 4887 tanta
1930 4812 2233 4876 sustinuisti

651 4913 752 4971 pro
767 4900 1157 4970 mezexbibitio
1182 4896 1360 4978 operis
1381 4908 1627 4976 probatio
1649 4896 2076 4982 eetdilectionisg
2094 4898 2233 4980 Quid

620 4990 787 5071 vergo
830 4988 1143 5066 faciamqui
1176 5007 1382 5053 tantum
1414 4999 1665 5068 indignus
1699 4994 1922 5072 accepi?
1958 5002 2084 5072 quid
2114 4994 2233 5057 red-

655 5078 825 5158 dam?
867 5082 995 5150 quid
1028 5078 1356 5154 rependam?
1407 5087 1606 5157 Accipe
1636 5091 1778 5158 quod
1818 5102 1963 5144 tuum
1994 5101 2100 5157 est,
2150 5092 2237 5148 fac

653 5166 733 5224 de"
763 5169 922 5241 servo
944 5166 947 5173 ’
971 5181 1061 5228 tuo
1089 5176 1245 5251 ‘quod
1278 5175 1369 5230 tibi
1401 5176 1606 5247 placet;
1664 5192 1771 5231 non
1797 5178 1966 5234 debeo
2004 5179 2098 5235 tibi
2137 5176 2234 5234 au-

2342 4362 2387 4417 si
2419 4378 2526 4418 non
2571 4363 2746 4429 doleo,
2778 4363 3013 4417 crudelis
3046 4377 3180 4445 sum
3200 4378 3245 4441 ,ε
3299 4363 3393 4418 sed
3422 4362 3552 4432 quia
3598 4372 3795 4431 tempus
3819 4364 3883 4410 ιιι

2338 4450 2500 4507 ﬂendi
2548 4462 2842 4522 antequam
2903 4453 3133 4515 ridendi,
3184 4452 3401 4506 ambulo
3462 4452 3639 4509 tristis
3691 4449 3880 4506 demisso

2310 4542 2538 4611 ’capite,
2571 4550 2626 4597 et
2669 4542 3016 4597 assimilabor
3044 4543 3283 4612 passioni
3335 4552 3459 4598 tute.
3496 4541 3725 4598 Ferrum
3758 4539 3881 4611 igitur

2339 4633 2607 4702 passionis
2658 4642 2762 4687 tua:
2788 4631 3132 4702 pertranseat
3172 4633 3408 4688 animam
3457 4626 3658 4695 meam,
3701 4640 3749 4686 et
3780 4641 3880 4684 crux

2343 4733 2431 4778 tua
2481 4725 2774 4794 suspendat
2803 4712 3298 4794 concupiscentiam
3347 4741 3548 4780 meam.
3600 4725 3799 4791 Couﬁge
3831 4721 3881 4772 li-

2306 4804 2313 4813 ’
2337 4830 2482 4870 more
2509 4825 2601 4868 tuo
2628 4832 2811 4869 carnes
2829 4832 2991 4880 utens,
3024 4825 3081 4869 ut
3111 4832 3214 4872 non
3242 4831 3361 4871 eam
3384 4825 3507 4886 post
3538 4808 3880 4885 concupiscen-

2302 4964 2311 4975 .
2341 4905 2445 4962 tias
2477 4920 2643 4962 meas.
2700 4904 2963 4961 Mortilica
3003 4907 3055 4961 in
3088 4921 3253 4962 carne
3285 4922 3407 4962 mea
3452 4905 3698 4961 stimulos
3738 4899 3881 4957 carnis

2337 5009 2636 5066 omnesque
2666 4994 2984 5051 libidinosas
3012 4994 3425 5059 counnotiones,
3457 5004 3515 5050 et
3558 4995 3625 5049 da
3662 4990 3779 5048 mibi
3806 5000 3880 5039 vc-

2338 5074 2558 5145 ramet
2606 5080 2925 5159 perpetuam"
2968 5089 3273 5144 castitatem
3323 5080 3397 5143 et
3427 5087 3593 5143 vitam
3638 5092 3882 5140 aeternam-

2333 5182 2528 5236 Amen.

834 5355 837 5405 ζ
1229 5330 1232 5334 Δ
1340 5349 1352 5408 ζ
1922 5322 2173 5390 ὛΑΒΙΛΕ
2192 5334 2595 5394 LECTIONES.

622 5486 629 5493 .
720 5433 772 5519 ’⁸
792 5436 935 5515 L69.
959 5442 1193 5522 caulem,
1218 5458 1307 5518 aut
1336 5447 1484 5503 aliud
1505 5448 1676 5506 simile
1700 5450 1927 5525 verbum.
2005 5450 2051 5485 ’°
2079 5426 2235 5509 Deest
2272 5430 2480 5511 verbum
2500 5445 2769 5522 contraxi,
2799 5460 2890 5508 aut
2913 5454 3061 5507 miua
3084 5449 3275 5507 umilr.
