4060 6292
206 267 299 325 677

1215 251 1658 314 EXHORTATIO
1686 254 1778 308 AD
1816 251 2205 308 CONTEMPT.
2246 250 2449 306 TEMP.
2496 266 2497 269 ‘

3354 265 3358 269 ‘
3375 251 3481 310 678

212 390 3451 423 Mm

1049 523 1765 702 εΑιιιοτι,
1846 434 2666 637 amemur

1478 748 2278 886 EXHORTATIO

507 974 711 1100 AD
802 972 1890 1137 CONTEMPTUM
2006 966 3163 1153 TEMPORALIUM

1818 1222 1897 1262 ET

1132 1336 1775 1505 DESIDERIUM
1825 1320 2486 1471 IETERNORUM

280 1629 422 1697 Quid
447 1626 583 1697 agis,
611 1640 644 1680 ο
685 1623 895 1679 homo?
932 1621 1059 1691 quid
1090 1619 1242 1691 quasi
1274 1618 1575 1687 iumentum
1616 1632 1797 1672 versa-
1822 1622 1873 1677 Α
1901 1626 1951 1670 et
1978 1614 2179 1685 ingenti
2202 1613 2519 1670 confusione
2550 1615 2828 1685 depressa,
2875 1624 3111 1673 tremens
3136 1619 3188 1673 in
3218 1618 3305 1673 illa
3353 1618 3489 1674 hora

211 1721 285 1772 ris
317 1720 370 1770 in
414 1713 654 1769 mundo?
684 1712 993 1782 Sapientem
1022 1719 1077 1765 et
1106 1710 1462 1765 discretoretn
1511 1707 1721 1761 creavit
1745 1715 1797 1760 te

213 1806 494 1859 Dominus.
532 1803 610 1857 Ne
650 1802 937 1857 assimilari
968 1800 1103 1856 velis
1144 1800 1211 1854 iis
1241 1799 1438 1869 quibus
1485 1799 1633 1852 deest
1674 1814 1801 1867 pru-

211 1894 396 1951 dentia
424 1910 439 1958 ;
468 1891 704 1961 invigila,
722 1906 755 1945 o
778 1889 1110 1945 miserande!
1138 1888 1398 1942 miserere
1422 1886 1517 1939 lui.
1548 1884 1802 1963 EstoSa-

211 1984 389 2051 piens.
416 1982 643 2051 Propter
675 1991 726 2035 te
756 1981 895 2035 Deus
935 1978 1184 2033 excelsus
1210 1977 1276 2031 de
1310 1974 1463 2030 caelis
1492 1974 1711 2027 advenit
1742 1980 1802 2026 ιιι

212 2083 263 2127 te
285 2087 318 2125 a
354 2071 585 2125 terrenis
606 2069 843 2124 elevaret
867 2068 935 2122 ad
964 2066 1184 2121 caelum.
1348 2072 1351 2079 ‘

282 2162 339 2216 In
375 2162 578 2232 nuptiis
607 2152 847 2214 cmlestis
889 2158 1083 2226 Sponsi
1116 2163 1337 2209 vocatus
1359 2169 1441 2217 es,
1473 2153 1660 2207 homo.
1693 2152 1804 2206 Cur

210 2252 522 2308 contemnis
543 2290 557 2311 ,
581 2261 635 2303 et
664 2249 937 2315 indignum
968 2257 1020 2300 te
1047 2246 1314 2301 exhibes?
1338 2243 1618 2310 Quomodo
1641 2242 1806 2294 intra-

213 2342 295 2393 bis
325 2340 397 2392 ad
448 2334 686 2404 nuptias,
722 2336 886 2389 dicito
931 2336 1082 2399 mihi,
1124 2340 1239 2389 non”
1274 2334 1480 2387 habens
1515 2331 1805 2401 pretiosam

211 2439 448 2490 vestem,
482 2441 581 2478 nec
603 2425 900 2492 lampadem
931 2424 1282 2493 refulgentcm
1307 2424 1330 2477 ?
1358 2422 1508 2477 llabe
1548 2421 1807 2475 mundum

210 2519 363 2581 odio,
396 2517 480 2570 fac
513 2510 919 2568 meditationem
949 2522 1091 2566 tuam
1118 2514 1169 2566 in
1198 2514 1331 2567 Deo.
1360 2513 1657 2566 Exsecrare
1698 2522 1810 2561 ma-

212 2611 393 2662 litiam
420 2619 476 2663 et
502 2615 875 2665 oeccatum.et
892 2606 1052 2673 dilige
1074 2606 1361 2675 benignum
1390 2603 1808 2670 Redemptorem

215 2707 373 2751 tuum

292 2791 566 2844 Conserva
615 2796 667 2841 te
717 2788 768 2842 in
802 2786 991 2853 terris;
1031 2786 1171 2841 sicut
1215 2785 1459 2854 angelus,
1492 2793 1676 2838 castos
1721 2782 1809 2850 ju-

216 2883 366 2952 giter
413 2895 478 2933 ac
517 2888 736 2933 sanctos
777 2879 917 2933 habe
956 2879 1243 2948 cogitatus.
1278 2877 1580 2931 Emendare
1613 2890 1643 2928 a
1680 2889 1809 2943 per-

1902 1705 2252 1760 contabescat
2289 1719 2355 1760 ex
2395 1705 2685 1762 formidine
2715 1709 2899 1762 nimia.

1972 1797 2122 1860 Esto,
2159 1798 2454 1860 insensate,
2496 1813 2713 1867 semper
2764 1808 3027 1869 paratus;
3058 1801 3217 1870 vigila
3258 1800 3395 1853 liber
3419 1800 3487 1853 ab

1902 1885 2050 1940 omni
2076 1885 2207 1939 faece
2240 1894 2481 1951 terrena;
2517 1888 2744 1941 observa
2774 1890 2913 1955 utab
2943 1890 3193 1942 omnibus
3223 1888 3492 1943 scandalis

1903 1989 1966 2027 ac
1988 1974 2409 2044 cogitationibus
2442 1976 2768 2045 turpissimis
2787 1978 3018 2030 eruaris.
3050 1977 3179 2030 Esto
3205 1977 3483 2045 providus,

1905 2063 2202 2128 insensate,
2226 2065 2468 2118 excitare
2519 2081 2550 2118 a
2584 2080 2773 2119 sonmo
2821 2066 3096 2135 nequitiac.
3148 2065 3204 2119 Si
3248 2064 3493 2118 visress‘e

1888 2155 2164 2227 etelestis,
2217 2170 2434 2224 semper
2489 2170 2609 2223 quae
2656 2166 2869 2211 terrena
2923 2167 3049 2212 sunt
3103 2150 3399 2211 exsecrare
3438 2164 3494 2209 et

1907 2244 2144 2313 despice.
2199 2244 2567 2301 Perfectorum
2600 2248 2847 2316 exempla
2880 2258 3113 2312 sectare,
3148 2258 3207 2301 ut
3236 2250 3302 2301 ad
3331 2263 3491 2316 para-

1908 2336 2085 2389 disum
2132 2336 2450 2390 deliciarum
2501 2346 2556 2391 et
2605 2339 3016 2393 desiderabilem
3066 2339 3350 2409 pervenias
3390 2350 3515 2408 par

1912 2428 2072 2481 triam
2106 2428 2480 2482 sacerdotum.
2630 2441 2635 2445 ’
2822 2440 2841 2469 ω

1980 2517 2160 2585 Quare
2184 2518 2345 2573 odisti
2378 2521 2545 2574 vitam
2573 2528 2748 2584 tuam,
2776 2521 3118 2575 miserande’?
3132 2520 3269 2587 Quid
3292 2523 3496 2591 pretio-

1909 2608 2022 2663 sius
2050 2609 2232 2662 anima
2264 2618 2353 2663 ttta
2395 2610 2625 2678 quasris,
2662 2610 3066 2665 intidelissime?
3096 2612 3330 2674 Accede,
3375 2627 3498 2681 pro-

1909 2715 2059 2770 pera,
2090 2710 2383 2769 antequam
2428 2700 2710 2754 claudatur
2753 2702 2950 2755 ostium
2982 2701 3332 2769 ptenitentite.
3380 2701 3501 2757 La:-

1912 2790 2057 2844 tilica
2112 2789 2386 2844 caelestem
2443 2792 2736 2845 exercitum
2796 2793 2848 2845 in
2915 2802 3003 2845 tua
3068 2794 3508 2848 conversatione.

1922 2900 1925 2903 δ
1978 2880 2282 2953 Exspectat!
2306 2881 2549 2935 medicus
2579 2882 2761 2936 videre
2791 2882 3056 2953 lacrymas
3102 2893 3238 2939 tuas.
3268 2885 3499 2948 Accede,

219 2972 402 3025 versis
445 2970 879 3039 cogitationibus,
909 2984 975 3023 ne
1013 2969 1195 3023 mundi
1237 2968 1529 3038 impliceris
1573 2968 1806 3023 actibus.
1840 2963 1885 3022 B
1915 2970 2022 3024 noli
2060 2972 2271 3026 timere.
2302 2970 2541 3025 Ostende
2580 2971 2773 3025 vulnus
2804 2980 2974 3034 tuum,
2999 2986 3056 3027 et
3081 2974 3217 3029 olfer
3267 2975 3502 3029 medica-
3544 3012 3547 3013 ν

216 3062 423 3116 Libera
472 3060 713 3113 animum
742 3068 890 3113 tutttn
930 3074 995 3114 ex
1025 3058 1193 3128 hujus
1236 3059 1420 3113 mundi
1455 3059 1684 3128 negotiis
1721 3072 1816 3111 va-

222 3150 471 3206 nissimis
494 3165 559 3203 ex
592 3150 820 3217 integro,
838 3159 895 3202 ιιι
915 3164 1078 3218 super
1107 3150 1274 3204 caelos
1290 3151 1570 3204 coroneris
1593 3164 1623 3201 a
1654 3148 1815 3203 Chri-

184 3228 336 3297 Asto.
398 3241 527 3295 Esto
586 3240 729 3295 velut
784 3240 955 3296 nubes
1019 3242 1086 3296 ad
1138 3242 1520 3310 proferendam
1581 3241 1817 3309 pluviam

224 3333 624 3402 lacrymarum.
650 3340 709 3385 ut
744 3331 921 3400 possis
950 3331 1294 3401 exstinguere
1333 3330 1581 3385 ﬂammas
1624 3344 1821 3398 pecca-

190 3420 195 3424 “
227 3436 433 3480 torum.

304 3513 612 3569 Recordare
638 3513 780 3569 illius
820 3512 926 3567 diei
957 3512 1276 3576 tremendae;
1319 3526 1529 3581 appone
1579 3510 1819 3566 remedia

226 3604 551 3658 vulneribus
572 3605 769 3658 animte
802 3612 925 3657 tute.
952 3600 1179 3657 Ambula
1220 3602 1453 3656 viriliter
1481 3602 1534 3656 in
1568 3602 1683 3672 lege
1717 3603 1822 3657 Do-

230 3696 404 3759 mini;
438 3693 522 3747 fac
547 3695 748 3764 jugiter
777 3694 1107 3749 mansionem
1143 3693 1480 3763 profectuum
1514 3708 1610 3761 per
1638 3694 1821 3748 since-

232 3800 355 3838 ram
408 3784 567 3838 !ldem
609 3792 771 3851 atque
816 3782 1157 3838 charitatem.
1193 3783 1392 3838 Cresce
1441 3783 1681 3852 quotidie
1728 3796 1825 3850 per

228 3874 576 3942 disciplinam
608 3874 661 3927 in
695 3874 1045 3939 continentia,
1089 3874 1292 3928 habens
1334 3888 1482 3941 spem
1514 3882 1719 3927 certam
1749 3875 1797 3926 vi

232 3964 402 4019 dendi
429 3963 713 4017 Dominum
746 3963 798 4016 in
830 3964 1075 4018 claritate
1105 3979 1221 4026 sua,
1252 3972 1305 4016 et
1332 3977 1517 4031 regno,
1545 3971 1598 4013 et
1627 3960 1821 4028 gloria.

233 4055 386 4108 Cave
412 4053 481 4107 ab
506 4055 679 4107 otioso
706 4054 888 4119 verbo,
922 4068 990 4108 ne
1018 4054 1237 4107 recedas
1256 4067 1286 4103 a
1314 4052 1513 4104 Christi
1547 4051 1820 4104 mandato.

231 4146 435 4200 Planta
466 4152 660 4200 bonam
696 4146 1078 4214 plantationetn
1103 4146 1155 4198 in
1184 4145 1344 4197 corde
1368 4152 1458 4196 tuo
1483 4152 1536 4194 et
1564 4142 1616 4194 in
1644 4143 1823 4195 anima

1918 3068 2159 3114 mentum
2198 3062 2562 3131 lacrymarutn
2598 3069 2651 3114 et
2686 3060 2927 3115 ﬂetuum.
2965 3062 3104 3117 Ecce
3132 3072 3377 3129 apertum
3419 3071 3509 3117 est

1915 3152 2117 3207 ostium
2159 3153 2510 3221 poenitentize.
2548 3151 2804 3205 Accelera
2858 3152 3167 3221 priusquam
3204 3153 3501 3206 claudatur.

2000 3224 2247 3306 Efl’unde,
2269 3240 2394 3293 dum
2425 3251 2635 3309 tempus
2656 3250 2762 3305 est,
2799 3239 3086 3309 lacrymas,
3113 3257 3178 3294 ne
3208 3242 3258 3294 in
3281 3241 3384 3295 alio
3407 3256 3508 3295 sre-

1921 3330 2042 3384 cnlo
2071 3332 2187 3384 sine
2231 3332 2464 3385 utilitate
2501 3333 2744 3399 plangas.
2782 3330 2879 3385 Hic
2920 3331 3062 3385 enim
3111 3331 3504 3395 misericordia,

1920 3419 1995 3473 ibi
2017 3418 2279 3487 judicium
2308 3436 2322 3485 ;
2350 3421 2435 3475 hic
2468 3420 2745 3489 voluptas,
2765 3419 2838 3473 ibi
2869 3428 3138 3475 tormenta
3166 3437 3181 3486 ;
3223 3421 3309 3476 hic
3342 3422 3506 3485 risus,

1924 3511 1995 3565 ibi
2022 3526 2152 3565 vero
2197 3511 2379 3576 fletus;
2412 3512 2499 3566 hic
2546 3521 2769 3575 cantus,
2803 3511 2874 3565 ibi
2926 3511 3067 3581 ignis
3096 3522 3371 3575 aeternus;
3418 3513 3508 3567 hic

1922 3612 2146 3658 ornatus
2175 3604 2426 3666 vestium,
2470 3604 2540 3657 ibi
2586 3605 2859 3659 cruciatus
2886 3604 3179 3669 vermium;
3211 3605 3297 3659 hic
3322 3603 3506 3668 elatio,

1924 3696 1995 3750 ibi
2030 3694 2349 3749 humiliatio.
2377 3694 2672 3749 llttmiliare
2697 3711 2826 3765 ergo
2856 3696 2909 3749 in
2939 3697 3069 3759 vita,
3095 3710 3162 3750 ne
3193 3697 3243 3749 in
3272 3697 3509 3752 tenebris

1924 3787 2286 3840 exterioribus
2320 3787 2721 3841 condemneris.
2753 3786 2868 3841 Non
2910 3802 3041 3855 ergo
3073 3787 3309 3841 oblectet
3342 3796 3393 3840 te
3421 3789 3509 3843 hic

1927 3885 2138 3951 terrena
2169 3876 2473 3938 delectatio,
2516 3890 2583 3928 ne
2612 3875 2681 3928 ibi
2718 3874 2791 3927 sit
2817 3890 3003 3929 amara
3044 3874 3367 3942 deploratio.

1996 3966 2126 4032 Quis
2152 3981 2255 4020 non
2295 3966 2517 4036 plangat
2542 3981 2661 4030 nos,
2690 3974 2743 4020 et
2772 3966 2892 4034 quis
2913 3981 3017 4020 non
3039 3966 3233 4019 defleat
3262 3966 3285 4019 ?
3313 3966 3510 4019 Ddien-

1926 4068 2009 4114 tes
2035 4059 2221 4123 vitam,
2267 4058 2539 4128 diligimus
2567 4066 2815 4112 mortem.
2853 4056 2991 4123 Quid
3037 4056 3309 4112 excelsius
3348 4066 3511 4128 atque

1898 4147 2389 4219 .magnificentius,
2417 4163 2580 4216 quam
2620 4162 2877 4204 exercere
2919 4160 3186 4212 mentem,
3237 4149 3304 4202 ad
3342 4148 3512 4202 servi-

234 4254 360 4306 tua,
389 4245 617 4299 virtutes
651 4226 880 4307 scilicet,
911 4251 966 4296 et
994 4242 1109 4293 vias
1155 4246 1465 4293 sanctorum
1498 4226 1746 4300 Patrum,
1771 4243 1827 4292 et
1865 4278 1909 4307 _»
1932 4247 2101 4293 tutem
2144 4238 2387 4306 redigere
2424 4250 2663 4301 carnem,
2688 4247 2744 4292 ut
2789 4239 3009 4295 obediat
3057 4239 3223 4293 animi
3261 4238 3508 4307 imperio,

232 4338 354 4392 Deo
390 4336 719 4406 placentium
754 4333 1117 4389 sacerdotum.

318 4426 525 4481 Memor
546 4435 688 4489 esto,
738 4422 1080 4484 miserabilis,
1129 4420 1251 4491 quia
1285 4420 1336 4473 in
1380 4420 1557 4473 medio
1600 4419 1824 4487 laqueo-

235 4534 365 4572 rum
418 4518 615 4572 diaboli
655 4515 917 4579 ambulas.
962 4514 1188 4584 Evigilo,
1224 4528 1288 4567 ne
1328 4514 1381 4575 in
1434 4516 1621 4568 mortis
1671 4513 1829 4567 bara-

236 4611 434 4664 thrum
488 4610 717 4664 incidas.
752 4608 829 4662 Ne
880 4617 931 4662 te
971 4606 1255 4661 arbitreris
1306 4605 1396 4658 diu
1448 4606 1714 4659 victurum
1775 4606 1826 4657 in

204 4702 414 4771 .terris
439 4717 453 4762 ;
486 4716 554 4755 ne
576 4717 672 4770 pro
714 4703 815 4755 hoc
837 4701 1040 4755 diutius
1065 4699 1117 4752 in
1147 4697 1302 4751 malis
1330 4696 1540 4750 actibus
1570 4697 1827 4750 itnmore-
1900 4722 1903 4723 ν

235 4792 349 4845 ris.
397 4789 669 4844 Christum
702 4804 915 4859 semper
965 4803 1149 4850 exora,
1183 4796 1242 4839 ut
1288 4794 1429 4839 totus
1457 4784 1680 4839 affectus
1712 4795 1834 4840 tuus

233 4880 581 4943 fructificet;
617 4888 674 4932 ut
702 4879 837 4933 bona
868 4886 1006 4932 terra
1034 4887 1089 4932 et
1116 4877 1315 4946 optima
1353 4876 1423 4929 sit
1445 4874 1745 4940 fructifera,
1781 4884 1837 4930 et

190 4996 191 4999 η
238 4972 363 5025 Deo
393 4968 768 5037 acceptissima
804 4968 909 5021 vita
941 4976 1051 5021 tua.

323 5050 535 5113 llabeto
574 5068 698 5114 ante
734 5059 920 5113 oculos
953 5068 1073 5112 tuos
1112 5058 1250 5112 diem
1278 5059 1455 5112 exitus
1488 5058 1592 5121 tui;
1642 5056 1832 5112 festina

234 5154 299 5205 in
330 5150 424 5203 illa
449 5149 578 5202 hora
610 5148 729 5203 sine
749 5160 968 5217 peccato
992 5148 1242 5211 inveniri,
1264 5157 1320 5201 ut
1346 5149 1397 5202 in
1430 5149 1516 5201 die
1539 5146 1835 5202 vocationis

235 5251 359 5294 tua:
388 5238 567 5291 anima
607 5247 693 5291 tua
735 5238 1060 5292 conscendat
1103 5238 1170 5291 ad
1208 5237 1395 5301 Deum,
1422 5248 1607 5292 evecta
1650 5236 1836 5292 ofliciis

182 5400 185 5403 _
230 5327 592 5396 angelorum.
626 5326 832 5381 Habeto
854 5327 978 5381 odio
1006 5327 1147 5401 hunc
1183 5327 1471 5391 mundum;
1506 5327 1833 5397 Redempto-

234 5431 375 5472 rcrn
425 5426 576 5477 tuum
615 5425 722 5470 toto
752 5416 948 5491 mentis
975 5415 1244 5470 desiderio
1275 5414 1454 5483 dilige.
1502 5415 1616 5470 Non
1667 5415 1837 5488 negli-

178 5570 181 5573 γ
229 5517 352 5580 gat
379 5505 563 5559 anima
605 5516 721 5571 tua;
755 5521 852 5561 nec
878 5506 1178 5561 obieetetur
1217 5506 1499 5561 dulcedine
1545 5523 1608 5563 ac
1655 5509 1835 5563 suavi-

231 5609 370 5656 tate
409 5596 724 5667 laqueorum
756 5598 954 5653 diaboli
1010 5598 1305 5662 mortifera,
1334 5615 1398 5653 ne
1421 5599 1573 5667 plena
1600 5602 1835 5669 peccatis

1854 4299 1904 4363 (ἶ
1933 4328 2175 4383 consiliis
2221 4299 2575 4396 obtemperet,
2629 4299 2855 4399 impigre
2900 4338 3228 4399 exsequatur
3266 4299 3513 4400 proposi;

1932 4428 2043 4476 tum
2090 4421 2255 4475 animi
2306 4435 2368 4475 ac
2404 4420 2756 4476 voluntatem.
2803 4420 2935 4487 Quis
2987 4432 3169 4479 autem
3226 4422 3515 4492 jucundior

1929 4514 2083 4568 cibus
2113 4529 2276 4583 quam
2323 4513 2653 4569 voluntatem
2691 4513 2786 4569 Dei
2830 4512 3042 4580 facere,
3072 4515 3272 4571 virtute
3316 4514 3517 4571 mentis

1930 4605 2441 4675 impetus'superare
2465 4604 2700 4661 diaboli?
2986 4646 2989 4651 .
3112 4638 3113 4641 η
3502 4678 3505 4679 ν

2001 4692 2239 4761 Quisque
2265 4694 2499 4762 seipsum
2521 4694 2727 4758 vinc'at,
2765 4694 2901 4749 iram
2937 4697 3238 4759 contineat,
3267 4682 3428 4750 nullis
3452 4694 3516 4749 ilo

1934 4782 2161 4838 lecebris
2187 4783 2509 4838 emolliatur.
2550 4783 2666 4838 Non
2704 4786 3057 4854 perturbetur
3081 4786 3323 4840 adversis
3353 4824 3368 4849 ,
3406 4784 3513 4839 neu

1940 4874 2093 4944 191
2126 4874 2417 4930 extollatur
2461 4875 2754 4944 prosperis,
2810 4890 2913 4930 nec
2957 4875 3109 4944 quasi
3148 4882 3308 4927 vento
3330 4875 3520 4927 varia-

1940 4979 2055 5017 rum
2099 4978 2278 5017 rerum
2308 4963 2725 5020 circumferatur
2755 4964 3074 5018 mutatione.
3121 4963 3348 5031 Reputa,
3390 4965 3518 5019 cha-

1940 5057 2172 5121 risslme,
2209 5057 2261 5110 in
2295 5058 2576 5126 temetipso
2608 5057 2736 5125 quid
2779 5056 2971 5109 melius
3011 5056 3114 5119 est,
3162 5056 3215 5108 in
3267 5056 3517 5123 praesenti

1939 5147 2135 5202 saeculo
2172 5162 2269 5216 pro
2311 5149 2545 5217 peccatis
2591 5146 2845 5216 plangere
2876 5162 2940 5202 ac
2991 5147 3234 5201 crebrius
3262 5161 3517 5213 exorare,

1940 5248 2034 5292 aut
2063 5238 2115 5292 in
2162 5240 2285 5308 igne
2321 5249 2522 5293 aeterno
2554 5239 2672 5292 sine
2708 5237 2893 5307 aliqua"
2930 5238 3162 5292 utilitate
3192 5237 3411 5293 deﬂere.

2010 5328 2119 5384 Cur
2146 5329 2373 5384 tabescit
2398 5329 2570 5383 virtus
2595 5318 2869 5382 animitui
2898 5328 3093 5384 affectu
3137 5344 3200 5382 ac
3250 5327 3523 5383 desiderio

1908 5474 1909 5479 η
1942 5422 2229 5493 pereuntis
2259 5420 2483 5475 mundi?
2510 5419 2669 5474 Eleva
2701 5422 3040 5495 mentem‘ad
3087 5418 3520 5475 intcSIimabilem

1942 5522 2159 5568 aeterna:
2185 5511 2460 5567 felicitatis
2491 5510 2809 5577 claritatem,
2841 5527 3000 5582 quam
3028 5513 3234 5567 oculus
3279 5526 3385 5567 non
3442 5504 3525 5563 vi-

1949 5603 2050 5667 dit,
2079 5617 2178 5657 nec
2206 5602 2355 5656 auris
2380 5602 2604 5668 audivit,
2646 5620 2808 5675 quam
2852 5605 3173 5676 prtcparavit
3225 5605 3364 5660 Deus
3404 5600 3524 5657 dili-
