4060 6292
588 295 694 354 679

915 294 977 351 S.
1012 290 1313 349 ANSELMl
1351 286 1698 345 CANTUAR.
1740 285 2059 341 ARCIIIEP.
2101 282 2255 340 OPP.
2296 264 2474 339 PARS
2510 281 2573 336 ll.
2614 309 2683 322 -
2712 280 3082 338 PARENET.
3120 278 3210 336 ET
3247 280 3496 338 ASCET.

3760 277 3867 339 680

590 407 841 479 gentibus
891 420 951 460 se
995 403 1046 472 (1
1092 402 1213 458 Cor.
1239 416 1299 465 ιι,
1330 400 1408 469 9).
1441 397 1844 454 Continentiam
1901 394 2174 450 habetoin
2201 397 2250 458 Α
2279 392 2470 448 culari.
2498 392 2686 447 Melius
2705 402 2791 448 est
2812 392 3046 447 animam
3068 391 3343 449 cﬂ'undere
3392 406 3555 462 quam
3607 406 3733 448 eam
3772 408 3868 464 per

590 496 797 568 lingua,
828 491 1215 548 continentiam
1253 489 1305 542 in
1351 495 1593 556 aspectu,
1619 486 1671 539 iu
1696 486 1837 545 cibo,
1883 484 1935 538 in
1964 483 2174 549 habitu,

592 575 661 635 in'
678 580 937 651 cogitatu,
965 580 1017 633 in
1058 578 1195 641 risu,
1227 574 1508 631 utathleta
1540 574 1634 630 Dei
1670 573 2103 644 perfectissimus
2124 572 2199 631 in.

592 672 842 727 omnibus
865 668 1274 724 demonstreris.
1314 665 1485 720 Stude
1508 679 1617 733 pra!
1660 664 1913 719 omnibus
1959 652 2027 717 ne
2081 661 2179 716 ha-

593 760 722 815 beas
754 758 1027 812 inimicum
1060 765 1259 826 praeter
1289 753 1581 808 diabolum.

663 848 803 915 Quid
834 848 930 901 tibi
968 861 1162 899 munus
1188 846 1446 914 prodesse
1469 847 1672 911 potest,
1698 840 1739 894 si
1769 838 1887 907 ejus
1917 837 2180 893 sollicitu-

500 1008 503 1011 ἢ
594 936 812 992 diuibus
862 935 1169 1005 colligaris?
1200 933 1336 1000 Quid
1361 932 1611 1000 acquires
1635 932 1702 985 de
1756 930 1977 1000 pretiosi
2019 928 2182 983 veSIio

594 1027 762 1081 menti
791 1042 963 1088 cura,
1022 1026 1121 1081 nisi
1173 1034 1375 1078 aeterna
1423 1022 1719 1092 supplicia?
1782 1021 1918 1088 Quid
1973 1030 2182 1075 tumore

594 1116 912 1170 elevationis
939 1114 1172 1168 inﬂaris?
1199 1114 1328 1180 Quis
1351 1129 1456 1167 non
1479 1112 1862 1166 contremiscat
1879 1151 1894 1176 ,
1924 1110 2183 1165 lamente-

596 1216 683 1262 tur
714 1218 769 1261 et
790 1207 992 1276 lugeat,
1026 1221 1149 1260 cum
1183 1206 1235 1259 in
1268 1213 1562 1273 conspectu
1596 1204 1917 1273 angelorum
1967 1211 2021 1256 et
2080 1204 2181 1257 ho-

597 1297 799 1350 minum
824 1296 1035 1350 occulta
1084 1304 1265 1349 nostra
1317 1293 1850 1348 manifestabuntur?
1893 1293 2001 1346 Cur
2028 1291 2183 1346 malis

598 1386 812 1439 actibus
842 1387 947 1439 tuis
976 1385 1269 1441 contristas
1294 1394 1502 1454 patrem
1526 1383 1852 1452 piissimum,
1886 1381 2182 1443 insensate,

598 1477 687 1548 qui
715 1480 769 1532 te
796 1477 848 1533 in
889 1476 1121 1532 filiorum
1152 1490 1378 1531 numero
1427 1475 1678 1543 dignatus
1722 1480 1804 1525 cst
1845 1469 2183 1539 computare?

670 1569 903 1623 Prohibe
928 1586 956 1622 a
990 1568 1131 1622 malo
1163 1568 1401 1637 linguam
1434 1577 1602 1630 tuam,
1634 1563 2096 1633 inquirc‘paccm,
2131 1570 2185 1616 et

599 1675 828 1729 sequere
848 1675 967 1714 eam
1005 1657 1181 1729 (Paul.
1208 1672 1403 1721 χχχιιι,
1430 1654 1539 1724 Η),
1566 1668 1633 1707 ne
1658 1654 1904 1707 irritatus
1927 1652 2185 1705 Dominus

2282 482 2733 537 incontinentiam
2765 483 3014 552 perdere.

2350 556 2583 629 Castitas
2609 572 2884 628 hominem
2913 573 3024 627 Deo
3046 571 3351 642 proximum
3380 572 3581 637 reddit,
3641 572 3871 631 castitas

2279 662 2484 718 homini
2510 663 2679 718 Deum
2708 662 3014 734 proximum
3041 661 3195 727 facit,
3226 662 3391 717 castis
3430 677 3653 732 regnum
3702 663 3870 719 celo-

2281 768 2399 809 rum
2430 754 2784 823 promittitur.
2810 752 2969 820 Quod
2998 753 3041 808 si
3072 752 3251 808 adhuc
3276 750 3458 807 carnis
3486 751 3735 807 stimulis
3758 763 3873 807 tan-

2278 842 2448 914 geris,
2474 843 2518 898 si
2541 844 2719 897 adhuc
2776 842 3016 897 libidinis
3046 842 3391 913 suggestione
3438 842 3705 911 pulsaris;
3763 857 3875 897 me-

2282 934 2513 989 moriam
2539 934 2731 989 mortis
2754 934 2853 989 tibi
2875 932 3075 1002 objlce,
3129 934 3271 987 diem
3302 930 3483 986 exitus
3509 932 3582 984 tui
3613 946 3873 1002 prapone,

2284 1025 2445 1081 ﬁnem
2477 1025 2600 1080 vitae
2628 1035 2755 1079 ante
2778 1024 2998 1081 occulos
3030 1034 3151 1079 tuos
3212 1022 3433 1078 adhibe.
3483 1022 3738 1092 Propone
3785 1022 3875 1076 tibi

2284 1113 2521 1169 futurum
2542 1112 2805 1180 judicium
2836 1124 2891 1169 et
2922 1113 3101 1167 futura
3150 1121 3446 1176 tormenta,
3499 1125 3752 1181 propone
3785 1111 3874 1165 tibi

2286 1206 2617 1261 infernarum
2643 1214 2934 1289 perpetuos
2959 1206 3131 1275 ignes,
3159 1220 3404 1276 propone
3454 1204 3551 1259 tibi
3603 1206 3867 1275 gehennae

2284 1310 2473 1365 pinnas
2505 1294 2813 1350 horribiles.

2357 1386 2464 1441 Ora
2490 1401 2610 1439 cum
2644 1386 2900 1457 lacrymis
2926 1387 3318 1450 indesinenter,
3344 1385 3673 1457 oraiugiter,
3693 1383 3882 1442 insiste

2286 1478 2521 1531 orationi
2549 1477 2881 1545 frequenter.
2914 1478 3147 1532 Precare
3186 1478 3354 1531 Deum
3404 1478 3593 1531 diebus
3614 1493 3682 1531 ac
3710 1478 3881 1532 nocti-

2286 1569 2408 1630 bus,
2440 1570 2688 1623 incumbe
2711 1571 2941 1624 orationi
2973 1569 3210 1635 assidue,
3234 1583 3387 1640 geme
3415 1584 3633 1638 semper
3657 1576 3716 1622 et
3734 1570 3882 1638 plan-

2290 1674 2374 1728 ge.
2399 1659 2574 1728 Surge
2595 1659 2661 1713 ad
2690 1674 2906 1729 precem
2937 1660 2989 1714 in
3014 1667 3192 1725 nocte,
3225 1667 3486 1728 peruecta
3540 1659 3593 1712 in
3629 1660 3875 1712 oratione

603 1748 763 1802 malis
794 1747 899 1801 tuis
922 1745 1395 1814 utuequissimum
1452 1755 1666 1795 servum
1712 1748 2025 1808 perpetuam
2081 1747 2187 1790 tra-

2302 1760 2344 1805 δι
2366 1766 2542 1820 prece,
2574 1750 2824 1805 incumbe
2846 1751 3131 1807 nocturnis
3152 1749 3374 1822 vigiliis,
3433 1764 3651 1803 rursum
3683 1764 3799 1812 ora,
3820 1747 3880 1801 ad

608 1838 701 1891 dat
729 1836 795 1890 ad
827 1850 1071 1907 poenam,
1103 1836 1149 1890 si
1170 1850 1296 1889 eum
1346 1833 1501 1900 sequi
1554 1829 1792 1883 nolueris
1820 1830 1885 1881 ad
1941 1828 2190 1898 gloriam.

601 1925 830 1981 Eterno
859 1927 971 1995 regi
998 1924 1326 1978 militaturus
1367 1920 1601 1991 proiiriis
1630 1918 1953 1973 abrenuntia
2004 1918 2193 1972 volun—

602 2016 827 2071 tatibus.
851 2015 982 2069 Esto
1006 2015 1153 2068 omni
1185 2013 1391 2066 vilitate
1412 2012 1495 2067 vel
1519 2011 1862 2065 extremitate
1884 2018 2187 2063 contentus.

607 2105 902 2159 Pronuntia
933 2113 986 2158 te
1022 2104 1203 2171 lingua
1238 2112 1329 2156 tua
1358 2101 1608 2155 omnibus
1639 2097 1972 2162 inferiorem,
2005 2099 2192 2152 intimo

604 2196 785 2249 cordis
808 2192 1002 2249 affectu
1029 2194 1191 2248 crede
1238 2202 1289 2246 te
1336 2192 1602 2247 viliorem.
1666 2193 1781 2263 Age
1827 2192 1953 2246 dum
2014 2197 2190 2255 vacat,

602 2288 746 2356 "quod
776 2287 827 2340 in
856 2296 1170 2355 perpetuum
1197 2284 1471 2353 expediat.

676 2378 953 2446 Consurge
983 2391 1081 2445 per
1106 2385 1319 2429 noctem
1352 2375 1421 2428 ad
1444 2374 1723 2428 orationes
1749 2382 1805 2427 et
1828 2372 2100 2443 lacrymas
2126 2371 2193 2426 ad

612 2465 806 2531 Deum,
840 2476 897 2518 ιιι
919 2465 1164 2519 libereris
1192 2463 1261 2517 ab
1306 2463 1558 2517 omnibus
1591 2462 1800 2532 laqueis
1820 2470 1876 2516 et
1925 2460 2195 2515 scandalis

604 2557 933 2627 passionum.
962 2554 1019 2609 Si
1043 2555 1189 2608 enim
1215 2554 1397 2609 subito
1432 2552 1677 2623 rapiatur
1706 2568 1734 2606 a
1785 2562 1839 2607 te
1867 2552 2049 2607 anima
2077 2560 2192 2619 tua,

605 2648 875 2717 peccatrix
905 2648 1208 2716 reperietur
1230 2655 1286 2700 et
1307 2634 1655 2707 fetidissima,
1686 2658 1791 2698 non
1824 2643 2030 2698 habens
2055 2651 2198 2697 tem-

604 2752 706 2807 pus
734 2736 1065 2806 pueniteutize
1115 2734 1334 2790 ultimm.
1388 2733 1698 2805 Quiddices
1753 2734 1918 2789 morti
1960 2734 2014 2788 in
2060 2735 2196 2788 hora

605 2831 967 2901 separationis
995 2842 1121 2895 tur,
1151 2844 1272 2883 cum
1294 2827 1407 2897 iam
1463 2844 1569 2883 non
1593 2828 1923 2883 concedetur
1978 2826 2073 2881 tibi
2108 2825 2196 2881 vel

608 2933 886 2977 momento
939 2922 1100 2976 unius
1156 2922 1304 2974 hora:
1338 2919 1554 2973 vivere?
1608 2918 1817 2973 Habeto
1863 2931 1976 2987 praa
2026 2914 2196 2970 oculis

606 3015 749 3067 diem
782 3012 992 3066 mortis.
1017 3010 1300 3064 Pertraeta
1331 3008 1564 3077 qualiter
1583 3006 1908 3061 statuendus
1963 3006 2040 3060 sis
2068 3011 2194 3058 ante

606 3113 957 3171 conspectum
984 3099 1205 3169 iudicis.
1230 3098 1365 3152 Para
1393 3097 1594 3168 iugiter
1639 3095 1944 3165 lampadem
1968 3102 2116 3148 tuam
2143 3092 2197 3145 in

605 3194 1020 3250 conservatione
1068 3191 1302 3262 optima;
1353 3189 1551 3244 festina
1598 3196 1660 3243 ut
1711 3200 1928 3257 semper
1986 3185 2058 3241 sit
2107 3198 2200 3240 ac-

607 3298 797 3339 censa.

678 3372 903 3441 Despice
954 3369 1282 3440 temporalia
1314 3377 1370 3423 et
1397 3368 1625 3433 caduca,
1660 3375 1722 3421 ut
1776 3373 2034 3436 tauquam
2084 3364 2202 3419 exi-

607 3460 749 3513 mius
778 3459 1121 3529 belligerator
1142 3471 1395 3528 pompam
1447 3456 1763 3525 relinquens
1813 3454 2016 3517 saeculi,
2076 3468 2203 3523 pos-

608 3548 693 3604 sis
741 3548 988 3601 bravium
1047 3558 1168 3616 post
1226 3546 1511 3601 victoriam
1559 3544 1881 3614 promereri.
1932 3542 2199 3607 Recurre,

611 3638 961 3702 miserabilis,
987 3639 1054 3692 ad
1079 3637 1469 3692 conscientiam
1501 3645 1677 3700 tuam;
1712 3648 1950 3689 exonera
1984 3642 2035 3688 te
2064 3648 2202 3703 pon-

611 3728 830 3786 deribus
859 3729 1285 3783 sollicitudinum
1314 3736 1678 3783 terrenarum.
1706 3725 1821 3780 Non
1850 3734 2044 3794 regnet
2071 3740 2203 3780 con-

614 3818 784 3873 tentio
815 3818 866 3872 in
891 3827 965 3882 te,
998 3833 1104 3873 non
1136 3817 1519 3882 contradictio,
1549 3831 1657 3871 non
1707 3814 1815 3869 ulla
1844 3815 2068 3871 omnino
2098 3815 2203 3869 ini-

611 3910 815 3980 quitas.
848 3908 1089 3964 Terrena
1121 3923 1336 3977 rcspue,
1365 3907 1609 3963 cmlestia
1638 3912 1854 3977 appete,
1879 3905 2199 3976 temporalia

611 3998 823 4062 desere,
849 3997 1237 4067 sempiternam
1267 3996 1659 4051 beatitudinem
1684 3995 1869 4065 dilige.

684 4088 1079 4159 Expergiscere
1101 4102 1391 4157 parumper
1416 4103 1444 4139 a
1478 4100 1669 4141 somno
1694 4085 2026 4151 miserando,
2053 4082 2203 4153 aperi

614 4194 678 4237 os
702 4179 1118 4242 tuum,obseera
1143 4177 1333 4243 Deum,
1372 4178 1580 4247 proiice
1604 4193 1635 4231 a
1667 4186 1718 4231 te
1764 4192 1932 4231 onera
1959 4184 2205 4245 peccato-

568 4282 579 4291 ‘
615 4284 759 4324 rum.
785 4266 893 4323 Ora
930 4268 1267 4339 frequenter,
1290 4270 1408 4324 sine
1442 4269 1746 4324 cessatione
1788 4268 2055 4339 lacrymas
2079 4265 2202 4341 fun-

2292 1842 2561 1895 modicum
2596 1840 2796 1897 clausis
2826 1842 3020 1897 oculis.

2362 1932 2548 1987 Oratio
2576 1934 2831 2005 frequens
2860 1932 3061 1987 diaboli
3087 1940 3376 1987 sunmovet
3420 1930 3622 2000 iacula,
3658 1931 3885 1984 immun-

2293 2021 2391 2075 dos
2434 2021 2659 2090 spiritus
2710 2020 2889 2091 precis
2938 2020 3158 2091 espellit
3206 2019 3533 2090 frequentia,
3581 2018 3884 2072 immundos

2294 2110 2517 2178 spiritus
2538 2111 2804 2165 orationis
2826 2110 2997 2164 vincit
3024 2109 3302 2172 instantia,
3357 2108 3622 2162 daemonia
3647 2106 3881 2162 oratione

2294 2201 2607 2266 vincuntur,
2638 2201 2891 2256 omnibus
2919 2200 3074 2255 malis
3095 2200 3351 2270 praevalet
3374 2200 3571 2254 oratio.
3880 2258 3887 2267 ο

2364 2289 2558 2353 Αᾶίιηθ
2582 2290 2676 2345 tibi
2701 2304 2917 2361 quoque
2938 2291 3287 2344 saturitatem
3314 2290 3490 2358 panis,
3550 2285 3881 2359 parcimonia

2297 2390 2448 2436 tuum
2474 2398 2673 2452 corpus
2700 2382 2930 2451 castiga,
2960 2380 3183 2449 ieiuniis
3209 2389 3264 2434 et
3289 2365 3883 2434 abstinentimiutentus

2295 2472 2490 2542 pallida
2512 2487 2608 2526 ora
2637 2485 2785 2541 gere,
2814 2472 3025 2525 aridum
3056 2480 3213 2540 porta
3240 2484 3467 2538 corpus.
3508 2470 3670 2524 Esuri
3694 2479 3745 2523 et
3768 2470 3881 2531 siti;

2299 2563 2515 2617 abstine
2545 2571 2599 2617 et
2622 2576 2836 2617 aresce.
2869 2560 2982 2617 Nisi
3003 2558 3226 2632 ieiuniis
3247 2560 3542 2627 erudiaris,
3593 2575 3706 2615 non
3728 2570 3883 2630 potes

2298 2652 2625 2707 tentationes
2652 2652 2889 2707 vincere.

2368 2742 2499 2798 Esto
2522 2743 2762 2809 humilis,
2790 2751 2908 2797 esto
2935 2741 2987 2796 in
3014 2741 3324 2797 humilitate
3352 2740 3631 2803 fundatus,
3663 2739 3879 2794 humilia

2301 2841 2373 2898 te,
2398 2834 2681 2888 minimum
2720 2842 2773 2888 te
2794 2833 2898 2887 fac.
2925 2831 3066 2887 Nulli
3098 2840 3150 2886 te
3174 2844 3476 2902 prmponas,
3500 2830 3633 2883 nulli
3662 2839 3713 2884 te
3732 2826 3884 2898 supeé

2299 2926 2504 2980 riorem
2563 2926 2809 2995 deputes.
2869 2924 3131 2979 Existima
3190 2937 3379 2978 omnes
3422 2923 3734 2991 superiores
3768 2935 3886 2976 esse

2301 3017 2419 3073 tibi.
2450 3016 2705 3072 Omnium
2749 3024 2803 3091 te
2831 3014 3116 3069 minimum
3173 3013 3446 3075 existima,
3498 3011 3804 3066 inferiorem
3830 3018 3884 3063 te

2302 3109 2554 3164 omnibus
2590 3107 2815 3177 deputa.
2835 3104 3095 3173 Quamvis
3125 3119 3262 3158 sum:
3284 3117 3369 3157 ius
3406 3102 3501 3165 sis,
3526 3102 3881 3156 humilitatem

2301 3206 2448 3254 tene.
2476 3198 2691 3265 Quanto
2722 3199 2867 3255 enim
2896 3195 3153 3251 humilior
3175 3194 3368 3259 fueris,
3400 3201 3554 3247 tanto
3598 3202 3651 3248 te
3701 3206 3883 3262 seque-

2302 3296 2395 3343 tur
2417 3288 2606 3358 gloriae
2629 3286 2882 3341 altitudo.

2372 3364 2517 3433 Cave
2564 3376 2909 3448 iactantiam,
2963 3389 3097 3431 cave
3144 3368 3531 3429 ostentationis
3572 3368 3875 3441 appetitum,

2303 3480 2436 3521 cave
2466 3465 2652 3536 glorias
2675 3464 2854 3519 inanis
2878 3456 3137 3518 studium.
3162 3462 3277 3517 Non
3313 3471 3366 3517 te
3388 3474 3650 3530 arroges;
3701 3474 3795 3512 non
3822 3464 3875 3512 te

2298 3552 2495 3624 iactes.
2534 3551 2651 3608 Non
2697 3561 2750 3608 te
2796 3551 3095 3608 insolenter
3155 3549 3413 3615 extollas;
3469 3549 3585 3603 alas
3630 3544 3876 3617 superbia:

2306 3660 2415 3701 non
2447 3645 2729 3700 extendas.
2767 3643 3029 3698 Elationis
3052 3656 3263 3712 pennas
3291 3657 3401 3697 non
3446 3640 3647 3711 erigas,
3674 3636 3790 3692 nihil
3810 3636 3874 3690 de

2306 3745 2357 3793 te
2383 3750 2705 3807 praesumas,
2730 3733 2866 3790 nihil
2888 3734 3013 3789 boni
3033 3733 3128 3787 tibi
3158 3733 3386 3789 tribuas.

2372 3827 2451 3881 De
2468 3823 2693 3897 iustitia:
2725 3824 2926 3879 virtute
2977 3822 3120 3878 nulla
3173 3822 3412 3877 elatione
3462 3819 3759 3892 superbias,
3806 3820 3868 3872 de

2301 3914 2460 3970 bonis
2493 3914 2653 3969 factis
2674 3929 2779 3969 non
2805 3911 3091 3979 attollaris,
3115 3911 3181 3967 de
3205 3912 3349 3965 bono
3382 3925 3547 3980 opere
3568 3924 3674 3964 non
3694 3908 3865 3979 gloria-

2302 4003 2381 4058 ris
2411 4017 2427 4056 :
2459 4003 2745 4057 humiliare
2771 4009 2829 4055 ut
2851 4001 3135 4065 exalteris,
3168 4014 3237 4055 ne
3258 4000 3529 4054 exaltatus
3555 3997 3859 4054 htnnilieris:

2305 4094 2395 4164 qui
2418 4095 2562 4149 enim
2584 4092 2869 4158 attollitur,
2894 4092 3247 4157 humiliatur;
3273 4092 3362 4161 qui
3391 4091 3684 4153 exaltatur,
3708 4086 3863 4154 dejici-

2306 4190 2435 4247 tur;
2466 4185 2558 4251 qui
2587 4181 2852 4247 elevatur,
2890 4180 3300 4251 prosternitur;
3349 4178 3440 4248 qui
3490 4177 3727 4240 inflatur,
3765 4172 3865 4227 alli-

2306 4271 2473 4327 ditur.
2532 4276 2537 4279 ‘

616 4358 706 4413 de.
733 4358 1009 4413 Mollitiem
1038 4359 1207 4413 animi
1265 4359 1410 4427 fuge,
1458 4357 1839 4429 negligentiam
1892 4369 2201 4419 exsecrere,
2234 4386 2285 4446 Β
2382 4361 2647 4431 Superbia
2679 4357 2901 4430 angelos
2928 4359 3197 4428 deposuit,
3224 4366 3407 4412 tumor
3433 4372 3598 4426 regna
3630 4353 3861 4418 dissolvit,

616 4446 879 4503 malitiam
930 4449 1223 4504 detestare.
1277 4448 1413 4503 Ama
1477 4448 1948 4502 mansuetudinem
1977 4486 1995 4514 ,
2044 4446 2207 4515 dilige

616 4539 1025 4604 continentiam,
1052 4540 1317 4595 meditare
1343 4539 1725 4610 psalmodiam.

687 4630 909 4685 Festina
942 4645 1121 4696 orare,
1148 4632 1274 4686 dum
1304 4640 1517 4700 tempus
1542 4639 1629 4686 est
1651 4628 2007 4701 paenitentia.
2036 4626 2208 4698 Dilige

596 4714 787 4778 Deum
817 4736 886 4776 ex
910 4729 1022 4776 tota
1050 4722 1234 4776 anima
1267 4730 1354 4775 tua
1377 4720 1595 4791 (Matth.
1622 4736 1759 4787 nn,
1792 4720 1905 4790 39),
1955 4719 2096 4774 sicut
2120 4718 2209 4773 ille

618 4810 805 4866 dilexit
833 4819 905 4865 te.
929 4810 1081 4867 Time
1109 4811 1252 4866 diem
1278 4809 1497 4878 iudicii.
1531 4810 1731 4865 Amore
1759 4808 1975 4864 .Christi
2000 4806 2209 4878 abnega

618 4902 1001 4972 :emeptipsum
1035 4900 1155 4956 tibi.
1184 4901 1356 4956 Actus
1392 4900 1520 4956 vita:
1566 4909 1674 4956 tua:
1722 4900 1875 4956 omni
1925 4901 2056 4955 hora
2111 4914 2209 4955 cu-

618 4994 783 5049 stodi.
813 4992 922 5048 Fac
951 5002 1006 5048 te
1026 4993 1262 5048 alienum
1316 4992 1386 5047 ab
1433 4992 1643 5048 actibus
1699 4992 1902 5059 saeculi,
1933 5000 1994 5046 ut
2035 4991 2211 5047 haeres

619 5084 874 5142 emciaris
900 5084 1050 5153 regni
1078 5083 1199 5139 Dei.

689 5176 855 5240 Audi,
891 5177 1091 5243 anima,
1119 5190 1239 5246 quae
1259 5176 1479 5247 loquor;
1502 5175 1746 5232 ausculta
1788 5192 1908 5247 quae
1946 5177 2100 5242 dico;
2124 5184 2210 5231 at-

619 5264 785 5323 tende
818 5279 940 5335 qua
965 5280 1179 5322 moneo.
1206 5265 1359 5321 Nulla
1386 5268 1499 5333 jam
1530 5266 1872 5321 immunditia
1926 5265 2210 5336 polluaris,

622 5355 774 5411 nulla
805 5355 1029 5411 libidine
1073 5355 1385 5419 maculeris,
1409 5354 1479 5409 ab
1505 5357 1654 5410 omni
1699 5364 1753 5410 te
1796 5357 1978 5409 carnis
2025 5370 2214 5410 corru—

621 5445 769 5517 ptela
797 5448 1084 5516 suspende,
1120 5447 1190 5502 ab
1210 5448 1356 5502 omni
1378 5449 1567 5502 carnis
1589 5449 1939 5519 corruptione
1959 5450 2209 5502 extrahe.

624 5534 869 5591 Luxuria
900 5536 1044 5592 ultra
1075 5552 1184 5592 non
1209 5536 1528 5603 invalescat,
1582 5540 1750 5596 libido
1808 5539 1945 5592 ultra
2000 5540 2129 5591 non~
2161 5549 2216 5592 te

626 5622 901 5678 detineat.
937 5624 1126 5680 Helius
1150 5627 1294 5679 enim
1336 5638 1424 5682 est
1443 5630 1579 5682 mori
1613 5645 1775 5699 quam
1828 5629 2047 5683 libidine
2101 5643 2213 5682 ma-

2308 4450 2619 4521 arrogantia
2667 4449 2928 4505 sublimes
2984 4448 3331 4512 humiliavit,
3383 4447 3664 4501 humilitas
3710 4456 3860 4499 casum
3952 4506 3955 4511 Α

2308 4543 2506 4605 nescit,
2531 4540 2810 4595 humilitas
2846 4540 3056 4611 lapsum
3095 4555 3201 4594 non
3243 4538 3414 4593 novit.
3444 4539 3739 4607 Cognosce,
3776 4531 3863 4587 mi-

2310 4635 2558 4693 serande,
2591 4632 2718 4701 quia
2741 4631 2962 4685 humilis
2989 4630 3132 4685 Deus
3154 4630 3323 4685 venit.
3355 4629 3610 4687 Ambula.
3653 4621 3863 4681 sicutille

2310 4723 2637 4789 ambulavit;
2661 4721 3220 4792 sequereexemplum
3252 4719 3390 4788 eius,
3423 4718 3642 4773 imitare
3670 4713 3862 4784 vestigia

2380 4905 2566 4959 Existe
2597 4904 2695 4959 tibi
2718 4902 2861 4967 vilis,
2890 4902 3064 4957 existe
3091 4899 3567 4971 abiectus,existe
3583 4899 3861 4969 despectus,

2311 4994 2535 5065 displice
2564 4994 2683 5058 tibi,
2706 4994 2997 5063 despectus
3016 5000 3136 5047 esto
3176 4991 3317 5059 apud
3373 4990 3738 5058 temetipsum.
3786 4981 3867 5051 Qui

2310 5088 2455 5143 enim
2486 5087 2590 5141 sibi
2617 5085 2737 5139 vilis
2764 5092 2868 5151 est,
2888 5091 3014 5138 ante
3043 5083 3211 5137 Deum
3238 5094 3481 5150 magnus.
3514 5080 3618 5147 Qui
3641 5078 3739 5134 sibi
3781 5075 3871 5129 dis-

2313 5178 2494 5248 plicet,
2552 5177 2663 5231 Deo
2699 5174 2895 5245 placet.
2929 5174 3061 5228 Esto
3102 5187 3235 5239 ergo
3264 5187 3463 5241 parvus
3494 5172 3547 5225 in
3577 5170 3745 5225 oculis
3766 5166 3874 5227 tuis,

2313 5269 2470 5325 utsis
2495 5283 2723 5339 magnus
2770 5268 2823 5320 in
2872 5264 3043 5319 oculis
3076 5264 3165 5318 Dei
3207 5281 3219 5317 :
3250 5272 3401 5317 tanto
3436 5262 3583 5318 enim
3620 5263 3726 5317 eris
3755 5252 3875 5327 apud

2316 5363 2482 5417 Deum
2507 5360 2821 5431 pretiosior,
2858 5366 3063 5429 quanto
3085 5355 3227 5423 apud
3270 5355 3519 5409 homines
3572 5349 3875 5421 despectior.

2387 5452 2546 5506 Porta
2570 5466 2788 5520 semper
2815 5444 3200 5505 verecundiam
3249 5445 3303 5498 in
3333 5443 3485 5499 vultu
3523 5444 3590 5499 de
3645 5436 3879 5496 record!

2317 5543 2465 5597 tione
2487 5541 2703 5605 delicti;
2756 5549 2910 5610 porta
2942 5540 3203 5609 pudorem
3259 5536 3311 5590 in
3354 5534 3492 5590 faeie
3527 5534 3595 5589 de

2318 5632 2596 5684 commissi
2626 5630 2852 5699 peccati.
2881 5628 3095 5683 Peccati
3120 5626 3327 5694 pudore
3353 5622 3542 5678 oculos
3594 5610 3871 5674 tuos‘attd‘
