4060 6292
244 379 344 440 681

1240 376 1690 460 ΕΧΠΟΒΤΑΤΙΟ
1731 377 1824 434 AD
1857 376 2252 436 CONTEMPT.
2283 379 2502 450 ⁸ΤΕΜΡ.

3423 389 3527 444 ὺ81

245 500 357 552 lere
378 493 662 551 erubesco.
687 489 878 547 lucede
905 491 1147 564 deposita
1182 490 1342 556 facie,
1394 491 1608 561 abjecto
1655 490 1828 555 vultu,
1861 500 1904 558 Α
1933 506 2094 562 pone.
2126 493 2450 548 lrascentem
2483 489 2740 563 patientia
2762 490 3004 558 delinitn,
3037 493 3404 550 blandimento
3426 515 3535 553 tra-

245 595 442 643 intecto
481 599 599 649 ore,
633 598 897 654 percusso
940 583 1127 650 corde,
1195 583 1407 653 lugubri
1457 591 1626 647 veste,
1677 595 1840 636 sacco

245 678 541 743 involutus,
573 685 796 747 opertus
845 677 1027 732 cilicio
1077 691 1298 747 corpus,
1341 691 1558 746 semper
1605 675 1795 746 lugens
1821 714 1836 739 ,

243 783 463 849 semper
488 783 746 830 intercus.
779 782 998 837 semper
1042 782 1286 838 gemens,
1346 782 1565 837 semper
1604 765 1837 835 suspiria

239 861 426 916 cordis
451 861 730 916 eminens.
760 860 844 916 Sit
871 861 1218 930 compunctio
1243 861 1506 929 incorde,
1535 861 1836 916 Iumentum

240 951 297 1006 in
324 960 582 1022 pectore;
612 951 846 1007 delectet
877 958 929 1006 te
963 966 1181 1021 semper
1201 951 1454 1022 planctus
1488 959 1543 1005 et
1566 951 1762 1006 luctus.

312 1041 446 1098 Esto
475 1057 691 1112 semper
737 1051 959 1113 paratus
1009 1044 1077 1097 ad
1127 1043 1419 1113 laerymas.
1470 1041 1753 1097 Planctum
1782 1050 1838 1097 et

237 1133 511 1206 lacrymas
542 1150 817 1205 nunquam
841 1135 1082 1190 deseras.
1115 1133 1270 1190 Nulla
1317 1144 1370 1189 te
1393 1150 1482 1190 res
1513 1135 1580 1190 de
1610 1144 1837 1205 peccato

238 1241 496 1282 securum
517 1227 703 1292 faciat,
749 1226 1095 1283 incessanter
1135 1228 1194 1282 in
1245 1229 1412 1284 corde
1467 1237 1560 1284 tuo
1605 1244 1730 1298 spes
1781 1237 1837 1285 et

238 1315 480 1373 formido
503 1316 834 1374 consistant.
850 1315 942 1372 Sic
965 1331 1128 1386 spera
1154 1318 1606 1384 misericordiam,
1641 1328 1693 1373 et
1720 1335 1834 1374 me-

239 1406 683 1476 tuasjustitiam;
725 1409 805 1465 sic
840 1417 892 1463 te
923 1423 1048 1478 spes
1109 1409 1456 1480 indulgentiae
1513 1410 1717 1480 erigat,
1779 1419 1834 1464 ct

235 1507 417 1554 metus
443 1501 703 1572 gehennae
731 1514 946 1569 semper
975 1499 1199 1570 adligat.

307 1589 368 1643 in
393 1590 801 1645 inlirtnitatilms
829 1591 935 1645 tuis
966 1607 1071 1645 non
1098 1591 1464 1655 contristeris,
1517 1591 1572 1646 in
1600 1591 1822 1662 languo-

237 1680 392 1734 ribus
425 1680 530 1736 tuis
554 1683 759 1752 gratias
789 1696 888 1752 age
913 1683 1053 1749 Deo;
1088 1681 1270 1738 valere
1320 1694 1373 1738 te
1421 1683 1593 1754 magis
1646 1685 1831 1740 animo

235 1780 363 1835 opta
397 1785 558 1840 quam
578 1785 827 1841 corpore,
851 1772 1034 1828 valere
1055 1782 1105 1827 te
1128 1773 1299 1844 magis
1314 1782 1442 1843 opta
1461 1783 1643 1829 mente
1665 1790 1827 1844 quam

1942 585 2192 641 cundiam
2216 585 2446 639 furentis
2473 584 2726 647 dissolve,
2777 585 2932 640 vince
2964 588 3259 657 nequitiam
3289 587 3528 657 lenitate,

1941 675 2097 729 vince
2127 674 2390 729 malitiam
2414 675 2676 730 bonitate.
2708 675 3018 746 Tranquilla
3062 679 3223 733 etiam
3253 689 3432 735 mente
3466 681 3533 734 il-
3605 729 3608 732 .

1942 766 2082 821 latas
2104 767 2463 822 contumelias
2492 768 2678 837 prode.
2702 768 2861 839 Aperi
2889 772 3179 840 tranquillo
3203 773 3533 846 cor-dedolo-

1939 873 2054 913 rem
2091 858 2516 928 injurimwalde
2565 860 2711 914 enim
2764 861 3000 916 comedit
3053 863 3292 918 aninmm
3338 865 3532 921 vulnus

1940 950 2225 1005 inclusum.

2002 1042 2059 1098 Si
2084 1044 2489 1100 contristaveris
2516 1044 2738 1100 fratrem
2773 1048 2998 1114 tunmlin
3027 1049 3230 1119 aliquo,
3287 1064 3385 1119 age
3416 1065 3532 1119 pce-

1938 1135 2223 1190 nitentiam
2251 1151 2434 1190 coram
2459 1135 2570 1189 illo.
2595 1136 2650 1192 Si
2679 1136 2968 1192 offenderis
2990 1139 3042 1193 in
3077 1140 3261 1203 fratre,
3294 1141 3532 1196 reconci-

1937 1221 2008 1277 lia
2030 1237 2152 1280 eum
2175 1225 2228 1278 in
2258 1239 2437 1293 prece.
2466 1224 2790 1281 Olfensionis
2810 1237 2913 1280 tuae
2935 1228 3042 1282 cito
3063 1231 3269 1283 veniam
3295 1231 3528 1300 posmla,

1937 1313 2224 1370 celerrimo
2253 1316 2557 1371 dilectionis
2590 1316 2804 1385 all‘ectu,
2849 1320 3154 1374 humilitate
3204 1323 3268 1374 ad
3315 1323 3526 1377 veniam

1935 1419 2059 1460 eum
2111 1421 2378 1477 provoca,
2435 1409 2661 1480 supplici
2705 1410 2887 1466 animo
2941 1412 3153 1466 veniam
3215 1411 3526 1481 deprecare,

1935 1495 2129 1552 affectu
2167 1506 2532 1567 prosternere.

2005 1586 2213 1643 Pctenti
2260 1590 2471 1644 veniam
2527 1591 2802 1660 placenter
2854 1593 3110 1664 indulge,
3162 1605 3524 1652 revertentem

1933 1680 2115 1732 statim
2128 1679 2474 1752 amplectere,
2507 1683 2815 1738 redeuntem
2843 1685 3125 1740 confestim
3151 1685 3376 1756 benigna
3409 1702 3528 1740 sns-

1932 1769 2050 1838 cipe
2084 1770 2370 1826 charitate.
2428 1772 2644 1828 Dimitte
2675 1781 2732 1827 ut
2763 1775 3068 1829 dimittatur
3123 1777 3213 1830 tibi
3241 1817 3256 1841 ,
3305 1778 3522 1847 ignosce

235 1877 425 1917 carne.
450 1861 736 1934 IEgriludo
763 1879 988 1919 carnem
1020 1864 1293 1929 vulnerat,
1325 1876 1558 1921 mentem
1583 1867 1831 1936 castigat,
1870 1849 1910 1903 Β
1939 1869 1997 1914 ιιι
2021 1861 2336 1932 ignoscatur
2364 1862 2480 1917 libi.
2534 1864 2923 1935 lttdulgentiam
2959 1881 3065 1920 non
3122 1867 3364 1932 habebis,
3424 1868 3526 1923 nisi

309 1955 368 2010 Si
396 1959 727 2027 prosperitas
749 1959 1016 2025 arriserit,
1040 1976 1147 2015 non
1177 1960 1490 2025 extollaris;
1516 1961 1562 2014 si
1591 1962 1835 2018 adversi-

237 2057 324 2103 tas
366 2050 647 2114 acciderit.
686 2067 793 2106 non
834 2052 1132 2122 dejiciaris.
1172 2053 1228 2106 Si
1279 2053 1565 2119 contigerit
1615 2055 1835 2109 calami-

237 2149 345 2207 tas,
377 2143 755 2212 pusillanimus
772 2159 881 2200 non
909 2133 1132 2200 existas.
1187 2145 1392 2200 Habeto
1431 2153 1832 2215 temperamen-

228 2232 430 2288 tumin
470 2235 768 2304 prosperis,
813 2234 1010 2289 habeto
1068 2235 1388 2305 patientiam
1445 2236 1501 2290 in
1565 2237 1828 2292 adversis.

231 2321 466 2379 Probari
491 2335 542 2380 te
567 2326 618 2379 in
643 2325 831 2380 dolore
857 2340 1149 2396 cognosce,
1184 2341 1252 2380 ne
1275 2327 1554 2383 exalteris.

298 2413 557 2484 JEqnalis
581 2424 698 2470 esto
732 2416 784 2470 in
815 2417 1089 2480 omnibus,
1119 2425 1355 2472 mentem
1381 2433 1479 2474 nec
1507 2419 1704 2489 gaudio
1732 2434 1833 2476 nec

235 2505 400 2578 192
420 2521 654 2562 interere
670 2521 989 2565 commutes.
1027 2509 1220 2564 Omnia
1243 2509 1436 2579 aequali
1453 2507 1575 2578 jure
1596 2513 1827 2576 sustine,

232 2598 298 2652 ad
330 2597 541 2652 nullam
572 2599 918 2654 insolentiam
943 2602 1317 2657 committeris.
1373 2601 1566 2658 Nullus
1594 2613 1647 2658 te
1667 2619 1831 2660 casus

231 2687 560 2758 imparatum
585 2689 846 2756 inveniat.
874 2693 1051 2749 nullus
1080 2694 1152 2749 sit
1191 2709 1354 2750 casus
1380 2710 1540 2764 quem
1588 2713 1694 2752 non
1721 2712 1834 2752 me-

233 2781 425 2839 ditatio
455 2793 546 2837 tua
579 2785 903 2852 praeveniat.

302 2871 555 2941 Propone
581 2873 676 2928 tibi
707 2874 980 2932 nihiiesse
1003 2877 1150 2947 quod
1177 2893 1282 2932 non
1329 2877 1504 2949 possit
1555 2879 1826 2936 accidere.

227 2961 288 3017 In
317 2962 576 3018 secundis
609 2964 873 3020 meditare
906 2981 1014 3037 quo
1043 2977 1204 3037 pacto
1247 2969 1476 3024 adversa
1517 2968 1688 3033 feras;
1747 2971 1824 3033 fn~

228 3062 384 3108 turas
410 3069 627 3124 semper
643 3055 1065 3112 comminiscere
1095 3059 1365 3113 miserias.
1396 3058 1828 3116 Ceditadvt-rsns

228 3161 395 3201 casus
425 3147 682 3213 consilio;
709 3147 1064 3204 advenientes
1089 3150 1323 3221 impetus
1347 3150 1547 3218 frangit
1603 3166 1826 3220 prarme-

227 3235 445 3292 ditatio.
477 3238 545 3293 Et
565 3239 633 3293 ad
665 3239 806 3294 bona
839 3239 1026 3309 igitur,
1053 3249 1108 3295 et
1132 3242 1199 3296 ad
1227 3241 1368 3294 mala
1394 3255 1490 3295 cor
1519 3250 1666 3293 tuum
1691 3255 1829 3309 pra:-

223 3342 397 3399 para;
431 3339 487 3384 et
516 3331 654 3385 bona
683 3341 738 3386 et
766 3331 904 3384 mala
927 3341 1090 3400 prout
1111 3333 1370 3387 eveniunt
1389 3341 1574 3401 porta;
1599 3330 1827 3386 adversa

225 3428 284 3474 et
303 3434 586 3490 prospera,
607 3429 666 3476 ut
683 3430 1002 3486 occurrunt,
1026 3424 1223 3488 tolera;
1249 3423 1610 3492 quodcunque
1633 3435 1826 3476 evene-

226 3514 302 3568 rit
328 3515 544 3570 sustine
569 3525 754 3570 mente
781 3515 980 3571 libera.

301 3601 362 3657 Si
390 3603 716 3672 pratvenerit
736 3604 1045 3680 iracundia,
1069 3607 1335 3678 restringe
1366 3607 1512 3664 illam
1537 3611 1612 3677 ;si
1627 3626 1830 3682 praeoc-

225 3697 534 3766 cupaverit,
562 3696 750 3763 mitiga
780 3711 922 3751 eam.
965 3697 1228 3768 Tempera
1268 3698 1530 3763 furorem,
1584 3712 1825 3773 tempera

229 3785 691 3856 indignationem,
726 3788 920 3843 cohibe
971 3789 1138 3843 animi
1179 3803 1404 3857 motum,
1458 3793 1670 3850 refrena
1723 3797 1829 3850 ira-

224 3879 446 3934 cundia:
487 3879 773 3950 impetum.
831 3879 888 3934 Si
941 3896 1046 3935 non
1105 3891 1259 3951 potes
1310 3884 1446 3939 iram
1495 3888 1696 3952 vitare,
1746 3886 1828 3940 vel

228 3979 506 4041 tempera;
541 3972 584 4026 si
619 3987 722 4026 non
751 3980 906 4042 potes
952 3971 1191 4026 furorem
1233 3988 1450 4040 cavere,
1491 3974 1574 4027 vel
1615 3975 1826 4029 cohibe.

226 4060 390 4115 Disce
419 4061 560 4115 mala
587 4061 729 4116 ferre
755 4063 934 4132 potius
982 4078 1147 4133 quam
1185 4063 1419 4130 referre;
1465 4063 1617 4120 disce
1683 4065 1824 4120 mala

225 4152 408 4222 magis
437 4153 668 4208 tolerare
691 4169 854 4224 quam
883 4153 1082 4211 facere.

295 4242 431 4298 Esto
445 4254 779 4312 mansuetus,
804 4255 920 4300 esto
935 4248 1296 4315 patiens,esto
1324 4247 1493 4313 mitis,
1517 4257 1633 4303 esto
1647 4250 1830 4305 mode-

221 4340 366 4389 stus.
408 4332 574 4389 Serva
588 4335 926 4404 patientiam,
941 4350 1098 4389 serva
1117 4337 1832 4410 modestiam._Despicepru-

221 4427 322 4483 bra
345 4428 508 4486 illata:
531 4432 890 4488 contumeliae.
935 4433 1166 4504 Sagittas
1188 4433 1526 4490 contumeliae
1558 4437 1830 4504 patientim

1939 1955 2175 2012 dederis.
2199 1955 2265 2008 Et
2291 1956 2335 2010 si
2367 1956 2454 2011 ille
2488 1972 2594 2012 non
2623 1959 2907 2028 supplicet,
2938 1960 2983 2014 si
3034 1959 3135 2014 sibi
3167 1961 3361 2014 dimitti
3417 1977 3522 2015 non

1936 2045 2191 2117 postulet,
2214 2048 2260 2103 si
2293 2048 2616 2118 deprecandi
2673 2051 3034 2106 humilitatem
3068 2068 3172 2106 non
3227 2052 3446 2116 haheat,
3479 2053 3524 2107 si

1937 2151 2216 2208 peccatum
2243 2155 2399 2196 suum
2431 2143 2569 2196 mala
2618 2143 2948 2198 conscientia
2987 2159 3099 2198 non
3143 2154 3432 2214 agnoscat;
3469 2153 3523 2198 tu

1938 2229 2119 2284 relaxa
2149 2245 2212 2284 ex
2244 2232 2426 2297 corde,
2479 2241 2535 2287 tu
2559 2233 2769 2289 dimitte
2798 2249 2865 2288 ex
2897 2237 3101 2299 animo,
3152 2244 3205 2289 tu
3235 2236 3403 2305 gratis
3438 2235 3524 2289 in-

1937 2320 2112 2390 dulge,
2137 2330 2191 2375 tu
2217 2323 2428 2377 veniam
2453 2341 2520 2379 ex
2547 2327 2764 2396 propria
2796 2326 3071 2380 voluntate
3093 2328 3345 2382 concede.

2005 2408 2122 2464 Non
2163 2419 2402 2467 retentes
2431 2416 2612 2469 cordis
2673 2423 2729 2468 et
2779 2415 3040 2482 dolorem,
3087 2417 3240 2470 auler
3273 2432 3303 2469 a
3363 2417 3526 2471 corde

1935 2499 2233 2556 fraternam
2261 2500 2635 2571 olfensionem,
2670 2504 2861 2560 aliena:
2893 2507 3146 2575 nequitia:
3198 2522 3304 2560 non
3339 2520 3524 2562 serves

1935 2594 2177 2650 dolorem
2211 2609 2226 2648 :
2257 2595 2440 2649 odium
2463 2599 2610 2650 enim
2648 2611 2678 2650 a
2711 2612 2876 2667 regno
2907 2599 2995 2652 Dei
3031 2598 3305 2652 hominem
3358 2614 3518 2668 sepa-

1935 2697 2040 2755 rat,
2073 2704 2102 2743 a
2135 2689 2272 2745 cmlo
2299 2689 2586 2753 subtrahit,
2612 2705 2642 2743 a
2674 2690 2933 2759 paradiso
2961 2689 3131 2758 ejicit.
3185 2689 3380 2745 Odium
3422 2706 3524 2747 nec

1931 2781 2184 2851 passione
2210 2782 2490 2848 adimitur,
2518 2797 2617 2836 nec
2638 2784 2902 2852 martyrio
2928 2783 3199 2850 expiatur.

2001 2871 2140 2939 Quid
2166 2872 2265 2928 zeli
2295 2872 2525 2927 referam
2554 2873 2739 2943 ignes?
2791 2873 2991 2928 Invidia
3015 2883 3208 2928 cuncta
3259 2874 3520 2930 virtutum

1932 2964 2174 3033 germina
2205 2971 2552 3028 concremat;
2582 2963 2781 3017 invidia
2805 2974 3000 3017 cuncta
3041 2961 3180 3015 bona
3205 2959 3400 3014 ardore
3425 2974 3522 3030 pc-

1931 3057 2118 3111 stifero
2147 3058 2388 3112 devorat.
2420 3055 2543 3112 llaec
2581 3057 2814 3126 primum
2847 3056 2948 3110 sibi
2984 3063 3162 3118 nocet,
3204 3054 3433 3123 primum
3462 3066 3524 3106 se

1930 3147 2161 3213 mordet,
2196 3147 2374 3218 primo
2409 3163 2564 3201 suum
2599 3146 2742 3200 rodit
2769 3154 3069 3200 auctorem.
3100 3142 3301 3197 lttvidia
3328 3141 3522 3195 anima:

1933 3241 2075 3295 tinea
2101 3249 2208 3304 est,
2252 3255 2470 3296 sensum
2497 3238 2750 3301 comedit,
2785 3247 2974 3306 pectus
3005 3237 3130 3300 urit,
3157 3243 3391 3288 mentem
3409 3231 3524 3284 alii-

1931 3333 2024 3398 eit,
2051 3347 2150 3386 cor
2178 3333 2411 3386 hominis
2435 3332 2589 3400 quasi
2615 3331 2860 3399 quaedam
2900 3329 3066 3398 pestis
3088 3326 3348 3396 depascit.

2001 3419 2266 3477 Occurrat
2286 3437 2414 3490 ergo
2439 3429 2627 3475 contra
2669 3419 2843 3473 zelum
2873 3419 3114 3482 bonitas;
3149 3415 3408 3469 adversus
3439 3413 3522 3467 in-

1930 3515 2128 3570 vidiam
2159 3522 2489 3584 prteparetur
2508 3513 2765 3567 charitas.
2798 3511 2992 3566 Pacem
3016 3523 3158 3574 ama,
3221 3521 3407 3577 pacem
3436 3505 3518 3559 di-

1931 3603 2057 3674 lige,
2094 3618 2280 3673 pacem
2318 3618 2439 3658 cum
2465 3603 2719 3658 omnibus
2746 3604 2938 3664 retine,
2965 3613 3154 3654 omnes
3183 3597 3234 3650 in
3264 3593 3519 3650 mansne-

1933 3696 2116 3750 tudine
2149 3701 2203 3748 et
2225 3694 2491 3749 charitate
2523 3692 2868 3762 amplectere.
2897 3689 3013 3744 Non
3038 3689 3113 3744 sis
3151 3688 3204 3742 in
3237 3700 3370 3756 pace
3401 3684 3520 3737 inli-

1930 3789 2050 3844 dus.
2129 3788 2260 3843 Esto
2321 3785 2515 3841 all‘ecnt
2577 3795 2900 3855 promptus,
2964 3793 3282 3851 semperque
3344 3775 3520 3830 retine

1928 3877 2206 3931 vinculum
2231 3876 2568 3930 constantiae.
2598 3873 2804 3927 Habeto
2844 3872 3040 3926 mentis
3073 3867 3517 3940 placabilitatem,

1932 3966 2094 4019 animi
2119 3965 2522 4035 benignitatem.

2000 4055 2243 4110 All'abilis
2263 4066 2380 4110 esto
2410 4056 2463 4108 in
2491 4067 2772 4117 sermone;
2803 4059 2959 4120 grato
2984 4049 3164 4102 animo
3190 4047 3275 4102 ad
3327 4061 3520 4101 omnes

1932 4163 2153 4219 appare,
2207 4146 2331 4217 fuge
2375 4147 2542 4209 rixas,
2590 4145 2697 4198 vita
2748 4143 2894 4204 lites,
2941 4156 3072 4196 cave
3122 4139 3517 4202 contentiones,

1935 4239 2060 4292 tolle
2087 4239 2196 4292 litis
2224 4237 2558 4292 occasiones.
2594 4236 2766 4290 Litem
2798 4249 3014 4303 sperne,
3051 4233 3170 4285 vive
3217 4246 3431 4301 semper
3461 4231 3514 4285 in

1933 4346 2088 4400 pace,
2123 4332 2174 4385 in
2202 4330 2344 4386 nulla
2367 4331 2580 4384 actione
2601 4329 2821 4384 studeas
2877 4329 3176 4381 decertare.
3231 4322 3518 4377 Contentio

1934 4421 2056 4478 lites
2089 4425 2250 4494 parit,
2283 4423 2428 4477 rixas
2453 4421 2643 4492 gignit,
2672 4420 2818 4476 faces
2846 4419 3094 4474 odiorum
3121 4416 3390 4480 accendit,
3422 4431 3519 4485 pa-

220 4521 418 4592 clypeo
441 4523 648 4592 frange.
664 4525 910 4596 Prtepara
925 4537 1110 4583 contra
1128 4527 1348 4582 verbum
1362 4542 1612 4597 asperum
1627 4544 1688 4599 pa
1700 4531 1826 4584 tien-

1935 4530 2050 4570 cem
2072 4516 2250 4570 cordis
2275 4514 2588 4583 exstinguit,
2613 4511 2957 4568 concordiam
2985 4509 3206 4580 rumpit.

224 4611 314 4666 tia:
329 4611 609 4683 clypeum;
639 4625 828 4671 contra
849 4617 1041 4685 lingu-.e
1065 4615 1299 4688 gladium
1335 4617 1610 4687 patientiae
1646 4621 1824 4688 praebe

221 4713 466 4760 scutum.
507 4705 768 4772 Quamvis
794 4709 1023 4779 quisque
1059 4710 1272 4775 incitet,
1306 4711 1556 4780 quamvis
1591 4727 1822 4780 exaspe-

220 4805 330 4863 ret,
363 4798 615 4866 quamvis
635 4799 876 4867 insultet,
908 4802 1160 4870 quamvis
1186 4801 1544 4868 convicietur,
1576 4804 1824 4871 quamvis

223 4887 558 4942 criminetur
586 4930 601 4955 ,
644 4892 894 4961 quamvis
941 4893 1007 4946 ad
1040 4892 1191 4947 litem
1246 4905 1522 4962 provocet,
1573 4895 1822 4963 quamvis

220 4978 536 5035 convicium
569 4980 738 5046 dicat,
775 4983 1022 5052 quamvis
1047 4981 1302 5052 iniuriam
1339 4983 1524 5049 faciat,
1574 4987 1822 5056 quamvis

220 5069 577 5127 contumeliis
605 5069 834 5137 alliciat,
866 5083 918 5125 tu
952 5073 1073 5138 sile,
1110 5083 1161 5127 tu
1219 5081 1358 5140 tace,
1411 5085 1721 5142 contemne,
1763 5085 1820 5131 tu

220 5161 507 5218 dissimula
540 5163 814 5233 injuriam,
850 5181 953 5219 non
982 5167 1334 5236 respondeas,
1365 5167 1671 5222 convicium
1714 5184 1818 5223 non

219 5268 568 5328 retorqueas.
602 5256 854 5312 Tacendo
893 5258 1053 5314 citius
1087 5260 1290 5314 vinres.

251 5423 254 5426 ἢ
295 5346 458 5403 Disce
505 5363 536 5402 a
565 5347 1206 5417 Christololerantiam,
1274 5351 1422 5407 disce
1472 5351 1816 5408 modestiam.

211 5445 501 5502 Christum
533 5446 772 5513 attende,
798 5455 848 5500 et
890 5462 994 5501 non
1028 5447 1211 5502 doleas
1247 5447 1313 5502 de
1357 5445 1587 5517 injuriis.
1628 5448 1820 5504 Consi-

211 5535 508 5610 deratione
529 5536 778 5607 iustitiae,
808 5535 1058 5605 dolorem
1094 5547 1357 5608 tempera.
1390 5537 1640 5593 Inimicos
1669 5538 1816 5592 omni

211 5627 489 5706 modestia
511 5628 688 5699 placa,
717 5628 856 5684 mala
907 5629 1134 5706 aliorum
1189 5640 1280 5686 tuo
1332 5629 1476 5684 bono
1524 5643 1814 5708 exsupera.

289 5719 429 5776 Cum
459 5733 590 5792 ergo
619 5722 912 5791 derogatur
935 5707 1052 5785 tibi,
1081 5732 1134 5775 tu
1165 5709 1291 5785 ora;
1326 5737 1449 5777 cum
1475 5707 1818 5777 maledicitnr

209 5811 345 5880 tibi,
374 5822 430 5867 tu
454 5804 710 5878 benedic;
739 5811 1080 5868 maledicenti
1114 5813 1208 5867 tibi
1238 5812 1670 5868 benedictionem
1712 5827 1811 5882 0p-

631 5907 906 5970 ParnOL.
945 5904 1216 5968 CLVII].

2002 4605 2058 4662 Si
2083 4605 2341 4660 ceciderit
2363 4605 2613 4660 inimicus
2643 4614 2788 4668 tuus,
2824 4602 2930 4658 noli
2955 4601 3246 4674 gratulari;
3282 4601 3334 4653 in
3359 4600 3513 4652 ruina

1926 4698 2222 4754 adversarii
2258 4699 2363 4753 noli
2393 4699 2610 4764 extolli;
2638 4699 2709 4754 sit
2735 4697 2829 4753 tibi
2863 4698 3036 4768 magis
3073 4711 3199 4766 erga
3246 4693 3517 4748 humilita-

1928 4799 2036 4845 tem
2061 4791 2177 4860 ejus
2208 4793 2476 4846 hnmanus
2499 4791 2740 4846 affectus.
2771 4789 2982 4846 Satiare
3011 4789 3227 4843 ﬂetibus
3254 4785 3512 4839 inalicnis

1925 4885 2271 4940 mmroribns.
2293 4884 2409 4938 Non
2439 4886 2508 4938 sit
2555 4885 2648 4940 tibi
2681 4884 2917 4938 ferreum
2966 4891 3171 4950 pectus,
3216 4893 3320 4932 non
3378 4877 3512 4930 dura

1924 4975 2242 5045 praecordia.
2285 4972 2375 5028 Sic
2431 4974 2658 5028 alienam
2709 4973 2828 5042 lnge
2882 4970 3204 5034 miseriam,
3255 4975 3510 5034 tanquam

1931 5075 2099 5119 tuam.
2137 5065 2269 5120 Cum
2297 5062 2550 5120 ﬂentibus
2589 5061 2672 5128 lle,
2707 5060 3012 5132 lugentibus
3039 5057 3234 5112 mentis
3258 5054 3509 5109 allectum

1923 5159 2207 5230 conjunge.
3030 5230 3041 5239 .

1994 5249 2052 5303 In
2073 5249 2323 5304 omnibus
2369 5247 2580 5302 actibus
2610 5245 2737 5307 tuis,
2773 5244 2823 5296 in
2876 5237 3041 5296 omni
3083 5255 3246 5310 opere
3295 5249 3407 5302 tuo,
3455 5237 3508 5290 in

1923 5343 2068 5396 omni
2105 5341 2513 5397 conversatione
2544 5348 2635 5392 tua
2658 5335 2868 5390 imitare
2891 5337 3081 5398 bonos,
3105 5333 3362 5388 temulare
3386 5346 3513 5385 san-

1877 5463 1880 5466 η
1923 5447 2060 5492 ctos.
2087 5436 2208 5491 Sint
2242 5434 2335 5487 tibi
2377 5431 2600 5486 Patrum
2647 5428 2916 5498 exempla,
2971 5414 3510 5496 disciplinw'incita-

1924 5539 2126 5597 menta.
2188 5525 2401 5580 Nullum
2452 5525 2576 5580 vita:
2630 5521 2957 5578 scandalizet
2994 5520 3247 5586 infamia,
3302 5517 3506 5572 nullum

1920 5622 2104 5694 opinio
2125 5619 2410 5677 contristet
2432 5618 2678 5673 adversa.
2710 5617 2885 5680 Disce,
2912 5615 3093 5679 homo,
3123 5612 3349 5683 ﬂagrare
3378 5627 3508 5681 pne-

1921 5715 2099 5780 conio,
2127 5712 2495 5768 testimonium
2518 5712 2716 5766 bonum
2751 5710 2966 5765 habeto.
3015 5707 3188 5762 Nullis
3239 5706 3376 5761 fama
3418 5714 3504 5758 tua

1921 5807 2246 5864 obscuretur
2279 5803 2560 5860 fetoribus.
2589 5803 2749 5859 nullis
2776 5802 3047 5857 laceretur
3071 5797 3395 5868 opprobriis.

3104 5895 3138 5930 6)
3146 5892 3182 5930 ί)
