4060 6292
584 320 688 385 685

943 322 1001 378 S.
1043 320 1342 379 ANSELMI
1379 321 1731 380 CANTUAR.
1772 322 2089 380 ARClilEP.
2126 322 2278 382 OPP.
2325 321 2524 379 PARS.
2561 321 2624 379 ll.
2647 353 2712 364 —
2740 320 3113 378 PARIENET.
3142 319 3232 378 ET
3268 318 3514 380 ASCET.

3763 326 3866 385 684

651 438 794 498 Cave
829 440 1054 512 gloriam
1081 440 1419 511 popularem,
1441 440 1549 495 vita
1568 439 1708 510 vulgi
1733 438 2164 507 admirationem,
2194 444 2243 503 Α
2271 437 2540 494 fallaciam
2563 479 2578 504 ,
2623 435 2832 494 declina
2857 435 3220 492 mendacium.
3261 434 3406 492 Cave
3446 434 3675 504 falsum,
3705 435 3870 494 'nun-

582 529 794 585 favores
821 538 1125 596 contemne,
1164 543 1286 584 esse
1333 530 1507 600 magis
1555 531 1728 584 bonus
1776 545 1938 598 quam
1992 530 2164 585 videri

580 621 755 677 stude.
781 618 896 673 Non
926 628 978 673 te
999 619 1151 673 favor
1176 619 1420 686 seducat,
1452 634 1551 674 nec
1575 618 1903 688 vituperatio
1927 617 2162 688 frangat.

579 712 682 779 Qui
717 712 924 766 laudem
976 725 1084 764 non
1132 711 1356 780 appetit,
1399 725 1498 765 nec
1551 709 1929 765 contumeliam
1979 708 2162 764 sentit.

577 800 835 856 Discerue
861 809 911 854 te
938 809 1028 854 tuo
1051 814 1158 853 non
1180 798 1601 866 alienojudicio.
1641 798 1759 853 Non
1818 813 1886 853 ex
1933 797 2164 853 aliorum

575 891 668 946 sed
699 906 764 944 ex
788 899 878 943 tua
917 899 966 944 te
997 899 1176 944 mente
1216 889 1424 943 metire.

644 982 830 1051 Qualis
862 982 1048 1037 haberi
1073 982 1173 1046 vis,
1226 981 1345 1034 talis
1373 989 1509 1034 esto.
1561 978 1958 1035 Professioncm
2017 987 2162 1034 tuam

572 1084 630 1131 et
655 1075 840 1129 habitu
872 1084 926 1128 et
958 1075 1170 1128 incessu
1198 1073 1542 1136 demonstra;
1595 1087 1664 1126 ne
1711 1071 1958 1142 praebeas
2009 1071 2076 1126 de
2111 1080 2164 1126 te

572 1169 963 1241 spectaculum,
999 1185 1104 1224 non
1134 1169 1232 1224 des
1263 1169 1382 1222 aliis
1412 1166 1756 1222 obtrectandi
1786 1166 1986 1222 locum.
2038 1164 2162 1220 Vita

571 1260 764 1324 malos,
805 1274 937 1315 cave
966 1260 1203 1329 iniquos,
1249 1262 1511 1315 bonorum
1561 1257 1896 1312 consortium
1946 1269 2158 1327 appete,

572 1353 836 1408 bonorum
868 1352 1180 1407 societatem
1218 1351 1456 1422 require,
1511 1349 1714 1404 sanctis
1745 1348 2022 1403 individue
2063 1347 2160 1402 ad-

574 1443 740 1497 haere.
765 1441 953 1497 Melius
983 1450 1065 1497 est
1085 1442 1286 1498 habere
1309 1439 1571 1494 malorum
1619 1439 1802 1494 odium
1839 1452 1999 1506 quam
2027 1451 2159 1492 con-

572 1533 824 1587 sortium.

642 1625 724 1680 Ab
745 1624 918 1679 otioso
945 1624 1109 1679 etiam
1153 1631 1406 1680 sermOue
1439 1623 1684 1694 linguam
1732 1635 2035 1691 compesce,
2094 1620 2160 1675 ab

571 1715 744 1770 otioso
773 1715 937 1770 verbo
965 1715 1201 1786 linguam
1235 1715 1490 1786 reprime.
1539 1712 1831 1768 Sermones
1859 1710 2162 1780 impudicos

2265 546 2429 602 quam
2474 530 2777 586 mentiaris.
2822 530 2952 586 Esto
2999 529 3056 584 in
3101 527 3267 584 verbo
3318 543 3516 596 verax,
3587 522 3868 586 neminem

2266 620 2577 676 mentiendo
2604 619 2778 675 fallas.
3661 667 3668 674 .

2265 735 2274 740 ο
2335 712 2570 768 Prohibe
2604 711 3004 780 iur-amentum,
3064 708 3616 781 tollejusjurandum.
3685 709 3771 766 Sit
3807 711 3869 765 in

2264 819 2359 860 ore
2383 813 2476 860 tuo
2494 846 2508 870 ,
2531 816 2639 872 est;
2667 805 2740 860 sit
2762 805 2813 859 in
2837 819 2932 861 ore
2961 813 3082 872 tuo,
3113 822 3217 860 non
3243 815 3338 860 est.
3363 804 3480 860 Non
3508 805 3584 861 sis
3606 804 3662 860 in
3681 805 3874 861 verbis

2262 897 2462 963 facilis,
2487 906 2542 952 et
2563 896 2617 951 in
2641 911 2806 967 opere
2828 895 3077 953 difficilis.
3103 897 3160 952 In
3187 905 3343 968 turpe
3365 906 3552 953 votum
3587 907 3745 953 muta
3771 897 3870 954 de-

2264 999 2495 1045 cretum.

2331 1081 2409 1135 lbi
2431 1094 2593 1150 pecea
2611 1120 2626 1146 ,
2658 1081 2748 1136 ubi
2767 1081 3053 1136 Dominum
3079 1095 3202 1137 esse
3224 1082 3428 1138 nescis.
3454 1081 3617 1139 Videt
3644 1083 3869 1142 occulta

2263 1172 2353 1242 qui
2382 1172 2510 1228 fecit
2541 1173 2904 1241 abscondita;
2957 1181 3014 1228 et
3053 1174 3097 1229 si
3129 1183 3183 1229 te
3226 1188 3332 1229 non
3376 1174 3599 1231 damnat
3643 1177 3868 1248 publica

2265 1261 2407 1316 fama
2427 1302 2444 1328 ,
2469 1263 2793 1318 condemnet
2817 1275 2993 1318 tamen
3019 1265 3242 1334 propria
3270 1266 3626 1322 conscientia.

2332 1353 2389 1407 ιη
2413 1353 2562 1408 omni
2585 1369 2751 1424 opere
2775 1363 2890 1421 tuo,
2915 1354 3008 1410 Dei
3033 1354 3294 1409 auxilium
3340 1370 3531 1424 posce;
3560 1358 3750 1412 omnia
3777 1359 3868 1413 di-

2264 1443 2401 1498 vinw
2423 1443 2632 1514 gratiae,
2664 1442 2847 1498 divino
2867 1444 3009 1499 dono
3045 1444 3259 1499 ascribe
3278 1445 3318 1516 ;}
3333 1445 3466 1500 nihil
3505 1447 3725 1503 meritis
3760 1451 3871 1506 tuis

2261 1536 2560 1602 attribuas,
2589 1535 2642 1589 in
2684 1536 2888 1591 virtute
2915 1544 3003 1590 tua
3026 1536 3161 1590 nihil
3184 1551 3509 1606 praesumas.

2333 1625 2463 1681 Siue
2508 1628 2948 1683 consideratione
2987 1626 3185 1680 virium
3231 1627 3366 1681 nihil
3421 1629 3661 1685 voveris.
3717 1631 3867 1689 lnter

2265 1715 2507 1774 infideles
2528 1727 2942 1789 computantur,
2986 1717 3077 1786 qui
3121 1716 3264 1786 quod
3291 1728 3556 1774 voverunt
3609 1736 3722 1776 non
3770 1723 3864 1778 im-

571 1824 786 1880 respue,
813 1808 935 1879 fuge
957 1809 1239 1863 inhonesta
1263 1809 1453 1862 verba.
1509 1805 1587 1860 Ne
1611 1805 1822 1874 garrias
1851 1803 2014 1858 verba
2042 1803 2160 1857 ina-
2193 1786 2235 1844 Β
2265 1806 2561 1877 pleverunt.
2595 1786 2820 1864 occulta
2859 1806 3089 1860 virtutes
3119 1820 3231 1876 prae
3275 1806 3530 1863 elatione.
3569 1809 3864 1868 Absconde

570 1902 662 1956 nia
686 1915 701 1955 :
728 1916 896 1956 vanus
924 1901 1068 1955 enim
1105 1914 1286 1955 sermo
1315 1899 1423 1954 cito
1472 1896 1663 1967 polluit
1693 1906 1951 1960 mentem,
2001 1902 2054 1950 et
2082 1893 2161 1948 fa-

572 1992 870 2064 cileagitur
916 1992 1059 2062 quod
1097 1992 1329 2047 libenter
1380 1989 1695 2054 exauditur;
1750 1987 1853 2042 hoc
1902 1986 2163 2056 procedat

571 2097 640 2138 ex
670 2082 851 2149 labiis,
877 2081 1021 2154 quod
1050 2097 1210 2137 aures
1259 2095 1362 2136 non
1412 2079 1619 2150 polluat
1664 2077 1954 2132 audientis.
2006 2075 2158 2130 Evita

572 2173 820 2240 minima,
855 2188 923 2228 ne
966 2173 1252 2242 pervenias
1293 2173 1359 2227 ad
1416 2172 1640 2242 majora.
1699 2169 1828 2237 Quae
1883 2167 2159 2238 loqueris,

571 2268 812 2324 existant
832 2267 990 2338 digna
1015 2276 1178 2336 atque
1213 2265 1492 2337 gravidata
1525 2263 1768 2318 doctrina

641 2357 726 2413 Sit
761 2372 940 2412 sermo
968 2365 1089 2411 tuus
1117 2353 1630 2426 irreprehensibilis,
1658 2353 1730 2407 sit
1771 2350 2161 2422 exspectationi

570 2445 904 2501 audientium
931 2444 1101 2499 utilis.
1135 2444 1391 2500 Discerne
1423 2443 1552 2513 quid
1599 2441 1862 2512 loqueris,
1921 2439 2049 2511 quid
2083 2448 2162 2494 ta-

569 2547 714 2598 ceas,
744 2541 798 2587 et
828 2532 881 2586 in
915 2530 1182 2600 loquendo
1209 2540 1264 2586 et
1288 2532 1339 2586 in
1371 2531 1599 2586 tacendo
1620 2531 1831 2601 peritus
1862 2537 2002 2584 esto.
2028 2527 2162 2582 Mul-

568 2632 683 2677 tum
714 2629 839 2676 ante
862 2620 1104 2676 delibera
1128 2621 1255 2691 quid
1280 2621 1464 2687 dicas;
1493 2621 1547 2674 in
1577 2619 1722 2673 nulla
1755 2633 1815 2672 re
1842 2616 2158 2673 contendas.

567 2714 750 2770 Labiis
779 2714 884 2768 tuis
927 2713 1262 2784 signaculum
1313 2714 1493 2782 praebe
1544 2711 1742 2782 linguae
1790 2718 1917 2776 tuae,
1962 2708 2160 2764 silentii

569 2806 803 2862 claustra
861 2821 1107 2876 oppone,
1142 2805 1525 2876 circumclude
1575 2805 1818 2874 linguam
1861 2802 2163 2858 munitione

569 2822 803 2862 ctauStra
861 2822 1071 2876 oppone
1091 2849 1107 2871 ,
1191 2822 1525 2861 trcumctuae
1576 2822 1746 2874 ungua

569 2897 850 2952 custodiat.
880 2822 1234 2967 luterrogtﬁto
1255 2911 1316 2951 os
1345 2904 1492 2949 tuum
1520 2894 1746 2965 aperiat.

643 2988 766 3043 Sint
792 2988 956 3043 verba
983 2995 1069 3040 tua
1095 3001 1289 3056 pauca.
1316 2984 1717 3054 Multiloquium
1763 2997 1872 3038 non
1925 2982 2163 3038 declinat

570 3087 874 3152 peccatum.
938 3076 1242 3147 Linguosus
1268 3077 1432 3130 homo
1463 3074 1746 3145 imperitus
1794 3082 1879 3130 est
1905 3091 1918 3128 :
1945 3073 2159 3142 sapiens

570 3171 761 3242 paucis
791 3171 964 3224 utitur
1010 3168 1222 3234 verbis;
1275 3168 1421 3240 loqui
1467 3166 1716 3233 multum,
1766 3174 1849 3222 est
1901 3165 2158 3228 stultitia;

570 3262 793 3318 brevem
849 3275 1158 3316 sermonem
1204 3258 1334 3314 facit
1395 3259 1646 3314 scientia.
1700 3258 1985 3328 lmperitus
2031 3257 2163 3312 satis

568 3352 885 3424 perstrepit,
910 3360 963 3407 et
1011 3350 1148 3407 nihil
1177 3365 1338 3406 sensu
1393 3351 1547 3406 dicit.
1595 3349 1711 3404 Vox
1768 3348 2076 3420 insipientis
2109 3349 2160 3401 iu

571 3443 1078 3514 multiplicationem
1102 3442 1391 3498 sermonis.
1417 3440 1647 3511 Semper
1668 3439 1836 3494 verba
1896 3447 1988 3492 tua
2042 3452 2161 3492 mo-

573 3538 790 3603 derare,
822 3543 1038 3591 maneat
1073 3535 1127 3589 in
1156 3535 1325 3590 verbo
1354 3549 1628 3599 mensura,
1655 3533 1708 3587 in
1741 3546 1992 3587 sermone
2048 3539 2159 3587 sta-

573 3635 709 3682 tera.

642 3718 889 3774 Alienam
903 3715 1069 3772 vitam
1094 3730 1201 3772 non
1226 3716 1454 3782 laceres,
1477 3715 1543 3769 de
1565 3713 1709 3770 malo
1735 3714 1913 3770 alieno
1937 3728 1998 3769 os
2013 3722 2160 3769 tuum

571 3826 702 3867 non.
725 3808 1069 3880 coinquines;
1098 3825 1204 3864 non
1228 3807 1483 3864 detrahas
1505 3807 1774 3876 peccanti,
1799 3806 1891 3860 sed
1913 3804 2160 3861 condolc.

571 3902 726 3972 Quod
792 3903 846 3956 in
909 3901 1014 3957 alio
1042 3900 1300 3964 detrahis,
1331 3899 1383 3954 in
1416 3909 1466 3953 te
1488 3898 1828 3968 pertimescc.
1859 3895 2036 3952 Grave
2056 3898 2163 3952 cri-

520 4034 521 4037 η
570 4008 694 4048 men
719 4001 802 4046 est
830 3991 1119 4058 detractio,
1160 3984 1357 4062 gravis'
1378 3987 1658 4042 damnatio
1707 3996 1793 4043 est
1843 3987 2158 4042 detractio:

569 4083 676 4138 hoc
701 4082 900 4138 foedius
926 4081 1062 4137 nihil
1091 4091 1198 4147 est,
1229 4081 1333 4136 hoc
1391 4094 1617 4135 summae
1660 4078 2010 4149 turpitudinis
2055 4087 2157 4135 est.

569 4173 779 4231 Canum
811 4190 929 4231 mos
954 4188 1037 4232 est
1066 4176 1328 4237 lacerare,
1380 4187 1577 4228 canum
1620 4170 1838 4242 linguas
1879 4185 2158 4238 exercere,

569 4279 768 4322 canum
802 4267 960 4322 dente
987 4265 1247 4338 pestifero
1274 4263 1548 4319 mordere.

643 4357 869 4424 Quando
890 4357 978 4410 alii
1026 4356 1292 4420 detrahis,
1355 4363 1408 4409 te
1441 4355 1683 4420 discute;
1729 4353 1946 4424 quando
1992 4351 2157 4408 alium

570 4447 810 4512 mortles,
839 4455 926 4498 tua
950 4453 1171 4514 peccata
1199 4445 1485 4514 redargue.
1518 4443 1575 4498 Si
1600 4445 1684 4499 vis
1729 4445 2040 4510 detrahere,
2091 4444 2161 4500 ad
2192 4473 2238 4532 υ

571 4548 664 4594 tua
689 4547 910 4610 peccata
939 4546 990 4593 te
1021 4549 1307 4607 retorque;
1357 4551 1465 4591 non
1520 4536 1748 4591 alterius
1797 4536 2016 4603 delicta,
2065 4537 2162 4593 sed

569 4630 787 4702 pr0pria
810 4643 993 4684 cerne.
1028 4627 1167 4682 Vitia
1196 4638 1308 4688 tua,
1333 4640 1439 4681 non
1471 4626 1648 4681 aliena
1678 4627 1921 4684 intende.

641 4719 928 4790 Nunquam
955 4717 1047 4772 alii
1079 4717 1355 4784 detrahcs,
1407 4714 1454 4770 si
1510 4719 1648 4772 bene
1696 4725 1748 4772 te
1800 4719 2158 4789 perspexeris.

570 4814 648 4867 De
690 4820 778 4866 tua
807 4824 936 4880 ergo
963 4809 1302 4865 correctione
1329 4810 1609 4874 sollicitus,
1653 4809 1720 4864 de
1748 4818 1836 4864 tua
1879 4811 2051 4866 salute
2080 4811 2162 4865 in-

574 4911 781 4968 tentus,
832 4901 1242 4957 susurrantibus
1277 4901 1518 4956 auditum
1564 4915 1670 4955 nou
1721 4903 1985 4971 praebeas.
2035 4901 2162 4957 Pari

571 5004 731 5051 reatu
785 4993 1134 5050 detrahentes
1191 5001 1476 5058 tenentur,
1533 5003 1589 5046 et
1633 4994 1935 5047 audientes.
1988 4992 2162 5049 Tanta

570 5102 701 5142 cura
744 5088 1110 5161 corrige‘tua
1176 5087 1327 5153 vitia,
1393 5093 1596 5155 quanto
1658 5085 1834 5141 studio
1896 5085 2161 5156 prospicis

570 5178 770 5235 ahena.

647 5271 806 5343 193
843 5270 986 5328 Cave
1011 5285 1226 5342 quoque
1268 5271 1321 5326 in
1352 5271 1608 5328 omnibus
1634 5269 2005 5336 mendacium;
2062 5284 2162 5325 nec

588 5377 724 5428 casu,
744 5377 843 5418 nec
864 5363 1042 5418 studio
1066 5362 1305 5433 loquaris
1329 5362 1543 5419 falsum.
1558 5361 1770 5417 Nullum
1785 5360 1989 5430 justum
2012 5377 2162 5417 men-

580 5453 828 5522 dacium;
882 5469 1039 5510 omne
1084 5454 1421 5510 mendacium
1481 5462 1566 5509 est
1608 5463 1912 5523 peccatum.
1972 5451 2160 5508 Omnis

572 5545 720 5602 enim
737 5547 826 5615 qui
841 5547 1118 5614 mentitur,
1134 5547 1334 5602 occidit
1357 5548 1616 5602 animam.
1639 5546 1706 5600 Et
1731 5563 1758 5599 ελ
1774 5545 1967 5600 Perdea
1983 5562 2158 5601 omnes

572 5635 664 5706 qui
697 5633 982 5702 loquuntur
1021 5638 1352 5692 mendacium
1412 5637 1586 5708 (Psal.
1623 5653 1686 5702 v,
1711 5639 1806 5707 7);
1849 5647 1938 5691 et:
1993 5636 2159 5692 Testis

575 5727 744 5799 falsus
775 5741 876 5780 non
897 5729 992 5780 erit
1021 5729 1307 5799 impunitus
1332 5726 1516 5793 (Prov.
1543 5745 1665 5795 xrx,
1697 5729 1771 5800 5).
1799 5730 2004 5801 lief'uge
2028 5745 2158 5800 ergo

2263 1896 2402 1951 bona
2427 1895 2568 1952 facta
2601 1911 2714 1970 prae
2764 1896 3118 1967 arrogantia;
3159 1895 3286 1967 fuge
3325 1885 3497 1953 vide'ri
3548 1901 3698 1970 quod
3743 1916 3864 1958 esse

2263 1987 2528 2042 meruisti.
3092 2032 3103 2050 ,

2340 2074 2476 2131 Vitia
2508 2077 2689 2133 cordis
2709 2078 2783 2133 tui
2816 2077 3026 2147 revela,
3077 2092 3276 2149 pravas
3320 2078 3684 2150 cogitationes
3717 2081 3862 2138 illico

2264 2166 2572 2224 manifesta.
2601 2166 2658 2223 Si
2683 2177 2864 2240 patet,
2891 2169 3077 2223 vitium
3123 2169 3184 2223 fit
3211 2185 3280 2224 ex
3321 2185 3520 2242 magno
3559 2172 3858 2242 pusillum;

2263 2259 2307 2314 si
2332 2258 2461 2314 latet
2492 2299 2509 2326 ,
2541 2257 2604 2314 fit
2626 2273 2694 2314 ex
2714 2260 2938 2315 minimo
2963 2276 3236 2332 magnum.
3397 2245 3400 2248 ’

2333 2349 2638 2420 Ancipitem
2656 2349 2744 2405 ditt
2761 2349 2997 2406 delibera
3022 2351 3368 2413 sententiam.
3395 2352 3552 2420 Quod
3583 2353 3672 2409 vis
3694 2369 3856 2425 agere

2266 2442 2357 2496 diu
2386 2442 2630 2511 exquire.
2664 2441 2820 2497 Absit
2849 2442 2903 2497 in
2935 2443 3093 2498 bouis
3124 2444 3382 2524 segnities
3424 2444 3689 2510 remissa;
3717 2445 3858 2499 absit

2268 2546 2486 2604 torpens
2509 2535 2858 2610 negligentia.
2889 2534 2946 2590 ln
2970 2535 3022 2590 id
3045 2536 3188 2607 quod
3209 2537 3450 2606 expedit.
3502 2535 3730 2594 diﬂerre
3759 2538 3853 2592 im-

2264 2624 2430 2694 pedit.
2454 2624 2667 2679 Desidia
2690 2623 2937 2695 frigescit
2961 2624 3235 2696 ingeuium
3260 2640 3276 2691 ;
3301 2624 3629 2695 negligentia
3659 2635 3719 2681 et
3748 2634 3859 2681 tor-

2264 2727 2363 2782 por
2404 2713 2647 2768 dissolvit
2691 2714 2954 2768 animum.

2334 2803 2478 2858 Nihil
2539 2803 2803 2875 sapientia
2847 2803 3069 2870 melius,
3129 2803 3265 2858 nihil
3292 2803 3578 2874 prudentia
3610 2804 3849 2874 dulciusf;

2264 2895 2398 2952 nihil
2447 2895 2673 2951 scientia
2722 2894 2977 2961 suavius;
3028 2894 3162 2950 nihil
3200 2894 3428 2952 stultitia
3476 2895 3670 2966 pejus,
3721 2895 3852 2950 nihil

2267 2989 2477 3058 ignavia
2527 2987 2759 3057 turpius.
2804 2987 3054 3042 Indoctus
3109 2984 3267 3041 facile
3292 2987 3620 3058 .decipitur,
3659 2990 3856 3044 stultus

2270 3082 2320 3135 in
2363 3079 2492 3135 vitia
2527 3079 2636 3136 cito
2666 3078 2941 3135 dilabitur.

2338 3173 2468 3242 Quae
2487 3187 2581 3228 ore
2607 3173 2841 3242 promis,
2885 3186 3049 3242 Opere
3095 3170 3361 3242 adimple;
3400 3171 3564 3228 verba
3601 3182 3691 3228 tua
3720 3187 3858 3243 przc-

2265 3265 2460 3321 cedaut
2502 3277 2687 3333 opera.
2729 3262 2876 3318 Cave
2915 3277 2984 3318 ne
3015 3262 3140 3318 dum
3175 3262 3311 3317 alios
3354 3263 3606 3319 docendo
3653 3265 3851 3334 erigis,

2267 3359 2381 3428 ipse
2409 3355 2582 3410 laudis
2616 3355 2856 3425 appetitu
2882 3354 3170 3425 mergaris.

2335 3449 2478 3506 Cede
2507 3447 2618 3502 cito
2635 3446 2853 3503 veritati
2876 3463 2890 3512 ;
2915 3447 2968 3502 in
3000 3446 3365 3516 disputatione
3396 3446 3525 3504 tolle
3548 3457 3851 3532 gertamen,

2267 3537 2393 3592 tolle
2435 3539 2764 3604 pertinacem
2816 3537 3208 3594 defensionem.
3265 3538 3394 3594 l'lus
3443 3539 3610 3610 dilige
3663 3539 3858 3594 audire

2264 3643 2426 3698 quam
2448 3627 2633 3683 dicere
2657 3643 2674 3693 ;
2707 3627 2760 3682 iu
2789 3627 3055 3698 principio
3079 3627 3227 3693 audi,
3255 3627 3478 3695 loquere
3502 3629 3854 3685 novissimus.

2262 3715 2496 3792 Pri“,th
2507 3725 2689 3770 taceas
2703 3755 2718 3781 ,
2757 3725 3094 3786 prostremus
3114 3715 3281 3772 dicas.

2332 3793 2493 3861 .luit’la
2521 3806 2839 3878 dignitatem
2865 3805 3028 3862 redde
3051 3807 3346 3877 unicuique
3368 3807 3654 3864 honorem.
3707 3806 3856 3862 Cede

2263 3897 2530 3967 majorum
2577 3896 2924 3962 auctoritati,
2975 3897 3276 3965 obsequere
3317 3897 3606 3952 voluntati.
3654 3895 3857 3950 Malum

2261 3997 2442 4044 autem
2467 3986 2648 4043 facere
2676 3985 2862 4057 jussus
2893 4001 3001 4042 non
3039 3987 3374 4057 acquiescas.
3430 3986 3634 4042 Malum
3669 3985 3860 4056 jussus

2263 4077 2444 4136 facere
2467 4095 2571 4136 non
2603 4079 2932 4135 consentias.

2335 4170 2482 4226 Tene
2506 4169 2722 4225 modum
2763 4170 2816 4224 in
2846 4168 2994 4224 omni
3025 4181 3217 4239 opere,
3263 4167 3318 4222 in
3361 4169 3512 4222 omni
3549 4181 3608 4222 re
3652 4167 3865 4222 discre-

2263 4260 2463 4317 tionem
2500 4267 2642 4314 tene.
2688 4256 2841 4325 Quod
2885 4258 2981 4313 tibi
3029 4259 3111 4312 vis
3158 4257 3308 4324 fieri,
3347 4256 3435 4312 fac
3479 4257 3661 4311 alteri.
3707 4253 3866 4309 Talis

2261 4360 2378 4406 esto
2397 4349 2537 4414 aliis,
2570 4347 2758 4420 quales
2777 4357 2931 4420 optas
2945 4363 3069 4405 esse
3093 4347 3229 4404 alios
3246 4349 3390 4404 circa
3415 4356 3486 4403 le.
3516 4346 3662 4404 Cave
3685 4348 3868 4400 bono-

2264 4455 2353 4497 res
2381 4482 2396 4507 ,
2431 4455 2567 4510 quos
2627 4448 2810 4495 tenere
2852 4453 2961 4494 non
3001 4448 3177 4510 potes.
3225 4437 3547 4494 Sublimitas
3588 4439 3866 4495 honorum

2264 4533 2580 4603 magnitudo
2604 4539 2686 4587 est
2707 4530 2993 4586 scelerum.

2333 4625 2472 4693 Quid
2496 4623 2682 4680 differs
2722 4624 2775 4679 in
2814 4621 3156 4679 crastinum?
3181 4621 3344 4677 Potes
3371 4620 3576 4677 lucrari
3619 4631 3670 4677 et
3701 4621 3870 4676 diem

2265 4718 2609 4774 hodiernum.
2633 4716 2944 4771 Cavendum
2974 4723 3059 4770 est
3083 4714 3230 4768 enim
3261 4729 3328 4769 ne
3354 4722 3412 4769 et
3447 4713 3602 4768 illum
3634 4729 3741 4768 non
3781 4724 3874 4767 te-

2264 4828 2417 4879 neas,
2436 4822 2492 4868 et
2509 4812 2652 4867 hunc
2669 4811 2913 4866 amittas.
2937 4807 3053 4864 Non
3076 4808 3334 4879 exiguum
3349 4806 3744 4889 detrimentum
3774 4815 3868 4860 est

2263 4902 2348 4958 vel
2383 4903 2532 4958 hora:
2560 4902 2740 4957 unius.
2862 4969 2870 4976 ,

2335 4994 2536 5049 Diebus
2553 5008 2683 5064 ergo
2701 4999 2756 5047 et
2787 4990 3040 5048 noctibus
3066 4987 3233 5044 Deum
3256 5000 3490 5058 precare
3507 5027 3523 5052 ,
3571 4992 3627 5041 et
3663 4982 3882 5038 oculos

2265 5100 2295 5139 a
2319 5083 2616 5154 petulantia
2654 5081 2906 5153 reprime.
2939 5077 3088 5133 Tolle
3105 5077 3477 5140 occasionem,
3509 5074 3660 5130 aufer
3676 5086 3886 5129 mate-

2265 5177 2400 5231 riam
2425 5175 2788 5246 delinquendi.
2819 5171 3014 5229 Omnia
3038 5184 3144 5225 non
3183 5169 3494 5224 turbulento
3525 5168 3736 5230 animo,
3772 5166 3886 5220 sed

2266 5268 2552 5340 tranquillo
2580 5268 2743 5322 corde
2766 5267 2990 5335 dispone
3014 5281 3032 5330 ;~
3060 5277 3161 5318 nec
3183 5276 3514 5332 quemquam
3549 5259 3891 5316 districtius

2255 5359 2470 5430 judices
2493 5375 2655 5428 quam
2687 5367 2757 5412 te.

2333 5455 2521 5511 Brevis
2552 5464 2638 5509 est
2663 5451 2826 5523 hujus
2853 5450 3035 5506 muudi
3061 5448 3320 5513 felicitas,
3352 5449 3564 5503 modica
3585 5454 3666 5500 est
3693 5445 3898 5517 huius

2262 5548 2445 5605 saeculi
2469 5547 2660 5615 gloria.
2684 5545 2899 5601 Caduca
2915 5552 3072 5598 estet
3097 5541 3304 5613 fragilis
3327 5539 3631 5611 temporalis
3653 5549 3902 5606 polen-

2265 5640 2357 5694 tia.
2383 5639 2480 5692 Dic
2503 5638 2592 5692 ubi
2627 5646 2752 5692 sunt
2779 5635 2971 5705 rcges?
3018 5633 3106 5688 ubi
3137 5633 3446 5702 principes?
3484 5631 3569 5687 ubi
3611 5630 3909 5702 impera-

2265 5731 2446 5788 tores?
2476 5731 2566 5786 ubi
2597 5743 2781 5785 rerum
2809 5725 3146 5798 locupletes?
3193 5725 3282 5779 ubi
3326 5736 3567 5796 potentes
3614 5728 3855 5782 saeculi
3881 5729 3909 5784 2
