  <div class='ocr_page' id='page_1' title='image "/cluster/home/n/w/nwhite01/storage/ocr_20150623/158/hvd.32044024236689/399.png"; bbox 0 0 4060 6292; ppageno 0'>
   <div class='ocr_carea' id='block_1_1' title="bbox 559 273 666 332">
    <p class='ocr_par' dir='ltr' id='par_1_1' title="bbox 559 273 666 332">
     <span class='ocr_line' id='line_1_1' title="bbox 559 273 666 332; baseline -0.056 0"><span class='ocrx_word' id='word_1_1' title='bbox 559 273 666 332; x_wconf 77' lang='grc'><strong>687</strong></span> 
     </span>
    </p>
   </div>
   <div class='ocr_carea' id='block_1_2' title="bbox 902 265 2175 330">
    <p class='ocr_par' dir='ltr' id='par_1_2' title="bbox 902 265 2173 330">
     <span class='ocr_line' id='line_1_2' title="bbox 902 265 2173 330; baseline -0.004 -1"><span class='ocrx_word' id='word_1_2' title='bbox 902 273 962 329; x_wconf 80' lang='lat'><strong>5.</strong></span> <span class='ocrx_word' id='word_1_3' title='bbox 994 271 1298 330; x_wconf 64' lang='lat' dir='ltr'><strong>ANSELMI</strong></span> <span class='ocrx_word' id='word_1_4' title='bbox 1338 269 1688 328; x_wconf 72' lang='lat' dir='ltr'><strong>CANTCAB.</strong></span> <span class='ocrx_word' id='word_1_5' title='bbox 1727 265 2047 326; x_wconf 77' lang='lat' dir='ltr'><strong>ARCHIEP.</strong></span> <span class='ocrx_word' id='word_1_6' title='bbox 2085 268 2173 326; x_wconf 86' lang='grc' dir='ltr'><strong>ΟΡ</strong></span> 
     </span>
    </p>
   </div>
   <div class='ocr_carea' id='block_1_3' title="bbox 2276 265 3482 330">
    <p class='ocr_par' dir='ltr' id='par_1_3' title="bbox 2277 267 3482 326">
     <span class='ocr_line' id='line_1_3' title="bbox 2277 267 3482 326; baseline 0 -2"><span class='ocrx_word' id='word_1_7' title='bbox 2277 267 2456 326; x_wconf 74' lang='lat' dir='ltr'><strong>PARS</strong></span> <span class='ocrx_word' id='word_1_8' title='bbox 2493 268 2557 325; x_wconf 81' lang='lat' dir='ltr'><strong>ll.</strong></span> <span class='ocrx_word' id='word_1_9' title='bbox 2584 301 2654 310; x_wconf 89' lang='lat'><strong><em>—</em></strong></span> <span class='ocrx_word' id='word_1_10' title='bbox 2694 268 3073 326; x_wconf 66' lang='grc' dir='ltr'><strong>ΡΔΒΑΣΝΕΤ.</strong></span> <span class='ocrx_word' id='word_1_11' title='bbox 3115 269 3204 325; x_wconf 78' lang='lat' dir='ltr'><strong>ET</strong></span> <span class='ocrx_word' id='word_1_12' title='bbox 3240 268 3482 325; x_wconf 78' lang='lat' dir='ltr'><strong>ASCET.</strong></span> 
     </span>
    </p>
   </div>
   <div class='ocr_carea' id='block_1_4' title="bbox 3741 268 3849 325">
    <p class='ocr_par' dir='ltr' id='par_1_4' title="bbox 3741 268 3849 325">
     <span class='ocr_line' id='line_1_4' title="bbox 3741 268 3849 325; baseline 0 -3"><span class='ocrx_word' id='word_1_13' title='bbox 3741 268 3849 325; x_wconf 59' lang='lat'><strong>‘88</strong></span> 
     </span>
    </p>
   </div>
   <div class='ocr_carea' id='block_1_5' title="bbox 559 382 3849 452">
    <p class='ocr_par' dir='ltr' id='par_1_5' title="bbox 559 382 3849 452">
     <span class='ocr_line' id='line_1_5' title="bbox 559 382 3849 452; baseline -0.003 -7"><span class='ocrx_word' id='word_1_14' title='bbox 559 397 736 445; x_wconf 86' lang='lat' dir='ltr'><strong>morte</strong></span> <span class='ocrx_word' id='word_1_15' title='bbox 759 397 811 444; x_wconf 88' lang='lat' dir='ltr'><strong>te</strong></span> <span class='ocrx_word' id='word_1_16' title='bbox 837 397 1003 442; x_wconf 88' lang='lat' dir='ltr'><strong>totum</strong></span> <span class='ocrx_word' id='word_1_17' title='bbox 1035 389 1283 452; x_wconf 79' lang='lat' dir='ltr'><strong>inrolre;</strong></span> <span class='ocrx_word' id='word_1_18' title='bbox 1317 397 1372 442; x_wconf 90' lang='lat' dir='ltr'><strong>et</strong></span> <span class='ocrx_word' id='word_1_19' title='bbox 1400 388 1443 442; x_wconf 88' lang='lat' dir='ltr'><strong>si</strong></span> <span class='ocrx_word' id='word_1_20' title='bbox 1462 386 1721 440; x_wconf 91' lang='lat' dir='ltr'><strong>Dominus</strong></span> <span class='ocrx_word' id='word_1_21' title='bbox 1747 385 1887 439; x_wconf 87' lang='lat' dir='ltr'><strong>Deus</strong></span> <span class='ocrx_word' id='word_1_22' title='bbox 1911 385 2140 440; x_wconf 66' lang='lat' dir='ltr'><strong>voluerit</strong></span> <span class='ocrx_word' id='word_1_23' title='bbox 2168 393 2215 448; x_wconf 75' lang='grc' dir='ltr'><strong>Α</strong></span> <span class='ocrx_word' id='word_1_24' title='bbox 2313 383 2370 439; x_wconf 97' lang='lat' dir='ltr'><strong>Si</strong></span> <span class='ocrx_word' id='word_1_25' title='bbox 2397 383 2558 439; x_wconf 80' lang='lat' dir='ltr'><strong>fuerit</strong></span> <span class='ocrx_word' id='word_1_26' title='bbox 2585 385 2866 440; x_wconf 57' lang='lat' dir='ltr'><strong>saecularis</strong></span> <span class='ocrx_word' id='word_1_27' title='bbox 2891 427 2907 451; x_wconf 88' lang='lat'><strong>,</strong></span> <span class='ocrx_word' id='word_1_28' title='bbox 2940 383 3081 437; x_wconf 79' lang='lat' dir='ltr'><strong>infra</strong></span> <span class='ocrx_word' id='word_1_29' title='bbox 3107 383 3311 452; x_wconf 85' lang='lat' dir='ltr'><strong>scripto</strong></span> <span class='ocrx_word' id='word_1_30' title='bbox 3358 382 3519 436; x_wconf 80' lang='lat' dir='ltr'><strong>modo</strong></span> <span class='ocrx_word' id='word_1_31' title='bbox 3566 382 3737 436; x_wconf 89' lang='lat' dir='ltr'><strong>debet</strong></span> <span class='ocrx_word' id='word_1_32' title='bbox 3768 382 3849 436; x_wconf 88' lang='lat' dir='ltr'><strong>in-</strong></span> 
     </span>
    </p>
   </div>
   <div class='ocr_carea' id='block_1_6' title="bbox 560 475 2143 548">
    <p class='ocr_par' dir='ltr' id='par_1_6' title="bbox 560 475 2143 548">
     <span class='ocr_line' id='line_1_6' title="bbox 560 475 2143 548; baseline -0.005 -13"><span class='ocrx_word' id='word_1_33' title='bbox 560 488 618 535; x_wconf 87' lang='lat' dir='ltr'><strong>te</strong></span> <span class='ocrx_word' id='word_1_34' title='bbox 662 476 945 548; x_wconf 83' lang='lat' dir='ltr'><strong>judicare,</strong></span> <span class='ocrx_word' id='word_1_35' title='bbox 998 478 1126 533; x_wconf 86' lang='lat' dir='ltr'><strong>dic:</strong></span> <span class='ocrx_word' id='word_1_36' title='bbox 1191 478 1418 532; x_wconf 75' lang='lat' dir='ltr'><strong>Domine</strong></span> <span class='ocrx_word' id='word_1_37' title='bbox 1473 477 1577 542; x_wconf 82' lang='lat'><strong>“&#39;,</strong></span> <span class='ocrx_word' id='word_1_38' title='bbox 1635 486 1864 530; x_wconf 89' lang='lat' dir='ltr'><strong>mortem</strong></span> <span class='ocrx_word' id='word_1_39' title='bbox 1931 475 2143 530; x_wconf 84' lang='lat' dir='ltr'><strong>Domini</strong></span> 
     </span>
    </p>
   </div>
   <div class='ocr_carea' id='block_1_7' title="bbox 560 564 2144 636">
    <p class='ocr_par' dir='ltr' id='par_1_7' title="bbox 560 564 2144 636">
     <span class='ocr_line' id='line_1_7' title="bbox 560 564 2144 636; baseline -0.005 -12"><span class='ocrx_word' id='word_1_40' title='bbox 560 569 732 624; x_wconf 80' lang='lat' dir='ltr'><strong>nostri</strong></span> <span class='ocrx_word' id='word_1_41' title='bbox 782 565 909 623; x_wconf 78' lang='lat' dir='ltr'><strong>Jesu</strong></span> <span class='ocrx_word' id='word_1_42' title='bbox 957 565 1160 622; x_wconf 85' lang='lat' dir='ltr'><strong>Christi</strong></span> <span class='ocrx_word' id='word_1_43' title='bbox 1203 567 1401 636; x_wconf 88' lang='lat' dir='ltr'><strong>objicio</strong></span> <span class='ocrx_word' id='word_1_44' title='bbox 1451 566 1592 620; x_wconf 87' lang='lat' dir='ltr'><strong>inter</strong></span> <span class='ocrx_word' id='word_1_45' title='bbox 1625 581 1710 619; x_wconf 90' lang='lat' dir='ltr'><strong>me</strong></span> <span class='ocrx_word' id='word_1_46' title='bbox 1785 575 1840 619; x_wconf 91' lang='lat' dir='ltr'><strong>et</strong></span> <span class='ocrx_word' id='word_1_47' title='bbox 1881 564 2144 634; x_wconf 83' lang='lat' dir='ltr'><strong>judicium</strong></span> 
     </span>
    </p>
   </div>
   <div class='ocr_carea' id='block_1_8' title="bbox 561 656 2147 726">
    <p class='ocr_par' dir='ltr' id='par_1_8' title="bbox 561 656 2147 726">
     <span class='ocr_line' id='line_1_8' title="bbox 561 656 2147 726; baseline -0.007 -8"><span class='ocrx_word' id='word_1_48' title='bbox 561 672 744 726; x_wconf 69' lang='lat' dir='ltr'><strong>unum;</strong></span> <span class='ocrx_word' id='word_1_49' title='bbox 781 662 941 716; x_wconf 91' lang='lat' dir='ltr'><strong>aliter</strong></span> <span class='ocrx_word' id='word_1_50' title='bbox 967 676 1075 715; x_wconf 90' lang='lat' dir='ltr'><strong>non</strong></span> <span class='ocrx_word' id='word_1_51' title='bbox 1099 662 1370 716; x_wconf 86' lang='lat' dir='ltr'><strong>contendo</strong></span> <span class='ocrx_word' id='word_1_52' title='bbox 1395 668 1594 714; x_wconf 90' lang='lat' dir='ltr'><strong>tecum.</strong></span> <span class='ocrx_word' id='word_1_53' title='bbox 1645 657 1709 710; x_wconf 84' lang='lat' dir='ltr'><strong>Et</strong></span> <span class='ocrx_word' id='word_1_54' title='bbox 1752 660 1795 712; x_wconf 88' lang='lat' dir='ltr'><strong>si</strong></span> <span class='ocrx_word' id='word_1_55' title='bbox 1830 657 1923 712; x_wconf 86' lang='lat' dir='ltr'><strong>tibi</strong></span> <span class='ocrx_word' id='word_1_56' title='bbox 1947 656 2147 710; x_wconf 77' lang='lat' dir='ltr'><strong>dixerit</strong></span> 
     </span>
    </p>
   </div>
   <div class='ocr_carea' id='block_1_9' title="bbox 560 747 2145 824">
    <p class='ocr_par' dir='ltr' id='par_1_9' title="bbox 560 747 2145 824">
     <span class='ocr_line' id='line_1_9' title="bbox 560 747 2145 824; baseline -0.004 -17"><span class='ocrx_word' id='word_1_57' title='bbox 560 755 624 786; x_wconf 84' lang='grc'><strong>²¹¹</strong></span> <span class='ocrx_word' id='word_1_58' title='bbox 652 755 778 824; x_wconf 85' lang='lat' dir='ltr'><strong>quia</strong></span> <span class='ocrx_word' id='word_1_59' title='bbox 802 760 1056 824; x_wconf 77' lang='lat' dir='ltr'><strong>peccator</strong></span> <span class='ocrx_word' id='word_1_60' title='bbox 1086 769 1147 809; x_wconf 85' lang='lat' dir='ltr'><strong>es</strong></span> <span class='ocrx_word' id='word_1_61' title='bbox 1172 796 1188 820; x_wconf 92' lang='lat'><strong>,</strong></span> <span class='ocrx_word' id='word_1_62' title='bbox 1218 753 1305 808; x_wconf 92' lang='lat' dir='ltr'><strong>dic</strong></span> <span class='ocrx_word' id='word_1_63' title='bbox 1330 772 1344 806; x_wconf 89' lang='lat'>:</span> <span class='ocrx_word' id='word_1_64' title='bbox 1380 753 1606 807; x_wconf 85' lang='lat' dir='ltr'><strong>Domine</strong></span> <span class='ocrx_word' id='word_1_65' title='bbox 1625 793 1641 817; x_wconf 96' lang='lat'><strong>,</strong></span> <span class='ocrx_word' id='word_1_66' title='bbox 1676 760 1901 806; x_wconf 89' lang='lat' dir='ltr'><strong>mortem</strong></span> <span class='ocrx_word' id='word_1_67' title='bbox 1935 747 2145 803; x_wconf 86' lang='lat' dir='ltr'><strong>Domini</strong></span> 
     </span>
    </p>
   </div>
   <div class='ocr_carea' id='block_1_10' title="bbox 558 839 2148 914">
    <p class='ocr_par' dir='ltr' id='par_1_10' title="bbox 558 839 2148 914">
     <span class='ocr_line' id='line_1_10' title="bbox 558 839 2148 914; baseline -0.004 -14"><span class='ocrx_word' id='word_1_68' title='bbox 558 845 623 900; x_wconf 75' lang='grc' dir='ltr'><strong>Ν.</strong></span> <span class='ocrx_word' id='word_1_69' title='bbox 657 845 708 901; x_wconf 76' lang='lat' dir='ltr'><strong>J.</strong></span> <span class='ocrx_word' id='word_1_70' title='bbox 736 845 797 901; x_wconf 91' lang='lat' dir='ltr'><strong>C.</strong></span> <span class='ocrx_word' id='word_1_71' title='bbox 830 846 1066 902; x_wconf 87' lang='lat' dir='ltr'><strong>obtendo</strong></span> <span class='ocrx_word' id='word_1_72' title='bbox 1095 845 1236 900; x_wconf 88' lang='lat' dir='ltr'><strong>inter</strong></span> <span class='ocrx_word' id='word_1_73' title='bbox 1268 854 1320 900; x_wconf 81' lang='lat' dir='ltr'><strong>te</strong></span> <span class='ocrx_word' id='word_1_74' title='bbox 1342 855 1398 900; x_wconf 85' lang='lat' dir='ltr'><strong>et</strong></span> <span class='ocrx_word' id='word_1_75' title='bbox 1429 853 1649 914; x_wconf 79' lang='lat' dir='ltr'><strong>peccata</strong></span> <span class='ocrx_word' id='word_1_76' title='bbox 1682 858 1825 898; x_wconf 85' lang='lat' dir='ltr'><strong>mea.</strong></span> <span class='ocrx_word' id='word_1_77' title='bbox 1865 840 1922 896; x_wconf 88' lang='lat' dir='ltr'><strong>Si</strong></span> <span class='ocrx_word' id='word_1_78' title='bbox 1947 839 2148 894; x_wconf 88' lang='lat' dir='ltr'><strong>dixerit</strong></span> 
     </span>
    </p>
   </div>
   <div class='ocr_carea' id='block_1_11' title="bbox 561 933 2144 1008">
    <p class='ocr_par' dir='ltr' id='par_1_11' title="bbox 561 933 2144 1008">
     <span class='ocr_line' id='line_1_11' title="bbox 561 933 2144 1008; baseline -0.003 -15"><span class='ocrx_word' id='word_1_79' title='bbox 561 939 655 994; x_wconf 86' lang='lat' dir='ltr'><strong>tibi</strong></span> <span class='ocrx_word' id='word_1_80' title='bbox 676 937 802 1008; x_wconf 90' lang='lat' dir='ltr'><strong>quia</strong></span> <span class='ocrx_word' id='word_1_81' title='bbox 849 939 1096 992; x_wconf 87' lang='lat' dir='ltr'><strong>meruisti</strong></span> <span class='ocrx_word' id='word_1_82' title='bbox 1125 937 1564 1001; x_wconf 81' lang='lat' dir='ltr'><strong>damnationem,</strong></span> <span class='ocrx_word' id='word_1_83' title='bbox 1613 936 1740 990; x_wconf 91' lang='lat' dir='ltr'><strong>dic:</strong></span> <span class='ocrx_word' id='word_1_84' title='bbox 1781 933 2007 988; x_wconf 83' lang='lat' dir='ltr'><strong>Domine</strong></span> <span class='ocrx_word' id='word_1_85' title='bbox 2040 933 2104 962; x_wconf 84' lang='grc'><strong>¹¹⁸</strong></span> <span class='ocrx_word' id='word_1_86' title='bbox 2127 973 2144 997; x_wconf 88' lang='grc'><em>,</em></span> 
     </span>
    </p>
   </div>
   <div class='ocr_carea' id='block_1_12' title="bbox 557 1026 2147 1096">
    <p class='ocr_par' dir='ltr' id='par_1_12' title="bbox 557 1026 2147 1096">
     <span class='ocr_line' id='line_1_12' title="bbox 557 1026 2147 1096; baseline -0.005 -11"><span class='ocrx_word' id='word_1_87' title='bbox 557 1039 788 1086; x_wconf 85' lang='lat' dir='ltr'><strong>mortem</strong></span> <span class='ocrx_word' id='word_1_88' title='bbox 815 1028 1027 1084; x_wconf 89' lang='lat' dir='ltr'><strong>Domini</strong></span> <span class='ocrx_word' id='word_1_89' title='bbox 1059 1029 1228 1083; x_wconf 88' lang='lat' dir='ltr'><strong>nostri</strong></span> <span class='ocrx_word' id='word_1_90' title='bbox 1254 1027 1381 1082; x_wconf 82' lang='lat' dir='ltr'><strong>Jesu</strong></span> <span class='ocrx_word' id='word_1_91' title='bbox 1409 1027 1612 1084; x_wconf 87' lang='lat' dir='ltr'><strong>Christi</strong></span> <span class='ocrx_word' id='word_1_92' title='bbox 1645 1041 1785 1096; x_wconf 92' lang='lat' dir='ltr'><strong>pono</strong></span> <span class='ocrx_word' id='word_1_93' title='bbox 1813 1026 1954 1081; x_wconf 88' lang='lat' dir='ltr'><strong>inter</strong></span> <span class='ocrx_word' id='word_1_94' title='bbox 1979 1035 2062 1089; x_wconf 90' lang='lat' dir='ltr'><strong>te,</strong></span> <span class='ocrx_word' id='word_1_95' title='bbox 2091 1032 2147 1078; x_wconf 90' lang='lat' dir='ltr'><strong>et</strong></span> 
     </span>
    </p>
   </div>
   <div class='ocr_carea' id='block_1_13' title="bbox 554 1116 2146 1190">
    <p class='ocr_par' dir='ltr' id='par_1_13' title="bbox 554 1116 2146 1190">
     <span class='ocr_line' id='line_1_13' title="bbox 554 1116 2146 1190; baseline -0.003 -14"><span class='ocrx_word' id='word_1_96' title='bbox 554 1121 698 1177; x_wconf 80' lang='lat' dir='ltr'><strong>mala</strong></span> <span class='ocrx_word' id='word_1_97' title='bbox 730 1121 924 1176; x_wconf 85' lang='lat' dir='ltr'><strong>merita</strong></span> <span class='ocrx_word' id='word_1_98' title='bbox 957 1136 1107 1185; x_wconf 90' lang='lat' dir='ltr'><strong>mea;</strong></span> <span class='ocrx_word' id='word_1_99' title='bbox 1147 1119 1426 1190; x_wconf 75' lang='lat' dir='ltr'><strong>ipsiusque</strong></span> <span class='ocrx_word' id='word_1_100' title='bbox 1464 1119 1718 1173; x_wconf 86' lang='lat' dir='ltr'><strong>meritum</strong></span> <span class='ocrx_word' id='word_1_101' title='bbox 1765 1116 1931 1172; x_wconf 71' lang='lat' dir='ltr'><strong>offero</strong></span> <span class='ocrx_word' id='word_1_102' title='bbox 1954 1117 2021 1147; x_wconf 83' lang='grc'><strong>¹¹³</strong></span> <span class='ocrx_word' id='word_1_103' title='bbox 2047 1132 2146 1186; x_wconf 87' lang='lat' dir='ltr'><strong>pro</strong></span> 
     </span>
    </p>
   </div>
   <div class='ocr_carea' id='block_1_14' title="bbox 557 1206 2143 1283">
    <p class='ocr_par' dir='ltr' id='par_1_14' title="bbox 557 1206 2143 1283">
     <span class='ocr_line' id='line_1_14' title="bbox 557 1206 2143 1283; baseline -0.006 -15"><span class='ocrx_word' id='word_1_104' title='bbox 557 1214 757 1268; x_wconf 87' lang='lat' dir='ltr'><strong>merito</strong></span> <span class='ocrx_word' id='word_1_105' title='bbox 783 1214 927 1283; x_wconf 90' lang='lat' dir='ltr'><strong>quod</strong></span> <span class='ocrx_word' id='word_1_106' title='bbox 971 1212 1176 1267; x_wconf 89' lang='lat' dir='ltr'><strong>habere</strong></span> <span class='ocrx_word' id='word_1_107' title='bbox 1223 1212 1566 1274; x_wconf 85' lang='lat' dir='ltr'><strong>debuissem,</strong></span> <span class='ocrx_word' id='word_1_108' title='bbox 1619 1223 1718 1262; x_wconf 91' lang='lat' dir='ltr'><strong>nec</strong></span> <span class='ocrx_word' id='word_1_109' title='bbox 1754 1208 1926 1263; x_wconf 81' lang='lat' dir='ltr'><strong>habeo</strong></span> <span class='ocrx_word' id='word_1_110' title='bbox 1960 1208 2047 1260; x_wconf 65' lang='grc' dir='ltr'><strong>ηδ.</strong></span> <span class='ocrx_word' id='word_1_111' title='bbox 2071 1206 2143 1264; x_wconf 81' lang='lat' dir='ltr'><strong>Si</strong></span> 
     </span>
    </p>
   </div>
   <div class='ocr_carea' id='block_1_15' title="bbox 558 1297 2144 1372">
    <p class='ocr_par' dir='ltr' id='par_1_15' title="bbox 558 1297 2144 1372">
     <span class='ocr_line' id='line_1_15' title="bbox 558 1297 2144 1372; baseline -0.005 -14"><span class='ocrx_word' id='word_1_112' title='bbox 558 1301 762 1359; x_wconf 81' lang='lat' dir='ltr'><strong>dixerit</strong></span> <span class='ocrx_word' id='word_1_113' title='bbox 799 1301 941 1372; x_wconf 90' lang='lat' dir='ltr'><strong>quod</strong></span> <span class='ocrx_word' id='word_1_114' title='bbox 967 1302 1060 1355; x_wconf 87' lang='lat' dir='ltr'><strong>tibi</strong></span> <span class='ocrx_word' id='word_1_115' title='bbox 1091 1302 1260 1354; x_wconf 89' lang='lat' dir='ltr'><strong>iratus</strong></span> <span class='ocrx_word' id='word_1_116' title='bbox 1287 1309 1403 1362; x_wconf 92' lang='lat' dir='ltr'><strong>est,</strong></span> <span class='ocrx_word' id='word_1_117' title='bbox 1432 1299 1553 1353; x_wconf 88' lang='lat' dir='ltr'><strong>dic:</strong></span> <span class='ocrx_word' id='word_1_118' title='bbox 1603 1297 1829 1351; x_wconf 87' lang='lat' dir='ltr'><strong>Domine</strong></span> <span class='ocrx_word' id='word_1_119' title='bbox 1849 1337 1864 1360; x_wconf 94' lang='lat'><strong>,</strong></span> <span class='ocrx_word' id='word_1_120' title='bbox 1914 1306 2144 1350; x_wconf 86' lang='lat' dir='ltr'><strong>mortem</strong></span> 
     </span>
    </p>
   </div>
   <div class='ocr_carea' id='block_1_16' title="bbox 559 1387 2142 1460">
    <p class='ocr_par' dir='ltr' id='par_1_16' title="bbox 559 1387 2142 1460">
     <span class='ocr_line' id='line_1_16' title="bbox 559 1387 2142 1460; baseline -0.005 -14"><span class='ocrx_word' id='word_1_121' title='bbox 559 1391 774 1446; x_wconf 86' lang='lat' dir='ltr'><strong>Domini</strong></span> <span class='ocrx_word' id='word_1_122' title='bbox 815 1390 879 1445; x_wconf 73' lang='grc' dir='ltr'><strong>Ν.</strong></span> <span class='ocrx_word' id='word_1_123' title='bbox 922 1389 975 1445; x_wconf 81' lang='lat' dir='ltr'><strong>J.</strong></span> <span class='ocrx_word' id='word_1_124' title='bbox 1020 1391 1080 1444; x_wconf 82' lang='lat' dir='ltr'><strong>G.</strong></span> <span class='ocrx_word' id='word_1_125' title='bbox 1120 1404 1332 1460; x_wconf 83' lang='lat' dir='ltr'><strong>Oppono</strong></span> <span class='ocrx_word' id='word_1_126' title='bbox 1377 1390 1519 1444; x_wconf 88' lang='lat' dir='ltr'><strong>inter</strong></span> <span class='ocrx_word' id='word_1_127' title='bbox 1551 1402 1637 1441; x_wconf 92' lang='lat' dir='ltr'><strong>me</strong></span> <span class='ocrx_word' id='word_1_128' title='bbox 1677 1395 1733 1442; x_wconf 91' lang='lat' dir='ltr'><strong>et</strong></span> <span class='ocrx_word' id='word_1_129' title='bbox 1779 1387 1916 1440; x_wconf 86' lang='lat' dir='ltr'><strong>iram</strong></span> <span class='ocrx_word' id='word_1_130' title='bbox 1973 1395 2142 1439; x_wconf 89' lang='lat' dir='ltr'><strong>tuam.</strong></span> 
     </span>
    </p>
   </div>
   <div class='ocr_carea' id='block_1_17' title="bbox 558 1474 2146 1552">
    <p class='ocr_par' dir='ltr' id='par_1_17' title="bbox 558 1474 2146 1552">
     <span class='ocr_line' id='line_1_17' title="bbox 558 1474 2146 1552; baseline -0.003 -16"><span class='ocrx_word' id='word_1_131' title='bbox 558 1481 680 1550; x_wconf 82' lang='lat' dir='ltr'><strong>Quo</strong></span> <span class='ocrx_word' id='word_1_132' title='bbox 702 1481 950 1552; x_wconf 89' lang='lat' dir='ltr'><strong>expleto,</strong></span> <span class='ocrx_word' id='word_1_133' title='bbox 990 1481 1185 1536; x_wconf 86' lang='lat' dir='ltr'><strong>iterum</strong></span> <span class='ocrx_word' id='word_1_134' title='bbox 1223 1479 1428 1534; x_wconf 87' lang='lat' dir='ltr'><strong>dicito:</strong></span> <span class='ocrx_word' id='word_1_135' title='bbox 1465 1478 1724 1544; x_wconf 85' lang='lat' dir='ltr'><strong>Domine,</strong></span> <span class='ocrx_word' id='word_1_136' title='bbox 1778 1486 2005 1530; x_wconf 87' lang='lat' dir='ltr'><strong>mortem</strong></span> <span class='ocrx_word' id='word_1_137' title='bbox 2036 1474 2146 1531; x_wconf 87' lang='lat' dir='ltr'><strong>Do-</strong></span> 
     </span>
    </p>
   </div>
   <div class='ocr_carea' id='block_1_18' title="bbox 557 1568 2144 1640">
    <p class='ocr_par' dir='ltr' id='par_1_18' title="bbox 557 1568 2144 1640">
     <span class='ocr_line' id='line_1_18' title="bbox 557 1568 2144 1640; baseline -0.005 -13"><span class='ocrx_word' id='word_1_138' title='bbox 557 1572 689 1627; x_wconf 86' lang='lat' dir='ltr'><strong>mini</strong></span> <span class='ocrx_word' id='word_1_139' title='bbox 715 1572 881 1626; x_wconf 88' lang='lat' dir='ltr'><strong>nostri</strong></span> <span class='ocrx_word' id='word_1_140' title='bbox 902 1570 1029 1626; x_wconf 85' lang='lat' dir='ltr'><strong>Jesu</strong></span> <span class='ocrx_word' id='word_1_141' title='bbox 1049 1570 1247 1626; x_wconf 88' lang='lat' dir='ltr'><strong>Christi</strong></span> <span class='ocrx_word' id='word_1_142' title='bbox 1273 1584 1415 1640; x_wconf 92' lang='lat' dir='ltr'><strong>pono</strong></span> <span class='ocrx_word' id='word_1_143' title='bbox 1451 1568 1594 1622; x_wconf 89' lang='lat' dir='ltr'><strong>inter</strong></span> <span class='ocrx_word' id='word_1_144' title='bbox 1623 1580 1674 1622; x_wconf 91' lang='lat' dir='ltr'><strong>te</strong></span> <span class='ocrx_word' id='word_1_145' title='bbox 1696 1576 1751 1622; x_wconf 90' lang='lat' dir='ltr'><strong>et</strong></span> <span class='ocrx_word' id='word_1_146' title='bbox 1775 1582 1861 1622; x_wconf 90' lang='lat' dir='ltr'><strong>me</strong></span> <span class='ocrx_word' id='word_1_147' title='bbox 1881 1607 1897 1631; x_wconf 95' lang='lat'><strong>,</strong></span> <span class='ocrx_word' id='word_1_148' title='bbox 1924 1577 1977 1620; x_wconf 91' lang='lat' dir='ltr'><strong>et</strong></span> <span class='ocrx_word' id='word_1_149' title='bbox 2009 1568 2144 1620; x_wconf 90' lang='lat' dir='ltr'><strong>iram</strong></span> 
     </span>
    </p>
   </div>
   <div class='ocr_carea' id='block_1_19' title="bbox 558 1658 2137 1726">
    <p class='ocr_par' dir='ltr' id='par_1_19' title="bbox 558 1658 2137 1726">
     <span class='ocr_line' id='line_1_19' title="bbox 558 1658 2137 1726; baseline -0.006 -7"><span class='ocrx_word' id='word_1_150' title='bbox 558 1671 733 1719; x_wconf 83' lang='lat' dir='ltr'><strong>tuam.</strong></span> <span class='ocrx_word' id='word_1_151' title='bbox 768 1663 881 1718; x_wconf 83' lang='lat' dir='ltr'><strong>Hoc</strong></span> <span class='ocrx_word' id='word_1_152' title='bbox 908 1663 1050 1717; x_wconf 80' lang='lat' dir='ltr'><strong>facto</strong></span> <span class='ocrx_word' id='word_1_153' title='bbox 1074 1703 1087 1726; x_wconf 95' lang='lat'><strong>,</strong></span> <span class='ocrx_word' id='word_1_154' title='bbox 1121 1663 1267 1717; x_wconf 83' lang='lat' dir='ltr'><strong>dicat</strong></span> <span class='ocrx_word' id='word_1_155' title='bbox 1295 1661 1362 1692; x_wconf 85' lang='grc'>¹¹⁸</span> <span class='ocrx_word' id='word_1_156' title='bbox 1400 1660 1646 1715; x_wconf 90' lang='lat' dir='ltr'><strong>inﬁrmus</strong></span> <span class='ocrx_word' id='word_1_157' title='bbox 1681 1669 1764 1712; x_wconf 86' lang='lat' dir='ltr'><strong>ter</strong></span> <span class='ocrx_word' id='word_1_158' title='bbox 1790 1659 1904 1714; x_wconf 78' lang='lat' dir='ltr'><strong>bzec</strong></span> <span class='ocrx_word' id='word_1_159' title='bbox 1928 1658 2092 1711; x_wconf 70' lang='lat' dir='ltr'><strong>verba</strong></span> <span class='ocrx_word' id='word_1_160' title='bbox 2123 1674 2137 1710; x_wconf 90' lang='lat'><strong>:</strong></span> 
     </span>
    </p>
   </div>
   <div class='ocr_carea' id='block_1_20' title="bbox 2253 479 3030 550">
    <p class='ocr_par' dir='ltr' id='par_1_20' title="bbox 2253 479 3030 550">
     <span class='ocr_line' id='line_1_20' title="bbox 2253 479 3030 550; baseline -0.004 -17"><span class='ocrx_word' id='word_1_161' title='bbox 2253 479 2516 548; x_wconf 75' lang='lat' dir='ltr'><strong>terrogari</strong></span> <span class='ocrx_word' id='word_1_162' title='bbox 2541 493 2640 550; x_wconf 90' lang='lat' dir='ltr'><strong>per</strong></span> <span class='ocrx_word' id='word_1_163' title='bbox 2668 479 3030 532; x_wconf 75' lang='lat' dir='ltr'><strong>sacerdotem.</strong></span> 
     </span>
    </p>
   </div>
   <div class='ocr_carea' id='block_1_21' title="bbox 2319 566 3845 640">
    <p class='ocr_par' dir='ltr' id='par_1_21' title="bbox 2319 566 3845 640">
     <span class='ocr_line' id='line_1_21' title="bbox 2319 566 3845 640; baseline -0.002 -17"><span class='ocrx_word' id='word_1_164' title='bbox 2319 569 2506 623; x_wconf 83' lang='lat' dir='ltr'><strong>Prima</strong></span> <span class='ocrx_word' id='word_1_165' title='bbox 2536 571 2894 640; x_wconf 75' lang='lat' dir='ltr'><strong>interrogatio.</strong></span> <span class='ocrx_word' id='word_1_166' title='bbox 2938 568 3130 623; x_wconf 87' lang='lat' dir='ltr'><strong>Credis</strong></span> <span class='ocrx_word' id='word_1_167' title='bbox 3161 577 3214 620; x_wconf 90' lang='lat' dir='ltr'><strong>tu</strong></span> <span class='ocrx_word' id='word_1_168' title='bbox 3244 582 3304 622; x_wconf 88' lang='lat' dir='ltr'><strong>ea</strong></span> <span class='ocrx_word' id='word_1_169' title='bbox 3336 582 3457 637; x_wconf 71' lang='lat' dir='ltr'><strong>qua:</strong></span> <span class='ocrx_word' id='word_1_170' title='bbox 3499 577 3629 621; x_wconf 89' lang='lat' dir='ltr'><strong>sunt</strong></span> <span class='ocrx_word' id='word_1_171' title='bbox 3680 566 3845 622; x_wconf 85' lang='lat' dir='ltr'><strong>Chri-</strong></span> 
     </span>
    </p>
   </div>
   <div class='ocr_carea' id='block_1_22' title="bbox 2249 656 3846 728">
    <p class='ocr_par' dir='ltr' id='par_1_22' title="bbox 2249 656 3846 728">
     <span class='ocr_line' id='line_1_22' title="bbox 2249 656 3846 728; baseline -0.004 -13"><span class='ocrx_word' id='word_1_172' title='bbox 2249 659 2439 715; x_wconf 65' lang='lat' dir='ltr'><strong>stiana:</strong></span> <span class='ocrx_word' id='word_1_173' title='bbox 2483 658 2636 722; x_wconf 89' lang='lat' dir='ltr'><strong>ﬁdei,</strong></span> <span class='ocrx_word' id='word_1_174' title='bbox 2675 666 2940 728; x_wconf 88' lang='lat' dir='ltr'><strong>quantum</strong></span> <span class='ocrx_word' id='word_1_175' title='bbox 2986 658 3053 710; x_wconf 91' lang='lat' dir='ltr'><strong>a-l</strong></span> <span class='ocrx_word' id='word_1_176' title='bbox 3082 671 3148 710; x_wconf 72' lang='lat' dir='ltr'><strong>ea</strong></span> <span class='ocrx_word' id='word_1_177' title='bbox 3179 671 3298 724; x_wconf 71' lang='lat' dir='ltr'><strong>qua:</strong></span> <span class='ocrx_word' id='word_1_178' title='bbox 3324 666 3447 710; x_wconf 88' lang='lat' dir='ltr'><strong>sunt</strong></span> <span class='ocrx_word' id='word_1_179' title='bbox 3475 656 3846 710; x_wconf 81' lang='lat' dir='ltr'><strong>determinala</strong></span> 
     </span>
    </p>
   </div>
   <div class='ocr_carea' id='block_1_23' title="bbox 2252 748 3131 817">
    <p class='ocr_par' dir='ltr' id='par_1_23' title="bbox 2252 748 3131 817">
     <span class='ocr_line' id='line_1_23' title="bbox 2252 748 3131 817; baseline 0.002 -18"><span class='ocrx_word' id='word_1_180' title='bbox 2252 753 2319 783; x_wconf 75' lang='grc' dir='ltr'><strong>ιη</strong></span> <span class='ocrx_word' id='word_1_181' title='bbox 2341 752 2409 806; x_wconf 87' lang='lat' dir='ltr'><strong>ab</strong></span> <span class='ocrx_word' id='word_1_182' title='bbox 2433 749 2671 806; x_wconf 83' lang='lat' dir='ltr'><strong>Ecclesia</strong></span> <span class='ocrx_word' id='word_1_183' title='bbox 2694 750 2718 801; x_wconf 86' lang='lat'><strong>?</strong></span> <span class='ocrx_word' id='word_1_184' title='bbox 2751 748 2910 817; x_wconf 91' lang='lat' dir='ltr'><strong>Resp.</strong></span> <span class='ocrx_word' id='word_1_185' title='bbox 2935 748 3131 802; x_wconf 87' lang='lat' dir='ltr'><strong>Credo.</strong></span> 
     </span>
    </p>
   </div>
   <div class='ocr_carea' id='block_1_24' title="bbox 2320 838 3849 912">
    <p class='ocr_par' dir='ltr' id='par_1_24' title="bbox 2320 838 3849 912">
     <span class='ocr_line' id='line_1_24' title="bbox 2320 838 3849 912; baseline -0.005 -14"><span class='ocrx_word' id='word_1_186' title='bbox 2320 843 2586 912; x_wconf 85' lang='lat' dir='ltr'><strong>lnterrog.</strong></span> <span class='ocrx_word' id='word_1_187' title='bbox 2620 841 2839 898; x_wconf 89' lang='lat' dir='ltr'><strong>Gaudes</strong></span> <span class='ocrx_word' id='word_1_188' title='bbox 2874 841 3000 911; x_wconf 86' lang='lat' dir='ltr'><strong>quia</strong></span> <span class='ocrx_word' id='word_1_189' title='bbox 3027 840 3080 894; x_wconf 88' lang='lat' dir='ltr'><strong>in</strong></span> <span class='ocrx_word' id='word_1_190' title='bbox 3103 839 3207 894; x_wconf 90' lang='lat' dir='ltr'><strong>ﬁde</strong></span> <span class='ocrx_word' id='word_1_191' title='bbox 3224 840 3533 894; x_wconf 84' lang='lat' dir='ltr'><strong>Christiana</strong></span> <span class='ocrx_word' id='word_1_192' title='bbox 3564 838 3849 894; x_wconf 76' lang='lat' dir='ltr'><strong>moreris?</strong></span> 
     </span>
    </p>
   </div>
   <div class='ocr_carea' id='block_1_25' title="bbox 2321 934 2760 1003">
    <p class='ocr_par' dir='ltr' id='par_1_25' title="bbox 2321 934 2760 1003">
     <span class='ocr_line' id='line_1_25' title="bbox 2321 934 2760 1003; baseline -0.005 -14"><span class='ocrx_word' id='word_1_193' title='bbox 2321 935 2483 1003; x_wconf 89' lang='lat' dir='ltr'><strong>Resp.</strong></span> <span class='ocrx_word' id='word_1_194' title='bbox 2512 934 2760 989; x_wconf 85' lang='lat' dir='ltr'><strong>Gaudeo.</strong></span> 
     </span>
    </p>
   </div>
   <div class='ocr_carea' id='block_1_26' title="bbox 2321 1021 3847 1096">
    <p class='ocr_par' dir='ltr' id='par_1_26' title="bbox 2321 1021 3847 1096">
     <span class='ocr_line' id='line_1_26' title="bbox 2321 1021 3847 1096; baseline -0.002 -17"><span class='ocrx_word' id='word_1_195' title='bbox 2321 1025 2584 1096; x_wconf 82' lang='lat' dir='ltr'><strong>Interrog.</strong></span> <span class='ocrx_word' id='word_1_196' title='bbox 2617 1024 2978 1095; x_wconf 75' lang='lat' dir='ltr'><strong>Recognoscis</strong></span> <span class='ocrx_word' id='word_1_197' title='bbox 2995 1034 3045 1078; x_wconf 91' lang='lat' dir='ltr'><strong>te</strong></span> <span class='ocrx_word' id='word_1_198' title='bbox 3061 1023 3228 1078; x_wconf 89' lang='lat' dir='ltr'><strong>Deum</strong></span> <span class='ocrx_word' id='word_1_199' title='bbox 3261 1025 3501 1093; x_wconf 74' lang='lat' dir='ltr'><strong>graviter</strong></span> <span class='ocrx_word' id='word_1_200' title='bbox 3516 1021 3847 1078; x_wconf 69' lang='lat' dir='ltr'><strong>oﬁ&#39;endisse‘!</strong></span> 
     </span>
    </p>
   </div>
   <div class='ocr_carea' id='block_1_27' title="bbox 2318 1117 2877 1188">
    <p class='ocr_par' dir='ltr' id='par_1_27' title="bbox 2318 1117 2877 1188">
     <span class='ocr_line' id='line_1_27' title="bbox 2318 1117 2877 1188; baseline -0.004 -16"><span class='ocrx_word' id='word_1_201' title='bbox 2318 1117 2472 1187; x_wconf 87' lang='lat' dir='ltr'><strong>Resp.</strong></span> <span class='ocrx_word' id='word_1_202' title='bbox 2503 1117 2877 1188; x_wconf 77' lang='lat' dir='ltr'><strong>Recognosce.</strong></span> 
     </span>
    </p>
   </div>
   <div class='ocr_carea' id='block_1_28' title="bbox 2321 1203 3846 1278">
    <p class='ocr_par' dir='ltr' id='par_1_28' title="bbox 2321 1203 3846 1278">
     <span class='ocr_line' id='line_1_28' title="bbox 2321 1203 3846 1278; baseline -0.004 -16"><span class='ocrx_word' id='word_1_203' title='bbox 2321 1209 2581 1278; x_wconf 85' lang='lat' dir='ltr'><strong>Interrog.</strong></span> <span class='ocrx_word' id='word_1_204' title='bbox 2613 1207 2773 1263; x_wconf 87' lang='lat' dir='ltr'><strong>Doles</strong></span> <span class='ocrx_word' id='word_1_205' title='bbox 2815 1216 2865 1262; x_wconf 89' lang='lat' dir='ltr'><strong>te</strong></span> <span class='ocrx_word' id='word_1_206' title='bbox 2904 1206 2973 1238; x_wconf 70' lang='grc' dir='ltr'><strong>η’</strong></span> <span class='ocrx_word' id='word_1_207' title='bbox 3019 1204 3162 1276; x_wconf 82' lang='lat' dir='ltr'><strong>quod</strong></span> <span class='ocrx_word' id='word_1_208' title='bbox 3209 1203 3481 1258; x_wconf 70' lang='lat' dir='ltr'><strong>offendisti</strong></span> <span class='ocrx_word' id='word_1_209' title='bbox 3522 1203 3846 1259; x_wconf 62' lang='lat' dir='ltr'><strong>Creatorem</strong></span> 
     </span>
    </p>
   </div>
   <div class='ocr_carea' id='block_1_29' title="bbox 2250 1303 2448 1359">
    <p class='ocr_par' dir='ltr' id='par_1_29' title="bbox 2250 1303 2448 1359">
     <span class='ocr_line' id='line_1_29' title="bbox 2250 1303 2448 1359; baseline -0.01 -1"><span class='ocrx_word' id='word_1_210' title='bbox 2250 1303 2448 1359; x_wconf 81' lang='lat' dir='ltr'><strong>tuum?</strong></span> 
     </span>
    </p>
   </div>
   <div class='ocr_carea' id='block_1_30' title="bbox 2319 1393 2695 1464">
    <p class='ocr_par' dir='ltr' id='par_1_30' title="bbox 2319 1393 2695 1464">
     <span class='ocr_line' id='line_1_30' title="bbox 2319 1393 2695 1464; baseline -0.005 -15"><span class='ocrx_word' id='word_1_211' title='bbox 2319 1394 2477 1464; x_wconf 83' lang='lat' dir='ltr'><strong>Resp.</strong></span> <span class='ocrx_word' id='word_1_212' title='bbox 2510 1393 2695 1448; x_wconf 87' lang='lat' dir='ltr'><strong>Doleo.</strong></span> 
     </span>
    </p>
   </div>
   <div class='ocr_carea' id='block_1_31' title="bbox 2317 1481 3841 1558">
    <p class='ocr_par' dir='ltr' id='par_1_31' title="bbox 2317 1481 3841 1558">
     <span class='ocr_line' id='line_1_31' title="bbox 2317 1481 3841 1558; baseline -0.005 -17"><span class='ocrx_word' id='word_1_213' title='bbox 2317 1487 2579 1558; x_wconf 85' lang='lat' dir='ltr'><strong>Interrog.</strong></span> <span class='ocrx_word' id='word_1_214' title='bbox 2611 1485 2875 1556; x_wconf 81' lang='lat' dir='ltr'><strong>Proponis</strong></span> <span class='ocrx_word' id='word_1_215' title='bbox 2897 1485 3073 1554; x_wconf 86' lang='lat' dir='ltr'><strong>quod,</strong></span> <span class='ocrx_word' id='word_1_216' title='bbox 3126 1484 3170 1538; x_wconf 91' lang='lat' dir='ltr'><strong>si</strong></span> <span class='ocrx_word' id='word_1_217' title='bbox 3206 1481 3349 1537; x_wconf 90' lang='lat' dir='ltr'><strong>Deus</strong></span> <span class='ocrx_word' id='word_1_218' title='bbox 3379 1481 3471 1537; x_wconf 67' lang='lat' dir='ltr'><strong>tibi</strong></span> <span class='ocrx_word' id='word_1_219' title='bbox 3503 1481 3673 1534; x_wconf 73' lang='lat' dir='ltr'><strong>vitam</strong></span> <span class='ocrx_word' id='word_1_220' title='bbox 3709 1493 3841 1534; x_wconf 75' lang='lat' dir='ltr'><strong>nn-</strong></span> 
     </span>
    </p>
   </div>
   <div class='ocr_carea' id='block_1_32' title="bbox 2247 1576 3346 1654">
    <p class='ocr_par' dir='ltr' id='par_1_32' title="bbox 2247 1576 3346 1654">
     <span class='ocr_line' id='line_1_32' title="bbox 2247 1576 3346 1654; baseline -0.008 -17"><span class='ocrx_word' id='word_1_221' title='bbox 2247 1582 2576 1654; x_wconf 77' lang='lat' dir='ltr'><strong>longaverit,</strong></span> <span class='ocrx_word' id='word_1_222' title='bbox 2606 1582 2675 1634; x_wconf 88' lang='lat' dir='ltr'><strong>ah</strong></span> <span class='ocrx_word' id='word_1_223' title='bbox 2701 1580 2819 1650; x_wconf 79' lang='lat' dir='ltr'><strong>ejus</strong></span> <span class='ocrx_word' id='word_1_224' title='bbox 2847 1577 3050 1633; x_wconf 83' lang='lat' dir='ltr'><strong>oﬂ&#39;ensa</strong></span> <span class='ocrx_word' id='word_1_225' title='bbox 3075 1576 3295 1632; x_wconf 79' lang='lat' dir='ltr'><strong>carebis</strong></span> <span class='ocrx_word' id='word_1_226' title='bbox 3322 1576 3346 1628; x_wconf 73' lang='grc'><strong><em>2</em></strong></span> 
     </span>
    </p>
   </div>
   <div class='ocr_carea' id='block_1_33' title="bbox 2324 1671 2941 1745">
    <p class='ocr_par' dir='ltr' id='par_1_33' title="bbox 2324 1671 2941 1745">
     <span class='ocr_line' id='line_1_33' title="bbox 2324 1671 2941 1745; baseline -0.011 -15"><span class='ocrx_word' id='word_1_227' title='bbox 2324 1675 2628 1745; x_wconf 81' lang='lat' dir='ltr'><strong>Responsio.</strong></span> <span class='ocrx_word' id='word_1_228' title='bbox 2671 1671 2941 1742; x_wconf 85' lang='lat' dir='ltr'><strong>Propone.</strong></span> 
     </span>
    </p>
   </div>
   <div class='ocr_carea' id='block_1_34' title="bbox 556 1749 3842 1848">
    <p class='ocr_par' dir='ltr' id='par_1_34' title="bbox 556 1749 3842 1848">
     <span class='ocr_line' id='line_1_34' title="bbox 556 1749 3842 1848; baseline -0.006 -19"><span class='ocrx_word' id='word_1_229' title='bbox 556 1753 626 1810; x_wconf 79' lang='grc' dir='ltr'><strong>Ῐη</strong></span> <span class='ocrx_word' id='word_1_230' title='bbox 674 1765 1022 1848; x_wconf 51' lang='grc' dir='ltr'><em>ηιαηξῖτηαδ</em></span> <span class='ocrx_word' id='word_1_231' title='bbox 1047 1755 1154 1848; x_wconf 36' lang='lat' dir='ltr'><strong>in;</strong></span> <span class='ocrx_word' id='word_1_232' title='bbox 1203 1753 1423 1848; x_wconf 49' lang='grc' dir='ltr'><strong>θ-οηιίηε</strong></span> <span class='ocrx_word' id='word_1_233' title='bbox 1448 1795 1463 1819; x_wconf 74' lang='grc' dir='ltr'><strong>ν</strong></span> <span class='ocrx_word' id='word_1_234' title='bbox 1509 1750 1864 1848; x_wconf 24' lang='grc' dir='ltr'><strong>-εοῖηηιωξάομ</strong></span> <span class='ocrx_word' id='word_1_235' title='bbox 1904 1749 2143 1848; x_wconf 63' lang='grc' dir='ltr'><strong>εξίτίηηη</strong></span> <span class='ocrx_word' id='word_1_236' title='bbox 2179 1753 2222 1810; x_wconf 77' lang='grc' dir='ltr'><strong>Β</strong></span> <span class='ocrx_word' id='word_1_237' title='bbox 2321 1765 2587 1836; x_wconf 83' lang='lat' dir='ltr'><strong>Interrog.</strong></span> <span class='ocrx_word' id='word_1_238' title='bbox 2614 1763 2814 1834; x_wconf 84' lang='lat' dir='ltr'><strong>Speras</strong></span> <span class='ocrx_word' id='word_1_239' title='bbox 2840 1801 2857 1826; x_wconf 91' lang='lat'><strong>,</strong></span> <span class='ocrx_word' id='word_1_240' title='bbox 2899 1771 2955 1815; x_wconf 88' lang='lat' dir='ltr'><strong>et</strong></span> <span class='ocrx_word' id='word_1_241' title='bbox 2991 1760 3172 1815; x_wconf 91' lang='lat' dir='ltr'><strong>credis</strong></span> <span class='ocrx_word' id='word_1_242' title='bbox 3209 1767 3263 1812; x_wconf 92' lang='lat' dir='ltr'><strong>tu</strong></span> <span class='ocrx_word' id='word_1_243' title='bbox 3286 1757 3428 1828; x_wconf 87' lang='lat' dir='ltr'><strong>quod</strong></span> <span class='ocrx_word' id='word_1_244' title='bbox 3453 1755 3750 1826; x_wconf 65' lang='lat' dir='ltr'><strong>pervenias</strong></span> <span class='ocrx_word' id='word_1_245' title='bbox 3783 1755 3842 1809; x_wconf 87' lang='lat' dir='ltr'><strong>ad</strong></span> 
     </span>
    </p>
   </div>
   <div class='ocr_carea' id='block_1_35' title="bbox 556 1841 2143 1912">
    <p class='ocr_par' dir='ltr' id='par_1_35' title="bbox 556 1841 2143 1912">
     <span class='ocr_line' id='line_1_35' title="bbox 556 1841 2143 1912; baseline -0.003 -13"><span class='ocrx_word' id='word_1_246' title='bbox 556 1863 750 1900; x_wconf 88' lang='lat' dir='ltr'><strong>meum.</strong></span> <span class='ocrx_word' id='word_1_247' title='bbox 781 1845 1061 1901; x_wconf 82' lang='lat' dir='ltr'><strong>Redemisti</strong></span> <span class='ocrx_word' id='word_1_248' title='bbox 1083 1841 1197 1912; x_wconf 67' lang='lat' dir='ltr'><strong>me,</strong></span> <span class='ocrx_word' id='word_1_249' title='bbox 1229 1846 1470 1910; x_wconf 85' lang='lat' dir='ltr'><strong>Domine,</strong></span> <span class='ocrx_word' id='word_1_250' title='bbox 1501 1845 1638 1898; x_wconf 88' lang='lat' dir='ltr'><strong>Deus</strong></span> <span class='ocrx_word' id='word_1_251' title='bbox 1659 1843 1911 1896; x_wconf 79' lang='lat' dir='ltr'><strong>veritatis.</strong></span> <span class='ocrx_word' id='word_1_252' title='bbox 1943 1841 2143 1896; x_wconf 87' lang='lat' dir='ltr'><strong>lterum</strong></span> 
     </span>
    </p>
   </div>
   <div class='ocr_carea' id='block_1_36' title="bbox 556 1935 2147 2009">
    <p class='ocr_par' dir='ltr' id='par_1_36' title="bbox 556 1935 2147 2009">
     <span class='ocr_line' id='line_1_36' title="bbox 556 1935 2147 2009; baseline -0.003 -17"><span class='ocrx_word' id='word_1_253' title='bbox 556 1953 788 1994; x_wconf 76' lang='lat' dir='ltr'><strong>versus:</strong></span> <span class='ocrx_word' id='word_1_254' title='bbox 847 1939 1232 2009; x_wconf 82' lang='lat' dir='ltr'><strong>Dirupisti“&quot;,</strong></span> <span class='ocrx_word' id='word_1_255' title='bbox 1287 1939 1538 2001; x_wconf 83' lang='lat' dir='ltr'><strong>Domine,</strong></span> <span class='ocrx_word' id='word_1_256' title='bbox 1579 1936 1789 1991; x_wconf 68' lang='lat' dir='ltr'><strong>vincula</strong></span> <span class='ocrx_word' id='word_1_257' title='bbox 1845 1953 1998 2001; x_wconf 89' lang='lat' dir='ltr'><strong>mea;</strong></span> <span class='ocrx_word' id='word_1_258' title='bbox 2055 1935 2147 1988; x_wconf 83' lang='lat' dir='ltr'><strong>tibi</strong></span> 
     </span>
    </p>
   </div>
   <div class='ocr_carea' id='block_1_37' title="bbox 559 2025 2145 2097">
    <p class='ocr_par' dir='ltr' id='par_1_37' title="bbox 559 2025 2145 2097">
     <span class='ocr_line' id='line_1_37' title="bbox 559 2025 2145 2097; baseline -0.003 -14"><span class='ocrx_word' id='word_1_259' title='bbox 559 2029 867 2097; x_wconf 76' lang='lat' dir='ltr'><strong>sacrificabo</strong></span> <span class='ocrx_word' id='word_1_260' title='bbox 886 2029 1112 2084; x_wconf 80' lang='lat' dir='ltr'><strong>hostiam</strong></span> <span class='ocrx_word' id='word_1_261' title='bbox 1133 2029 1329 2094; x_wconf 83' lang='lat' dir='ltr'><strong>laudis,</strong></span> <span class='ocrx_word' id='word_1_262' title='bbox 1354 2038 1401 2082; x_wconf 90' lang='lat' dir='ltr'><strong>et</strong></span> <span class='ocrx_word' id='word_1_263' title='bbox 1426 2045 1611 2081; x_wconf 80' lang='lat' dir='ltr'><strong>nomen</strong></span> <span class='ocrx_word' id='word_1_264' title='bbox 1635 2027 1849 2080; x_wconf 88' lang='lat' dir='ltr'><strong>Domini</strong></span> <span class='ocrx_word' id='word_1_265' title='bbox 1879 2025 2145 2079; x_wconf 81' lang='lat' dir='ltr'><strong>invocabo.</strong></span> 
     </span>
    </p>
   </div>
   <div class='ocr_carea' id='block_1_38' title="bbox 561 2115 2148 2184">
    <p class='ocr_par' dir='ltr' id='par_1_38' title="bbox 561 2115 2148 2184">
     <span class='ocr_line' id='line_1_38' title="bbox 561 2115 2148 2184; baseline -0.004 -9"><span class='ocrx_word' id='word_1_266' title='bbox 561 2121 802 2176; x_wconf 74' lang='lat' dir='ltr'><strong>Versus:</strong></span> <span class='ocrx_word' id='word_1_267' title='bbox 835 2119 984 2174; x_wconf 81' lang='lat' dir='ltr'><strong>Educ</strong></span> <span class='ocrx_word' id='word_1_268' title='bbox 1008 2121 1072 2174; x_wconf 89' lang='lat' dir='ltr'><strong>de</strong></span> <span class='ocrx_word' id='word_1_269' title='bbox 1093 2120 1329 2174; x_wconf 71' lang='lat' dir='ltr'><strong>custodia</strong></span> <span class='ocrx_word' id='word_1_270' title='bbox 1371 2121 1632 2182; x_wconf 84' lang='lat' dir='ltr'><strong>animant,</strong></span> <span class='ocrx_word' id='word_1_271' title='bbox 1680 2118 1748 2170; x_wconf 92' lang='lat' dir='ltr'><strong>ad</strong></span> <span class='ocrx_word' id='word_1_272' title='bbox 1798 2115 2148 2184; x_wconf 77' lang='lat' dir='ltr'><strong>conﬁtendum</strong></span> 
     </span>
    </p>
   </div>
   <div class='ocr_carea' id='block_1_39' title="bbox 560 2207 2145 2280">
    <p class='ocr_par' dir='ltr' id='par_1_39' title="bbox 560 2207 2145 2280">
     <span class='ocr_line' id='line_1_39' title="bbox 560 2207 2145 2280; baseline -0.003 -14"><span class='ocrx_word' id='word_1_273' title='bbox 560 2211 760 2267; x_wconf 82' lang='lat' dir='ltr'><strong>nomini</strong></span> <span class='ocrx_word' id='word_1_274' title='bbox 780 2222 900 2277; x_wconf 87' lang='lat' dir='ltr'><strong>tuo;</strong></span> <span class='ocrx_word' id='word_1_275' title='bbox 924 2228 1004 2265; x_wconf 89' lang='lat' dir='ltr'><strong>me</strong></span> <span class='ocrx_word' id='word_1_276' title='bbox 1028 2220 1323 2280; x_wconf 76' lang='lat' dir='ltr'><strong>exspectant</strong></span> <span class='ocrx_word' id='word_1_277' title='bbox 1350 2211 1502 2273; x_wconf 80' lang='lat' dir='ltr'><strong>iusti,</strong></span> <span class='ocrx_word' id='word_1_278' title='bbox 1528 2210 1690 2262; x_wconf 88' lang='lat' dir='ltr'><strong>donec</strong></span> <span class='ocrx_word' id='word_1_279' title='bbox 1721 2207 1978 2262; x_wconf 87' lang='lat' dir='ltr'><strong>retribuas</strong></span> <span class='ocrx_word' id='word_1_280' title='bbox 1998 2207 2145 2261; x_wconf 79' lang='lat' dir='ltr'><strong>mihi.</strong></span> 
     </span>
    </p>
   </div>
   <div class='ocr_carea' id='block_1_40' title="bbox 559 2297 2150 2370">
    <p class='ocr_par' dir='ltr' id='par_1_40' title="bbox 559 2297 2150 2370">
     <span class='ocr_line' id='line_1_40' title="bbox 559 2297 2150 2370; baseline -0.004 -14"><span class='ocrx_word' id='word_1_281' title='bbox 559 2300 754 2357; x_wconf 79' lang='lat' dir='ltr'><strong>Postea</strong></span> <span class='ocrx_word' id='word_1_282' title='bbox 779 2302 921 2356; x_wconf 87' lang='lat' dir='ltr'><strong>dicat</strong></span> <span class='ocrx_word' id='word_1_283' title='bbox 949 2319 962 2354; x_wconf 89' lang='lat'>:</span> <span class='ocrx_word' id='word_1_284' title='bbox 996 2300 1198 2363; x_wconf 76' lang='lat' dir='ltr'><strong>Maria,</strong></span> <span class='ocrx_word' id='word_1_285' title='bbox 1231 2310 1398 2354; x_wconf 85' lang='lat' dir='ltr'><strong>mater</strong></span> <span class='ocrx_word' id='word_1_286' title='bbox 1425 2299 1643 2370; x_wconf 73' lang='lat' dir='ltr'><strong>gratim,</strong></span> <span class='ocrx_word' id='word_1_287' title='bbox 1665 2307 1834 2352; x_wconf 90' lang='lat' dir='ltr'><strong>mater</strong></span> <span class='ocrx_word' id='word_1_288' title='bbox 1853 2297 2150 2350; x_wconf 79' lang='lat' dir='ltr'><strong>misericor-</strong></span> 
     </span>
    </p>
   </div>
   <div class='ocr_carea' id='block_1_41' title="bbox 559 2387 2148 2460">
    <p class='ocr_par' dir='ltr' id='par_1_41' title="bbox 559 2387 2148 2460">
     <span class='ocr_line' id='line_1_41' title="bbox 559 2387 2148 2460; baseline -0.004 -15"><span class='ocrx_word' id='word_1_289' title='bbox 559 2391 663 2445; x_wconf 80' lang='lat' dir='ltr'><strong>dite</strong></span> <span class='ocrx_word' id='word_1_290' title='bbox 683 2432 697 2455; x_wconf 90' lang='lat'><strong>,</strong></span> <span class='ocrx_word' id='word_1_291' title='bbox 728 2402 784 2445; x_wconf 84' lang='lat' dir='ltr'><strong>tu</strong></span> <span class='ocrx_word' id='word_1_292' title='bbox 808 2408 899 2446; x_wconf 85' lang='lat' dir='ltr'><strong>nos</strong></span> <span class='ocrx_word' id='word_1_293' title='bbox 922 2394 986 2444; x_wconf 86' lang='lat' dir='ltr'><strong>ab</strong></span> <span class='ocrx_word' id='word_1_294' title='bbox 1015 2391 1159 2445; x_wconf 85' lang='lat' dir='ltr'><strong>hoste</strong></span> <span class='ocrx_word' id='word_1_295' title='bbox 1178 2401 1386 2460; x_wconf 85' lang='lat' dir='ltr'><strong>protege</strong></span> <span class='ocrx_word' id='word_1_296' title='bbox 1405 2432 1420 2456; x_wconf 93' lang='lat'><strong>,</strong></span> <span class='ocrx_word' id='word_1_297' title='bbox 1461 2399 1508 2442; x_wconf 88' lang='lat' dir='ltr'><strong>et</strong></span> <span class='ocrx_word' id='word_1_298' title='bbox 1537 2389 1668 2442; x_wconf 83' lang='lat' dir='ltr'><strong>hora</strong></span> <span class='ocrx_word' id='word_1_299' title='bbox 1697 2389 1878 2441; x_wconf 89' lang='lat' dir='ltr'><strong>mortis</strong></span> <span class='ocrx_word' id='word_1_300' title='bbox 1905 2387 2108 2456; x_wconf 83' lang='lat' dir='ltr'><strong>suscipe</strong></span> <span class='ocrx_word' id='word_1_301' title='bbox 2130 2403 2148 2439; x_wconf 93' lang='lat'><em>:</em></span> 
     </span>
    </p>
   </div>
   <div class='ocr_carea' id='block_1_42' title="bbox 556 2477 2147 2556">
    <p class='ocr_par' dir='ltr' id='par_1_42' title="bbox 556 2477 2147 2556">
     <span class='ocr_line' id='line_1_42' title="bbox 556 2477 2147 2556; baseline -0.006 -16"><span class='ocrx_word' id='word_1_302' title='bbox 556 2502 652 2556; x_wconf 83' lang='lat' dir='ltr'><strong>per</strong></span> <span class='ocrx_word' id='word_1_303' title='bbox 677 2495 824 2538; x_wconf 87' lang='lat' dir='ltr'><strong>tuum</strong></span> <span class='ocrx_word' id='word_1_304' title='bbox 849 2500 1003 2554; x_wconf 84' lang='lat' dir='ltr'><strong>ergo,</strong></span> <span class='ocrx_word' id='word_1_305' title='bbox 1051 2481 1238 2553; x_wconf 81' lang='lat' dir='ltr'><strong>Virgo,</strong></span> <span class='ocrx_word' id='word_1_306' title='bbox 1267 2481 1467 2535; x_wconf 84' lang='lat' dir='ltr'><strong>Filium</strong></span> <span class='ocrx_word' id='word_1_307' title='bbox 1489 2522 1505 2548; x_wconf 94' lang='lat'><strong>,</strong></span> <span class='ocrx_word' id='word_1_308' title='bbox 1537 2497 1630 2550; x_wconf 88' lang='lat' dir='ltr'><strong>per</strong></span> <span class='ocrx_word' id='word_1_309' title='bbox 1653 2478 1867 2534; x_wconf 84' lang='lat' dir='ltr'><strong>Patrem</strong></span> <span class='ocrx_word' id='word_1_310' title='bbox 1893 2520 1909 2544; x_wconf 97' lang='lat'><strong>,</strong></span> <span class='ocrx_word' id='word_1_311' title='bbox 1939 2488 1987 2533; x_wconf 92' lang='lat' dir='ltr'><strong>et</strong></span> <span class='ocrx_word' id='word_1_312' title='bbox 2020 2477 2147 2548; x_wconf 86' lang='lat' dir='ltr'><strong>Spi-</strong></span> 
     </span>
    </p>
   </div>
   <div class='ocr_carea' id='block_1_43' title="bbox 557 2569 2148 2643">
    <p class='ocr_par' dir='ltr' id='par_1_43' title="bbox 557 2569 2148 2643">
     <span class='ocr_line' id='line_1_43' title="bbox 557 2569 2148 2643; baseline -0.005 -14"><span class='ocrx_word' id='word_1_313' title='bbox 557 2575 718 2629; x_wconf 83' lang='lat' dir='ltr'><strong>ritum</strong></span> <span class='ocrx_word' id='word_1_314' title='bbox 742 2585 1015 2641; x_wconf 85' lang='lat' dir='ltr'><strong>sanetum,</strong></span> <span class='ocrx_word' id='word_1_315' title='bbox 1037 2589 1265 2643; x_wconf 62' lang='lat' dir='ltr'><strong>praesens</strong></span> <span class='ocrx_word' id='word_1_316' title='bbox 1306 2571 1451 2626; x_wconf 85' lang='lat' dir='ltr'><strong>adsis</strong></span> <span class='ocrx_word' id='word_1_317' title='bbox 1477 2573 1546 2625; x_wconf 92' lang='lat' dir='ltr'><strong>ad</strong></span> <span class='ocrx_word' id='word_1_318' title='bbox 1575 2572 1771 2626; x_wconf 88' lang='lat' dir='ltr'><strong>obitum</strong></span> <span class='ocrx_word' id='word_1_319' title='bbox 1805 2586 2001 2635; x_wconf 89' lang='lat' dir='ltr'><strong>meum,</strong></span> <span class='ocrx_word' id='word_1_320' title='bbox 2023 2569 2148 2639; x_wconf 81' lang='lat' dir='ltr'><strong>quia</strong></span> 
     </span>
    </p>
   </div>
   <div class='ocr_carea' id='block_1_44' title="bbox 555 2665 1236 2721">
    <p class='ocr_par' dir='ltr' id='par_1_44' title="bbox 555 2665 1236 2721">
     <span class='ocr_line' id='line_1_44' title="bbox 555 2665 1236 2721; baseline -0.003 -3"><span class='ocrx_word' id='word_1_321' title='bbox 555 2665 789 2720; x_wconf 86' lang='lat' dir='ltr'><strong>imminet</strong></span> <span class='ocrx_word' id='word_1_322' title='bbox 811 2667 1004 2721; x_wconf 69' lang='lat' dir='ltr'><strong>exitus.</strong></span> <span class='ocrx_word' id='word_1_323' title='bbox 1043 2665 1236 2719; x_wconf 82' lang='lat' dir='ltr'><strong>Amen.</strong></span> 
     </span>
    </p>
   </div>
   <div class='ocr_carea' id='block_1_45' title="bbox 626 2749 2149 2822">
    <p class='ocr_par' dir='ltr' id='par_1_45' title="bbox 626 2749 2149 2822">
     <span class='ocr_line' id='line_1_45' title="bbox 626 2749 2149 2822; baseline -0.004 -12"><span class='ocrx_word' id='word_1_324' title='bbox 626 2755 753 2812; x_wconf 82' lang='lat' dir='ltr'><strong>Post</strong></span> <span class='ocrx_word' id='word_1_325' title='bbox 785 2757 899 2810; x_wconf 75' lang='lat' dir='ltr'><strong>lucc</strong></span> <span class='ocrx_word' id='word_1_326' title='bbox 929 2757 1071 2810; x_wconf 88' lang='lat' dir='ltr'><strong>dicta</strong></span> <span class='ocrx_word' id='word_1_327' title='bbox 1096 2763 1152 2809; x_wconf 89' lang='lat' dir='ltr'><strong>et</strong></span> <span class='ocrx_word' id='word_1_328' title='bbox 1194 2767 1451 2822; x_wconf 83' lang='lat' dir='ltr'><strong>responsa</strong></span> <span class='ocrx_word' id='word_1_329' title='bbox 1482 2751 1550 2806; x_wconf 91' lang='lat' dir='ltr'><strong>ab</strong></span> <span class='ocrx_word' id='word_1_330' title='bbox 1587 2749 1837 2816; x_wconf 86' lang='lat' dir='ltr'><strong>inﬁrmo,</strong></span> <span class='ocrx_word' id='word_1_331' title='bbox 1891 2749 2149 2805; x_wconf 88' lang='lat' dir='ltr'><strong>sacerdos</strong></span> 
     </span>
    </p>
   </div>
   <div class='ocr_carea' id='block_1_46' title="bbox 557 2838 2149 2914">
    <p class='ocr_par' dir='ltr' id='par_1_46' title="bbox 557 2838 2149 2914">
     <span class='ocr_line' id='line_1_46' title="bbox 557 2838 2149 2914; baseline -0.006 -14"><span class='ocrx_word' id='word_1_332' title='bbox 557 2846 706 2900; x_wconf 89' lang='lat' dir='ltr'><strong>dicat</strong></span> <span class='ocrx_word' id='word_1_333' title='bbox 739 2845 807 2876; x_wconf 81' lang='grc'><strong>¹²⁸</strong></span> <span class='ocrx_word' id='word_1_334' title='bbox 843 2860 940 2914; x_wconf 92' lang='lat' dir='ltr'><strong>pro</strong></span> <span class='ocrx_word' id='word_1_335' title='bbox 983 2845 1198 2898; x_wconf 87' lang='lat' dir='ltr'><strong>inﬁrmo</strong></span> <span class='ocrx_word' id='word_1_336' title='bbox 1241 2843 1373 2896; x_wconf 89' lang='lat' dir='ltr'><strong>istos</strong></span> <span class='ocrx_word' id='word_1_337' title='bbox 1403 2841 1660 2911; x_wconf 86' lang='lat' dir='ltr'><strong>psalmos.</strong></span> <span class='ocrx_word' id='word_1_338' title='bbox 1702 2838 1846 2893; x_wconf 79' lang='lat' dir='ltr'><strong>Psal.</strong></span> <span class='ocrx_word' id='word_1_339' title='bbox 1882 2838 2055 2906; x_wconf 84' lang='lat' dir='ltr'><strong>Deus,</strong></span> <span class='ocrx_word' id='word_1_340' title='bbox 2093 2840 2149 2892; x_wconf 89' lang='lat' dir='ltr'><strong>in</strong></span> 
     </span>
    </p>
   </div>
   <div class='ocr_carea' id='block_1_47' title="bbox 558 2930 2149 3002">
    <p class='ocr_par' dir='ltr' id='par_1_47' title="bbox 558 2930 2149 3002">
     <span class='ocr_line' id='line_1_47' title="bbox 558 2930 2149 3002; baseline -0.004 -11"><span class='ocrx_word' id='word_1_341' title='bbox 558 2938 764 2992; x_wconf 77' lang='lat' dir='ltr'><strong>nomine</strong></span> <span class='ocrx_word' id='word_1_342' title='bbox 793 2947 882 2991; x_wconf 89' lang='lat' dir='ltr'><strong>tuo</strong></span> <span class='ocrx_word' id='word_1_343' title='bbox 912 2935 1112 2990; x_wconf 84' lang='lat' dir='ltr'><strong>salvum</strong></span> <span class='ocrx_word' id='word_1_344' title='bbox 1145 2951 1224 2988; x_wconf 88' lang='lat' dir='ltr'><strong>me</strong></span> <span class='ocrx_word' id='word_1_345' title='bbox 1249 2935 1353 3002; x_wconf 80' lang='lat' dir='ltr'><strong>fac.</strong></span> <span class='ocrx_word' id='word_1_346' title='bbox 1388 2931 1534 2987; x_wconf 89' lang='lat' dir='ltr'><strong>Psal.</strong></span> <span class='ocrx_word' id='word_1_347' title='bbox 1561 2930 1794 2986; x_wconf 84' lang='lat' dir='ltr'><strong>Credidi.</strong></span> <span class='ocrx_word' id='word_1_348' title='bbox 1834 2930 1977 2986; x_wconf 87' lang='lat' dir='ltr'><strong>Psal.</strong></span> <span class='ocrx_word' id='word_1_349' title='bbox 2004 2930 2149 2985; x_wconf 86' lang='lat' dir='ltr'><strong>Deus</strong></span> 
     </span>
    </p>
   </div>
   <div class='ocr_carea' id='block_1_48' title="bbox 557 3021 2148 3100">
    <p class='ocr_par' dir='ltr' id='par_1_48' title="bbox 557 3021 2148 3100">
     <span class='ocr_line' id='line_1_48' title="bbox 557 3021 2148 3100; baseline -0.005 -18"><span class='ocrx_word' id='word_1_350' title='bbox 557 3030 613 3083; x_wconf 90' lang='lat' dir='ltr'><strong>in</strong></span> <span class='ocrx_word' id='word_1_351' title='bbox 648 3028 1002 3100; x_wconf 87' lang='lat' dir='ltr'><strong>adjutorium.</strong></span> <span class='ocrx_word' id='word_1_352' title='bbox 1032 3025 1175 3082; x_wconf 87' lang='lat' dir='ltr'><strong>Psal.</strong></span> <span class='ocrx_word' id='word_1_353' title='bbox 1211 3024 1491 3079; x_wconf 84' lang='lat' dir='ltr'><strong>Vocemea.</strong></span> <span class='ocrx_word' id='word_1_354' title='bbox 1522 3021 1668 3079; x_wconf 88' lang='lat' dir='ltr'><strong>Psal.</strong></span> <span class='ocrx_word' id='word_1_355' title='bbox 1697 3021 1764 3076; x_wconf 87' lang='lat' dir='ltr'><strong>In</strong></span> <span class='ocrx_word' id='word_1_356' title='bbox 1790 3031 1870 3089; x_wconf 84' lang='lat' dir='ltr'><strong>te,</strong></span> <span class='ocrx_word' id='word_1_357' title='bbox 1905 3021 2148 3086; x_wconf 87' lang='lat' dir='ltr'><strong>Domine,</strong></span> 
     </span>
    </p>
   </div>
   <div class='ocr_carea' id='block_1_49' title="bbox 557 3119 786 3190">
    <p class='ocr_par' dir='ltr' id='par_1_49' title="bbox 557 3119 786 3190">
     <span class='ocr_line' id='line_1_49' title="bbox 557 3119 786 3190; baseline -0.004 -16"><span class='ocrx_word' id='word_1_358' title='bbox 557 3119 786 3190; x_wconf 76' lang='lat' dir='ltr'><strong>speravi.</strong></span> 
     </span>
    </p>
   </div>
   <div class='ocr_carea' id='block_1_50' title="bbox 577 3301 1614 3333">
    <p class='ocr_par' dir='ltr' id='par_1_50' title="bbox 577 3301 1614 3333">
     <span class='ocr_line' id='line_1_50' title="bbox 577 3301 1614 3333; baseline -0.012 -1"><span class='ocrx_word' id='word_1_359' title='bbox 577 3301 1614 3333; x_wconf 50' lang='lat' dir='ltr'><strong><em>W—</em></strong></span> 
     </span>
    </p>
   </div>
   <div class='ocr_carea' id='block_1_51' title="bbox 2251 1849 3844 1918">
    <p class='ocr_par' dir='ltr' id='par_1_51' title="bbox 2251 1849 3844 1918">
     <span class='ocr_line' id='line_1_51' title="bbox 2251 1849 3844 1918; baseline -0.006 -6"><span class='ocrx_word' id='word_1_360' title='bbox 2251 1858 2482 1912; x_wconf 88' lang='lat' dir='ltr'><strong>salutem</strong></span> <span class='ocrx_word' id='word_1_361' title='bbox 2509 1865 2770 1911; x_wconf 73' lang='lat' dir='ltr'><strong>retentam</strong></span> <span class='ocrx_word' id='word_1_362' title='bbox 2802 1868 2908 1908; x_wconf 91' lang='lat' dir='ltr'><strong>non</strong></span> <span class='ocrx_word' id='word_1_363' title='bbox 2942 1856 3048 1908; x_wconf 91' lang='lat' dir='ltr'><strong>tuis</strong></span> <span class='ocrx_word' id='word_1_364' title='bbox 3079 1851 3323 1916; x_wconf 88' lang='lat' dir='ltr'><strong>meritis,</strong></span> <span class='ocrx_word' id='word_1_365' title='bbox 3363 1849 3458 1905; x_wconf 89' lang='lat' dir='ltr'><strong>sed</strong></span> <span class='ocrx_word' id='word_1_366' title='bbox 3485 1849 3621 1905; x_wconf 86' lang='lat' dir='ltr'><strong>merl</strong></span> <span class='ocrx_word' id='word_1_367' title='bbox 3651 1849 3697 1903; x_wconf 78' lang='lat' dir='ltr'><strong>is</strong></span> <span class='ocrx_word' id='word_1_368' title='bbox 3725 1863 3844 1918; x_wconf 57' lang='lat' dir='ltr'><strong>pas;</strong></span> 
     </span>
    </p>
   </div>
   <div class='ocr_carea' id='block_1_52' title="bbox 2249 1944 2820 2002">
    <p class='ocr_par' dir='ltr' id='par_1_52' title="bbox 2249 1944 2820 2002">
     <span class='ocr_line' id='line_1_52' title="bbox 2249 1944 2820 2002; baseline -0.011 0"><span class='ocrx_word' id='word_1_369' title='bbox 2249 1947 2416 2002; x_wconf 90' lang='lat' dir='ltr'><strong>sionis</strong></span> <span class='ocrx_word' id='word_1_370' title='bbox 2442 1946 2568 2001; x_wconf 88' lang='lat' dir='ltr'><strong>Jesu</strong></span> <span class='ocrx_word' id='word_1_371' title='bbox 2597 1944 2820 2000; x_wconf 84' lang='lat' dir='ltr'><strong>Christi.</strong></span> 
     </span>
    </p>
   </div>
   <div class='ocr_carea' id='block_1_53' title="bbox 2317 2034 2843 2106">
    <p class='ocr_par' dir='ltr' id='par_1_53' title="bbox 2317 2034 2843 2106">
     <span class='ocr_line' id='line_1_53' title="bbox 2317 2034 2843 2106; baseline -0.004 -16"><span class='ocrx_word' id='word_1_372' title='bbox 2317 2036 2621 2106; x_wconf 83' lang='lat' dir='ltr'><strong>Responsio.</strong></span> <span class='ocrx_word' id='word_1_373' title='bbox 2655 2034 2843 2105; x_wconf 87' lang='lat' dir='ltr'><strong>Spero.</strong></span> 
     </span>
    </p>
   </div>
   <div class='ocr_carea' id='block_1_54' title="bbox 2323 2119 3842 2198">
    <p class='ocr_par' dir='ltr' id='par_1_54' title="bbox 2323 2119 3842 2198">
     <span class='ocr_line' id='line_1_54' title="bbox 2323 2119 3842 2198; baseline -0.007 -15"><span class='ocrx_word' id='word_1_374' title='bbox 2323 2129 2467 2183; x_wconf 85' lang='lat' dir='ltr'><strong>Tunc</strong></span> <span class='ocrx_word' id='word_1_375' title='bbox 2492 2138 2729 2198; x_wconf 78' lang='lat' dir='ltr'><strong>sequitur</strong></span> <span class='ocrx_word' id='word_1_376' title='bbox 2776 2129 3122 2192; x_wconf 86' lang='lat' dir='ltr'><strong>assecuratio,</strong></span> <span class='ocrx_word' id='word_1_377' title='bbox 3156 2136 3204 2180; x_wconf 88' lang='lat' dir='ltr'><strong>et</strong></span> <span class='ocrx_word' id='word_1_378' title='bbox 3237 2126 3380 2179; x_wconf 85' lang='lat' dir='ltr'><strong>dicat</strong></span> <span class='ocrx_word' id='word_1_379' title='bbox 3419 2122 3539 2177; x_wconf 86' lang='lat' dir='ltr'><strong>sibi.</strong></span> <span class='ocrx_word' id='word_1_380' title='bbox 3569 2119 3630 2174; x_wconf 90' lang='lat' dir='ltr'><strong>Si</strong></span> <span class='ocrx_word' id='word_1_381' title='bbox 3663 2119 3764 2173; x_wconf 82' lang='lat' dir='ltr'><strong>tibi</strong></span> <span class='ocrx_word' id='word_1_382' title='bbox 3788 2130 3842 2173; x_wconf 89' lang='lat' dir='ltr'><strong>se</strong></span> 
     </span>
    </p>
   </div>
   <div class='ocr_carea' id='block_1_55' title="bbox 2254 2211 3834 2292">
    <p class='ocr_par' dir='ltr' id='par_1_55' title="bbox 2254 2211 3834 2292">
     <span class='ocr_line' id='line_1_55' title="bbox 2254 2211 3834 2292; baseline -0.009 -16"><span class='ocrx_word' id='word_1_383' title='bbox 2254 2219 2479 2290; x_wconf 77' lang='lat' dir='ltr'><strong>obiiciat</strong></span> <span class='ocrx_word' id='word_1_384' title='bbox 2501 2221 2720 2292; x_wconf 84' lang='lat' dir='ltr'><strong>aliquis,</strong></span> <span class='ocrx_word' id='word_1_385' title='bbox 2741 2230 2795 2275; x_wconf 93' lang='lat' dir='ltr'><strong>et</strong></span> <span class='ocrx_word' id='word_1_386' title='bbox 2821 2229 3012 2275; x_wconf 82' lang='lat' dir='ltr'><strong>contra</strong></span> <span class='ocrx_word' id='word_1_387' title='bbox 3049 2227 3103 2273; x_wconf 85' lang='lat' dir='ltr'><strong>te</strong></span> <span class='ocrx_word' id='word_1_388' title='bbox 3131 2224 3402 2287; x_wconf 87' lang='lat' dir='ltr'><strong>pr0ponat</strong></span> <span class='ocrx_word' id='word_1_389' title='bbox 3420 2255 3435 2278; x_wconf 96' lang='lat'><strong>,</strong></span> <span class='ocrx_word' id='word_1_390' title='bbox 3462 2226 3708 2282; x_wconf 86' lang='lat' dir='ltr'><strong>opponas</strong></span> <span class='ocrx_word' id='word_1_391' title='bbox 3759 2211 3834 2263; x_wconf 83' lang='lat' dir='ltr'><strong>in-</strong></span> 
     </span>
    </p>
   </div>
   <div class='ocr_carea' id='block_1_56' title="bbox 2252 2303 3837 2386">
    <p class='ocr_par' dir='ltr' id='par_1_56' title="bbox 2252 2303 3837 2386">
     <span class='ocr_line' id='line_1_56' title="bbox 2252 2303 3837 2386; baseline -0.011 -16"><span class='ocrx_word' id='word_1_392' title='bbox 2252 2329 2334 2370; x_wconf 89' lang='lat' dir='ltr'><strong>ter</strong></span> <span class='ocrx_word' id='word_1_393' title='bbox 2385 2327 2440 2372; x_wconf 89' lang='lat' dir='ltr'><strong>te</strong></span> <span class='ocrx_word' id='word_1_394' title='bbox 2488 2326 2543 2370; x_wconf 90' lang='lat' dir='ltr'><strong>et</strong></span> <span class='ocrx_word' id='word_1_395' title='bbox 2578 2315 2775 2386; x_wconf 90' lang='lat' dir='ltr'><strong>ipsum,</strong></span> <span class='ocrx_word' id='word_1_396' title='bbox 2821 2313 3011 2369; x_wconf 84' lang='lat' dir='ltr'><strong>merita</strong></span> <span class='ocrx_word' id='word_1_397' title='bbox 3049 2311 3319 2384; x_wconf 86' lang='lat' dir='ltr'><strong>passionis</strong></span> <span class='ocrx_word' id='word_1_398' title='bbox 3347 2307 3573 2363; x_wconf 82' lang='lat' dir='ltr'><strong>Christi.</strong></span> <span class='ocrx_word' id='word_1_399' title='bbox 3627 2304 3685 2358; x_wconf 87' lang='lat' dir='ltr'><strong>lu</strong></span> <span class='ocrx_word' id='word_1_400' title='bbox 3735 2303 3837 2356; x_wconf 83' lang='lat' dir='ltr'><strong>ﬁne</strong></span> 
     </span>
    </p>
   </div>
   <div class='ocr_carea' id='block_1_57' title="bbox 2250 2396 3837 2463">
    <p class='ocr_par' dir='ltr' id='par_1_57' title="bbox 2250 2396 3837 2463">
     <span class='ocr_line' id='line_1_57' title="bbox 2250 2396 3837 2463; baseline -0.009 -1"><span class='ocrx_word' id='word_1_401' title='bbox 2250 2409 2336 2463; x_wconf 81' lang='lat' dir='ltr'><strong>fac</strong></span> <span class='ocrx_word' id='word_1_402' title='bbox 2362 2423 2487 2463; x_wconf 83' lang='lat' dir='ltr'><strong>eum</strong></span> <span class='ocrx_word' id='word_1_403' title='bbox 2507 2406 2690 2461; x_wconf 90' lang='lat' dir='ltr'><strong>dicere</strong></span> <span class='ocrx_word' id='word_1_404' title='bbox 2712 2405 2844 2459; x_wconf 87' lang='lat' dir='ltr'><strong>istos</strong></span> <span class='ocrx_word' id='word_1_405' title='bbox 2871 2419 3095 2459; x_wconf 70' lang='lat' dir='ltr'><strong>versus:</strong></span> <span class='ocrx_word' id='word_1_406' title='bbox 3126 2401 3193 2455; x_wconf 79' lang='lat' dir='ltr'><strong>In</strong></span> <span class='ocrx_word' id='word_1_407' title='bbox 3223 2417 3411 2454; x_wconf 82' lang='lat' dir='ltr'><strong>manus</strong></span> <span class='ocrx_word' id='word_1_408' title='bbox 3432 2408 3571 2461; x_wconf 78' lang='lat' dir='ltr'><strong>tuas,</strong></span> <span class='ocrx_word' id='word_1_409' title='bbox 3596 2396 3837 2457; x_wconf 78' lang='lat' dir='ltr'><strong>Domine,</strong></span> 
     </span>
    </p>
   </div>
   <div class='ocr_carea' id='block_1_58' title="bbox 2250 2498 3031 2566">
    <p class='ocr_par' dir='ltr' id='par_1_58' title="bbox 2250 2498 3031 2566">
     <span class='ocr_line' id='line_1_58' title="bbox 2250 2498 3031 2566; baseline -0.005 -13"><span class='ocrx_word' id='word_1_410' title='bbox 2250 2498 2582 2562; x_wconf 83' lang='lat' dir='ltr'><strong>commendo,</strong></span> <span class='ocrx_word' id='word_1_411' title='bbox 2615 2509 2726 2554; x_wconf 89' lang='lat' dir='ltr'><strong>etc.</strong></span> <span class='ocrx_word' id='word_1_412' title='bbox 2759 2507 2819 2551; x_wconf 86' lang='lat' dir='ltr'><strong>ut</strong></span> <span class='ocrx_word' id='word_1_413' title='bbox 2847 2511 3031 2566; x_wconf 85' lang='lat' dir='ltr'><strong>supra.</strong></span> 
     </span>
    </p>
   </div>
   <div class='ocr_carea' id='block_1_59' title="bbox 2324 2581 3836 2662">
    <p class='ocr_par' dir='ltr' id='par_1_59' title="bbox 2324 2581 3836 2662">
     <span class='ocr_line' id='line_1_59' title="bbox 2324 2581 3836 2662; baseline -0.009 -19"><span class='ocrx_word' id='word_1_414' title='bbox 2324 2591 2461 2643; x_wconf 83' lang='lat' dir='ltr'><strong>Nota</strong></span> <span class='ocrx_word' id='word_1_415' title='bbox 2490 2591 2625 2644; x_wconf 88' lang='lat' dir='ltr'><strong>bene</strong></span> <span class='ocrx_word' id='word_1_416' title='bbox 2651 2609 2664 2643; x_wconf 89' lang='lat'><strong>:</strong></span> <span class='ocrx_word' id='word_1_417' title='bbox 2695 2589 2775 2644; x_wconf 87' lang='lat' dir='ltr'><strong>Tu</strong></span> <span class='ocrx_word' id='word_1_418' title='bbox 2804 2588 2896 2659; x_wconf 90' lang='lat' dir='ltr'><strong>qui</strong></span> <span class='ocrx_word' id='word_1_419' title='bbox 2927 2586 3009 2641; x_wconf 77' lang='lat' dir='ltr'><strong>ris</strong></span> <span class='ocrx_word' id='word_1_420' title='bbox 3039 2585 3244 2639; x_wconf 88' lang='lat' dir='ltr'><strong>intrare</strong></span> <span class='ocrx_word' id='word_1_421' title='bbox 3271 2583 3337 2637; x_wconf 86' lang='lat' dir='ltr'><strong>ad</strong></span> <span class='ocrx_word' id='word_1_422' title='bbox 3351 2581 3515 2636; x_wconf 69' lang='lat' dir='ltr'><strong>vitam</strong></span> <span class='ocrx_word' id='word_1_423' title='bbox 3547 2587 3836 2662; x_wconf 71' lang='lat' dir='ltr'><strong>mternam,</strong></span> 
     </span>
    </p>
   </div>
   <div class='ocr_carea' id='block_1_60' title="bbox 2252 2669 3828 2754">
    <p class='ocr_par' dir='ltr' id='par_1_60' title="bbox 2252 2669 3828 2754">
     <span class='ocr_line' id='line_1_60' title="bbox 2252 2669 3828 2754; baseline -0.011 -16"><span class='ocrx_word' id='word_1_424' title='bbox 2252 2683 2433 2754; x_wconf 77' lang='lat' dir='ltr'><strong>cogita</strong></span> <span class='ocrx_word' id='word_1_425' title='bbox 2471 2684 2636 2736; x_wconf 78' lang='lat' dir='ltr'><strong>verba</strong></span> <span class='ocrx_word' id='word_1_426' title='bbox 2663 2681 2972 2751; x_wconf 83' lang='lat' dir='ltr'><strong>subscripta</strong></span> <span class='ocrx_word' id='word_1_427' title='bbox 3004 2677 3155 2733; x_wconf 89' lang='lat' dir='ltr'><strong>omni</strong></span> <span class='ocrx_word' id='word_1_428' title='bbox 3187 2675 3276 2730; x_wconf 86' lang='lat' dir='ltr'><strong>die</strong></span> <span class='ocrx_word' id='word_1_429' title='bbox 3298 2675 3352 2728; x_wconf 89' lang='lat' dir='ltr'><strong>in</strong></span> <span class='ocrx_word' id='word_1_430' title='bbox 3384 2673 3496 2725; x_wconf 77' lang='lat' dir='ltr'><strong>vita</strong></span> <span class='ocrx_word' id='word_1_431' title='bbox 3531 2680 3646 2734; x_wconf 88' lang='lat' dir='ltr'><strong>tua,</strong></span> <span class='ocrx_word' id='word_1_432' title='bbox 3668 2678 3726 2722; x_wconf 88' lang='lat' dir='ltr'><strong>et</strong></span> <span class='ocrx_word' id='word_1_433' title='bbox 3753 2669 3828 2722; x_wconf 90' lang='lat' dir='ltr'><strong>sic</strong></span> 
     </span>
    </p>
   </div>
   <div class='ocr_carea' id='block_1_61' title="bbox 2255 2757 3831 2844">
    <p class='ocr_par' dir='ltr' id='par_1_61' title="bbox 2255 2757 3831 2844">
     <span class='ocr_line' id='line_1_61' title="bbox 2255 2757 3831 2844; baseline -0.012 -15"><span class='ocrx_word' id='word_1_434' title='bbox 2255 2789 2532 2844; x_wconf 86' lang='lat' dir='ltr'><strong>nunquam</strong></span> <span class='ocrx_word' id='word_1_435' title='bbox 2556 2773 2800 2829; x_wconf 82' lang='lat' dir='ltr'><strong>oﬁ‘endes</strong></span> <span class='ocrx_word' id='word_1_436' title='bbox 2823 2771 3014 2826; x_wconf 86' lang='lat' dir='ltr'><strong>Deum.</strong></span> <span class='ocrx_word' id='word_1_437' title='bbox 3040 2767 3244 2829; x_wconf 87' lang='lat' dir='ltr'><strong>Primo,</strong></span> <span class='ocrx_word' id='word_1_438' title='bbox 3276 2763 3516 2819; x_wconf 69' lang='lat' dir='ltr'><strong>brevitas</strong></span> <span class='ocrx_word' id='word_1_439' title='bbox 3555 2760 3700 2813; x_wconf 57' lang='lat' dir='ltr'><strong>vitae.</strong></span> <span class='ocrx_word' id='word_1_440' title='bbox 3733 2757 3831 2812; x_wconf 83' lang='lat' dir='ltr'><strong>Se-</strong></span> 
     </span>
    </p>
   </div>
   <div class='ocr_carea' id='block_1_62' title="bbox 2251 2851 3833 2931">
    <p class='ocr_par' dir='ltr' id='par_1_62' title="bbox 2251 2851 3833 2931">
     <span class='ocr_line' id='line_1_62' title="bbox 2251 2851 3833 2931; baseline -0.013 -11"><span class='ocrx_word' id='word_1_441' title='bbox 2251 2865 2448 2931; x_wconf 90' lang='lat' dir='ltr'><strong>cundo,</strong></span> <span class='ocrx_word' id='word_1_442' title='bbox 2488 2864 2771 2920; x_wconf 88' lang='lat' dir='ltr'><strong>luhricitas</strong></span> <span class='ocrx_word' id='word_1_443' title='bbox 2799 2864 2886 2916; x_wconf 79' lang='grc'><strong>¹¹¹.</strong></span> <span class='ocrx_word' id='word_1_444' title='bbox 2909 2860 3116 2923; x_wconf 86' lang='lat' dir='ltr'><strong>Tertio,</strong></span> <span class='ocrx_word' id='word_1_445' title='bbox 3146 2855 3549 2913; x_wconf 89' lang='lat' dir='ltr'><strong>mors.incerta.</strong></span> <span class='ocrx_word' id='word_1_446' title='bbox 3606 2851 3833 2917; x_wconf 77' lang='lat' dir='ltr'><strong>Quarto,</strong></span> 
     </span>
    </p>
   </div>
   <div class='ocr_carea' id='block_1_63' title="bbox 2251 2939 3769 3032">
    <p class='ocr_par' dir='ltr' id='par_1_63' title="bbox 2251 2939 3769 3032">
     <span class='ocr_line' id='line_1_63' title="bbox 2251 2939 3769 3032; baseline -0.013 -21"><span class='ocrx_word' id='word_1_447' title='bbox 2251 2955 2474 3027; x_wconf 62' lang='lat' dir='ltr'><strong>praemia</strong></span> <span class='ocrx_word' id='word_1_448' title='bbox 2499 2956 2793 3026; x_wconf 79' lang='lat' dir='ltr'><strong>iustorum.</strong></span> <span class='ocrx_word' id='word_1_449' title='bbox 2818 2953 3039 3020; x_wconf 79' lang='lat' dir='ltr'><strong>Quinto,</strong></span> <span class='ocrx_word' id='word_1_450' title='bbox 3071 2944 3342 3032; x_wconf 66' lang='lat' dir='ltr'><strong>supplicia</strong></span> <span class='ocrx_word' id='word_1_451' title='bbox 3365 2942 3655 3014; x_wconf 87' lang='lat' dir='ltr'><strong>impiorum</strong></span> <span class='ocrx_word' id='word_1_452' title='bbox 3679 2939 3769 2992; x_wconf 74' lang='grc'><strong>³⁸³.</strong></span> 
     </span>
    </p>
   </div>
   <div class='ocr_carea' id='block_1_64' title="bbox 1622 3268 3827 3321">
    <p class='ocr_par' dir='ltr' id='par_1_64' title="bbox 1622 3268 3827 3321">
     <span class='ocr_line' id='line_1_64' title="bbox 1622 3268 3827 3321; baseline -0.005 -14"><span class='ocrx_word' id='word_1_453' title='bbox 1622 3268 3827 3321; x_wconf 48' lang='grc' dir='ltr'><strong>ρ-κ-,-,---------.</strong></span> 
     </span>
    </p>
   </div>
   <div class='ocr_carea' id='block_1_65' title="bbox 1366 3369 3000 3563">
    <p class='ocr_par' dir='ltr' id='par_1_65' title="bbox 1366 3369 3000 3563">
     <span class='ocr_line' id='line_1_65' title="bbox 1366 3369 3000 3563; baseline -0.009 0"><span class='ocrx_word' id='word_1_454' title='bbox 1366 3446 2044 3563; x_wconf 65' lang='lat' dir='ltr'><strong>sanan</strong></span> <span class='ocrx_word' id='word_1_455' title='bbox 2147 3443 2518 3556; x_wconf 77' lang='lat' dir='ltr'><strong>ANS</strong></span> <span class='ocrx_word' id='word_1_456' title='bbox 2544 3441 3000 3554; x_wconf 66' lang='lat' dir='ltr'><strong>amur</strong></span> 
     </span>
    </p>
   </div>
   <div class='ocr_carea' id='block_1_66' title="bbox 1967 3675 2442 3832">
    <p class='ocr_par' dir='ltr' id='par_1_66' title="bbox 1967 3675 2442 3770">
     <span class='ocr_line' id='line_1_66' title="bbox 1967 3675 2442 3770; baseline -0.002 -3"><span class='ocrx_word' id='word_1_457' title='bbox 1967 3675 2442 3770; x_wconf 82' lang='lat' dir='ltr'><strong>CARMEN</strong></span> 
     </span>
    </p>
   </div>
   <div class='ocr_carea' id='block_1_67' title="bbox 1172 3887 3208 4026">
    <p class='ocr_par' dir='ltr' id='par_1_67' title="bbox 1172 3887 3208 4026">
     <span class='ocr_line' id='line_1_67' title="bbox 1172 3887 3208 4026; baseline -0.005 0"><span class='ocrx_word' id='word_1_458' title='bbox 1172 3900 1370 4026; x_wconf 90' lang='lat' dir='ltr'><strong>DE</strong></span> <span class='ocrx_word' id='word_1_459' title='bbox 1495 3895 2455 4026; x_wconf 86' lang='lat' dir='ltr'><strong>CONTEMPTU</strong></span> <span class='ocrx_word' id='word_1_460' title='bbox 2573 3887 3208 4022; x_wconf 57' lang='lat' dir='ltr'><strong>MUNDIJ&quot;</strong></span> 
     </span>
    </p>
   </div>
   <div class='ocr_carea' id='block_1_68' title="bbox 1965 4103 2350 4121">
    <p class='ocr_par' dir='ltr' id='par_1_68' title="bbox 1965 4103 2350 4121">
     <span class='ocr_line' id='line_1_68' title="bbox 1965 4103 2350 4121; baseline -0.01 0"><span class='ocrx_word' id='word_1_461' title='bbox 1965 4103 2350 4121; x_wconf 49' lang='grc' dir='ltr'>Ψ</span> 
     </span>
    </p>
   </div>
   <div class='ocr_carea' id='block_1_69' title="bbox 562 4212 2142 4294">
    <p class='ocr_par' dir='ltr' id='par_1_69' title="bbox 562 4212 2142 4294">
     <span class='ocr_line' id='line_1_69' title="bbox 562 4212 2142 4294; baseline -0.008 -14"><span class='ocrx_word' id='word_1_462' title='bbox 562 4221 719 4294; x_wconf 79' lang='lat'><strong>195</strong></span> <span class='ocrx_word' id='word_1_463' title='bbox 740 4219 878 4288; x_wconf 85' lang='lat' dir='ltr'><strong>Quid</strong></span> <span class='ocrx_word' id='word_1_464' title='bbox 908 4217 1095 4274; x_wconf 84' lang='lat' dir='ltr'><strong>deceat</strong></span> <span class='ocrx_word' id='word_1_465' title='bbox 1111 4214 1456 4276; x_wconf 87' lang='lat' dir='ltr'><strong>monachum,</strong></span> <span class='ocrx_word' id='word_1_466' title='bbox 1481 4212 1562 4268; x_wconf 71' lang='lat' dir='ltr'><strong>vel</strong></span> <span class='ocrx_word' id='word_1_467' title='bbox 1581 4213 1756 4283; x_wconf 89' lang='lat' dir='ltr'><strong>qualis</strong></span> <span class='ocrx_word' id='word_1_468' title='bbox 1783 4213 1973 4268; x_wconf 79' lang='lat' dir='ltr'><strong>debeat</strong></span> <span class='ocrx_word' id='word_1_469' title='bbox 2001 4228 2142 4279; x_wconf 88' lang='lat' dir='ltr'><strong>esse,</strong></span> 
     </span>
    </p>
   </div>
   <div class='ocr_carea' id='block_1_70' title="bbox 630 4303 1995 4382">
    <p class='ocr_par' dir='ltr' id='par_1_70' title="bbox 630 4303 1995 4382">
     <span class='ocr_line' id='line_1_70' title="bbox 630 4303 1995 4382; baseline -0.006 -16"><span class='ocrx_word' id='word_1_470' title='bbox 630 4313 697 4345; x_wconf 67' lang='lat' dir='ltr'><strong>m</strong></span> <span class='ocrx_word' id='word_1_471' title='bbox 723 4311 823 4380; x_wconf 83' lang='lat' dir='ltr'><strong>Qui</strong></span> <span class='ocrx_word' id='word_1_472' title='bbox 853 4310 1008 4382; x_wconf 84' lang='lat' dir='ltr'><strong>jubet</strong></span> <span class='ocrx_word' id='word_1_473' title='bbox 1031 4316 1088 4364; x_wconf 91' lang='lat' dir='ltr'><strong>ut</strong></span> <span class='ocrx_word' id='word_1_474' title='bbox 1109 4306 1308 4370; x_wconf 84' lang='lat' dir='ltr'><strong>dicam,</strong></span> <span class='ocrx_word' id='word_1_475' title='bbox 1336 4303 1578 4376; x_wconf 72' lang='lat' dir='ltr'><strong>porrigat</strong></span> <span class='ocrx_word' id='word_1_476' title='bbox 1611 4305 1724 4364; x_wconf 83' lang='lat' dir='ltr'><strong>ipse</strong></span> <span class='ocrx_word' id='word_1_477' title='bbox 1753 4320 1995 4370; x_wconf 88' lang='lat' dir='ltr'><strong>manum.</strong></span> 
     </span>
    </p>
   </div>
   <div class='ocr_carea' id='block_1_71' title="bbox 2255 4210 3831 4283">
    <p class='ocr_par' dir='ltr' id='par_1_71' title="bbox 2255 4210 3831 4283">
     <span class='ocr_line' id='line_1_71' title="bbox 2255 4210 3831 4283; baseline 0.001 -17"><span class='ocrx_word' id='word_1_478' title='bbox 2255 4211 2400 4266; x_wconf 87' lang='lat' dir='ltr'><strong>Grex</strong></span> <span class='ocrx_word' id='word_1_479' title='bbox 2428 4219 2672 4280; x_wconf 87' lang='lat' dir='ltr'><strong>sanctus,</strong></span> <span class='ocrx_word' id='word_1_480' title='bbox 2693 4214 2992 4283; x_wconf 69' lang='lat' dir='ltr'><strong>pnonacln,</strong></span> <span class='ocrx_word' id='word_1_481' title='bbox 3032 4210 3185 4266; x_wconf 79' lang='lat' dir='ltr'><strong>vobis</strong></span> <span class='ocrx_word' id='word_1_482' title='bbox 3213 4225 3330 4266; x_wconf 65' lang='lat' dir='ltr'><strong>naec</strong></span> <span class='ocrx_word' id='word_1_483' title='bbox 3365 4211 3694 4278; x_wconf 87' lang='lat' dir='ltr'><strong>scribimus;</strong></span> <span class='ocrx_word' id='word_1_484' title='bbox 3719 4211 3831 4267; x_wconf 69' lang='lat' dir='ltr'><strong>haec</strong></span> 
     </span>
    </p>
   </div>
   <div class='ocr_carea' id='block_1_72' title="bbox 3551 4301 3764 4375">
    <p class='ocr_par' dir='ltr' id='par_1_72' title="bbox 3551 4301 3764 4375">
     <span class='ocr_line' id='line_1_72' title="bbox 3551 4301 3764 4375; baseline -0.005 0"><span class='ocrx_word' id='word_1_485' title='bbox 3551 4301 3670 4375; x_wconf 71' lang='lat' dir='ltr'><strong>[vos</strong></span> 
     </span>
    </p>
   </div>
   <div class='ocr_carea' id='block_1_73' title="bbox 1857 4413 2540 4472">
    <p class='ocr_par' dir='ltr' id='par_1_73' title="bbox 1857 4413 2540 4472">
     <span class='ocr_line' id='line_1_73' title="bbox 1857 4413 2540 4472; baseline 0.006 -4"><span class='ocrx_word' id='word_1_486' title='bbox 1857 4413 2091 4469; x_wconf 74' lang='lat' dir='ltr'><strong>VARUE</strong></span> <span class='ocrx_word' id='word_1_487' title='bbox 2130 4413 2540 4472; x_wconf 73' lang='lat' dir='ltr'><strong>LECTIONES.</strong></span> 
     </span>
    </p>
   </div>
   <div class='ocr_carea' id='block_1_74' title="bbox 630 4545 3830 4629">
    <p class='ocr_par' dir='ltr' id='par_1_74' title="bbox 630 4545 3830 4629">
     <span class='ocr_line' id='line_1_74' title="bbox 630 4545 3830 4629; baseline -0.002 -23"><span class='ocrx_word' id='word_1_488' title='bbox 630 4554 698 4629; x_wconf 61' lang='lat' dir='ltr'>“f</span> <span class='ocrx_word' id='word_1_489' title='bbox 737 4551 834 4629; x_wconf 81' lang='lat' dir='ltr'><strong>Dic</strong></span> <span class='ocrx_word' id='word_1_490' title='bbox 854 4551 904 4629; x_wconf 74' lang='lat' dir='ltr'><strong>ei</strong></span> <span class='ocrx_word' id='word_1_491' title='bbox 927 4551 1040 4629; x_wconf 83' lang='lat' dir='ltr'><strong>sic;</strong></span> <span class='ocrx_word' id='word_1_492' title='bbox 1075 4546 1300 4628; x_wconf 78' lang='lat' dir='ltr'><strong>Domine</strong></span> <span class='ocrx_word' id='word_1_493' title='bbox 1329 4563 1453 4629; x_wconf 85' lang='lat' dir='ltr'><strong>mss.</strong></span> <span class='ocrx_word' id='word_1_494' title='bbox 1486 4545 1611 4629; x_wconf 64' lang='lat' dir='ltr'><strong>Bec.</strong></span> <span class='ocrx_word' id='word_1_495' title='bbox 1638 4545 1847 4629; x_wconf 38' lang='lat' dir='ltr'><strong>SLGer.</strong></span> <span class='ocrx_word' id='word_1_496' title='bbox 1880 4548 1965 4602; x_wconf 85' lang='lat' dir='ltr'><strong>dic</strong></span> <span class='ocrx_word' id='word_1_497' title='bbox 1994 4565 2009 4601; x_wconf 88' lang='lat'><strong>:</strong></span> <span class='ocrx_word' id='word_1_498' title='bbox 2043 4548 2272 4629; x_wconf 73' lang='lat' dir='ltr'><strong>Domine</strong></span> <span class='ocrx_word' id='word_1_499' title='bbox 2439 4547 2810 4629; x_wconf 56' lang='lat' dir='ltr'><strong>§t_sidixerit</strong></span> <span class='ocrx_word' id='word_1_500' title='bbox 2837 4552 2980 4621; x_wconf 86' lang='lat' dir='ltr'><strong>quod</strong></span> <span class='ocrx_word' id='word_1_501' title='bbox 3006 4550 3232 4606; x_wconf 89' lang='lat' dir='ltr'><strong>mereris</strong></span> <span class='ocrx_word' id='word_1_502' title='bbox 3258 4568 3381 4605; x_wconf 77' lang='lat' dir='ltr'><strong>mss.</strong></span> <span class='ocrx_word' id='word_1_503' title='bbox 3407 4550 3598 4606; x_wconf 85' lang='lat' dir='ltr'><strong>Bee.et</strong></span> <span class='ocrx_word' id='word_1_504' title='bbox 3618 4548 3674 4605; x_wconf 91' lang='lat' dir='ltr'><strong>S.</strong></span> <span class='ocrx_word' id='word_1_505' title='bbox 3704 4547 3830 4603; x_wconf 81' lang='lat' dir='ltr'><strong>Ger.</strong></span> 
     </span>
    </p>
   </div>
   <div class='ocr_carea' id='block_1_75' title="bbox 555 4616 3832 4689">
    <p class='ocr_par' dir='ltr' id='par_1_75' title="bbox 555 4616 3832 4689">
     <span class='ocr_line' id='line_1_75' title="bbox 555 4616 3832 4689; baseline -0.003 -6"><span class='ocrx_word' id='word_1_506' title='bbox 555 4625 624 4684; x_wconf 76' lang='lat' dir='ltr'><strong>Et</strong></span> <span class='ocrx_word' id='word_1_507' title='bbox 645 4625 692 4681; x_wconf 86' lang='lat' dir='ltr'><strong>si</strong></span> <span class='ocrx_word' id='word_1_508' title='bbox 720 4623 816 4678; x_wconf 89' lang='lat' dir='ltr'><strong>tibi</strong></span> <span class='ocrx_word' id='word_1_509' title='bbox 840 4618 1170 4688; x_wconf 85' lang='lat' dir='ltr'><strong>dixeritquia</strong></span> <span class='ocrx_word' id='word_1_510' title='bbox 1183 4627 1440 4689; x_wconf 71' lang='lat' dir='ltr'><strong>peccator</strong></span> <span class='ocrx_word' id='word_1_511' title='bbox 1458 4633 1544 4672; x_wconf 91' lang='lat' dir='ltr'><strong>es:</strong></span> <span class='ocrx_word' id='word_1_512' title='bbox 1561 4616 1929 4689; x_wconf 15' lang='lat' dir='ltr'><strong>dic,ADominc,</strong></span> <span class='ocrx_word' id='word_1_513' title='bbox 1954 4628 2182 4673; x_wconf 90' lang='lat' dir='ltr'><strong>mortem</strong></span> <span class='ocrx_word' id='word_1_514' title='bbox 2205 4619 2415 4689; x_wconf 79' lang='lat' dir='ltr'><strong>Domini</strong></span> <span class='ocrx_word' id='word_1_515' title='bbox 2439 4618 2502 4689; x_wconf 62' lang='grc' dir='ltr'><strong>Ν.</strong></span> <span class='ocrx_word' id='word_1_516' title='bbox 2519 4619 2568 4674; x_wconf 85' lang='lat' dir='ltr'><strong>J.</strong></span> <span class='ocrx_word' id='word_1_517' title='bbox 2592 4620 2652 4674; x_wconf 89' lang='lat' dir='ltr'><strong>C.</strong></span> <span class='ocrx_word' id='word_1_518' title='bbox 2679 4616 2915 4676; x_wconf 78' lang='lat' dir='ltr'><strong>oblendo</strong></span> <span class='ocrx_word' id='word_1_519' title='bbox 2928 4623 3067 4676; x_wconf 91' lang='lat' dir='ltr'><strong>inter</strong></span> <span class='ocrx_word' id='word_1_520' title='bbox 3080 4630 3130 4677; x_wconf 92' lang='lat' dir='ltr'><strong>te</strong></span> <span class='ocrx_word' id='word_1_521' title='bbox 3142 4631 3196 4678; x_wconf 89' lang='lat' dir='ltr'><strong>et</strong></span> <span class='ocrx_word' id='word_1_522' title='bbox 3219 4632 3438 4689; x_wconf 86' lang='lat' dir='ltr'><strong>peccata</strong></span> <span class='ocrx_word' id='word_1_523' title='bbox 3454 4637 3593 4676; x_wconf 86' lang='lat' dir='ltr'><strong>mea.</strong></span> <span class='ocrx_word' id='word_1_524' title='bbox 3614 4621 3668 4675; x_wconf 81' lang='lat' dir='ltr'><strong>Si</strong></span> <span class='ocrx_word' id='word_1_525' title='bbox 3682 4621 3832 4674; x_wconf 79' lang='lat' dir='ltr'><strong>dixe-</strong></span> 
     </span>
    </p>
   </div>
   <div class='ocr_carea' id='block_1_76' title="bbox 555 4689 1189 4762">
    <p class='ocr_par' dir='ltr' id='par_1_76' title="bbox 555 4689 1189 4762">
     <span class='ocr_line' id='line_1_76' title="bbox 555 4689 1189 4762; baseline -0.017 -9"><span class='ocrx_word' id='word_1_526' title='bbox 555 4699 630 4753; x_wconf 88' lang='lat' dir='ltr'><strong>rit</strong></span> <span class='ocrx_word' id='word_1_527' title='bbox 665 4694 759 4750; x_wconf 89' lang='lat' dir='ltr'><strong>tibi</strong></span> <span class='ocrx_word' id='word_1_528' title='bbox 786 4691 912 4762; x_wconf 87' lang='lat' dir='ltr'><strong>quia</strong></span> <span class='ocrx_word' id='word_1_529' title='bbox 942 4689 1189 4762; x_wconf 86' lang='lat' dir='ltr'><strong>meruisti</strong></span> 
     </span>
    </p>
   </div>
   <div class='ocr_carea' id='block_1_77' title="bbox 1265 4687 3833 4758">
    <p class='ocr_par' dir='ltr' id='par_1_77' title="bbox 1265 4687 3833 4758">
     <span class='ocr_line' id='line_1_77' title="bbox 1265 4687 3833 4758; baseline -0 -18"><span class='ocrx_word' id='word_1_530' title='bbox 1265 4687 1629 4758; x_wconf 72' lang='lat' dir='ltr'><strong>“&#39;Respondc</strong></span> <span class='ocrx_word' id='word_1_531' title='bbox 1640 4687 1687 4741; x_wconf 91' lang='lat' dir='ltr'><strong>ei</strong></span> <span class='ocrx_word' id='word_1_532' title='bbox 1718 4688 2065 4758; x_wconf 61' lang='lat' dir='ltr'><strong>sic,:Domine</strong></span> <span class='ocrx_word' id='word_1_533' title='bbox 2080 4705 2205 4758; x_wconf 79' lang='lat' dir='ltr'><strong>mss.</strong></span> <span class='ocrx_word' id='word_1_534' title='bbox 2221 4687 2483 4758; x_wconf 22' lang='lat' dir='ltr'><strong>Bec.et‘S.</strong></span> <span class='ocrx_word' id='word_1_535' title='bbox 2515 4689 2693 4744; x_wconf 82' lang='lat' dir='ltr'><strong>Germ.</strong></span> <span class='ocrx_word' id='word_1_536' title='bbox 2717 4692 2856 4758; x_wconf 87' lang='lat' dir='ltr'><strong>dic.;</strong></span> <span class='ocrx_word' id='word_1_537' title='bbox 2883 4691 3109 4746; x_wconf 90' lang='lat' dir='ltr'><strong>Domine</strong></span> <span class='ocrx_word' id='word_1_538' title='bbox 3184 4687 3252 4724; x_wconf 69' lang='grc' dir='ltr'><strong>³ί³</strong></span> <span class='ocrx_word' id='word_1_539' title='bbox 3272 4692 3417 4746; x_wconf 79' lang='lat' dir='ltr'><strong>Inter</strong></span> <span class='ocrx_word' id='word_1_540' title='bbox 3439 4707 3526 4746; x_wconf 88' lang='lat' dir='ltr'><strong>me</strong></span> <span class='ocrx_word' id='word_1_541' title='bbox 3542 4702 3593 4746; x_wconf 90' lang='lat' dir='ltr'><strong>et</strong></span> <span class='ocrx_word' id='word_1_542' title='bbox 3610 4701 3675 4752; x_wconf 89' lang='lat' dir='ltr'><strong>te,</strong></span> <span class='ocrx_word' id='word_1_543' title='bbox 3693 4690 3833 4743; x_wconf 87' lang='lat' dir='ltr'><strong>mala</strong></span> 
     </span>
    </p>
   </div>
   <div class='ocr_carea' id='block_1_78' title="bbox 553 4755 3831 4838">
    <p class='ocr_par' dir='ltr' id='par_1_78' title="bbox 553 4755 3831 4838">
     <span class='ocr_line' id='line_1_78' title="bbox 553 4755 3831 4838; baseline -0.003 -14"><span class='ocrx_word' id='word_1_544' title='bbox 553 4767 748 4824; x_wconf 87' lang='lat' dir='ltr'><strong>merita</strong></span> <span class='ocrx_word' id='word_1_545' title='bbox 780 4755 919 4838; x_wconf 59' lang='lat' dir='ltr'><strong>mea,</strong></span> <span class='ocrx_word' id='word_1_546' title='bbox 939 4761 1213 4838; x_wconf 61' lang='lat' dir='ltr'><strong>ipsiusque</strong></span> <span class='ocrx_word' id='word_1_547' title='bbox 1227 4755 1486 4838; x_wconf 53' lang='lat' dir='ltr'><strong>mortem}</strong></span> <span class='ocrx_word' id='word_1_548' title='bbox 1504 4759 1754 4812; x_wconf 86' lang='lat' dir='ltr'><strong>meritum</strong></span> <span class='ocrx_word' id='word_1_549' title='bbox 1767 4755 1936 4838; x_wconf 37' lang='lat' dir='ltr'><strong>o&#39;ﬁ‘ero</strong></span> <span class='ocrx_word' id='word_1_550' title='bbox 1960 4757 2222 4838; x_wconf 42' lang='grc' dir='ltr'><strong>ηιςεηΒερ.</strong></span> <span class='ocrx_word' id='word_1_551' title='bbox 2237 4769 2282 4812; x_wconf 90' lang='lat' dir='ltr'><strong>et</strong></span> <span class='ocrx_word' id='word_1_552' title='bbox 2304 4758 2365 4814; x_wconf 85' lang='lat' dir='ltr'><strong>S.</strong></span> <span class='ocrx_word' id='word_1_553' title='bbox 2382 4755 2718 4838; x_wconf 71' lang='lat' dir='ltr'><strong>Germ.inte_r</strong></span> <span class='ocrx_word' id='word_1_554' title='bbox 2732 4771 2804 4825; x_wconf 90' lang='lat' dir='ltr'><strong>te,</strong></span> <span class='ocrx_word' id='word_1_555' title='bbox 2821 4755 3036 4838; x_wconf 53' lang='lat' dir='ltr'><strong>comula</strong></span> <span class='ocrx_word' id='word_1_556' title='bbox 3054 4763 3242 4817; x_wconf 87' lang='lat' dir='ltr'><strong>merita</strong></span> <span class='ocrx_word' id='word_1_557' title='bbox 3261 4778 3377 4816; x_wconf 88' lang='lat' dir='ltr'><strong>mea</strong></span> <span class='ocrx_word' id='word_1_558' title='bbox 3395 4781 3407 4814; x_wconf 92' lang='lat'><strong>:</strong></span> <span class='ocrx_word' id='word_1_559' title='bbox 3425 4763 3697 4838; x_wconf 61' lang='lat' dir='ltr'><strong>ipsiusque</strong></span> <span class='ocrx_word' id='word_1_560' title='bbox 3717 4775 3831 4838; x_wconf 55' lang='lat' dir='ltr'><strong>me:</strong></span> 
     </span>
    </p>
   </div>
   <div class='ocr_carea' id='block_1_79' title="bbox 555 4826 3834 4898">
    <p class='ocr_par' dir='ltr' id='par_1_79' title="bbox 555 4826 3834 4898">
     <span class='ocr_line' id='line_1_79' title="bbox 555 4826 3834 4898; baseline -0.002 -6"><span class='ocrx_word' id='word_1_561' title='bbox 555 4848 719 4892; x_wconf 79' lang='lat' dir='ltr'><strong>ritum</strong></span> <span class='ocrx_word' id='word_1_562' title='bbox 745 4826 912 4890; x_wconf 80' lang='lat' dir='ltr'><strong>oﬁ&#39;ero</strong></span> <span class='ocrx_word' id='word_1_563' title='bbox 938 4826 1034 4886; x_wconf 80' lang='lat' dir='ltr'><strong>ms.</strong></span> <span class='ocrx_word' id='word_1_564' title='bbox 1078 4826 1421 4898; x_wconf 77' lang='lat' dir='ltr'><strong>Vatic.inter</strong></span> <span class='ocrx_word' id='word_1_565' title='bbox 1444 4844 1528 4884; x_wconf 88' lang='lat' dir='ltr'><strong>me</strong></span> <span class='ocrx_word' id='word_1_566' title='bbox 1553 4839 1608 4882; x_wconf 91' lang='lat' dir='ltr'><strong>et</strong></span> <span class='ocrx_word' id='word_1_567' title='bbox 1645 4838 1717 4892; x_wconf 92' lang='lat' dir='ltr'><strong>te,</strong></span> <span class='ocrx_word' id='word_1_568' title='bbox 1753 4828 1894 4883; x_wconf 86' lang='lat' dir='ltr'><strong>mala</strong></span> <span class='ocrx_word' id='word_1_569' title='bbox 1925 4844 2064 4896; x_wconf 88' lang='lat' dir='ltr'><strong>mea,</strong></span> <span class='ocrx_word' id='word_1_570' title='bbox 2089 4829 2362 4898; x_wconf 91' lang='lat' dir='ltr'><strong>ipsiusque</strong></span> <span class='ocrx_word' id='word_1_571' title='bbox 2386 4841 2616 4886; x_wconf 88' lang='lat' dir='ltr'><strong>mortem</strong></span> <span class='ocrx_word' id='word_1_572' title='bbox 2639 4832 2808 4886; x_wconf 78' lang='lat' dir='ltr'><strong>olfero</strong></span> <span class='ocrx_word' id='word_1_573' title='bbox 2884 4832 2949 4862; x_wconf 64' lang='lat'><strong>1“</strong></span> <span class='ocrx_word' id='word_1_574' title='bbox 2976 4833 3042 4886; x_wconf 85' lang='lat' dir='ltr'><strong>Et</strong></span> <span class='ocrx_word' id='word_1_575' title='bbox 3069 4849 3173 4886; x_wconf 93' lang='lat' dir='ltr'><strong>non</strong></span> <span class='ocrx_word' id='word_1_576' title='bbox 3205 4833 3377 4887; x_wconf 81' lang='lat' dir='ltr'><strong>habeo</strong></span> <span class='ocrx_word' id='word_1_577' title='bbox 3398 4826 3524 4886; x_wconf 70' lang='lat' dir='ltr'><strong>mss.</strong></span> <span class='ocrx_word' id='word_1_578' title='bbox 3552 4826 3673 4885; x_wconf 65' lang='lat' dir='ltr'><strong>nec.</strong></span> <span class='ocrx_word' id='word_1_579' title='bbox 3697 4840 3748 4882; x_wconf 85' lang='lat' dir='ltr'><strong>et</strong></span> <span class='ocrx_word' id='word_1_580' title='bbox 3774 4826 3834 4882; x_wconf 82' lang='lat' dir='ltr'><strong>S.</strong></span> 
     </span>
    </p>
   </div>
   <div class='ocr_carea' id='block_1_80' title="bbox 553 4897 3836 4971">
    <p class='ocr_par' dir='ltr' id='par_1_80' title="bbox 553 4897 3836 4971">
     <span class='ocr_line' id='line_1_80' title="bbox 553 4897 3836 4971; baseline -0.004 -8"><span class='ocrx_word' id='word_1_581' title='bbox 553 4906 732 4963; x_wconf 83' lang='lat' dir='ltr'><strong>Germ.</strong></span> <span class='ocrx_word' id='word_1_582' title='bbox 764 4919 864 4959; x_wconf 89' lang='lat' dir='ltr'><strong>nec</strong></span> <span class='ocrx_word' id='word_1_583' title='bbox 885 4903 1057 4956; x_wconf 87' lang='lat' dir='ltr'><strong>habeo</strong></span> <span class='ocrx_word' id='word_1_584' title='bbox 1132 4899 1200 4971; x_wconf 50' lang='lat' dir='ltr'><strong>i”</strong></span> <span class='ocrx_word' id='word_1_585' title='bbox 1235 4897 1300 4952; x_wconf 86' lang='lat' dir='ltr'><strong>Et</strong></span> <span class='ocrx_word' id='word_1_586' title='bbox 1335 4899 1530 4971; x_wconf 68' lang='lat' dir='ltr'><strong>iterum</strong></span> <span class='ocrx_word' id='word_1_587' title='bbox 1568 4899 2046 4971; x_wconf 73' lang='lat' dir='ltr'><strong>dicito,_Domine,</strong></span> <span class='ocrx_word' id='word_1_588' title='bbox 2090 4897 2320 4971; x_wconf 85' lang='lat' dir='ltr'><strong>mortem</strong></span> <span class='ocrx_word' id='word_1_589' title='bbox 2353 4901 2563 4971; x_wconf 83' lang='lat' dir='ltr'><strong>Domini</strong></span> <span class='ocrx_word' id='word_1_590' title='bbox 2597 4899 2661 4953; x_wconf 85' lang='lat' dir='ltr'><strong>N.</strong></span> <span class='ocrx_word' id='word_1_591' title='bbox 2693 4901 2743 4956; x_wconf 83' lang='lat' dir='ltr'><strong>J.</strong></span> <span class='ocrx_word' id='word_1_592' title='bbox 2775 4902 2837 4956; x_wconf 82' lang='lat' dir='ltr'><strong>C.</strong></span> <span class='ocrx_word' id='word_1_593' title='bbox 2868 4918 3008 4971; x_wconf 89' lang='lat' dir='ltr'><strong>pono</strong></span> <span class='ocrx_word' id='word_1_594' title='bbox 3051 4905 3192 4958; x_wconf 86' lang='lat' dir='ltr'><strong>inter</strong></span> <span class='ocrx_word' id='word_1_595' title='bbox 3243 4913 3295 4958; x_wconf 89' lang='lat' dir='ltr'><strong>te</strong></span> <span class='ocrx_word' id='word_1_596' title='bbox 3349 4912 3404 4957; x_wconf 92' lang='lat' dir='ltr'><strong>ct</strong></span> <span class='ocrx_word' id='word_1_597' title='bbox 3449 4919 3559 4967; x_wconf 84' lang='lat' dir='ltr'><strong>me,</strong></span> <span class='ocrx_word' id='word_1_598' title='bbox 3607 4911 3658 4954; x_wconf 88' lang='lat' dir='ltr'><strong>et</strong></span> <span class='ocrx_word' id='word_1_599' title='bbox 3692 4901 3836 4971; x_wconf 83' lang='lat' dir='ltr'><strong>iram</strong></span> 
     </span>
    </p>
   </div>
   <div class='ocr_carea' id='block_1_81' title="bbox 555 4967 3834 5038">
    <p class='ocr_par' dir='ltr' id='par_1_81' title="bbox 555 4967 3834 5038">
     <span class='ocr_line' id='line_1_81' title="bbox 555 4967 3834 5038; baseline -0.004 -6"><span class='ocrx_word' id='word_1_600' title='bbox 555 4988 723 5032; x_wconf 91' lang='lat' dir='ltr'><strong>tuam.</strong></span> <span class='ocrx_word' id='word_1_601' title='bbox 754 4974 867 5028; x_wconf 89' lang='lat' dir='ltr'><strong>lloe</strong></span> <span class='ocrx_word' id='word_1_602' title='bbox 893 4971 1063 5037; x_wconf 83' lang='lat' dir='ltr'><strong>facto,</strong></span> <span class='ocrx_word' id='word_1_603' title='bbox 1101 4970 1246 5025; x_wconf 88' lang='lat' dir='ltr'><strong>dicat</strong></span> <span class='ocrx_word' id='word_1_604' title='bbox 1285 4985 1410 5023; x_wconf 88' lang='lat' dir='ltr'><strong>mss.</strong></span> <span class='ocrx_word' id='word_1_605' title='bbox 1442 4967 1630 5023; x_wconf 83' lang='lat' dir='ltr'><strong>Bec.et</strong></span> <span class='ocrx_word' id='word_1_606' title='bbox 1656 4969 1718 5024; x_wconf 85' lang='lat' dir='ltr'><strong>S.</strong></span> <span class='ocrx_word' id='word_1_607' title='bbox 1748 4967 1869 5023; x_wconf 85' lang='lat' dir='ltr'><strong>Ger.</strong></span> <span class='ocrx_word' id='word_1_608' title='bbox 1901 4970 1956 5023; x_wconf 89' lang='lat' dir='ltr'><strong>Si</strong></span> <span class='ocrx_word' id='word_1_609' title='bbox 1989 4970 2187 5023; x_wconf 83' lang='lat' dir='ltr'><strong>dixerit</strong></span> <span class='ocrx_word' id='word_1_610' title='bbox 2216 4971 2358 5038; x_wconf 88' lang='lat' dir='ltr'><strong>quod</strong></span> <span class='ocrx_word' id='word_1_611' title='bbox 2385 4969 2478 5022; x_wconf 91' lang='lat' dir='ltr'><strong>tibi</strong></span> <span class='ocrx_word' id='word_1_612' title='bbox 2517 4970 2688 5026; x_wconf 83' lang='lat' dir='ltr'><strong>iratus</strong></span> <span class='ocrx_word' id='word_1_613' title='bbox 2716 4982 2801 5026; x_wconf 89' lang='lat' dir='ltr'><strong>est</strong></span> <span class='ocrx_word' id='word_1_614' title='bbox 2831 4991 2843 5026; x_wconf 91' lang='lat'><strong>:</strong></span> <span class='ocrx_word' id='word_1_615' title='bbox 2869 4967 2966 5028; x_wconf 55' lang='lat' dir='ltr'><strong>&#39;dic</strong></span> <span class='ocrx_word' id='word_1_616' title='bbox 2993 4991 3006 5026; x_wconf 74' lang='grc' dir='ltr'>ε</span> <span class='ocrx_word' id='word_1_617' title='bbox 3047 4973 3303 5037; x_wconf 89' lang='lat' dir='ltr'><strong>Domine;</strong></span> <span class='ocrx_word' id='word_1_618' title='bbox 3336 4982 3574 5026; x_wconf 80' lang='lat' dir='ltr'><strong>mortem</strong></span> <span class='ocrx_word' id='word_1_619' title='bbox 3621 4969 3834 5024; x_wconf 87' lang='lat' dir='ltr'><strong>Domini</strong></span> 
     </span>
    </p>
   </div>
   <div class='ocr_carea' id='block_1_82' title="bbox 553 5038 3835 5119">
    <p class='ocr_par' dir='ltr' id='par_1_82' title="bbox 553 5038 3835 5119">
     <span class='ocr_line' id='line_1_82' title="bbox 553 5038 3835 5119; baseline -0.004 -17"><span class='ocrx_word' id='word_1_620' title='bbox 553 5046 692 5119; x_wconf 52' lang='grc'><strong>184.</strong></span> <span class='ocrx_word' id='word_1_621' title='bbox 719 5046 781 5101; x_wconf 80' lang='lat' dir='ltr'><strong>G.</strong></span> <span class='ocrx_word' id='word_1_622' title='bbox 800 5059 1018 5119; x_wconf 72' lang='lat' dir='ltr'><strong>oppono</strong></span> <span class='ocrx_word' id='word_1_623' title='bbox 1057 5043 1206 5119; x_wconf 81' lang='lat' dir='ltr'><strong>intcr_</strong></span> <span class='ocrx_word' id='word_1_624' title='bbox 1225 5055 1314 5095; x_wconf 88' lang='lat' dir='ltr'><strong>me</strong></span> <span class='ocrx_word' id='word_1_625' title='bbox 1352 5051 1407 5094; x_wconf 89' lang='lat' dir='ltr'><strong>et</strong></span> <span class='ocrx_word' id='word_1_626' title='bbox 1437 5039 1570 5093; x_wconf 82' lang='lat' dir='ltr'><strong>iram</strong></span> <span class='ocrx_word' id='word_1_627' title='bbox 1610 5049 1772 5119; x_wconf 60' lang='lat' dir='ltr'><strong>tuam.</strong></span> <span class='ocrx_word' id='word_1_628' title='bbox 1814 5039 1936 5119; x_wconf 28' lang='grc' dir='ltr'><strong>,ρυο</strong></span> <span class='ocrx_word' id='word_1_629' title='bbox 1965 5042 2178 5108; x_wconf 82' lang='lat' dir='ltr'><strong>expleto</strong></span> <span class='ocrx_word' id='word_1_630' title='bbox 2207 5041 2387 5119; x_wconf 73' lang='lat' dir='ltr'><strong>dicat_</strong></span> <span class='ocrx_word' id='word_1_631' title='bbox 2424 5039 2494 5119; x_wconf 59' lang='grc' dir='ltr'><strong>ξ¹⁶</strong></span> <span class='ocrx_word' id='word_1_632' title='bbox 2541 5038 2648 5095; x_wconf 86' lang='lat' dir='ltr'><strong>Ter</strong></span> <span class='ocrx_word' id='word_1_633' title='bbox 2679 5043 2794 5096; x_wconf 67' lang='lat' dir='ltr'><strong>haec</strong></span> <span class='ocrx_word' id='word_1_634' title='bbox 2838 5045 3001 5119; x_wconf 63' lang='lat' dir='ltr'><strong>yerba</strong></span> <span class='ocrx_word' id='word_1_635' title='bbox 3032 5061 3044 5096; x_wconf 93' lang='lat'>:</span> <span class='ocrx_word' id='word_1_636' title='bbox 3086 5045 3139 5096; x_wconf 91' lang='lat' dir='ltr'><strong>in</strong></span> <span class='ocrx_word' id='word_1_637' title='bbox 3185 5059 3378 5097; x_wconf 84' lang='lat' dir='ltr'><strong>manus</strong></span> <span class='ocrx_word' id='word_1_638' title='bbox 3413 5050 3534 5097; x_wconf 76' lang='lat' dir='ltr'><strong>luas</strong></span> <span class='ocrx_word' id='word_1_639' title='bbox 3563 5052 3661 5096; x_wconf 90' lang='lat' dir='ltr'><strong>etc.</strong></span> <span class='ocrx_word' id='word_1_640' title='bbox 3701 5055 3835 5094; x_wconf 83' lang='lat' dir='ltr'><strong>mss.</strong></span> 
     </span>
    </p>
   </div>
   <div class='ocr_carea' id='block_1_83' title="bbox 553 5109 3838 5178">
    <p class='ocr_par' dir='ltr' id='par_1_83' title="bbox 553 5109 3838 5178">
     <span class='ocr_line' id='line_1_83' title="bbox 553 5109 3838 5178; baseline -0.004 -6"><span class='ocrx_word' id='word_1_641' title='bbox 553 5118 680 5172; x_wconf 89' lang='lat' dir='ltr'><strong>Bec.</strong></span> <span class='ocrx_word' id='word_1_642' title='bbox 711 5127 757 5171; x_wconf 89' lang='lat' dir='ltr'><strong>et</strong></span> <span class='ocrx_word' id='word_1_643' title='bbox 788 5109 856 5170; x_wconf 60' lang='lat' dir='ltr'><strong>SI</strong></span> <span class='ocrx_word' id='word_1_644' title='bbox 877 5109 1007 5168; x_wconf 53' lang='lat' dir='ltr'><strong>&#39;Ger.</strong></span> <span class='ocrx_word' id='word_1_645' title='bbox 1043 5121 1162 5168; x_wconf 85' lang='lat' dir='ltr'><strong>ter:</strong></span> <span class='ocrx_word' id='word_1_646' title='bbox 1195 5109 1249 5162; x_wconf 92' lang='lat' dir='ltr'><strong>in</strong></span> <span class='ocrx_word' id='word_1_647' title='bbox 1282 5125 1473 5165; x_wconf 87' lang='lat' dir='ltr'><strong>manus</strong></span> <span class='ocrx_word' id='word_1_648' title='bbox 1502 5119 1640 5173; x_wconf 86' lang='lat' dir='ltr'><strong>tuas,</strong></span> <span class='ocrx_word' id='word_1_649' title='bbox 1675 5109 1921 5175; x_wconf 89' lang='lat' dir='ltr'><strong>Domine,</strong></span> <span class='ocrx_word' id='word_1_650' title='bbox 1947 5109 2270 5166; x_wconf 81' lang='lat' dir='ltr'><strong>commendo</strong></span> <span class='ocrx_word' id='word_1_651' title='bbox 2306 5110 2554 5178; x_wconf 88' lang='lat' dir='ltr'><strong>spiritum</strong></span> <span class='ocrx_word' id='word_1_652' title='bbox 2601 5126 2801 5167; x_wconf 89' lang='lat' dir='ltr'><strong>meum.</strong></span> <span class='ocrx_word' id='word_1_653' title='bbox 2839 5112 2905 5168; x_wconf 91' lang='lat' dir='ltr'><strong>In</strong></span> <span class='ocrx_word' id='word_1_654' title='bbox 2932 5131 3056 5168; x_wconf 83' lang='lat' dir='ltr'><strong>mss.</strong></span> <span class='ocrx_word' id='word_1_655' title='bbox 3099 5113 3222 5167; x_wconf 85' lang='lat' dir='ltr'><strong>Bec.</strong></span> <span class='ocrx_word' id='word_1_656' title='bbox 3253 5126 3298 5167; x_wconf 86' lang='lat' dir='ltr'><strong>et</strong></span> <span class='ocrx_word' id='word_1_657' title='bbox 3335 5111 3392 5166; x_wconf 77' lang='lat' dir='ltr'><strong>S.</strong></span> <span class='ocrx_word' id='word_1_658' title='bbox 3436 5111 3566 5167; x_wconf 87' lang='lat' dir='ltr'><strong>Ger.</strong></span> <span class='ocrx_word' id='word_1_659' title='bbox 3605 5113 3698 5165; x_wconf 81' lang='lat' dir='ltr'><strong>ista</strong></span> <span class='ocrx_word' id='word_1_660' title='bbox 3735 5112 3838 5162; x_wconf 83' lang='lat' dir='ltr'><strong>ad-</strong></span> 
     </span>
    </p>
   </div>
   <div class='ocr_carea' id='block_1_84' title="bbox 554 5181 1119 5251">
    <p class='ocr_par' dir='ltr' id='par_1_84' title="bbox 554 5181 1119 5251">
     <span class='ocr_line' id='line_1_84' title="bbox 554 5181 1119 5251; baseline -0.011 -10"><span class='ocrx_word' id='word_1_661' title='bbox 554 5187 770 5241; x_wconf 84' lang='lat' dir='ltr'><strong>monitio</strong></span> <span class='ocrx_word' id='word_1_662' title='bbox 799 5185 883 5238; x_wconf 83' lang='lat' dir='ltr'><strong>hic</strong></span> <span class='ocrx_word' id='word_1_663' title='bbox 908 5181 1119 5251; x_wconf 75' lang='lat' dir='ltr'><strong>explicit</strong></span> 
     </span>
    </p>
   </div>
   <div class='ocr_carea' id='block_1_85' title="bbox 1233 5180 3837 5252">
    <p class='ocr_par' dir='ltr' id='par_1_85' title="bbox 1233 5180 3837 5252">
     <span class='ocr_line' id='line_1_85' title="bbox 1233 5180 3837 5252; baseline -0.002 -18"><span class='ocrx_word' id='word_1_664' title='bbox 1233 5183 1298 5213; x_wconf 75' lang='lat'><strong>“7</strong></span> <span class='ocrx_word' id='word_1_665' title='bbox 1332 5181 1531 5235; x_wconf 76' lang='lat' dir='ltr'><strong>lterum</strong></span> <span class='ocrx_word' id='word_1_666' title='bbox 1582 5197 1757 5252; x_wconf 67' lang='lat' dir='ltr'><strong>uersus</strong></span> <span class='ocrx_word' id='word_1_667' title='bbox 1785 5198 1800 5234; x_wconf 87' lang='lat'><strong>:</strong></span> <span class='ocrx_word' id='word_1_668' title='bbox 1832 5181 2082 5250; x_wconf 89' lang='lat' dir='ltr'><strong>dirupisti</strong></span> <span class='ocrx_word' id='word_1_669' title='bbox 2112 5190 2210 5234; x_wconf 84' lang='lat' dir='ltr'><strong>etc.</strong></span> <span class='ocrx_word' id='word_1_670' title='bbox 2243 5181 2499 5252; x_wconf 81' lang='lat' dir='ltr'><strong>usquead</strong></span> <span class='ocrx_word' id='word_1_671' title='bbox 2532 5181 2643 5235; x_wconf 64' lang='lat' dir='ltr'><strong>haec</strong></span> <span class='ocrx_word' id='word_1_672' title='bbox 2667 5196 2686 5234; x_wconf 90' lang='lat'><strong><em>:</em></strong></span> <span class='ocrx_word' id='word_1_673' title='bbox 2719 5182 2944 5252; x_wconf 80' lang='lat' dir='ltr'><strong>Incipiat</strong></span> <span class='ocrx_word' id='word_1_674' title='bbox 2969 5185 3224 5238; x_wconf 87' lang='lat' dir='ltr'><strong>sacerdos</strong></span> <span class='ocrx_word' id='word_1_675' title='bbox 3254 5195 3307 5238; x_wconf 86' lang='lat' dir='ltr'><strong>ct</strong></span> <span class='ocrx_word' id='word_1_676' title='bbox 3329 5184 3474 5236; x_wconf 85' lang='lat' dir='ltr'><strong>dicat</strong></span> <span class='ocrx_word' id='word_1_677' title='bbox 3507 5201 3608 5235; x_wconf 86' lang='lat' dir='ltr'><strong>ms.</strong></span> <span class='ocrx_word' id='word_1_678' title='bbox 3659 5180 3837 5233; x_wconf 80' lang='lat' dir='ltr'><strong>omitt.</strong></span> 
     </span>
    </p>
   </div>
   <div class='ocr_carea' id='block_1_86' title="bbox 556 5249 3840 5311">
    <p class='ocr_par' dir='ltr' id='par_1_86' title="bbox 556 5249 3840 5311">
     <span class='ocr_line' id='line_1_86' title="bbox 556 5249 3840 5311; baseline -0.003 0"><span class='ocrx_word' id='word_1_679' title='bbox 556 5257 625 5290; x_wconf 75' lang='lat'><strong>“&#39;</strong></span> <span class='ocrx_word' id='word_1_680' title='bbox 652 5257 875 5311; x_wconf 85' lang='lat' dir='ltr'><strong>Incipiat</strong></span> <span class='ocrx_word' id='word_1_681' title='bbox 902 5249 1154 5308; x_wconf 86' lang='lat' dir='ltr'><strong>sacerdos</strong></span> <span class='ocrx_word' id='word_1_682' title='bbox 1178 5265 1234 5311; x_wconf 87' lang='lat' dir='ltr'><strong>et</strong></span> <span class='ocrx_word' id='word_1_683' title='bbox 1263 5254 1406 5308; x_wconf 82' lang='lat' dir='ltr'><strong>dicat</strong></span> <span class='ocrx_word' id='word_1_684' title='bbox 1442 5268 1538 5306; x_wconf 88' lang='lat' dir='ltr'><strong>ms.</strong></span> <span class='ocrx_word' id='word_1_685' title='bbox 1594 5249 1763 5305; x_wconf 77' lang='lat' dir='ltr'><strong>Vatia.</strong></span> <span class='ocrx_word' id='word_1_686' title='bbox 1797 5249 2052 5306; x_wconf 83' lang='lat' dir='ltr'><strong>sacerdos</strong></span> <span class='ocrx_word' id='word_1_687' title='bbox 2083 5252 2230 5305; x_wconf 87' lang='lat' dir='ltr'><strong>dicat</strong></span> <span class='ocrx_word' id='word_1_688' title='bbox 2305 5249 2371 5282; x_wconf 82' lang='lat'><strong>“’</strong></span> <span class='ocrx_word' id='word_1_689' title='bbox 2406 5251 2772 5306; x_wconf 78' lang='lat' dir='ltr'><strong>Detertninatn</strong></span> <span class='ocrx_word' id='word_1_690' title='bbox 2807 5249 2904 5307; x_wconf 80' lang='lat' dir='ltr'><strong>ms.</strong></span> <span class='ocrx_word' id='word_1_691' title='bbox 2939 5252 3395 5308; x_wconf 74' lang='lat' dir='ltr'><strong>Vatic.des‘tinata</strong></span> <span class='ocrx_word' id='word_1_692' title='bbox 3473 5253 3544 5283; x_wconf 81' lang='lat'><strong>&quot;°</strong></span> <span class='ocrx_word' id='word_1_693' title='bbox 3597 5251 3840 5306; x_wconf 75' lang='lat' dir='ltr'><strong>Interro-</strong></span> 
     </span>
    </p>
   </div>
   <div class='ocr_carea' id='block_1_87' title="bbox 591 5327 721 5380">
    <p class='ocr_par' dir='ltr' id='par_1_87' title="bbox 591 5327 721 5380">
     <span class='ocr_line' id='line_1_87' title="bbox 591 5327 721 5380; baseline -0.015 0"><span class='ocrx_word' id='word_1_694' title='bbox 591 5327 721 5380; x_wconf 85' lang='lat' dir='ltr'><strong>alio.</strong></span> 
     </span>
    </p>
   </div>
   <div class='ocr_carea' id='block_1_88' title="bbox 554 5461 1768 5531">
    <p class='ocr_par' dir='ltr' id='par_1_88' title="bbox 554 5461 1768 5531">
     <span class='ocr_line' id='line_1_88' title="bbox 554 5461 1768 5531; baseline -0.003 -11"><span class='ocrx_word' id='word_1_695' title='bbox 554 5466 790 5520; x_wconf 82' lang='lat' dir='ltr'><strong>ultiones</strong></span> <span class='ocrx_word' id='word_1_696' title='bbox 827 5462 1063 5518; x_wconf 84' lang='lat' dir='ltr'><strong>Anselmi</strong></span> <span class='ocrx_word' id='word_1_697' title='bbox 1087 5464 1343 5519; x_wconf 73' lang='lat' dir='ltr'><strong>Gatituar.</strong></span> <span class='ocrx_word' id='word_1_698' title='bbox 1379 5461 1768 5531; x_wconf 84' lang='lat' dir='ltr'><strong>archiepiscopi</strong></span> 
     </span>
    </p>
   </div>
   <div class='ocr_carea' id='block_1_89' title="bbox 577 5530 1512 5588">
    <p class='ocr_par' dir='ltr' id='par_1_89' title="bbox 577 5530 1512 5588">
     <span class='ocr_line' id='line_1_89' title="bbox 577 5530 1512 5588; baseline -0.005 0"><span class='ocrx_word' id='word_1_699' title='bbox 577 5532 1019 5588; x_wconf 78' lang='lat' dir='ltr'><strong>arts-monasterii</strong></span> <span class='ocrx_word' id='word_1_700' title='bbox 1059 5532 1187 5588; x_wconf 78' lang='lat'><strong>593.</strong></span> <span class='ocrx_word' id='word_1_701' title='bbox 1228 5534 1359 5588; x_wconf 83' lang='lat' dir='ltr'><strong>Mss.</strong></span> <span class='ocrx_word' id='word_1_702' title='bbox 1392 5530 1512 5584; x_wconf 86' lang='lat' dir='ltr'><strong>Bec.</strong></span> 
     </span>
    </p>
   </div>
   <div class='ocr_carea' id='block_1_90' title="bbox 842 5320 3842 5403">
    <p class='ocr_par' dir='ltr' id='par_1_90' title="bbox 842 5320 3842 5403">
     <span class='ocr_line' id='line_1_90' title="bbox 842 5320 3842 5403; baseline -0.003 -25"><span class='ocrx_word' id='word_1_703' title='bbox 842 5324 921 5403; x_wconf 76' lang='lat' dir='ltr'><strong>les</strong></span> <span class='ocrx_word' id='word_1_704' title='bbox 956 5333 1007 5403; x_wconf 68' lang='lat' dir='ltr'><strong>te</strong></span> <span class='ocrx_word' id='word_1_705' title='bbox 1035 5333 1133 5403; x_wconf 65' lang='lat' dir='ltr'><strong>etc.</strong></span> <span class='ocrx_word' id='word_1_706' title='bbox 1160 5341 1322 5403; x_wconf 79' lang='lat' dir='ltr'><strong>usque</strong></span> <span class='ocrx_word' id='word_1_707' title='bbox 1347 5323 1416 5375; x_wconf 79' lang='lat' dir='ltr'><strong>ad</strong></span> <span class='ocrx_word' id='word_1_708' title='bbox 1457 5324 1570 5403; x_wconf 70' lang='lat' dir='ltr'><strong>lucc</strong></span> <span class='ocrx_word' id='word_1_709' title='bbox 1591 5322 1692 5402; x_wconf 70' lang='lat' dir='ltr'><strong>:in</strong></span> <span class='ocrx_word' id='word_1_710' title='bbox 1723 5320 1830 5403; x_wconf 78' lang='lat' dir='ltr'><strong>line</strong></span> <span class='ocrx_word' id='word_1_711' title='bbox 1854 5320 1938 5402; x_wconf 74' lang='lat' dir='ltr'><strong>l‘ac</strong></span> <span class='ocrx_word' id='word_1_712' title='bbox 1969 5331 2217 5403; x_wconf 58' lang='lat' dir='ltr'><strong>eatlretc.</strong></span> <span class='ocrx_word' id='word_1_713' title='bbox 2251 5338 2374 5374; x_wconf 88' lang='lat' dir='ltr'><strong>mss.</strong></span> <span class='ocrx_word' id='word_1_714' title='bbox 2429 5323 2673 5403; x_wconf 70' lang='lat' dir='ltr'><strong>omittunt</strong></span> <span class='ocrx_word' id='word_1_715' title='bbox 2752 5323 2817 5353; x_wconf 83' lang='grc'>¹²¹</span> <span class='ocrx_word' id='word_1_716' title='bbox 2849 5323 3154 5403; x_wconf 82' lang='lat' dir='ltr'><strong>Lub_r_icitas</strong></span> <span class='ocrx_word' id='word_1_717' title='bbox 3187 5341 3285 5378; x_wconf 84' lang='lat' dir='ltr'><strong>ms.</strong></span> <span class='ocrx_word' id='word_1_718' title='bbox 3347 5321 3514 5377; x_wconf 84' lang='lat' dir='ltr'><strong>Vatic.</strong></span> <span class='ocrx_word' id='word_1_719' title='bbox 3557 5320 3842 5376; x_wconf 74' lang='lat' dir='ltr'><strong>mtcrnitas</strong></span> 
     </span>
    </p>
   </div>
   <div class='ocr_carea' id='block_1_91' title="bbox 583 5391 2770 5456">
    <p class='ocr_par' dir='ltr' id='par_1_91' title="bbox 583 5391 2770 5456">
     <span class='ocr_line' id='line_1_91' title="bbox 583 5391 2770 5456; baseline -0.002 -6"><span class='ocrx_word' id='word_1_720' title='bbox 583 5399 623 5450; x_wconf 72' lang='lat' dir='ltr'><strong>it</strong></span> <span class='ocrx_word' id='word_1_721' title='bbox 651 5397 734 5451; x_wconf 80' lang='lat' dir='ltr'><strong>bis</strong></span> <span class='ocrx_word' id='word_1_722' title='bbox 765 5394 930 5448; x_wconf 85' lang='lat' dir='ltr'><strong>linilis</strong></span> <span class='ocrx_word' id='word_1_723' title='bbox 956 5393 1086 5446; x_wconf 90' lang='lat' dir='ltr'><strong>dicit</strong></span> <span class='ocrx_word' id='word_1_724' title='bbox 1107 5391 1393 5450; x_wconf 81' lang='lat' dir='ltr'><strong>Anselmus</strong></span> <span class='ocrx_word' id='word_1_725' title='bbox 1425 5393 1564 5456; x_wconf 82' lang='lat' dir='ltr'><strong>quod</strong></span> <span class='ocrx_word' id='word_1_726' title='bbox 1595 5392 1710 5446; x_wconf 87' lang='lat' dir='ltr'><strong>sine</strong></span> <span class='ocrx_word' id='word_1_727' title='bbox 1745 5391 1906 5445; x_wconf 90' lang='lat' dir='ltr'><strong>dubio</strong></span> <span class='ocrx_word' id='word_1_728' title='bbox 1944 5391 2260 5445; x_wconf 80' lang='lat' dir='ltr'><strong>salvabitur.</strong></span> <span class='ocrx_word' id='word_1_729' title='bbox 2297 5409 2424 5445; x_wconf 88' lang='lat' dir='ltr'><strong>mss.</strong></span> <span class='ocrx_word' id='word_1_730' title='bbox 2449 5392 2500 5445; x_wconf 89' lang='lat' dir='ltr'><strong>in</strong></span> <span class='ocrx_word' id='word_1_731' title='bbox 2528 5392 2634 5445; x_wconf 88' lang='lat' dir='ltr'><strong>line</strong></span> <span class='ocrx_word' id='word_1_732' title='bbox 2664 5402 2770 5447; x_wconf 90' lang='lat' dir='ltr'><strong>etc.</strong></span> 
     </span>
    </p>
   </div>
   <div class='ocr_carea' id='block_1_92' title="bbox 1847 5459 3844 5520">
    <p class='ocr_par' dir='ltr' id='par_1_92' title="bbox 1847 5459 3844 5520">
     <span class='ocr_line' id='line_1_92' title="bbox 1847 5459 3844 5520; baseline -0.003 -3"><span class='ocrx_word' id='word_1_733' title='bbox 1847 5461 1914 5493; x_wconf 78' lang='grc'><strong>¹¹³</strong></span> <span class='ocrx_word' id='word_1_734' title='bbox 1937 5461 2200 5517; x_wconf 85' lang='lat' dir='ltr'><strong>Collatum</strong></span> <span class='ocrx_word' id='word_1_735' title='bbox 2230 5473 2313 5516; x_wconf 85' lang='lat' dir='ltr'><strong>est</strong></span> <span class='ocrx_word' id='word_1_736' title='bbox 2349 5478 2470 5516; x_wconf 87' lang='lat' dir='ltr'><strong>cum</strong></span> <span class='ocrx_word' id='word_1_737' title='bbox 2497 5478 2620 5514; x_wconf 78' lang='lat' dir='ltr'><strong>mss.</strong></span> <span class='ocrx_word' id='word_1_738' title='bbox 2652 5461 2776 5516; x_wconf 90' lang='lat' dir='ltr'><strong>Bec.</strong></span> <span class='ocrx_word' id='word_1_739' title='bbox 2813 5463 2875 5517; x_wconf 87' lang='lat'><strong>0.</strong></span> <span class='ocrx_word' id='word_1_740' title='bbox 2907 5475 2953 5518; x_wconf 90' lang='lat' dir='ltr'><strong>et</strong></span> <span class='ocrx_word' id='word_1_741' title='bbox 2987 5461 3055 5518; x_wconf 84' lang='lat' dir='ltr'><strong>K.</strong></span> <span class='ocrx_word' id='word_1_742' title='bbox 3091 5464 3177 5519; x_wconf 83' lang='grc'><strong>10.</strong></span> <span class='ocrx_word' id='word_1_743' title='bbox 3219 5459 3464 5520; x_wconf 55' lang='grc' dir='ltr'><strong>ϐεηιίε.</strong></span> <span class='ocrx_word' id='word_1_744' title='bbox 3497 5464 3581 5517; x_wconf 79' lang='lat'><strong>70.</strong></span> <span class='ocrx_word' id='word_1_745' title='bbox 3619 5471 3666 5514; x_wconf 88' lang='lat' dir='ltr'><strong>ct</strong></span> <span class='ocrx_word' id='word_1_746' title='bbox 3707 5459 3844 5512; x_wconf 68' lang='lat' dir='ltr'><strong>Ma-</strong></span> 
     </span>
    </p>
   </div>
   <div class='ocr_carea' id='block_1_93' title="bbox 1599 5527 3840 5601">
    <p class='ocr_par' dir='ltr' id='par_1_93' title="bbox 1599 5527 3840 5601">
     <span class='ocr_line' id='line_1_93' title="bbox 1599 5527 3840 5601; baseline -0.002 -16"><span class='ocrx_word' id='word_1_747' title='bbox 1599 5571 1611 5585; x_wconf 95' lang='lat'><strong>.</strong></span> <span class='ocrx_word' id='word_1_748' title='bbox 1638 5541 1683 5585; x_wconf 85' lang='lat' dir='ltr'><strong>et</strong></span> <span class='ocrx_word' id='word_1_749' title='bbox 1717 5527 2280 5601; x_wconf 75' lang='lat' dir='ltr'><strong>Majoris-Monasterii</strong></span> <span class='ocrx_word' id='word_1_750' title='bbox 2307 5549 2395 5585; x_wconf 89' lang='lat' dir='ltr'><strong>nec</strong></span> <span class='ocrx_word' id='word_1_751' title='bbox 2420 5531 2631 5585; x_wconf 86' lang='lat' dir='ltr'><strong>titulum</strong></span> <span class='ocrx_word' id='word_1_752' title='bbox 2662 5534 2852 5587; x_wconf 78' lang='lat' dir='ltr'><strong>[tabent</strong></span> <span class='ocrx_word' id='word_1_753' title='bbox 2878 5552 2969 5589; x_wconf 88' lang='lat' dir='ltr'><strong>nec</strong></span> <span class='ocrx_word' id='word_1_754' title='bbox 3001 5552 3186 5590; x_wconf 89' lang='lat' dir='ltr'><strong>nomen</strong></span> <span class='ocrx_word' id='word_1_755' title='bbox 3213 5533 3466 5588; x_wconf 64' lang='lat' dir='ltr'><strong>auctoris.</strong></span> <span class='ocrx_word' id='word_1_756' title='bbox 3507 5531 3607 5587; x_wconf 77' lang='lat' dir='ltr'><strong>Ms.</strong></span> <span class='ocrx_word' id='word_1_757' title='bbox 3634 5527 3708 5601; x_wconf 85' lang='lat' dir='ltr'><strong>K_.</strong></span> <span class='ocrx_word' id='word_1_758' title='bbox 3745 5530 3840 5601; x_wconf 70' lang='lat' dir='ltr'><strong>tu.</strong></span> 
     </span>
    </p>
   </div>
   <div class='ocr_carea' id='block_1_94' title="bbox 2852 5391 3834 5462">
    <p class='ocr_par' dir='ltr' id='par_1_94' title="bbox 2852 5391 3834 5462">
     <span class='ocr_line' id='line_1_94' title="bbox 2852 5391 3834 5462; baseline 0.026 -21"><span class='ocrx_word' id='word_1_759' title='bbox 2852 5395 2917 5425; x_wconf 75' lang='lat' dir='ltr'><strong>m</strong></span> <span class='ocrx_word' id='word_1_760' title='bbox 2949 5392 3053 5447; x_wconf 80' lang='lat' dir='ltr'><strong>Ms.</strong></span> <span class='ocrx_word' id='word_1_761' title='bbox 3099 5393 3264 5447; x_wconf 85' lang='lat' dir='ltr'><strong>Vatic.</strong></span> <span class='ocrx_word' id='word_1_762' title='bbox 3292 5392 3598 5462; x_wconf 70' lang='lat' dir='ltr'><strong>Explicinnt</strong></span> <span class='ocrx_word' id='word_1_763' title='bbox 3624 5391 3834 5462; x_wconf 60' lang='lat' dir='ltr'><strong>udulo’</strong></span> 
     </span>
    </p>
   </div>
   <div class='ocr_carea' id='block_1_95' title="bbox 603 5597 3852 5680">
    <p class='ocr_par' dir='ltr' id='par_1_95' title="bbox 603 5597 3852 5680">
     <span class='ocr_line' id='line_1_95' title="bbox 603 5597 3852 5680; baseline -0.001 -21"><span class='ocrx_word' id='word_1_764' title='bbox 603 5601 1267 5680; x_wconf 32' lang='lat' dir='ltr'><strong>ersniltuﬁgerii.Gadomi</strong></span> <span class='ocrx_word' id='word_1_765' title='bbox 1276 5602 1570 5680; x_wconf 63' lang='lat' dir='ltr'><strong>peccetisis</strong></span> <span class='ocrx_word' id='word_1_766' title='bbox 1593 5597 1865 5680; x_wconf 73' lang='lat' dir='ltr'><strong>monachi.</strong></span> <span class='ocrx_word' id='word_1_767' title='bbox 1894 5619 1993 5655; x_wconf 86' lang='lat' dir='ltr'><strong>ms.</strong></span> <span class='ocrx_word' id='word_1_768' title='bbox 2035 5602 2094 5655; x_wconf 71' lang='grc' dir='ltr'><strong>(ἐ.</strong></span> <span class='ocrx_word' id='word_1_769' title='bbox 2119 5602 2322 5680; x_wconf 39' lang='grc' dir='ltr'><strong>πυτ-ωε</strong></span> <span class='ocrx_word' id='word_1_770' title='bbox 2363 5603 2551 5680; x_wconf 79' lang='lat' dir='ltr'><strong>incipit</strong></span> <span class='ocrx_word' id='word_1_771' title='bbox 2591 5602 2921 5660; x_wconf 84' lang='lat' dir='ltr'><strong>Claudianus</strong></span> <span class='ocrx_word' id='word_1_772' title='bbox 2953 5607 3020 5659; x_wconf 85' lang='lat' dir='ltr'><strong>ad</strong></span> <span class='ocrx_word' id='word_1_773' title='bbox 3055 5607 3352 5660; x_wconf 83' lang='lat' dir='ltr'><strong>monachos</strong></span> <span class='ocrx_word' id='word_1_774' title='bbox 3433 5606 3496 5634; x_wconf 65' lang='grc' dir='ltr'><strong>ηδ</strong></span> <span class='ocrx_word' id='word_1_775' title='bbox 3533 5604 3630 5668; x_wconf 79' lang='lat' dir='ltr'><strong>Qui</strong></span> <span class='ocrx_word' id='word_1_776' title='bbox 3668 5597 3852 5664; x_wconf 64' lang='lat' dir='ltr'><strong>jubd</strong></span> 
     </span>
    </p>
   </div>
   <div class='ocr_carea' id='block_1_96' title="bbox 551 5671 2701 5741">
    <p class='ocr_par' dir='ltr' id='par_1_96' title="bbox 551 5671 2701 5741">
     <span class='ocr_line' id='line_1_96' title="bbox 551 5671 2701 5741; baseline -0.002 -10"><span class='ocrx_word' id='word_1_777' title='bbox 551 5691 653 5731; x_wconf 70' lang='lat' dir='ltr'><strong>ms.</strong></span> <span class='ocrx_word' id='word_1_778' title='bbox 688 5671 974 5740; x_wconf 76' lang='lat' dir='ltr'><strong>593._Quid</strong></span> <span class='ocrx_word' id='word_1_779' title='bbox 998 5671 1153 5741; x_wconf 85' lang='lat' dir='ltr'><strong>jubet</strong></span> <span class='ocrx_word' id='word_1_780' title='bbox 1229 5674 1295 5704; x_wconf 82' lang='grc'>¹¹¹⁸</span> <span class='ocrx_word' id='word_1_781' title='bbox 1324 5672 1674 5740; x_wconf 82' lang='lat' dir='ltr'><strong>Scripsitnus,</strong></span> <span class='ocrx_word' id='word_1_782' title='bbox 1711 5673 1810 5726; x_wconf 89' lang='lat' dir='ltr'><strong>hoc</strong></span> <span class='ocrx_word' id='word_1_783' title='bbox 1834 5687 1927 5728; x_wconf 82' lang='lat' dir='ltr'><strong>vos</strong></span> <span class='ocrx_word' id='word_1_784' title='bbox 1951 5689 2079 5726; x_wconf 86' lang='lat' dir='ltr'><strong>mss.</strong></span> <span class='ocrx_word' id='word_1_785' title='bbox 2105 5672 2420 5738; x_wconf 85' lang='lat' dir='ltr'><strong>scribimus,</strong></span> <span class='ocrx_word' id='word_1_786' title='bbox 2457 5674 2576 5727; x_wconf 75' lang='lat' dir='ltr'><strong>lucc</strong></span> <span class='ocrx_word' id='word_1_787' title='bbox 2603 5687 2701 5728; x_wconf 82' lang='lat' dir='ltr'><strong>vos</strong></span> 
     </span>
    </p>
   </div>
  </div>
