4060 6292
247 350 350 411 δὸθ

324 463 570 534 Instruit,
595 462 713 523 haec
738 462 861 535 vitae
888 463 1087 535 pagina
1114 460 1303 537 pandit
1330 462 1455 518 iter.

256 558 367 618 Nec
393 574 513 627 vos,
547 558 729 616 dilecti
757 554 982 623 fratres,
1005 554 1361 621 contemnite,
1389 556 1436 611 si
1463 537 1590 625 quid

324 651 522 713 Nostra
549 650 722 722 pium.
749 648 796 705 si
831 648 959 720 quid
990 657 1174 705 nostra
1200 646 1415 703 salubre
1438 657 1657 722 urguent
1681 643 1771 700 "'.

254 746 465 816 Smpius
494 744 747 815 ingentes
773 742 862 797 lux
892 741 1044 815 pellit
1069 754 1239 813 parva
1280 739 1557 807 tenebras,

327 835 559 892 Bivulus
590 834 655 867 ¹²⁷
680 842 740 890 et
768 833 957 890 dulces
985 848 1129 905 saepe
1155 832 1432 888 ministrat
1455 844 1643 901 aquas.

250 929 369 985 Non
403 938 627 984 tonsura
653 926 790 983 facit
815 927 1165 993 monachum,
1190 939 1295 980 non
1329 924 1546 981 horrida
1577 920 1770 995 vestis;

326 1020 436 1076 Sed
466 1020 644 1087 virtus
666 1018 856 1081 animi,
888 1025 1291 1089 perpetuusque
1316 1015 1483 1086 rigor.

254 1108 407 1165 Mens
430 1108 673 1174 humilis,
707 1108 895 1164 mundi
926 1114 1298 1178 contemptus,
1328 1105 1436 1160 vita
1469 1103 1682 1174 pudica,

326 1197 649 1270 Sanctaque
665 1196 932 1265 sobrietas
957 1216 973 1254 :
1001 1198 1118 1263 haec
1139 1196 1348 1254 faciunt
1386 1195 1713 1251 monachum

253 1285 506 1359 Hzecvos
531 1288 585 1343 in
619 1286 838 1354 ctelum,
865 1287 1133 1348 monachi.
1169 1285 1435 1358 quadriga
1471 1283 1716 1341 levabit:

324 1379 454 1436 Haec
480 1388 602 1450 post
630 1381 775 1436 hanc
799 1380 968 1435 vitam
994 1378 1215 1451 praemia
1241 1392 1466 1435 .summa
1495 1376 1666 1432 dabit.

253 1468 341 1525 Nil
368 1478 590 1525 tonsura
612 1470 789 1541 juvat,
813 1467 972 1540 juvat
997 1476 1094 1525 aut
1120 1467 1189 1499 ¹²⁸
1218 1467 1482 1523 vilissima
1513 1465 1702 1534 vestis,

330 1562 388 1618 Si
416 1562 575 1634 lupus
606 1578 696 1630 es,
735 1564 984 1634 quamvis
1011 1577 1135 1618 esse
1162 1560 1365 1617 videris
1390 1560 1534 1616 ovis.

254 1653 391 1710 Nam
425 1655 534 1710 falli
556 1663 784 1725 possunt
813 1654 1082 1723 homines,
1111 1663 1166 1710 et
1192 1652 1383 1708 fallere
1413 1670 1428 1708 :
1469 1650 1773 1713 Christum,

325 1747 427 1815 Qui
457 1747 663 1807 nullum
694 1747 851 1813 fallit,
884 1746 1072 1803 fallere
1108 1747 1177 1779 “’
1208 1760 1371 1801 nemo
1402 1753 1582 1816 potest
1611 1744 1699 1799 ⁸³⁸.

252 1838 347 1896 Ille
371 1839 588 1910 quidem
629 1839 811 1896 fucum
835 1838 1102 1901 simulatae
1128 1839 1193 1871 '“
1222 1837 1499 1908 religionis

323 1930 579 1996 Damnat,
611 1938 666 1987 et
693 1932 751 1988 in
786 1932 1029 2002 reprobis
1052 1931 1294 1987 moribus
1316 1944 1443 1986 esse
1467 1929 1674 1999 nequit.

252 2022 512 2089 Vovistis,
526 2037 531 2043 ‘
545 2022 767 2090 fratres,
789 2023 1042 2091 vovistis;
1067 2031 1272 2090 vestra,
1304 2037 1575 2094 rogamus,

327 2113 508 2171 Vivite
531 2114 751 2172 solliciti
777 2114 1004 2170 reddere
1026 2122 1152 2170 vota
1183 2113 1313 2169 Deo.

252 2202 308 2257 In
339 2202 679 2272 maiestatem
708 2203 945 2259 divinam
969 2212 1160 2273 peccat
1184 2192 1419 2269 abunde,

318 2295 578 2367 Quisquis
604 2308 724 2366 qua:
754 2310 860 2352 non
887 2295 1004 2351 vult
1029 2294 1285 2359 reddere,
1319 2301 1444 2350 vota
1472 2302 1628 2349 vovet
1652 2307 1668 2348 :

253 2386 495 2443 Vovistis
525 2387 755 2457 Domino
781 2396 998 2443 vestros
1024 2394 1346 2442 convertere
1375 2398 1557 2441 mores
1582 2403 1596 2439 :

314 2475 442 2532 lam
471 2492 615 2533 nunc
638 2477 877 2547 peccatis
903 2480 976 2534 sit
1004 2476 1198 2532 modus
1225 2484 1281 2531 et
1316 2475 1491 2532 vitiis.

251 2572 407 2629 hunc
440 2568 665 2625 humilis
693 2570 858 2632 vivat,
889 2570 981 2640 qui
1003 2568 1217 2625 vixerat
1237 2574 1366 2623 ante
1396 2568 1664 2638 superbus

326 2662 414 2719 Sit
437 2670 622 2718 castus
640 2661 891 2730 quisquis
917 2660 1227 2716 luxuriem
1255 2671 1397 2717 erat.

258 2751 771 2822 Quaerebat'c'ensus
792 2752 1008 2822 aliquis,
1036 2752 1292 2822 captabat
1319 2751 1577 2813 honores,

321 2843 396 2897 At
422 2841 583 2897 modo
604 2840 871 2897 vilescant
901 2840 970 2873 "'
992 2852 1189 2897 census
1218 2840 1502 2910 honorque
1539 2839 1662 2895 sibi.

257 2932 548 2990 Gaudebat
574 2931 826 3003 dapibus,
856 2931 1126 3001 gaudebat
1159 2932 1326 2987 divite
1354 2946 1562 2996 mensa,

324 3022 481 3079 Nunc
506 3031 735 3078 tenuem.
754 3024 955 3077 victum
982 3022 1165 3077 sobria
1196 3035 1355 3078 coena
1395 3021 1560 3078 dabit.

252 3115 353 3173 Ille
380 3114 496 3170 suis
521 3114 676 3170 laetus
705 3112 1051 3169 successibus
1073 3126 1195 3169 esse
1224 3112 1456 3178 solebat,

331 3205 489 3262 Nunc
518 3206 777 3279 lacrymis
800 3207 991 3277 culpas
1021 3205 1193 3262 diluat
1224 3206 1341 3277 ipse
1367 3221 1498 3261 suas

254 3298 420 3356 Ostro
444 3297 796 3368 conspicuus.
820 3296 1055 3367 gemmis
1080 3296 1305 3368 insignis
1331 3305 1387 3353 et
1416 3311 1566 3360 auro,

331 3389 493 3446 Veste
517 3389 679 3445 modo
704 3388 800 3444 viii
828 3387 1075 3459 squalida
1110 3389 1353 3445 membra
1379 3395 1540 3459 tegat.

258 3477 534 3535 Verbosus
558 3485 758 3543 taceat,
793 3478 1048 3533 mitescat
1085 3475 1326 3533 fervidus
1356 3476 1457 3531 ira.

327 3568 547 3625 Invidus
577 3569 793 3625 invidiae
815 3570 930 3625 dira
960 3584 1166 3626 venena
1195 3576 1397 3625 vomat.

254 3660 466 3730 Cuique
491 3661 644 3732 prius
662 3661 841 3717 caedes
866 3660 1088 3733 placuit,
1115 3658 1370 3730 placuere
1394 3660 1628 3731 rapinze,

332 3748 489 3806 Nunc
512 3749 637 3822 pius
664 3759 722 3806 et
747 3751 895 3806 mitis
918 3751 1070 3822 pacis
1099 3758 1316 3806 amator
1335 3751 1460 3806 erit.

253 3841 516 3911 Quisquis
543 3841 860 3897 adulantum
889 3849 1111 3898 ventosa
1141 3839 1301 3897 laude
1325 3842 1584 3909 tumebat,

328 3928 806 3989 Nunc-hominum
837 3931 1024 3989 laudes
1047 3931 1281 3987 azstimet
1308 3944 1430 3987 esse
1456 3931 1608 3988 nihil.

256 4020 328 4080 Et
366 4021 459 4091 qui
486 4030 682 4090 sponte
716 4021 892 4078 malus
915 4021 1196 4093 gratisque
1221 4036 1424 4079 nocere
1450 4023 1678 4089 solebat,

329 4113 493 4172 Nunc
513 4116 681 4171 etiam
710 4115 870 4172 laesus
907 4115 1058 4172 utilis
1086 4131 1210 4172 esse
1236 4117 1385 4173 velit.
1698 4094 1706 4107 ’

154 4209 169 4220 ³
257 4209 342 4265 Ad
373 4207 495 4263 lites
524 4205 708 4263 facilis
736 4206 836 4263 fuit
860 4207 970 4273 hic,
1002 4207 1070 4265 ad
1094 4206 1275 4281 iurgia
1303 4223 1601 4280 praceps;'

333 4298 574 4357 Fortiter
597 4297 825 4356 alterius
850 4314 996 4357 nunc
1027 4300 1315 4356 maledicta
1358 4299 1499 4356 ferat
1525 4298 1612 4362 ⁸³³.

1326 346 1608 427 CARMEN
1641 348 1730 404 DE
1766 342 2189 406 CONTEMPTU
2230 342 2467 402 MUNDI.

1859 466 1906 525 Α
1935 458 2051 515 Νοη
2084 475 2179 514 vos
2222 458 2409 513 illiciat
2443 456 2624 514 brevis
2648 457 2764 514 hzec
2791 466 2845 512 et
2869 455 3005 511 falsa
3033 454 3310 526 voluptas,

3418 336 3525 394 690

2015 551 2129 606 Non
2157 568 2253 607 vos
2277 550 2551 622 decipiant
2579 546 2694 617 haec
2722 551 2964 621 peritura
3003 544 3167 611 bona.

1944 643 2075 709 Cur,
2097 628 2302 711 quaeso,
2325 641 2505 713 cupiat
2530 642 2843 713 quidquam.
2869 641 2958 697 cui
2983 634 3177 696 cuncta
3203 637 3449 709 reliquit;

2016 734 2098 789 Ad
2129 732 2268 787 mala
2291 748 2390 789 cur
2418 733 2631 798 redeat,
2662 733 2755 802 qui
2785 732 2925 787 bona
2955 730 3277 803 proposuit?

1946 823 2173 879 Terram
2203 832 2542 889 contemnas,
2571 818 2661 895 qui
2700 822 2895 878 caelum
2926 821 3126 893 qua-ris
3149 821 3380 887 habere;

2020 915 2077 977 Si
2108 930 2363 983 mansura
2394 914 2463 949 ¹³⁸
2490 915 2726 985 placent,
2758 915 2873 970 hmo
2900 910 3121 985 fugitiva
3152 912 3295 984 fuge.

1947 1009 2083 1065 Dum
2117 1007 2269 1076 licet,
2293 1017 2347 1065 et
2373 1008 2608 1079 spatium
2637 1007 2759 1062 vitae
2786 1007 3105 1062 conceditur
3135 990 3326 1077 hujus,

2019 1099 2249 1171 Semper
2270 1098 2337 1154 ad
2366 1112 2527 1153 omne
2552 1097 2751 1151 bonum
2777 1095 2898 1151 vive
2926 1103 3148 1166 paratus
3174 1110 3329 1167 opus.

1948 1198 2058 1254 Fac
2079 1198 2221 1253 bona
2253 1210 2480 1269 quaeque
2501 1204 2677 1267 potes,
2708 1190 2921 1250 modico
2943 1193 3072 1248 dum
3100 1202 3340 1263 tempore
3361 1189 3527 1255 vivis;

2020 1289 2183 1346 Multa
2207 1298 2397 1357 metes,
2432 1287 2479 1343 si
2510 1303 2651 1344 nunc
2683 1286 2888 1343 semina
2928 1277 3097 1357 pauca
3122 1278 3285 1356 jacis.

1948 1380 2125 1434 Parvo
2150 1386 2465 1450 perpetuam
2499 1391 2742 1433 mercare
2763 1375 2948 1430 labore
2977 1368 3241 1444 quietem,

2019 1473 2087 1528 Et
2115 1458 2442 1542 pensa'lletu
2470 1471 2664 1541 gaudia
2694 1470 2849 1539 longa
2878 1470 3048 1525 brevi.

1952 1567 2103 1623 Mens
2141 1575 2229 1621 tua
2264 1566 2497 1622 terrenis
2526 1581 2633 1621 non
2659 1564 2863 1621 haereat
2896 1571 3061 1633 atque
3086 1559 3306 1618 caducis
3334 1578 3349 1615 :

2022 1662 2252 1717 Labitur
2276 1670 2332 1717 et
2362 1661 2558 1734 transit
2580 1658 2840 1730 quidquid
2866 1659 2916 1712 in
2945 1656 3078 1715 orbe
3106 1656 3263 1712 vides
3281 1656 3370 1709 ⁸³⁸.

1950 1753 2071 1810 Vita
2095 1752 2223 1824 quid
2253 1762 2338 1809 est
2359 1752 2638 1824 praesens?
2669 1752 2913 1817 tentatio,
2948 1766 3124 1821 pugna
3149 1749 3399 1815 molesta,

1880 1818 1925 1875 Β
2022 1818 2129 1901 Hie
2151 1846 2300 1902 acies
2329 1818 2563 1915 semper,
2596 1858 2812 1914 semper
2844 1852 2900 1898 et
2918 1818 3096 1907 hostis
3117 1841 3292 1896 adest.

1950 1938 2058 1995 Sed
2087 1952 2210 1992 cum
2234 1933 2376 1991 nulla
2413 1934 2510 1990 tibi
2545 1933 2708 1989 fuerit
2732 1932 2844 2003 jam
2870 1931 3081 1988 sarcina
3112 1930 3294 1985 carnis
3314 1969 3331 1994 ,

2022 2028 2177 2084 'l‘unc
2207 2027 2327 2082 sine
2355 2026 2461 2080 line
2486 2024 2662 2095 quies,
2698 2038 2911 2094 paxque
2936 2021 3195 2093 perennis
3232 2021 3357 2075 erit.

1858 2168 1863 2175 .
1950 2119 2117 2175 Livor
2146 2126 2203 2173 et
2231 2116 2653 2195 ambitio,igula,
2690 2115 2859 2181 fraus,
2893 2112 3179 2170 metuenda
3213 2111 3396 2174 libido,

2021 2210 2127 2275 lra,
2158 2218 2337 2264 tumor
2363 2208 2581 2273 mentis,
2604 2198 2920 2271 schismata,
2953 2204 3131 2261 laudis
3160 2204 3228 2236 “°
3254 2218 3431 2258 amor.

1956 2302 2024 2356 Et
2052 2315 2171 2366 qua:
2205 2299 2273 2354 de
2297 2298 2515 2354 Saluum
2540 2299 2735 2354 castris
2762 2307 2885 2354 sunt
2906 2306 3102 2352 caetera
3136 2294 3303 2362 mille,

2024 2390 2275 2459 Undique
2305 2404 2403 2444 nos
2429 2388 2631 2443 vallant
2661 2389 2983 2458 assidueque
3014 2395 3286 2458 premunt.

1950 2481 2061 2537 llas
2091 2482 2235 2537 inter
2266 2482 2332 2512 m
2364 2488 2547 2553 pestes
2574 2479 2700 2534 dum
2724 2493 2883 2535 mens
2913 2478 3125 2532 iniirma
3160 2483 3408 2547 tenetur,

2020 2572 2295 2637 Fluctuat,
2317 2578 2371 2626 et
2403 2569 2556 2626 miris
2579 2577 2774 2624 aestuat
2798 2568 2882 2622 illa
2909 2568 3114 2634 modis;

1950 2661 2062 2718 Nec
2083 2662 2245 2718 cadat
2274 2660 2365 2716 illa
2399 2659 2525 2714 licet
2550 2673 2764 2729 semper
2783 2672 2979 2714 casura
3010 2656 3244 2721 videtur,

2022 2752 2090 2807 Et
2117 2751 2359 2823 quatitur
2386 2749 2551 2823 tantis
2574 2748 2845 2818 exagitata
2871 2732 3049 2802 malis.

1950 2846 2018 2902 Et
2048 2844 2172 2916 quis
2211 2842 2377 2897 habet
2408 2850 2589 2896 tantas
2622 2839 2873 2895 vitiorum
2906 2839 3048 2893 ferre
3085 2836 3375 2908 procellas,

2023 2937 2081 2993 Si
2110 2951 2217 2993 non
2247 2934 2489 2989 divinum
2521 2932 2771 2988 subvenit
2804 2929 3104 2986 auxilium?

1952 3031 2078 3086 Haec
2101 3029 2353 3086 monachi
2390 3038 2502 3085 toto
2534 3024 2731 3081 mentis
2762 3022 3049 3080 conamine
3082 3020 3287 3087 vitent;

2021 3121 2333 3177 Praeteritas
2352 3118 2539 3190 culpas
2569 3115 2763 3179 flendo,
2806 3111 3091 3184 gemendo,
3124 3111 3326 3167 lavent.

1871 3190 1917 3250 (ἶ
1953 3212 2339 3281 Distinctisque
2360 3209 2542 3279 legant
2566 3206 2779 3278 spatiis,
2810 3213 3131 3274 operentur,
3153 3211 3211 3257 et
3237 3211 3393 3257 orent
3414 3240 3431 3265 ,

2025 3305 2074 3360 Α
2112 3303 2307 3360 studiis
2330 3302 2503 3357 sacris
2536 3308 2778 3370 tempora
2806 3296 2953 3353 nulla
2981 3306 3200 3351 vacent.

1964 3394 2205 3454 Utilibus
2230 3406 2449 3464 semper
2473 3390 2749 3453 studeant,
2774 3398 2830 3444 et
2854 3389 3016 3445 rebus
3036 3384 3279 3442 honestis
3305 3402 3321 3442 :

2024 3487 2136 3543 Res
2164 3494 2249 3542 est
2277 3484 2538 3556 segnities
2566 3482 2873 3555 perniciosa
2903 3481 3086 3536 nimis.

1949 3577 2205 3634 Luxuria:
2226 3574 2399 3631 fomes
2429 3573 2494 3607 m
2535 3587 2623 3628 res
2655 3571 2924 3628 incentiva
2958 3567 3259 3633 malorum,‘

2024 3668 2319 3740 Spiritibus
2343 3678 2578 3737 nequam
2610 3672 2883 3735 prmparat
2911 3662 3028 3733 ipsa
3058 3660 3259 3716 locum.

1950 3758 2252 3815 Funestum
2288 3753 2557 3811 monacho
2583 3768 2705 3809 eum
2727 3752 2856 3823 quid
2890 3752 3034 3807 male
3065 3749 3307 3821 suggerit
3338 3748 3535 3815 hostis,

2024 3850 2093 3904 Et
2112 3856 2341 3903 conatur
2367 3861 2490 3919 eum
2517 3844 2706 3900 fallere
2737 3844 2886 3899 mille
2918 3843 3111 3899 modis.

1954 3942 2088 3998 Esse
2118 3940 2286 3994 Deum
2315 3938 2503 3995 credat
2531 3944 2857 4008 praisentem
2888 3950 3103 4005 semper
3135 3934 3361 4002 ubique;

2025 4032 2139 4089 Nec
2159 4046 2239 4099 se,
2266 4030 2310 4087 si
2331 4030 2543 4101 peccat,
2577 4042 2735 4097 posse
2762 4025 2935 4081 latere
2954 4032 3128 4095 putet.

1953 4124 2163 4182 Cuncta
2191 4123 2295 4180 scit
2321 4130 2486 4192 atque
2530 4118 2677 4176 videt
2704 4118 2794 4185 ⁸⁸³,
2835 4132 2939 4173 nec
2967 4115 3261 4187 quidquam
3300 4121 3485 4185 praeter
3500 4113 3541 4168 it

2538 4262 2543 4269 .
3259 4205 3465 4279 '[illum,

2025 4306 2221 4365 Omnia
2244 4315 2370 4361 sunt
2396 4302 2570 4360 oculis
2600 4299 2741 4356 nuda
2766 4306 2823 4356 et
2841 4306 3029 4371 aperta
3061 4298 3194 4354 suis.

253 4391 379 4448 N0“
410 4392 556 4447 hunc
585 4391 654 4425 ⁸³⁵
681 4399 1044 4461 οοηιθιηβῑυει
1075 4406 1183 4451 ηοη
1211 4392 1356 4446 hunc
1382 4387 1576 4459 ίηῖιιτίθ
1610 4387 1848 4459 ίτεηὸδιῑο
1953 4362 2242 4470 Cuinquid
2275 4408 2430 4467 turpe
2454 4394 2605 4460 facit,
2630 4392 2723 4465 qui
2751 4407 2840 4448 me
2863 4362 3146 4461 spectante
3169 4390 3426 4457 ruberet,
3460 4362 3463 4367 ί

325 4481 526 4539 Omnia
547 4483 771 4540 robusto
789 4483 955 4540 corde
976 4482 1200 4539 molesta
1223 4482 1381 4537 ferat.

254 4573 394 4639 Pax,
433 4574 710 4645 animique
734 4574 890 4644 quies
920 4574 1065 4630 inter
1089 4574 1337 4630 convicia
1368 4573 1559 4638 duret;

327 4664 468 4721 Nam
498 4664 692 4723 fortem
726 4666 793 4699 “'
827 4681 1008 4722 rerum
1033 4665 1179 4721 nulla
1208 4664 1443 4736 procella
1473 4675 1655 4721 movet
1685 4664 1772 4713 ¹³⁶υ
1846 4668 1849 4675 ’

246 4754 386 4812 Haec
412 4755 655 4822 veniam,
677 4755 898 4820 fratres,
925 4755 1209 4811 conversio
1230 4769 1356 4811 vera
1387 4765 1644 4819 meretur,

328 4845 461 4902 Haec
483 4845 625 4903 valet
649 4846 855 4903 oll'enso
884 4846 993 4902 vita
1012 4846 1227 4917 placere
1260 4846 1370 4902 Deo
1402 4846 1496 4901 η’.

2025 4491 2137 4548 Cur
2166 4496 2450 4560 spectante
2474 4486 2607 4555 Deo,
2632 4499 2739 4541 non
2765 4483 2939 4555 magis
2969 4483 3083 4554 ipse
3108 4481 3302 4538 rubet?

1884 4562 1931 4618 D
1959 4585 2017 4641 Si
2044 4583 2233 4655 patria:
2256 4580 2426 4652 judex
2461 4579 2626 4635 sciret
2652 4592 2751 4633 sua
2775 4574 2943 4642 facta,
2968 4576 3187 4630 timeret
3207 4572 3298 4628 ιιι.

2030 4676 2147 4731 Scit
2175 4672 2437 4728 Dominus
2465 4683 2677 4734 rerum;
2699 4683 2798 4722 cur
2827 4665 2961 4720 nihil
2986 4680 3116 4737 ergo
3146 4664 3331 4726 timet;

1959 4767 2067 4824 Sed
2100 4772 2262 4830 tacet,
2295 4771 2352 4819 et
2372 4761 2571 4828 diﬂ‘ert,
2602 4769 2658 4816 et
2692 4757 2929 4815 nondum
2959 4757 3189 4813 crimina
3215 4754 3371 4827 punit
3395 4773 3425 4808 τ-

2030 4857 2246 4923 Puniet,
2278 4864 2333 4913 et
2356 4855 2566 4912 meritis
2593 4856 2800 4911 arbiter
2836 4868 3024 4926 aequus
3053 4853 3178 4908 erit.

1566 4997 1801 5053 VARl/E
1840 4992 2242 5054 LECTIONES.

240 5148 245 5153 ·
333 5139 405 5179 ¹ί⁴¹
428 5138 656 5192 Salubre
687 5147 885 5195 monet.
908 5137 1086 5193 ms.C.
1126 5138 1213 5192 70.
1254 5137 1471 5192 salubre
1516 5146 1734 5192 movent
1781 5152 1879 5191 ms.
1907 5131 2334 5190 K.10.saiubre
2358 5136 2579 5185 monent
2650 5122 2957 5195 i7'7Rivulu's
2999 5138 3097 5177 ms.
3138 5120 3269 5195 59S.
3315 5117 3539 5195 aemulus

260 5209 335 5242 ⁸⁸⁸
353 5189 888 5277 Τοῖιξῖἶιιῖἱῖιῦίξὲῆἧ
901 5189 1103 5264 litigio.
1120 5189 1211 5263 id.
1223 5189 1275 5263 et
1288 5189 1341 5261 ίιί
1350 5247 1362 5260 .
1376 5189 1470 5262 id.
1487 5189 1891 5277 ton—suraiuva‘t,
1903 5189 2054 5272 juvat
2073 5212 2167 5258 aut
2179 5218 2275 5256 ms.
2440 5193 3110 5277 tonsttmjuvatzlvaletoaut.
3153 5189 3542 5277 ‘i"Sed.fal‘lere

257 5260 390 5334 mss:
407 5260 668 5334 ilignei-t3
687 5260 1861 5350 'fi5°“n6ii{i}itﬁjth'é.im’poiést‘haiig'riugre
1879 5260 2045 5331 nemo
2063 5280 2238 5350 potest
2259 5340 2271 5350 ι
2314 5270 2381 5350 ’.ξι
2399 5260 2675 5350 Simulatte
2695 5279 2792 5350 ms.
2799 5263 2938 5350 15395..
2953 5262 3271 5350 εξειιιιιειιρτν
3311 5261 3377 5350 ξ³²
3401 5260 3541 5350 ριηρ

257 5330 530 5404 vileseant
544 5330 743 5405 uisio.
766 5330 1995 5405 Arri—nod—ovilescant.iit—ssratimMovilescant
2064 5330 2138 5376 ³³³
2168 5340 2449 5396 Maledicta
2480 5336 2617 5390 ferat
2646 5331 2857 5405 msstC.
2891 5343 2939 5388 et
2971 5331 3039 5405 If.
3081 5332 3361 5387 maledicta
3401 5330 3542 5386 feret

260 5418 331 5451 ⁸³⁵
348 5402 477 5473 Non
492 5402 647 5474 hunc
671 5402 1020 5475 difﬁssa.
1052 5402 1631 5473 omiltithocdistirlton’
1698 5418 1765 5451 ³³⁸
1786 5417 1918 5471 Nam
1933 5415 2136 5469 fontem
2168 5427 2292 5465 mss.
2310 5424 2433 5463 nam
2464 5406 2659 5461 fortem
2692 5474 2706 5475 ί
2724 5402 2807 5475 ᾉ¹³⁶
2827 5403 3069 5475 Procella
3085 5411 3541 5470 monetmss.pro-

254 5489 396 5544 cella
413 5500 594 5543 movet
632 5473 729 5522 7‘"
758 5473 1031 5545 Offensum
1062 5490 1169 5543 vita
1201 5488 1416 5559 placare
1444 5489 1612 5543 Deum
1634 5505 1759 5543 mss.
1793 5486 1995 5559 oll‘ensa
2013 5486 2119 5559 vita
2141 5481 2355 5559 placere
2582 5475 2651 5508 ¹⁸⁸
2689 5473 2941 5559 Mansura
2967 5473 3112 5559 voles
3135 5488 3256 5553 mss.
3283 5485 3539 5559 mansura

257 5560 478 5628 plaeent
554 5559 620 5592 m
650 5560 749 5615 Ubi
774 5543 908 5627 ἀνὴρ
931 5560 1081 5613 vides
1105 5543 1231 5612 mss'.
1266 5559 1463 5613 inorbe
1476 5559 1627 5613 vides
1657 5575 1755 5614 ms.
1796 5557 1915 5613 593.
1935 5543 2750 5628 hicinterserjlplufimosrersys
2764 5545 2828 5628 de
2856 5543 3216 5628 praloﬁggyi
3238 5557 3341 5628 non
3360 5550 3537 5628 extant

256 5612 318 5683 in
341 5612 519 5696 editis,
552 5612 1041 5685 neclinral'iismss.
1066 5612 1185 5698 quae
1213 5612 1466 5682 viderim}
1494 5612 1585 5698 nec
1614 5612 1699 5682 bad
1720 5612 1849 5698 rem,
1868 5626 2125 5697 pertinent
2185 5622 2268 5698 _"°
2299 5612 2638 5698 schismata,
2684 5612 2863 5698 lapdis
2888 5630 2988 5668 ms.
3019 5612 3199 5698 C._7tl.
3228 5622 3537 5698 stemmata,

260 5698 443 5756 laudis
504 5685 584 5733 ’³⁸⁸
618 5700 729 5755 lloc
764 5700 905 5754 inter
932 5715 1060 5753 mss.
1078 5685 1182 5753 has
1209 5699 1352 5753 inter
1426 5698 1494 5734 ιδ’
1526 5696 1764 5756 Luxuria
1799 5685 1974 5754 fomes
2018 5710 2143 5748 mss.
2185 5688 2411 5746 luxuriae
2441 5688 2613 5747 fomes
2690 5685 2755 5722 “'
2801 5688 2977 5756 Atque
3011 5694 3165 5755 putet
3200 5699 3325 5740 mss.
3378 5691 3541 5755 atque

259 5770 412 5827 videt
488 5771 556 5804 ηδ
580 5770 742 5827 Facta
772 5770 983 5827 timebit
1010 5785 1135 5824 mss.
1174 5768 1320 5825 facto
1342 5768 1556 5825 timeret
