4060 6292
545 370 648 430 691

551 485 895 556 Propositum
924 483 1072 545 vitae,
1094 478 1372 542 monachi,
1410 488 1622 534 servate
1661 479 1914 548 rigorem.

618 575 728 630 Nec
754 577 931 644 pigeat
959 587 1126 643 parvo
1156 577 1399 639 tempore
1425 571 1559 625 dura
1585 570 1650 602 “'5
1686 571 1816 640 pati.

548 663 656 720 Sed
689 663 872 717 mundi
900 661 1147 732 quamvis
1183 661 1453 719 delectent
1477 676 1613 716 vana
1655 669 1884 717 cavete:

621 757 687 810 Et
724 759 1058 826 certe'gustu
1084 755 1257 810 dulcia
1294 769 1436 824 saepe
1475 763 1670 810 necant
1705 752 1790 807 ⁸⁵⁸.

546 846 660 903 Nec
685 848 945 916 quidquid
975 848 1158 902 carnis
1190 862 1384 902 sensus
1408 847 1701 911 demulcet,
1734 854 1912 901 amate
1938 862 1950 900 :

614 941 746 1008 Qute
775 957 996 998 carnem
1025 941 1330 1014 oblectant,
1353 941 1625 996 mentibus
1653 941 1766 1013 ipsa
1806 946 2021 996 nocent.

547 1034 758 1090 Gaudia
788 1044 1074 1104 perpetuos
1106 1034 1324 1103 pariunt
1353 1034 1624 1090 mundana
1655 1033 1867 1088 dolores
1897 1033 1995 1107 “7,1

617 1127 780 1182 Tollit
810 1135 864 1182 et
889 1135 1150 1184 aeternum
1179 1125 1364 1180 vivere
1395 1126 1504 1179 vita
1539 1125 1740 1180 brevis.

544 1218 784 1288 Exiguus
815 1217 966 1276 labor
987 1225 1091 1279 est,
1115 1215 1209 1269 sed
1242 1229 1453 1269 merces
1481 1229 1673 1284 magna
1703 1211 1934 1278 laboris;

623 1309 785 1379 196
813 1306 1060 1362 Praeterit
1090 1305 1176 1360 ille
1207 1305 1336 1369 cito,
1373 1293 1596 1375 praemia
1625 1302 1733 1359 line
1757 1310 1960 1358 carent».

547 1400 690 1470 Ergo
724 1399 834 1453 Deo
861 1397 1118 1457 meliussi
1156 1395 1230 1450 nil
1263 1395 1591 1465 cognoscitis
1617 1408 1776 1460 esse,

619 1490 732 1546 lmo
760 1489 806 1548 si
834 1502 1103 1552 summum
1131 1486 1351 1541 creditis
1376 1500 1495 1553 esse
1526 1485 1593 1518 ³⁸⁸
1631 1487 1863 1552 bonum,

549 1578 888 1662 Contemptis
916 1577 1086 1633 rebus
1105 1575 1290 1630 mundi
1321 1575 1634 1630 labentibus
1662 1574 1802 1638 istis,

615 1671 735 1727 Jam
764 1671 876 1727 sint
903 1670 965 1724 ‘in
997 1667 1113 1725 solo
1143 1667 1336 1743 gaudia
1360 1677 1541 1723 vestra
1572 1669 1706 1722 Deo.

546 1764 613 1820 Et
639 1763 770 1818 mihi
792 1778 911 1833 qua:
941 1768 1166 1828 possunt
1193 1759 1370 1814 amitti
1408 1757 1551 1812 nulla
1577 1757 1870 1818 videntur;
1928 1775 1934 1781 ’

620 1855 732 1911 Nec
761 1855 1006 1924 longum,
1037 1853 1299 1923 quidquid
1327 1849 1570 1922 praeterit
1595 1849 1662 1890 “*9
1699 1861 1820 1903 esse
1849 1860 1990 1901 reor.

551 1943 682 2004 Nam
703 1945 836 2018 quid
881 1945 1072 2012 honos,
1103 1943 1231 2014 quid
1261 1957 1414 2013 opes,
1445 1940 1576 2017 quid
1613 1938 1805 2011 gloria,
1832 1938 2028 2006 quidve
2049 1935 2146 2004 ju—.

739 2016 749 2027 ’
1489 2016 1492 2017 ν
1817 2029 2070 2103 [ventus?

619 2135 816 2191 Forma
830 2172 860 2203 ,κ
874 2132 1260 2205 genus,vires,
1293 2129 1512 2196 femina,
1556 2129 1747 2192 vestis,
1772 2141 1902 2195 ager
1929 2125 2039 2202 "‘°,

551 2227 779 2288 Gemma
808 2225 893 2286 vel
931 2232 1251 2304 argentum,
1297 2221 1428 2292 quid
1469 2233 1657 2292 regum
1685 2218 1752 2250 ³⁸³
1784 2225 2017 2286 sceptra,
2056 2215 2138 2269 vel

1813 2305 2030 2378 [aurum
2051 2348 2065 2373 ,

626 2407 892 2476 Purpura,
919 2405 1048 2475 quid
1080 2404 1222 2459 latus
1252 2403 1468 2468 fundus,
1499 2410 1552 2455 et
1576 2401 1748 2470 ampla
1773 2401 2000 2463 domus?

551 2497 743 2569 Magna
775 2497 1039 2566 potentia,
1077 2496 1244 2560 multa
1268 2495 1519 2561 scientia,
1558 2493 1694 2548 falsa
1727 2492 1994 2562 voluptas.

624 2589 754 2645 Vita.
776 2591 905 2660 quid
928 2590 1022 2656 η’,
1051 2598 1104 2644 et
1129 2589 1299 2644 nostri
1331 2588 1576 2660 corporis
1607 2588 1722 2656 ipsa
1748 2585 1933 2640 salus?

554 2679 670 2736 Non
693 2681 986 2750 amoquod
1012 2679 1356 2750 pestis,quod
1379 2678 1484 2746 fur,
1515 2678 1659 2748 quod
1686 2676 1916 2748 subripit
1941 2675 2138 2740 hostis,

625 2772 694 2830 Et
722 2787 859 2844 qua),
891 2772 934 2826 si
962 2780 1190 2842 parcant
1211 2755 1425 2834 caetera,
1459 2785 1606 2823 mors
1635 2769 1846 2822 adimit.

561 2863 702 2920 Sunt
724 2880 861 2934 quos
885 2865 1052 2921 falsus
1080 2865 1253 2923 honor
1283 2863 1469 2933 juvat,
1495 2870 1549 2916 et
1581 2860 1822 2931 peritura
1860 2865 2140 2927 potestas:

633 2950 1041 3030 Seque'putant
1071 2955 1313 3023 aliquos,
1337 2951 1477 3022 quod
1511 2952 1628 3004 loca
1657 2949 1725 2981 ¹⁵⁸
1753 2949 1896 3003 celsa
1938 2956 2140 3002 tenent.

558 3042 627 3098 Et
654 3044 798 3098 velut
825 3060 854 3098 e
885 3043 1102 3113 specula
1140 3057 1361 3112 campos
1383 3050 1433 3096 et
1462 3039 1620 3110 plana
1649 3039 1932 3105 viderent,

633 3132 724 3197 Sic
752 3149 966 3215 quoque
1011 3136 1078 3188 de
1114 3133 1312 3188 mentis
1341 3132 1411 3164 ‘“
1435 3131 1906 3200 verticequosque
1949 3127 2140 3181 vitent.

507 3280 514 3288 _
561 3221 698 3276 Dum
736 3238 839 3277 non
868 3223 1466 3286 attendunthumanam
1503 3220 1905 3280 conditionem,

632 3312 748 3368 Non
777 3325 979 3380 norunt
1003 3313 1134 3385 quid
1159 3313 1267 3368 sint
1297 3327 1544 3389 cernere,
1575 3313 1667 3367 sed
1699 3309 1825 3380 quid
1859 3307 2074 3363 habent.

563 3403 668 3459 Sed
691 3403 817 3458 dum
842 3414 1052 3474 sceptra
1074 3415 1288 3474 gerunt,
1304 3404 1540 3458 reni'tent
1562 3402 1865 3456 diademate
1890 3415 2042 3469 reges
2057 3399 2145 3463 "",

633 3492 708 3549 Et»
723 3492 958 3563 gaudent
982 3493 1076 3547 lati
1109 3493 1307 3548 finibus
1335 3492 1548 3562 imperii
1575 3510 1589 3544 :

564 3582 702 3643 Dum
733 3584 1110 3639 distenduntur
1137 3584 1389 3654 dapibus,
1414 3585 1539 3638 dum
1571 3592 1792 3639 nectare
1819 3581 2058 3636 fervent°

636 3671 711 3727 Et
732 3673 898 3727 servit
930 3673 1131 3728 mensis
1163 3682 1305 3728 terra
1343 3673 1649 3743 fretumque
1678 3673 1792 3727 suis
1821 3689 1834 3723 :

565 3761 633 3819 Et
660 3764 784 3818 dum
812 3763 1006 3835 byssus
1035 3778 1147 3830 eos,
1178 3765 1518 3833 pretiosaque
1551 3778 1783 3835 purpura
1818 3762 2007 3828 vestit,

639 3855 1002 3926 Majestasque
1035 3866 1191 3912 vacat
1221 3857 1367 3928 regia
1397 3856 1606 3911 deliciis
1636 3874 1650 3909 :
1677 3846 1679 3849 ’

568 3949 818 4018 Dumque
846 3948 1116 4006 emollitos
1139 3935 1330 4004 delinit
1363 3948 1559 4003 blanda
1585 3947 1751 4002 libido

640 4040 852 4106 Carnis,
879 4050 932 4096 et
962 4041 1228 4107 illecebris
1255 4041 1307 4095 in
1338 4055 1433 4095 sua
1458 4041 1579 4110 jura
1627 4037 1792 4092 trahit
1821 4054 1834 4090 ε

569 4131 706 4186 Dum
737 4133 874 4203 turpi
902 4133 1132 4187 domina:
1171 4131 1502 4186 famulantur
1525 4130 1755 4199 turpiter
1781 4127 1888 4190 isti,

648 4225 794 4290 Quos
822 4225 958 4279 falso
994 4239 1147 4299 reges
1172 4224 1241 4264 “‘9
1264 4224 1481 4278 non'iine
1510 4221 1740 4276 mundus
1768 4220 1950 4274 habet.

570 4318 834 4372 Avcrtunt
859 4317 1062 4383 oculos,
1090 4323 1433 4384 renuuntque
1460 4313 1640 4368 videre
1667 4309 1940 4381 profecto,

645 4407 796 4474 Quod
823 4408 931 4472 sint
957 4409 1058 4472 ipsi
1083 4407 1148 4437 “‘7
1176 4406 1420 4460 homines
1441 4413 1498 4460 et
1526 4404 1784 4458 moritura
1814 4415 1942 4455 caro
1967 4416 1982 4463 ;

575 4499 726 4566 Quod
757 4501 916 4563 citius
945 4500 1140 4554 transit
1169 4498 1434 4551 mundana
1459 4497 1700 4566 potentia
1720 4496 1898 4557 fumo;

646 4590 798 4658 Quod
828 4592 1080 4656 vitreum,
1107 4606 1198 4646 seu
1223 4591 1363 4659 quod
1390 4589 1553 4643 fictile
1581 4603 1676 4642 vas
1699 4587 1768 4640 sit
1797 4587 1990 4646 homo;

576 4684 730 4752 Quod
754 4699 883 4738 caro
914 4684 1158 4738 mortalis
1189 4692 1448 4752 tanquam
1475 4680 1642 4736 vestis
1683 4677 1990 4740 veterascit,

647 4777 714 4836 Et
741 4776 904 4834 celeri
926 4776 1078 4846 lapsu
1103 4791 1269 4832 curva
1295 4783 1516 4831 senecta
1542 4771 1686 4828 venit
1708 4789 1736 4843 ;_

899 369 958 426 S.
994 366 1294 424 ANSELMI
1332 365 1680 423 CANTUAB.
1718 364 2038 421 ARCHIEP.
2081 362 2141 421 Ol

2290 361 2468 417 PARS
2504 358 2674 428 ιι.;-
2705 357 3074 414 ΡΑΒΛΕΝΕΤ.
3114 356 3204 414 ET
3240 354 3485 416 ASCET.

3721 354 3838 412 693

2157 479 2204 537 Λ
2234 478 2387 544 Quod
2415 483 2615 544 nostrae
2638 486 2855 544 semper
2881 472 3199 527 minuuntur
3225 480 3469 542 tempora
3491 473 3642 536 vitae,

2303 568 2564 638 Quodque
2591 567 2707 622 dies
2736 564 2973 621 hominis
2998 565 3180 619 fumus
3207 571 3262 618 et
3284 565 3474 620 umbra
3496 564 3633 636 fugit
3662 582 3676 618 :

2233 659 2385 729 Quod
2409 661 2480 714 sit
2511 659 2624 713 vita
2644 657 2850 723 brevis,
2874 658 3020 726 quod
3048 674 3205 714 mors;
3224 659 3454 721 incerta,
3497 655 3642 727 quod
3672 653 3838 711 omni

2307 752 2702 820 Temporetnos
2730 751 2936 820 quaevis
2967 766 3130 808 causa
3157 751 3386 806 molesta
3425 748 3647 819 premit.

2235 841 2348 898 Rex
2373 839 2680 912 appellaris,
2707 840 2834 911 quid
2857 841 3000 895 inani
3031 841 3254 895 nomine
3283 839 3487 911 gaudes
3512 838 3587 871 ’⁵⁸

2304 933 2414 1001 Qui
2437 932 2582 989 vitiis
2612 933 2818 1004 pulsus,
2850 933 3026 988 victus
3055 933 3254 1002 ubique
3279 930 3472 1000 iaces?

2235 1027 2291 1080 In
2325 1034 2494 1091 tanto,
2520 1041 2721 1095 quaeso,
2765 1026 2855 1094 qui
2888 1033 3038 1080 tanto
3067 1024 3290 1080 nomine
3319 1023 3508 1094 fulget,

2306 1115 2413 1171 Cur
2441 1115 2580 1171 ratio
2608 1115 2798 1180 servit,
2831 1131 2998 1186 regna
3025 1115 3192 1170 libido
3222 1114 3405 1170 tenet?

2235 1205 2344 1261 Cur
2368 1205 2514 1260 vitiis
2543 1205 2731 1270 servit,
2765 1204 2856 1274 qui
2886 1203 3066 1275 regnis
3104 1204 3374 1273 imperat:
3411 1210 3467 1258 et
3500 1216 3611 1257 non

2307 1296 2632 1367 Mancipium
2660 1294 2786 1351 vilis
2809 1295 2877 1328 ¹³⁹
2900 1294 3148 1365 corporis
3176 1308 3299 1349 esse
3321 1292 3526 1364 pudet?

2239 1388 2281 1445 Ο
2307 1389 2593 1444 dilectores
2638 1388 2844 1452 mundi,
2887 1387 3122 1458 falsique
3142 1394 3396 1456 potentes
3417 1402 3442 1439 :~

2311 1479 2516 1549 Ecquid
2547 1491 2792 1535 terrenas
2813 1493 2936 1534 esse
2963 1477 3170 1548 putatis
3194 1476 3361 1546 opes?

2239 1570 2377 1637 Quid
2405 1585 2621 1641 quoque
2643 1569 2947 1624 mundanos
2976 1583 3114 1640 quos
3144 1567 3412 1623 aﬂ’ectatis
3440 1565 3690 1622 honores

2309 1661 2547 1728 Quorum
2575 1669 2834 1731 perpetua
2867 1668 2948 1715 est
2983 1657 3294 1715 sollicitudo
3327 1655 3543 1712 comes?

2239 1751 2432 1807 Omnia
2463 1751 2798 1822 praecipitem
2823 1749 3123 1805 formidant
3151 1749 3320 1804 ardua
3345 1760 3564 1811 casum;

2168 1818 2212 1877 Β
2312 1841 2377 1895 Et
2402 1818 2612 1912 magnis
2629 1818 2857 1911 semper
2882 1841 2966 1895 vis
2985 1838 3163 1894 aliena
3189 1846 3368 1901 nocet,

2241 1929 2447 2000 Saepius
2482 1929 2590 1984 alta
2613 1931 3028 1986 ruitventorum
3055 1928 3272 1984 ﬂatibus
3309 1925 3506 1991 arbor;

2309 2019 2448 2074 Tuta
2470 2018 2694 2075 humilis
2723 2028 2956 2090 myrtus,
2989 2025 3101 2072 tuta
3134 2015 3342 2088 myrica
3362 2019 3566 2068 manet.

2239 2109 2437 2165 Bellica
2473 2125 2596 2165 cum
2619 2109 2796 2165 celsas
2821 2109 3090 2164 subvertit
3123 2107 3192 2138 ³⁸⁸
3223 2104 3471 2160 machina
3500 2110 3711 2168 turres,

2314 2199 2399 2254 Nil
2430 2209 2588 2256 nocet
2617 2200 2828 2271 exiguae
2852 2198 3108 2270 pauperis
3135 2198 3224 2253 illa
3257 2210 3399 2252 casae
3423 2195 3512 2248 ίθί.

2251 2292 2318 2347 Ει
2347 2293 2489 2362 rapit
2511 2294 2790 2347 obstantes
2817 2291 2965 2346 ﬂuvii
2993 2291 3251 2346 violentia
3281 2287 3451 2344 moles
3482 2287 3575 2352 ⁸⁸³,

2314 2385 2479 2439 Plana
2501 2385 2634 2440 satis
2657 2384 2866 2454 placido
2891 2390 3137 2453 permeat
3163 2382 3254 2437 ille
3275 2381 3467 2452 gradu.

2243 2475 2452 2532 Montes
2479 2483 2534 2530 et
2558 2473 2807 2543 scopulos
2834 2473 2959 2528 saevi
2987 2473 3158 2527 maris
3185 2472 3371 2528 obruit
3411 2469 3558 2525 unda
3593 2468 3692 2533 ¹⁶⁸,

2311 2566 2393 2620 Ad
2415 2563 2688 2635 placidum
2715 2561 2868 2617 littus
2901 2561 3084 2616 mitior
3109 2561 3257 2616 unda
3283 2560 3452 2615 venit.

2242 2658 2439 2714 Aerias
2467 2656 2630 2725 Alpes
2654 2654 2869 2709 nivibus
2896 2653 3223 2708 candescere
3253 2651 3489 2714 scimus,

2315 2749 2738 2818 Frigeribusque
2765 2745 2959 2816 premi,
2997 2752 3367 2815 perpetuoque
3387 2740 3528 2813 gelu.

2245 2841 2362 2897 lllic
2389 2849 2444 2896 et
2475 2839 2656 2896 rabies
2683 2847 2971 2893 ventorum
3005 2837 3245 2906 plurima
3272 2835 3443 2898 saevit,

2318 2933 2657 3003 Temperiem
2682 2913 2890 3001 gratam
2912 2928 3159 2999 proxima
3183 2924 3342 2981 vallis
3364 2925 3550 2987 habet.

2250 3023 2342 3080 Sic
2373 3024 2526 3078 vobis
2555 3035 2829 3090 nunquam
2855 3020 3053 3073 desunt
3084 3017 3336 3082 adversa,
3370 3022 3650 3086 potentes'

2321 3117 2436 3172 Non
2466 3125 2548 3171 est
2569 3130 2672 3184 pax
2702 3111 2854 3166 vobis
2883 3110 3016 3178 ulla,
3043 3123 3146 3164 nec
3173 3109 3278 3163 ulla
3306 3107 3480 3178 quies.

2254 3207 2298 3263 O
2325 3215 2559 3276 quantos
2580 3217 2767 3272 regum
2795 3200 3076 3272 patiuntur
3100 3199 3268 3254 corda
3296 3195 3585 3252 tumultus!

2324 3296 2603 3364 Quamque
2631 3291 2946 3363 procellosis
2967 3289 3206 3343 motibus
3233 3287 3349 3358 ipsa
3380 3286 3621 3342 fremunt

2252 3387 2398 3442 Inter
2427 3385 2636 3454 regales
2655 3383 2862 3452 epulas,
2891 3381 3180 3450 variosque
3207 3385 3456 3448 paratus,

2325 3477 2632 3531 Tabescunt
2657 3475 2822 3537 curis,
2849 3472 3186 3540 sollicitoque
3212 3477 3383 3524 metu.

2255 3567 2369 3622 Non
2398 3579 2599 3638 paucos
2626 3564 2826 3619 metuit
2849 3563 3036 3619 multis
3065 3559 3354 3615 metuenda
3385 3563 3669 3627 potestas;

2325 3657 2427 3712 Vix
2452 3657 2614 3712 alicui
2649 3655 2844 3722 credit,
2876 3655 3003 3710 dum
3029 3660 3187 3708 cavet
3212 3649 3438 3705 insidias
3467 3647 3559 3702 ³⁸⁸.

2257 3759 2399 3815 Mille
2422 3756 2744 3814 satellitibus
2773 3755 3000 3815 cinctus,
3027 3751 3256 3818 telisque
3283 3761 3531 3813 suorum,

2327 3848 2443 3904 Non
2475 3847 2620 3910 valet
2647 3861 2677 3901 e
2709 3843 2916 3914 trepido
2952 3839 3152 3910 pellere
3177 3837 3341 3892 corde
3370 3843 3597 3890 metum.

2259 3941 2468 3995 Rursus
2495 3937 2621 4009 quid
2653 3935 2871 3990 domino
2901 3943 3191 3987 numerosa
3219 3925 3447 3998 pecunia
3482 3917 3738 3994 prodest?

2328 4029 2526 4097 Accipe
2552 4026 2678 4096 quid
2702 4039 2866 4089 curae,
2903 4021 3100 4092 quidve
3131 4017 3340 4073 timoris
3370 4015 3560 4070 habet.

2260 4121 2326 4176 Et
2354 4119 2534 4174 brevis
2567 4126 2622 4193 et
2644 4129 2799 4170 rarus
2825 4114 2884 4167 fit
2906 4127 3125 4168 somnus
3151 4107 3477 4164 habentibus
3500 4120 3730 4168 aurum;

2330 4210 2520 4267 Omnis
2546 4208 2688 4263 enim
2724 4206 2946 4276 evigilat
2974 4219 3078 4259 non
3114 4201 3426 4256 moderatus
3455 4211 3632 4250 amor.

2260 4303 2376 4358 Non
2407 4304 2741 4356 datsecuros
2771 4313 2871 4352 nec
2897 4297 3032 4351 ebur
3063 4309 3162 4349 nec
3196 4306 3436 4362 purpura
3461 4301 3706 4353 somnos,

2331 4394 2629 4462 Paupertas
2657 4389 2744 4443 vili
2772 4389 3032 4442 stramine
3058 4394 3170 4440 tuta
3194 4383 3361 4452 jacet.

2189 4505 2236 4563 ι)
2263 4486 2393 4540 Auri
2425 4499 2708 4554 possessor
2740 4480 2996 4535 formidat
3024 4490 3262 4544 semper,
3289 4484 3343 4528 et
3368 4485 3588 4528 onmem

2334 4576 2416 4630 Ad
2443 4573 2727 4642 strepitum
2764 4570 2935 4624 factas
2955 4566 3183 4622 aestimat
3216 4564 3459 4619 insidias.

2260 4669 2448 4730 Arma,
2472 4679 2677 4719 venena
2700 4671 2858 4732 pavet
2878 4661 2965 4722 “5,
2981 4659 3182 4714 furtum
3207 4658 3359 4712 timet
3383 4664 3546 4724 atque
3569 4654 3790 4726 rapinam
3813 4663 3834 4701 :

2337 4757 2610 4823 Sollicitus
2637 4765 2817 4811 servat
2849 4769 3076 4824 quaeque
3112 4751 3318 4808 lucrata
3345 4750 3456 4804 diu.

1857 4905 1944 4958 VA
1956 4901 2091 4958 [HAS
2134 4889 2536 4954 LECTIONES.

651 5009 720 5043 ³⁸⁸
768 5009 1035 5076 Tempora
1078 5005 1211 5076 dura
1267 5018 1393 5076 inse.
1433 5012 1673 5076 tempore
1717 4999 1846 5076 dura

575 5081 721 5138 lores
761 5096 858 5134 ms.
904 5071 1028 5131 Ber.
1069 5075 1134 5131 0.
1175 5073 1442 5128 mundana
1475 5071 1688 5135 labores

578 5149 838 5224 quicquid
884 5148 1128 5224 praeterit

578 5214 706 5289 quid
726 5214 902 5276 'mssf
942 5219 1052 5271 vita
1083 5214 1210 5289 quid

581 5279 649 5325 ’3“
698 5291 955 5345 Retinent
1014 5279 1319 5340 diademata
1364 5297 1519 5350 reges
1570 5297 1673 5350 ms.
1714 5279 1781 5333 0.

587 5715 800 5763 stantes
827 5708 972 5761 ﬂuvii
998 5704 1253 5759 violentia
1289 5703 1427 5756 mole

588 5777 814 5842 insidias
890 5778 955 5812 ⁸⁸³
989 5773 1381 5844 chenatimet
1406 5787 1531 5845 mss.
1564 5784 1768 5825 venena
1808 5777 1973 5836 pavet.

1957 4994 2026 5025 ne
2073 4993 2227 5060 Smpe
2269 4991 2468 5042 necant
2516 4998 2614 5034 ms.
2664 4979 2772 5060 §9_5
2825 4992 2966 5046 satpe
3030 4984 3225 5060 [19.9021

1798 5067 1869 5100 ³⁸⁵⁸
1912 5050 2176 5119 Οι·θ‹1ἰιυι“’
2210 5073 2329 5114 esse
2381 5068 2506 5105 mss.
2550 5050 2774 5106 creditis
2821 5064 2940 5102 esse

1229 5143 1299 5174 ³⁵⁸
1330 5142 1507 5196 Vestis
1553 5149 1675 5210 aget
1721 5155 1847 5193 mss.
1898 5135 2083 5210 vestis,
2115 5146 2245 5210 ager

1319 5190 1893 5278 «i="(jioii°lb'cdﬁiss.
1932 5190 2082 5278 quod,
2128 5190 2255 5278 loca
2279 5214 2376 5250 ms.
2410 5190 2470 5244 C.
2499 5208 2636 5261 ‘1"05
2670 5191 2785 5276 ιοείξ

1832 5271 2067 5337 renitent
2135 5271 2438 5325 diademate
2517 5277 2670 5337 rcges

977 5339 1043 5396 “’5
1072 5355 1215 5428 Quid
1243 5356 1352 5428 sint
1385 5339 1471 5428 iin
1500 5344 1705 5428 ms._0.
1741 5351 1882 5428 quod
1922 5347 2027 5428 sint
2061 5339 2447 5428 ipsiﬁltomi‘neS

747 5413 836 5483 70:)
953 5439 999 5482 et
1036 5413 1254 5494 Ktquid
1287 5423 1434 5494 inani
1452 5423 1685 5494 nomine
1713 5413 1946 5494 gaudes;
1975 5414 2073 5494 Qui
2101 5413 2248 5494 vitiis

587 5485 735 5556 ianto
761 5499 978 5553 nomine
1010 5485 1341 5566 fulge't.g(t_ns.
1361 5492 1538 5566 C._70.
1557 5485 1774 5566 fulges.)
1796 5487 1904 5542 Cur
1931 5485 2100 5566 ratio,
2123 5492 2219 5535 etc.
2258 5485 2532 5566 dflilant:

1206 5546 1331 5617 393.
1375 5562 1547 5616 celsas
1576 5546 1857 5624 subvehat
1931 5555 1996 5586 “‘
2046 5554 2133 5625 llla
2170 5565 2322 5604 caesa:
2354 5565 2486 5625 piis.
2523 5546 2782 5625 iliacas-at

586 5624 757 5694 nioles
787 5656 909 5699 mss.
944 5638 1009 5692 0.
1043 5646 1090 5690 et
1119 5633 1190 5688 K.
1239 5633 1486 5704 ingentes
1507 5630 1684 5704 ﬂuvii
1715 5627 1969 5704 violentia
2023 5624 2192 5678 moles

1503 5701 1572 5731 ³⁸³
1595 5698 1785 5753 Obruit
1813 5699 2001 5750 umbra
2039 5711 2164 5761 mss.
2211 5706 2243 5754 0.

3335 4971 3403 5005 ³³⁷
3455 4969 3718 5024 Mundana
3744 4963 3838 5017 do-

3049 5047 3115 5078 m
3156 5043 3419 5113 Quicquid
3476 5039 3673 5113 desii-ﬁ!
3712 5049 3839 5113 3"!"

2351 5103 2857 5189 ,εῖρυίδῖεεηυω
2909 5135 3032 5189 ωδε,
3084 5103 3213 5186 quid
3264 5103 3489 5189 regnum
3562 5110 3666 5189 ἰιι
3712 5103 3842 5189 Ϋίξξξ

2904 5187 2976 5222 ⁸⁵⁸
2998 5171 3075 5241 De
3104 5171 3354 5240 ἰηοιιιίδυ
3378 5199 3503 5236 mss.
3543 5181 3610 5233 de
3657 5171 3843 5241 ηιθοῴ

2780 5238 2848 5290 ίδδ
2895 5238 3082 5313 Falsos
3129 5238 3300 5324 reges
3368 5269 3494 5324 mss.
3522 5248 3614 5324 ΔΟ.
3669 5238 3837 5324 αρε.

2522 5314 2607 5365 ἰδέ
2629 5314 2772 5399 Quid
2803 5329 2950 5382 inani
2985 5314 3482 5399 nomine-gaudes?
3511 5320 3620 5374 Cur
3645 5314 3846 5399 ratione

2275 5408 2489 5478 pulsus,
2535 5396 2712 5478 vietus
2744 5401 2942 5478 ubique
2962 5399 3132 5465 jaces.
3167 5397 3222 5476 In
3255 5407 3527 5478 quoquam
3552 5396 3840 5478 qgicts‘oltblilel

2302 5479 2367 5509 “‘9
2390 5451 2718 5544 Mhiuﬂpium
2748 5451 3509 5544 vilisnts'gntattcipi'u[E'Vilc
3569 5451 3648 5538 'tse

2877 5539 2941 5568 ¹⁶²
2972 5526 3288 5590 Obstantein
3337 5533 3556 5586 ﬂuvium
3599 5526 3846 5590 \‘iolelan

2518 5587 2801 5669 obstantes
2842 5608 2988 5663 ﬂuvii
3022 5587 3278 5661 violentia
3319 5602 3508 5658 moles.
3538 5615 3633 5674 ius.
3659 5591 3715 5648 ϐ.
3741 5587 3850 5674 ob:

2246 5665 2706 5747 Hadriani?!“
2733 5681 2866 5734 Dum
2910 5686 3069 5734 canet
3115 5675 3339 5732 insidias
3370 5689 3493 5728 mss.
3520 5671 3641 5726 dum
3684 5665 3856 5718 cavet
