4060 6292
327 292 430 352 893
1211 314 1214 316 ν
1383 291 1661 349 CARMEN
1703 291 1791 349 DE
1829 287 2255 348 CONTEMPTU
2295 287 2530 346 MUNDI.
2639 359 2642 363 λ
3483 282 3585 338 69ι

322 405 494 469 Hunc,
524 400 648 457 dum
677 400 872 473 quaerit
894 415 1050 474 opes,
1078 402 1289 458 cruciat
1327 403 1632 459 miseranda
1672 405 1892 476 cupido;
1925 407 1974 466 Α
2001 401 2118 457 Non
2149 402 2256 457 huc
2285 411 2591 472 argentum,
2630 415 2736 456 non
2762 402 2868 456 huc
2893 399 3184 456 descendet
3217 405 3271 454 et
3301 413 3510 464 aurum,

390 493 521 548 Cum
542 491 653 562 jam
680 491 934 562 quaesitas
955 493 1122 563 cmpit
1148 493 1374 561 habere,
1398 494 1579 549 timor.
2072 492 2190 549 Non
2223 492 2399 548 aderit
2430 491 2612 546 mundi
2639 490 2809 562 gloria
2835 489 2987 559 lapsa
3020 489 3193 545 brevi.

323 584 412 640 Sic
427 583 593 655 igitur
620 585 788 640 miser
811 593 915 653 est,
945 585 1070 640 dum
1102 600 1304 656 pauper
1329 587 1526 656 quaerit
1551 587 1750 641 habere
1775 605 1786 640 :
2002 582 2255 638 Forsitan
2280 583 2383 638 bas
2415 597 2636 652 parcns,
2671 595 2810 650 quas
2837 591 2892 634 tu
2930 581 3092 636 modo
3129 582 3373 655 colligis,
3399 596 3596 640 omnes.

385 677 454 731 Et
483 675 654 732 miser
681 685 766 732 est
787 677 959 744 dives,
997 678 1225 748 perdere
1247 687 1402 748 parta
1432 679 1650 744 timens,
2074 673 2331 729 Effundet
2357 672 2636 744 quondam
2659 673 2919 743 prodigus
2942 673 3080 728 alter
3113 689 3263 744 opes,

319 767 450 821 Dum
469 764 617 832 jacet
637 766 690 820 in
716 766 914 837 plumis
939 766 1117 823 serico
1145 777 1432 824 contectus
1459 779 1515 824 et
1539 781 1723 835 ostro;
2002 763 2155 819 Tunc
2196 765 2401 833 pariter
2441 763 2713 833 rebuSttue
2753 763 2862 816 tuis
2901 770 2955 816 et
2995 763 3221 834 conjuge
3259 763 3413 829 felix.

385 856 657 913 Mordetur
684 857 831 914 curis
864 859 952 920 '“,
985 859 1334 930 invigilatque
1363 860 1542 927 dolis;
2076 855 2208 911 Cum
2250 855 2389 911 cinis
2420 855 2668 926 exiguus,
2712 855 2829 911 sive
2867 855 3101 911 cadaver
3139 857 3268 911 eris.

318 946 645 1003 Continuam
670 949 784 1006 Suis
804 949 968 1005 vicini
998 951 1250 1020 pauperis
1278 967 1466 1022 agrum
2004 945 2252 1016 Magnum
2273 961 2472 1000 nomen
2490 946 2678 1013 babes,
2705 949 2849 1001 clara
2875 955 2959 1002 est
2982 947 3074 1002 tibi
3097 946 3238 1001 fama
3260 963 3356 1018 per
3377 949 3589 1013 orbem,

385 1040 572 1105 Ardet,
596 1050 655 1095 et
683 1042 750 1096 ad
788 1041 1001 1098 facinus
1031 1043 1204 1098 nescit
1235 1044 1438 1100 habere
1467 1044 1686 1101 modum
1714 1047 1802 1100 η’.
2072 1035 2283 1090 Lalldal
2308 1044 2358 1090 ιθ
2393 1035 2662 1101 mundus;
2690 1036 2790 1090 80d
2830 1037 3070 1092 moriere
3107 1045 3308 1092 lamell-

316 1131 548 1202 Expellit
578 1133 829 1189 domibus
856 1134 1090 1204 pupillos
1119 1134 1208 1190 ille
1242 1136 1508 1204 paternis,
2002 1125 2120 1184 Non
2153 1135 2383 1198 prosunt
2403 1125 2704 1197 quidquam
2734 1126 3005 1197 praeconia
3040 1142 3177 1180 vana
3201 1126 3454 1196 sepultis;

384 1221 692 1292 Insequitur
721 1225 936 1291 viduas,
961 1223 1288 1295 judiciisque
1307 1227 1527 1295 premit.
2074 1218 2157 1272 An
2190 1216 2369 1272 factus
2403 1217 2690 1287 quisquam
2731 1216 2968 1272 senserit
3006 1216 3097 1271 illa
3140 1218 3278 1272 cinis
3320 1216 3424 1270 m?

318 1311 450 1368 Cum
482 1313 556 1368 sit
587 1313 830 1369 avaritia:
857 1312 1066 1370 facibus
1103 1329 1398 1371 succensus
1427 1315 1650 1386 iniquis,
2003 1308 2168 1364 Fama
2201 1307 2383 1379 placet
2419 1309 2623 1379 populi,
2668 1309 2862 1378 cupida
2889 1309 3062 1364 trahis
3090 1324 3221 1364 aure
3257 1308 3515 1374 favorem,

385 1403 501 1460 Non
530 1403 675 1460 valet
696 1404 910 1473 injustis
937 1421 996 1462 se
1024 1407 1224 1462 satiare
1255 1406 1421 1462 lucris
1454 1407 1544 1460 ιε’.
2075 1399 2263 1455 Nescis
2286 1399 2531 1454 divinum
2557 1399 2688 1468 quid
2716 1406 2872 1469 paret
2895 1397 3201 1453 arbitrium.

318 1494 457 1566 Ergo
490 1492 622 1549 facit
645 1495 848 1551 multos
878 1495 1101 1567 inopes;
1131 1497 1392 1568 divesque
1423 1497 1650 1567 rapinis,
2008 1490 2164 1562 197
2194 1489 2399 1546 Fumus
2453 1499 2509 1551 et
2555 1489 2747 1546 umbra
2775 1487 2935 1554 “levis
2986 1496 3100 1544 lata
3127 1497 3212 1545 est
3261 1488 3372 1542 lucc
3423 1497 3592 1560 gloria

382 1583 634 1639 Luxuriae
659 1583 854 1650 servit;
887 1585 982 1641 sed
1007 1586 1266 1656 spoliatus
1289 1597 1433 1658 eget.
3281 1577 3517 1652 [mundis

320 1671 539 1730 Deliciis
569 1673 790 1738 fruitur,
813 1682 869 1730 et
898 1676 1064 1731 rebus
1089 1677 1340 1748 pauperis
1370 1677 1472 1732 iste
1497 1677 1594 1742 m;
2076 1671 2357 1743 Torquent
2377 1671 2445 1704 ίεδ
2472 1671 2710 1727 famosos
2733 1678 2935 1727 tartara
2965 1685 3104 1725 saeva
3143 1684 3285 1724 reos.

386 1763 495 1820 Sed
525 1773 701 1835 gemet
728 1765 797 1799 ¹⁷⁰
819 1765 1037 1822 amissis
1069 1767 1321 1836 indignus
1347 1769 1449 1823 iste
1486 1769 1660 1824 bonis.
1933 1750 1976 1810 Β
2004 1765 2070 1821 Ει
2097 1764 2269 1831 color,
2299 1772 2356 1820 et
2391 1763 2578 1831 facies,
2603 1771 2658 1818 et
2694 1761 2923 1816 multum
2950 1769 3102 1832 grata
3130 1761 3424 1830 juventus,

317 1851 452 1908 Huic
482 1853 654 1924 epulae
681 1854 864 1922 variae,
893 1856 1060 1910 vestis
1089 1856 1326 1926 pretiosa
1351 1865 1611 1926 paratur:
2073 1857 2142 1913 Et
2166 1873 2273 1913 vox
2300 1871 2420 1927 quae
2451 1855 2637 1911 dulces
2675 1862 2903 1910 noverat
2933 1863 3058 1908 ante
3089 1853 3306 1917 domos,

386 1942 495 1999 Sed
517 1960 716 2013 panem
751 1955 805 2000 et
832 1960 1079 2016 grossam
1107 1946 1196 2000 vix
1230 1947 1295 1978 ¹⁷¹
1324 1947 1487 2002 habet
1516 1947 1605 2002 ille
1626 1956 1827 2017 togam.
2003 1945 2299 2016 Diﬂ‘ugiunt
2324 1945 2525 2000 misera
2548 1944 2766 1998 tandem
2808 1941 3058 1996 veniente
3086 1949 3302 1996 senecta
3327 1956 3341 2002 ;

315 2033 385 2089 At
403 2044 550 2105 petet
570 2037 625 2091 in
648 2035 880 2092 ﬂammis
914 2037 1188 2108 ingressus
1219 2046 1446 2104 tartara,
1479 2053 1708 2108 parvam
2076 2035 2370 2107 Diffugiunt
2397 2051 2550 2106 pexae
2580 2049 2701 2106 quae
2725 2035 2956 2088 decuere
2990 2047 3177 2089 comm.

383 2122 462 2180 De
491 2124 643 2194 digiti
672 2133 916 2181 extremo
949 2125 1202 2195 pauperis
1230 2126 1388 2196 hujus
1410 2141 1605 2197 aquam
1635 2144 1648 2180 ε
2003 2127 2078 2186 Os
2103 2136 2416 2183 exarmatur
2437 2127 2680 2183 decussis
2708 2126 2997 2190 dentibus;
3025 2125 3155 2179 inde-

313 2210 384 2268 Et
413 2213 536 2270 vice
560 2230 842 2281 conversa,
866 2215 960 2285 qui
992 2215 1142 2270 dives
1162 2215 1418 2281 abundat,
1441 2216 1655 2285 egebit:
2079 2220 2178 2274 Vix
2206 2218 2537 2288 imperfectis
2576 2217 2774 2274 suflicit
2805 2217 2895 2273 ille
2925 2217 3094 2272 sonis.

383 2303 525 2360 Huic
554 2305 646 2375 qui
674 2320 880 2376 pauper
917 2305 983 2336 ¹⁷²
1004 2313 1147 2375 eget,
1175 2306 1330 2376 copia
1365 2306 1514 2362 dives
1536 2307 1659 2362 erit.
2006 2309 2453 2378 Deficiuntvires,
2478 2309 2590 2378 jam
2621 2309 2799 2380 prodit
2831 2325 2962 2380 ruga
2992 2308 3201 2375 senilis,

311 2393 384 2449 At
408 2395 541 2464 quid
565 2411 761 2453 avarus
781 2397 850 2431 ¹⁷³
871 2412 1022 2466 opes,
1044 2398 1354 2468 quicunque
1373 2413 1453 2464 es,
1479 2398 1906 2470 congerisistas?
2078 2400 2277 2455 Horret
2300 2401 2355 2455 in
2387 2399 2546 2455 effeto
2571 2415 2801 2470 corpore
2834 2401 2907 2434 ’⁸⁵
2941 2400 3136 2456 scabra
3164 2399 3320 2454 cutis.

386 2485 642 2541 Forsitan
668 2488 752 2542 ha:
780 2488 982 2543 facient
1011 2496 1073 2544 ut
1091 2489 1252 2544 citius
1279 2504 1492 2558 pereas.
2008 2490 2236 2562 Jamjam
2265 2499 2548 2562 curvatur,
2570 2491 2682 2560 jam
2717 2501 2942 2546 manant
2972 2507 3066 2546 ora
3098 2491 3313 2556 salivis;

314 2573 413 2630 Dic
448 2574 604 2641 mihi.
637 2576 896 2632 diVilibus
919 2577 964 2631 si
995 2579 1215 2648 quando
1239 2577 1410 2633 defuit
1437 2577 1608 2632 hoslis
1635 2595 1647 2630 ε
2077 2585 2382 2655 Exsanguis
2412 2585 2562 2641 color
2587 2593 2693 2647 est,
2717 2585 2920 2641 halitus
2938 2585 3054 2655 ipse
3088 2586 3292 2656 gravis.

389 2661 499 2720 Hos
530 2665 658 2719 terit
681 2673 742 2719 et
771 2674 996 2735 quassat
1027 2681 1171 2737 saepe
1201 2668 1354 2721 ruina
1383 2667 1584 2736 gravis.

2009 2677 2208 2746 Sicque
2232 2676 2372 2745 perit
2396 2675 2619 2745 placida:
2648 2676 2714 2707 ¹⁸⁶
2738 2675 3004 2746 paulatim
3028 2676 3204 2746 gratia
3233 2674 3451 2739 formae;

318 2754 534 2810 Invidiae
561 2770 745 2812 comes
765 2756 836 2790 ¹⁷⁵
856 2767 940 2813 est
967 2759 1162 2816 melior
1191 2759 1429 2826 fortuna,
1464 2777 1563 2816 nec.
1595 2775 1830 2830 unquam
2079 2767 2344 2838 Nullaque
2368 2768 2434 2821 de
2462 2766 2668 2833 multis,
2705 2783 2828 2837 qua:
2862 2766 3138 2836 placuere,
3165 2776 3413 2820 manent.

388 2845 523 2901 Fida
544 2849 679 2904 satis
705 2850 956 2920 cuiquam
980 2852 1196 2907 mobilis
1224 2853 1314 2907 illa
1347 2864 1551 2908 manet.
2006 2859 2126 2916 Jam
2146 2866 2360 2927 gustata
2391 2858 2460 2890 ¹⁸⁷
2491 2858 2671 2912 minus
2696 2858 2934 2926 sapiunt,
2962 2857 3051 2911 vix
3082 2856 3248 2912 sentit
3272 2856 3488 2911 odores.

320 2937 460 3009 Ergo
488 2939 708 2996 solliciti
738 2957 934 2998 causas
956 2943 1183 3000 exclude
1213 2945 1455 3010 timoris;
2085 2948 2178 3002 Vix
2213 2963 2425 3018 quoque
2446 2947 2720 3003 clamosos
2754 2946 2987 3016 percipit
3015 2961 3147 3001 aure
3173 2961 3334 3000 sonos
3360 2943 3453 3010 ‘3‘,

390 3028 524 3086 Esse
549 3030 684 3087 velis
709 3046 937 3103 pauper,
961 3034 1105 3090 illico
1131 3043 1278 3090 tutus
1305 3037 1440 3091 eris.
1932 3087 1976 3108 η
2008 3039 2256 3108 Caligant
2285 3039 2424 3095 oculi
2455 3057 2468 3092 :
2509 3039 2575 3095 de
2614 3047 2729 3094 toto
2760 3038 2876 3093 sola
2905 3048 3218 3107 supersunt,

709 3087 728 3101 .
770 3087 773 3088 ν
818 3087 839 3103 .
963 3087 976 3089 -
1135 3087 1274 3090 τη--
1312 3087 1436 3091 -ηη
2014 3087 2256 3108 νην-.-
2289 3087 2468 3095 νν--μ
2512 3087 2573 3095 η
2616 3087 2724 3094 --ιη
2760 3087 2876 3093 -ν--
2906 3087 3218 3107 "rm—nu

320 3117 649 3190 Paupertate
679 3123 898 3192 quidem
923 3124 1057 3182 nihil
1088 3140 1209 3181 esse
1236 3125 1448 3181 beatius
1473 3142 1734 3197 unquam,
1929 3087 1978 3150 Ο
2086 3129 2221 3186 Huic
2255 3132 2398 3186 cutis
2421 3130 2511 3197 ⁸⁸³,
2544 3139 2598 3184 et
2630 3130 2815 3185 nervis
2844 3144 2966 3185 ossa
2995 3127 3160 3199 ligata
3191 3130 3326 3184 suis.

389 3209 718 3281 Paupertate
742 3213 874 3268 nihil
899 3216 1066 3271 tutius
1099 3231 1220 3272 esse
1248 3226 1446 3287 potest.
2010 3221 2112 3278 Vix
2132 3221 2244 3291 jam
2287 3219 2425 3276 fuste
2451 3227 2630 3289 potest
2656 3227 2914 3275 nutantes
2937 3222 3104 3292 figere
3134 3235 3377 3291 gressus,

325 3297 436 3354 bon
476 3301 578 3356 tibi
610 3303 912 3357 subsidium
940 3315 1063 3360 sunt
1094 3307 1230 3371 haec,
1265 3309 1358 3363 sed
1389 3308 1606 3364 sarcina
1645 3311 1862 3379 grandis
1891 3350 1907 3376 ,
2082 3312 2292 3382 Vixque
2317 3311 2460 3365 valet
2485 3310 2716 3365 tremula
2753 3326 2982 3380 quaeque
3012 3320 3198 3366 tenere
3232 3327 3418 3366 manu.

387 3394 516 3459 Quae
544 3393 688 3449 male
718 3404 768 3449 te
791 3396 1048 3452 miserum
1075 3413 1291 3468 semper
1316 3400 1382 3453 ad
1414 3401 1520 3455 ima
1549 3403 1764 3471 premit.
1877 3443 1880 3446 .
2013 3401 2072 3457 Si
2101 3416 2206 3471 qua
2231 3396 2335 3456 sibi
2359 3399 2535 3454 fuerat
2562 3399 2868 3470 prudentia,
2905 3408 3018 3453 tota
3053 3399 3279 3453 recessit
3303 3418 3315 3451 :

321 3479 547 3539 JuStitiae
577 3495 804 3550 montes,
834 3488 1204 3558 virtutumque
1227 3489 1396 3544 ardua
1426 3490 1604 3568 nullus
2082 3493 2140 3548 Id
2163 3501 2376 3548 tantum
2409 3492 2476 3524 ¹⁹⁰
2504 3490 2708 3555 laudat,
2740 3490 2887 3562 quod
2917 3489 3126 3560 puerile
3156 3490 3317 3560 sapit.

389 3575 650 3644 Scandet,
678 3577 805 3631 dum
833 3580 1018 3635 mundi
1041 3582 1204 3637 rebus
1221 3593 1446 3638 onustus
1471 3565 1596 3639 erit.
2017 3583 2108 3641 Sic
2129 3584 2294 3655 igitur
2313 3599 2373 3638 se
2393 3582 2625 3653 quisque
2661 3595 2827 3637 senex
2869 3579 3198 3635 miserabilis
3247 3579 3440 3650 ipsum.

322 3662 493 3722 Stulte
535 3667 670 3737 quid
713 3669 830 3724 haec
881 3671 1147 3741 sequeris,
1219 3687 1317 3727 cur
1366 3674 1447 3730 sic
1490 3673 1798 3730 labentibus
1843 3675 1910 3711 ³⁷³
2084 3673 2338 3742 Quotidie
2362 3674 2560 3744 perdit,
2595 3671 2940 3728 subtrahitur
2969 3670 3092 3730 sibi.

1606 3766 1836 3838 [haeres,
2014 3764 2083 3820 Et
2107 3779 2232 3821 cum
2272 3765 2344 3820 sit
2369 3764 2591 3820 morbus
2622 3763 2850 3818 nimium
2877 3763 3060 3833 gravis
3081 3778 3196 3833 ipsa
3225 3771 3495 3827 senectus,

394 3850 646 3907 Mortalis
675 3853 764 3919 ³⁷⁸,
799 3854 929 3924 quid
960 3855 1042 3911 vis
1070 3864 1125 3910 et
1150 3856 1445 3912 moriturus
1471 3859 1636 3926 opes?
2083 3857 2336 3912 Attamen
2358 3855 2658 3911 innumeris
2678 3855 2894 3926 angitur
2924 3854 3009 3908 illa
3045 3853 3221 3908 malis.

325 3939 454 3996 Cum
481 3952 534 3998 te
556 3950 684 4013 post
704 3945 891 3998 mundi
923 3960 1108 4011 curas,
1139 3961 1415 4016 vanosque
1452 3946 1668 4002 labores
1701 3947 1802 4012 "7;
2017 3946 2145 4002 Haec
2174 3947 2398 4015 inquam
2431 3946 2614 4000 multis
2634 3955 2864 3999 vexatur
2889 3944 3095 3999 inutilis
3130 3953 3284 4009 aetas,

394 4031 527 4087 Cum
561 4033 659 4088 tibi
689 4035 1030 4100 transierint,
1058 4052 1178 4105 qua:
1208 4036 1348 4090 mala
1375 4045 1529 4107 parte
1560 4046 1746 4102 tenes;
2085 4039 2316 4108 Semper
2345 4044 2404 4090 et
2429 4035 2569 4090 unde
2588 4051 2757 4091 senex
2784 4035 3017 4104 quisque
3045 4043 3306 4104 queratur
3333 4033 3496 4088 habet
3515 4035 3602 4090 ¹⁹¹ο

329 4122 590 4182 Tartarus
616 4127 888 4182 horrendo
916 4129 1170 4197 pavidum
1206 4129 1520 4190 absorbebit
1558 4131 1732 4196 hiatu,
2015 4127 2341 4183 Manducare
2369 4125 2542 4192 labor,
2577 4125 2635 4178 tit
2664 4125 2913 4196 jejunare
2943 4123 3258 4188 molestum,

396 4215 577 4288 Atque
601 4218 770 4274 miser
790 4219 956 4274 variis
977 4220 1297 4276 excruciere
1333 4222 1508 4278 modis
1538 4222 1626 4278 "3.
2088 4220 2323 4276 Somnus
2349 4218 2397 4274 ei
2436 4217 2620 4290 gravis
2642 4225 2748 4284 est,
2790 4225 2846 4272 et
2880 4216 3105 4284 vigilare
3129 4224 3310 4270 nocet.

329 4304 456 4361 Cum
486 4316 540 4362 te
573 4307 833 4363 terribilis
853 4319 1076 4364 exactor
1096 4308 1284 4379 jussus
1315 4313 1381 4345 ¹⁷⁹
1418 4314 1487 4368 ab
1514 4327 1667 4381 aequo
2015 4311 2256 4368 IEstates
2281 4310 2423 4374 odit;
2459 4324 2523 4365 ac
2564 4309 2771 4364 hiemes
2799 4307 2888 4372 η’,
2915 4314 2966 4359 et
2998 4305 3198 4376 frigora
3247 4305 3460 4374 culpat;

396 4393 607 4461 Judice,
639 4397 918 4466 sulphurei
947 4409 1152 4471 merget
1181 4401 1236 4456 in
1261 4403 1366 4457 ima
1395 4403 1499 4458 laci
1539 4403 1626 4457 “3°.
1951 4431 2022 4484 Β.
2089 4405 2686 4469 Autumnum,causam
2710 4397 2852 4471 quod
2871 4396 3049 4462 dolet,
3070 4410 3189 4451 esse
3218 4405 3390 4466 putat.

330 4484 498 4555 Tunc,
532 4497 663 4544 tunc
689 4488 918 4556 infmlix,
949 4506 1112 4561 super
1137 4493 1222 4548 his
1249 4509 1372 4549 sero
1404 4495 1690 4564 paenitebit
1713 4497 1778 4527 ¹⁸¹
2020 4497 2403 4566 Huncquoque
2431 4494 2713 4549 minimum
2742 4492 2886 4547 veris
2916 4488 3205 4548 clementia
3229 4488 3393 4554 Iredit,

397 4578 455 4637 In
476 4581 635 4638 falsis
659 4582 727 4614 ⁸⁸³
757 4583 874 4639 istis
901 4598 1053 4655 spem
1081 4585 1328 4655 posuisse
1353 4585 1528 4643 bonis.
2086 4585 2198 4643 Nec
2226 4583 2454 4656 querulo
2477 4592 2700 4656 possunt
2726 4583 2830 4638 ulla
2861 4582 3080 4655 placere
3109 4583 3245 4638 seni.

1578 4722 1811 4778 VARUE
1835 4721 2222 4780 LECTIONES

404 4835 470 4866 ¹⁸⁵
497 4835 774 4909 Illo‘rdetur
805 4835 966 4909 cujus
1009 4854 1134 4892 mss.
1180 4837 1459 4892 mordetur
1487 4839 1632 4909 curis
1743 4839 1809 4872 ⁸⁸⁷
1839 4838 2055 4909 COgitat
2098 4839 2186 4894 ille
2233 4841 2448 4895 modum
2503 4859 2629 4897 mss.
2684 4841 2750 4897 0.
2809 4853 2859 4896 et
2891 4843 2959 4895 K.
3016 4841 3190 4897 nescit
3241 4839 3444 4894 habere
3494 4851 3609 4909 mo-

336 4902 456 4981 dum
529 4905 847 4981 “{_lttjustis
886 4922 945 4981 se
983 4910 1183 4981 satiare
1235 4909 1396 4981 lucris
1419 4925 1543 4962 mss.
1580 4907 1619 4962 ϐ
1647 4920 1716 4981 et.
1749 4910 1873 4965 595.
1911 4902 1966 4964 in
2009 4911 2171 4977 justis
2211 4926 2269 4964 se
2318 4913 2528 4966 sociare
2584 4913 2722 4968 lucis
2776 4929 2874 4966 ms.
2901 4911 2972 4964 K.
3031 4910 3243 4981 injustis
3270 4923 3368 4981 _se_
3412 4907 3610 4962 satiare

337 4973 487 5051 malis
591 4973 658 5005 ³⁸³
708 4973 1136 5051 Fauperis‘istis
1175 4994 1271 5030 ms.
1325 4977 1394 5030 0.
1442 4980 1691 5051 pauperis
1755 4981 1854 5034 iste
1930 4973 2040 5051 _”'°
2086 4981 2192 5036 Sed
2240 4994 2418 5050 gemet
2456 4999 2555 5036 ms.
2615 4982 2681 5036 0.
2729 4983 2820 5037 sed
2867 4981 3036 5051 gemit
3075 4973 3111 5051 ξ
3147 4980 3211 5011 ¹⁷¹
3264 4978 3371 5051 Sed
3416 4991 3606 5046 panem

335 5047 390 5097 et
431 5057 674 5120 crassam
699 5042 785 5098 vix
814 5042 913 5120 ius.
943 5046 1044 5101 593
1068 5061 1271 5117 pauper
1299 5042 1724 5120 pannosofn__vix
1770 5067 1868 5104 ms.
1899 5049 1962 5105 tl.
2001 5051 2094 5106 sed
2152 5042 2348 5120 panem
2399 5060 2455 5106 et
2488 5067 2729 5120 grossam
2780 5042 2897 5106 vix'
2980 5052 3045 5082 ¹⁷²
3067 5049 3204 5106 Huic
3248 5047 3376 5120 qui
3405 5042 3609 5120 pauper

337 5126 431 5164 ms.
475 5113 536 5167 C.
597 5118 882 5192 nunc_qui
932 5113 1136 5192 pauper
1174 5113 1437 5192 ἠμςεξ--Οἶ
1487 5116 1650 5192 e_t_K.
1710 5120 1799 5173 hic
1851 5121 1940 5189 qui
2001 5113 2217 5192 pauper,
2260 5137 2356 5174 ms.
2409 5113 2532 5176 593.
2596 5122 2720 5192 hinc
2783 5121 2872 5192 qui
2905 5135 3123 5192 pauper
3242 5118 3309 5150 ¹”
3355 5113 3607 5192 Αἱιιιιυίει

338 5192 558 5257 avarus”
583 5200 706 5238 mss.
740 5185 820 5239 Ad
845 5186 998 5257 “quid
1026 5201 1226 5241 avarus
1300 5187 1368 5218 ³⁷⁵
1421 5185 1600 5241 Invida
1657 5204 1842 5257 comes
1871 5185 2015 5245 'mss.
2054 5185 2270 5245 ln'vidite
2311 5206 2494 5246 comes
2567 5191 2634 5222 ⁸⁷⁸
2658 5190 2724 5242 Et
2744 5185 2868 5257 quid
2903 5185 3203 5243 labentibus
3227 5185 3465 5249 mss.,vel
3512 5200 3608 5238 cur

342 5249 650 5328 labentibus
680 5269 781 5328 ms.
830 5249 902 5328 (ἐξ
915 5271 1019 5310 cur
1050 5258 1126 5328 sic
1154 5257 1458 5328 labentibus
1534 5258 1602 5289 "°
1627 5256 1843 5313 Haeres?
1869 5259 2125 5316 mortales
2156 5278 2282 5315 mss.
2312 5262 2508 5318 haeres.
2531 5249 2830 5328 mortalis?
2855 5258 2926 5290 ¹⁷⁷
2955 5258 3243 5328 V'anosque
3271 5258 3485 5328 labores
3507 5271 3604 5307 ms.

353 5317 423 5375 0.
449 5324 624 5376 varios
667 5339 734 5378 ne
771 5324 983 5379 labores
1056 5326 1125 5357 ³⁷⁸
1152 5327 1480 5381 Excruciare
1507 5329 1679 5382 modis
1715 5344 1841 5382 mss.
1874 5331 2194 5386 excruciere
2227 5331 2400 5384 modis
2479 5330 2546 5360 ¹⁷⁹
2576 5331 2778 5383 Exacto
2813 5326 2997 5395 jussus
3030 5317 3608 5394 mssfexactorjussus

353 5386 407 5418 "’°
429 5389 484 5444 lu
514 5339 743 5446 una1aci
768 5410 892 5446 mss.
920 5396 971 5446 in
997 5397 1101 5446 ima
1131 5395 1234 5446 laci
1312 5396 1373 5427 ⁸⁸⁸
1402 5397 1576 5446 Suner
1600 5398 1683 5446 his
1712 5413 1835 5446 sem
1865 5401 2149 5446 nmnitehit
2191 5417 2316 5446 mss.
2347 5399 2438 5446 sed
2468 5407 2615 5446 certe
2658 5414 2780 5446 sem
2805 5399 3014 5446 dolebis
3093 5398 3160 5429 1⁸³
3195 5398 3258 5446 Et
3288 5395 3436 5446 falsis
3477 5409 3602 5446 mss.

343 5386 407 5468 ξ⁸⁰
421 5389 484 5468 _lu
514 5408 615 5468 una
641 5386 974 5468 laciniamin
997 5397 1101 5449 ima
1131 5395 1234 5468 laci
1257 5396 1373 5468 __“"'
1402 5397 1576 5465 Super
1600 5398 1835 5468 hisisero
1864 5401 2149 5468 pmnitebit
2191 5417 2316 5454 mss.
2347 5399 2439 5454 sed
2468 5407 2615 5454 certe
2658 5414 2780 5453 sero
2805 5386 3014 5453 dolebis
3093 5398 3160 5429 ¹⁸²
3194 5398 3267 5468 Εε
3287 5386 3441 5448 falsis
3477 5409 3602 5447 mss.

342 5455 565 5538 !p_f_a_lsi_s
638 5463 706 5538 ξ⁸³
727 5464 839 5538 Ulla
873 5466 1008 5519 cinis
1019 5482 1128 5538 _ms.
1154 5464 1220 5538 07.
1255 5465 1340 5538 illa
1365 5455 1504 5522 cinis
1574 5455 1944 5538 isﬁTorquem
1977 5455 2102 5524 mss.
2136 5469 2418 5538 Torqnent
2497 5468 2783 5538 ’85Eﬂ'ecto
2797 5483 3025 5537 corpore
3039 5484 3162 5522 mss.
3195 5466 3366 5522 cilicio
3380 5478 3606 5531 corpore

431 5529 574 5610 {’grit
601 5532 823 5610 placidae
853 5551 977 5610 mss.
1003 5535 1071 5610 ρ.
1099 5537 1237 5610 perit
1262 5536 1469 5610 placiue
1544 5537 1610 5568 ¹⁸⁷
1658 5525 2034 5610 Nam-gustata
2059 5525 2331 5610 mssLJa'tn
2383 5547 2597 5610 gustata
2633 5535 2636 5538 ’
2675 5539 2741 5610 ἲθδ
2787 5525 3076 5610 Ore-sanos
3119 5555 3243 5610 mss.
3292 5550 3423 5610 aure
3447 5525 3607 5587 sonos

344 5595 573 5683 {illius
593 5595 738 5659 cutis
760 5605 1051 5683 mss._buic
1078 5595 1358 5683 cutisi‘f"
1391 5607 1552 5675 quue
1599 5616 1775 5662 tamen
1811 5595 1936 5683 ᾔτεε.
1981 5609 2048 5664 0.
2073 5619 2126 5666 et
2159 5608 2234 5665 K.
2277 5608 2335 5666 id
2367 5595 2597 5665 tantum
2636 5609 2987 5683 .m‘Quisque
3034 5609 3103 5682 sit
3147 5609 3268 5682 inde
3304 5606 3443 5663 dolet
3481 5619 3608 5658 mss.

345 5673 566 5739 quisque
594 5683 876 5744 queratur,
903 5673 1065 5731 habet
1142 5677 1205 5711 ¹⁶²
1234 5675 1298 5730 Et
1325 5673 1542 5746 hyemes
1567 5694 1685 5732 alios.
1729 5693 1791 5734 ac
1812 5679 2033 5751 hyemcs
