4060 6292
514 303 621 362 695
853 306 914 363 s.
948 305 1254 364 ANSELMI
1296 305 1647 364 CANTUAR.
1684 304 2003 363 ARCHIEP.
2051 302 2207 367 OPP.
2252 301 2436 360 rans
2466 303 2531 358 ιι.
2570 332 2641 345 -η
2680 288 3044 359 ΡΑῐιΑῖΝΕτ.
3082 304 3173 361 E’l‘
3205 303 3449 363 sacer.
3678 302 3784 362 ωε

512 416 645 473 Haec
678 418 818 472 inter
842 432 961 488 qua:
994 427 1188 475 cuncta
1211 434 1375 477 senex
1406 418 1745 475 incommoda
1763 420 1949 484 sentit,
2119 419 2172 479 Α
2267 415 2335 469 Et
2357 424 2446 470 tua
2471 415 2569 471 das
2588 413 2735 470 findo
2760 414 2898 471 colla
2927 417 3225 487 premenda
3249 417 3405 487 jugo.

586 507 752 576 Urget
778 523 899 563 eum
932 509 1162 573 scabies,
1197 511 1361 565 tussis
1395 509 1587 564 anhela
1615 509 1811 579 quatit.
2202 504 2293 561 Sic
2310 513 2366 561 et
2391 507 2642 561 avaritiae
2668 508 2864 574 servis,
2895 508 2975 563 sic
2997 509 3240 565 motibus
3265 509 3389 573 irae,

508 592 864 666 lngratusque
890 597 1005 652 suis
1020 598 1212 653 morbo
1233 597 1589 666 confectusJet
1614 598 1791 657 annis.
2270 596 2363 652 Sic
2389 596 2524 653 facis
2551 598 2791 653 ardentis
2824 598 2981 669 jussa
2999 599 3249 670 pudenda
3272 600 3432 668 gulae.

581 687 945 758 Conqueritur
973 689 1093 743 vita:
1122 698 1365 760 tempora
1388 691 1546 762 longa
1574 706 1707 752 sum.
2197 688 2418 743 Femina
2444 689 2600 744 dulce
2628 689 2855 755 malum,
2873 700 3112 747 mentem
3146 692 3430 762 roburque
3459 689 3623 747 virile

510 778 693 832 Labile
722 780 894 835 forma
926 782 1147 843 bonum.
1181 783 1391 851 species
1426 784 1644 840 inimica
1676 783 1866 855 pudori
1900 785 1987 851 η’,
2266 779 2492 852 Frngit
2512 780 2786 837 blanditiis
2812 782 3082 852 insidiosa}
3104 784 3237 839 suis.

582 867 721 923 Utile
743 869 1000 924 virtutum
1025 886 1167 941 saepe
1197 873 1438 926 retardat
1470 872 1594 940 iter,
1772 864 1781 875 ³
2196 867 2442 933 Femina,
2472 868 2558 923 fax
2585 870 2800 925 Satante
2825 872 3056 940 gemmis
3087 864 3446 938 radiantibus,
3474 885 3631 938 auro,

507 956 661 1012 Nunc
689 959 996 1016 inseusatos
1029 960 1199 1027 inﬂat,
1228 978 1372 1017 nunc
1401 966 1576 1032 turpia
1606 965 1833 1031 suadet;

2266 960 2521 1016 Vestibus
2556 968 2629 1015 ut
2647 963 2818 1032 possit
2847 962 2917 995 ’θ’
2945 954 3411 1035 ρενάθτεςοπηριθ
3442 964 3617 1020 venit.

579 1049 734 1120 Saepe
760 1052 924 1106 etiam
959 1052 1125 1107 fortes
1149 1056 1493 1123 prmcipitare
1525 1056 1689 1111 solet;
2194 1051 2565 1119 Quodnatura
2596 1054 2701 1110 sibi
2728 1053 2945 1123 sapiens
2969 1054 3145 1119 dedit,
3192 1054 3283 1110 illa
3313 1054 3575 1112 reformat
3601 1071 3627 1113 ζ

504 1141 572 1198 Et
598 1158 744 1198 mors
765 1154 820 1198 et
842 1146 1061 1199 morbus
1101 1147 1244 1215 rapit
1273 1147 1435 1213 hanc,
1464 1156 1519 1201 et
1541 1155 1736 1202 moesta
1772 1157 2051 1211 senectus;
2262 1139 2533 1211 Quidquid
2562 1149 2617 1196 et
2645 1142 2861 1212 accepit
2896 1143 3225 1199 dedecuisse
3245 1151 3427 1214 putat.

574 1232 716 1287 Mille
736 1234 877 1303 perit
908 1236 1108 1301 causis,
1134 1251 1234 1291 nec
1257 1246 1440 1292 manet
1469 1237 1558 1292 illa
1583 1237 1779 1292 dium.

2194 1230 2390 1302 Pungit
2414 1248 2540 1299 acu,
2563 1240 2621 1289 et
2649 1232 2777 1289 fuco
2793 1233 3021 1291 liventes
3044 1236 3116 1268 '°'
3140 1235 3317 1291 reddit
3334 1234 3572 1292 ocellos:

503 1319 614 1376 Nec
636 1323 774 1378 bona
808 1325 979 1378 forma
1008 1323 1205 1390 Deum,
1252 1327 1345 1380 sed
1378 1334 1530 1381 mens
1557 1326 1769 1382 sincera
1797 1339 2037 1382 meretur
2071 1346 2084 1383 :
2261 1323 2353 1379 Sic
2384 1324 2686 1390 oculorum,
2720 1326 2916 1397 inquit,
2948 1329 3121 1400 gratia
3150 1328 3325 1399 major
3349 1328 3475 1383 erit.

574 1410 806 1467 Iustitia?
827 1413 924 1469 soli
957 1415 1063 1468 vita
1095 1414 1253 1470 beata
1279 1416 1455 1471 datur.
1690 1408 1697 1412 ’
2189 1414 2285 1468 Est
2309 1414 2470 1469 etiam
2501 1425 2720 1472 teneras
2753 1432 2917 1473 aures
2950 1418 3042 1488 qui
3071 1418 3335 1489 perforet,
3365 1426 3427 1473 ut
3453 1418 3537 1474 sic

503 1501 583 1557 Tu
611 1518 762 1575 reges
789 1514 978 1561 atavos
1010 1521 1299 1570 memoras,
1329 1522 1660 1578 magnosque
1690 1516 1943 1579 parentes
1961 1551 1981 1575 ,
2255 1507 2369 1562 Aut
2392 1522 2586 1563 aurum
2612 1516 2708 1564 aut
2730 1509 2930 1565 charus
2962 1509 3193 1580 pendeat
3223 1509 3350 1565 inde
3372 1509 3538 1580 lapis.

578 1594 646 1649 Et
674 1610 810 1649 vana
836 1596 1018 1650 carnis
1047 1595 1331 1651 nobilitate
1358 1605 1553 1673 tumes.
2186 1595 2369 1652 Altera
2389 1588 2603 1668 jejunat
2637 1599 2856 1663 misere,
2887 1600 3194 1672 minuitque
3215 1615 3466 1657 cruorem
3489 1640 3507 1667 ,

496 1683 690 1743 Nescis
715 1690 1035 1743 cunctorum
1066 1689 1211 1758 quod
1243 1688 1313 1743 sit
1336 1687 1646 1744 communis
1668 1688 1823 1760 origo
1849 1690 1939 1755 1",
2260 1688 2324 1743 Et
2345 1704 2578 1759 prorsus.
2606 1705 2778 1760 quare
2797 1690 3018 1761 palleat,
3047 1692 3163 1761 ipsa
3186 1692 3343 1750 facit.

428 1768 435 1773 ’
568 1777 733 1835 Ortus
759 1780 1052 1852 etioccasus
1076 1797 1239 1849 unus,
1262 1788 1316 1837 et
1342 1797 1450 1837 una
1472 1798 1622 1838 caro.
2046 1782 2047 1787 “
2118 1767 2162 1825 Β
2192 1778 2326 1834 Nam
2357 1795 2478 1851 quae
2501 1797 2608 1836 non
2641 1766 2809 1852 pallet
2837 1783 2943 1839 sibi
2966 1784 3171 1839 rustica
3198 1797 3428 1854 quaeque
3448 1781 3669 1839 videtur
3693 1799 3720 1852 ς

422 1901 430 1908 ι
502 1870 638 1938 Quid
670 1872 764 1926 tibi
793 1873 1067 1933 nobilitas.
1100 1884 1155 1929 et
1175 1874 1379 1931 clarum
1396 1889 1589 1931 nomen
1605 1888 1829 1931 avorum
1852 1916 1872 1943 ,
2262 1872 2363 1929 Hic
2392 1874 2569 1940 decet,
2596 1874 2685 1930 hic
2714 1874 2865 1930 color
2889 1884 2975 1932 est
3004 1890 3169 1932 verus
3192 1876 3448 1941 amantis,
3476 1876 3578 1932 ait.

569 1962 627 2019 Si
650 1965 799 2020 vitiis
827 1980 1022 2021 servus
1048 1967 1226 2022 factus
1249 1983 1311 2023 es
1343 1968 1456 2038 ipse
1485 1968 1624 2023 tuis?
1815 2024 1818 2027 ,
2190 1963 2316 2020 Haec
2355 1979 2578 2035 quoque
2613 1965 2845 2021 diversis
2872 1981 2970 2021 sua
3002 1966 3260 2023 sordibus
3291 1967 3466 2023 inﬁcit
3483 1969 3615 2023 ‘ora.
3638 1969 3651 1983 ‘

497 2054 717 2112 Nobilis
741 2068 847 2122 est,
878 2058 1046 2112 animi
1067 2059 1316 2129 quisquis
1352 2060 1556 2115 virtute
1583 2059 1850 2130 refulget;
2261 2055 2368 2112 Sed
2396 2057 2603 2126 quare?
2631 2056 2821 2111 melior
2843 2057 3108 2127 quaeritur
3136 2065 3257 2113 artc
3285 2056 3453 2113 color.

567 2149 814 2218 Degener
839 2161 923 2206 est
943 2153 1109 2212 solus,
1133 2152 1220 2206 cui
1259 2151 1401 2208 mala
1430 2154 1537 2207 vita
1574 2152 1771 2222 placet.
2186 2147 2319 2201 Arte
2345 2145 2695 2215 supercilium
2718 2147 2966 2212 rarescit,
2995 2163 3189 2203 rursus
3215 2158 3272 2203 et
3293 2156 3430 2202 arte.

494 2236 607 2294 Nec
638 2256 837 2310 genus,
860 2254 917 2296 at
948 2242 1015 2274 ¹⁹⁶
1042 2258 1219 2297 mores
1246 2253 1545 2299 veneratur
1575 2244 1907 2314 curiacmli;
2261 2237 2322 2293 ln
2351 2238 2637 2293 minimum
2668 2253 2933 2293 mammas
2955 2239 3301 2312 colligitipsa
3331 2253 3480 2295 suas.

570 2331 635 2384 Et
659 2333 852 2387 coelum
872 2332 1069 2403 justus,
1104 2350 1211 2390 non
1239 2350 1536 2405 generosus
1562 2337 1749 2392 habet.
2185 2328 2318 2383 Λνῑθ
2343 2329 2559 2398 quidem
2592 2329 2779 2384 Videas
2804 2330 2996 2400 nigros
3018 2328 3315 2386 “nitescere
3338 2329 3550 2397 ονίηθει

496 2417 602 2473 Sed
633 2434 733 2476 nec
765 2422 1087 2491 praepositus
1117 2438 1206 2477 mo
1241 2426 1339 2491 tis,
1367 2425 1745 2497 scelerumque
1766 2428 2014 2484 minister
2258 2420 2460 2475 Nititur
2485 2422 2603 2492 ipsa
2628 2436 2727 2477 suo
2757 2423 3000 2477 membra
3029 2436 3250 2479 movere
3274 2422 3425 2480 loco.

568 2508 741 2566 Vexat
771 2512 1084 2567 damnatum
1112 2514 1297 2569 mitius
1326 2506 1665 2581 ingeniam}
1753 2561 1767 2576 .
2187 2511 2279 2568 Sic
2307 2512 2482 2583 fragili
2512 2515 2584 2545 ²⁰⁶
2610 2513 2784 2584 pingit
2811 2522 2952 2568 totas
2986 2513 3040 2568 in
3074 2527 3305 2587 corpore
3329 2521 3514 2584 partes
3547 2552 3563 2578 ,

492 2599 682 2657 Nultus
707 2602 754 2658 ei
788 2612 1036 2658 servatur
1062 2605 1255 2670 honor,
1298 2608 1601 2661 reverentia
1625 2608 1800 2675 nulla;
2259 2604 2328 2659 Ut
2353 2604 2619 2675 quidquid
2648 2604 2717 2636 ²⁰⁷
2750 2612 2879 2658 nata
2910 2612 3012 2668 est,
3044 2604 3384 2675 displicuisse
3410 2611 3597 2674 putes.

561 2693 672 2750 Nec
711 2697 882 2765 magis
904 2708 991 2751 est
1018 2705 1165 2752 tutus
1193 2696 1477 2752 nobilitate
1509 2714 1628 2752 sua.
2183 2695 2228 2753 Ο
2255 2712 2392 2766 quos
2414 2697 2467 2752 in
2499 2705 2682 2769 gestus
2709 2697 2781 2730 ’σε
2809 2711 2877 2752 se
2895 2698 3080 2753 mollis
3106 2696 3310 2754 femina
3340 2696 3564 2768 frangit,

493 2784 601 2841 Sed
625 2786 795 2843 fortes
813 2789 1071 2844 humeros
1098 2803 1435 2859 nervosaque
1469 2791 1534 2823 ¹⁹⁷
1567 2792 1789 2849 brachia
1809 2792 2007 2862 jactas.
2255 2789 2322 2844 Et
2346 2790 2522 2859 placet
2551 2790 2608 2844 in
2632 2788 2797 2846 blesis
2821 2789 3052 2845 subdola
3084 2789 3266 2860 lingua
3297 2790 3466 2845 sonis.

560 2875 738 2948 Atque
769 2880 842 2933 tui
874 2880 1020 2935 vires
1043 2881 1290 2951 corporis
1317 2883 1582 2939 eximiasl:
2182 2879 2370 2937 Dulcia
2401 2895 2543 2951 saepe
2569 2881 2737 2944 canit,
2770 2880 3047 2949 componit
3074 2871 3259 2936 sedula
3291 2894 3536 2951 gressum
3557 2879 3646 2944 ⁸⁸⁸,

490 2968 637 3023 Bella
670 2969 859 3036 refers,
886 2971 1230 3042 domitosque
1256 2975 1442 3041 duces,
1469 2984 1765 3047 gentesque
1791 2977 2076 3033 subactas:
2257 2973 2327 3031 Ut
2356 2973 2588 3043 quadam
2613 2972 2811 3028 credas
2839 2971 2910 3004 ⁹¹⁰
2936 2982 3054 3026 arte
3084 2986 3304 3028 movere
3339 2971 3594 3042 gradum.

565 3059 907 3131 Maximoque
936 3060 1166 3133 imperio
1196 3065 1409 3119 subdita
1438 3067 1606 3135 regna
1636 3075 1748 3123 tuo.
2110 3108 2155 3166 ϐ
2188 3065 2342 3135 δτθρε
2374 3066 2651 3121 auditores
2678 3055 2796 3133 ejus
2826 3063 3077 3121 facundia
3112 3073 3360 3136 torquet;

472 3148 611 3204 Non
634 3151 793 3216 hove,
824 3168 927 3207 non
958 3153 1112 3210 asino
1144 3163 1196 3209 tu
1221 3155 1442 3221 fortior;
1477 3165 1716 3212 attamen
1742 3156 1861 3213 illos
1892 3157 1960 3190 ⁸⁸⁸
2110 3145 2155 3168 ’⁸
2256 3158 2324 3212 Et
2352 3157 2513 3213 modo
2542 3157 2791 3221 ridendo,
2823 3172 2970 3212 nunc
3014 3172 3232 3228 quoque
3260 3157 3342 3191 ““
3368 3156 3549 3213 ﬂendo
3576 3154 3775 3228 placet.

562 3240 681 3311 Ipse
708 3243 842 3297 satis
867 3243 954 3297 vili
986 3244 1166 3299 cernis
1194 3246 1299 3300 emi
1332 3247 1398 3280 "9
1427 3247 1623 3318 pretio.
2185 3249 2328 3305 Mille
2356 3248 2529 3304 modis
2554 3256 2771 3304 nostras
2802 3248 3315 3320 impugnat'fem‘ina‘
3359 3258 3592 3315 mentes,

489 3330 585 3387 Sic
617 3348 951 3406 quaecunque
971 3335 1102 3391 feris
1132 3346 1309 3396 tecum
1348 3342 1657 3396 communia
1687 3342 1875 3398 cernis
2256 3339 2324 3393 Et
2355 3337 2552 3394 multos
2579 3338 2655 3392 illi
2688 3338 2920 3408 perdere
2947 3338 3152 3409 grande
3182 3339 3392 3393 lucrum
3419 3347 3524 3395 est.

559 3425 670 3481 Nec
700 3428 900 3484 mirare
927 3429 1109 3499 nimis,
1134 3447 1234 3487 nec
1256 3434 1489 3502 pretiosa
1518 3443 1669 3504 puta.
1831 3445 1840 3457 '
2184 3428 2267 3484 Nil
2297 3438 2383 3486 est
2411 3429 2464 3484 in
2483 3428 2644 3486 rebus
2671 3428 2899 3485 muliere
2918 3429 3233 3496 nocentius;
3265 3440 3320 3485 et
3344 3430 3418 3484 nil

490 3515 642 3583 Quod
663 3518 707 3574 si
733 3520 812 3573 vis
832 3536 1025 3575 sensus
1041 3562 1057 3586 ,
1091 3524 1343 3593 viresque
1368 3525 1650 3581 attendere
1676 3528 1876 3592 carnis,
2256 3520 2375 3589 QUO
2399 3521 2578 3591 capia!
2603 3520 2784 3589 ριιιτθδ
2820 3519 3039 3576 Ιθῑῑιὶῖον
3065 3521 3263 3586 hostis.
3292 3521 3479 3577 habe!-

560 3610 902 3679 Exsuperant
932 3612 1112 3667 multa:
1152 3629 1249 3668 nos
1281 3614 1332 3668 in
1362 3625 1592 3686 utroque
1622 3615 1766 3670 ferae.
2032 3616 2035 3623 ’
2183 3612 2295 3667 Nec
2321 3627 2418 3667 nos
2446 3617 2499 3665 in
2530 3619 2700 3667 totum
2724 3611 3000 3681 jactamus
3027 3610 3258 3667 crimina
3289 3612 3524 3677 seruaui

489 3696 601 3753 Nos
630 3710 684 3752 et
715 3698 838 3768 equi
867 3700 937 3731 ¹⁰⁰
962 3694 1183 3756 vincunt
1211 3703 1425 3759 veloces
1454 3705 1689 3773 praepete
1713 3721 1907 3773 cursu,
2257 3702 2526 3773 Tempore
2555 3704 2650 3759 sed
2681 3711 2870 3758 nostro
2901 3717 3026 3757 rara
3055 3703 3251 3773 pudica
3288 3712 3492 3758 manet.

561 3787 630 3841 Et
662 3787 854 3843 melius
887 3790 1043 3845 nobis
1067 3793 1218 3847 audit
1246 3793 1465 3863 oletque
1493 3794 1669 3849 cauis.
2186 3793 2294 3850 Sed
2318 3809 2538 3850 carnem
2579 3793 2765 3850 fenum
2800 3794 3000 3849 clamat
3030 3808 3189 3850 sacer
3208 3809 3330 3850 esse
3360 3793 3623 3865 propheta
3652 3810 3673 3861 ;

490 3877 625 3944 Quis
651 3877 775 3931 velit
805 3878 975 3934 iratos
1002 3878 1146 3937 lucta
1179 3892 1391 3939 tentare
1422 3883 1625 3943 leones.
2251 3884 2363 3939 Fac
2389 3886 2575 3954 procul
2602 3899 2632 3938 a
2660 3882 2782 3939 feno
2804 3882 3018 3939 ﬂamma
3042 3884 3109 3940 sit
3137 3884 3244 3939 ista
3269 3891 3380 3938 tuo.

504 4020 517 4029 κ
560 3967 854 4025 Terribiles
878 3987 1032 4028 ursos
1053 3973 1121 4005 ὀί
1153 3973 1549 4047 fulmineasque
1576 3991 1719 4033 sues.
2184 3976 2263 4032 Tn
2293 3975 2482 4031 molles
2514 3975 2680 4041 risus,
2717 3986 2902 4041 nutus,
2930 3986 2987 4031 et
3010 3973 3407 4038 dulciaverba,

488 4061 612 4117 Sola
641 4062 806 4116 animi
833 4073 919 4118 est
948 4066 1149 4132 virtus,
1180 4082 1284 4137 qua
1315 4084 1415 4124 nos
1440 4070 1804 4140 praeponimur
1831 4069 1975 4136 iliis;
2251 4065 2643 4135 Femineosque
2667 4064 2824 4134 jocos
2848 4063 3026 4136 effuge
3053 4080 3067 4129 ;
3096 4065 3245 4120 virus
3270 4061 3493 4120 habent.

559 4154 766 4209 Czetera
802 4160 1193 4229 sumequidem
1221 4169 1405 4214 nostra
1437 4161 1827 4217 minorasatis.
1894 4167 1898 4171 ‘
2181 4154 2426 4211 Feminei
2450 4153 2658 4220 .SOﬂSim
2689 4152 2838 4208 Virus
2864 4153 2934 4185 ³⁸³
2960 4153 3211 4224 subrepit
3237 4152 3484 4229 amoris;

485 4243 677 4313 Jejuna
714 4252 972 4314 triduum,
1000 4258 1172 4304 totum
1207 4250 1318 4304 ruit
1353 4251 1495 4305 unde
1522 4251 1816 4320 superbis:
1852 4320 1855 4321 ν
2254 4245 2362 4300 llos
2399 4244 2525 4311 tibi,
2544 4243 2599 4298 ni
2621 4243 2825 4311 videas,
2859 4243 3003 4300 illico
3038 4252 3230 4313 captus
3252 4243 3385 4298 eris.

557 4341 661 4396 Vix
693 4352 909 4398 tenuem
956 4344 1026 4374 ’θ’
1058 4343 1243 4397 ﬂatum
1262 4344 1375 4412 jam
1413 4343 1681 4399 moriture
1701 4345 1889 4399 trahis,
2178 4335 2495 4390 Femineum
2527 4333 2652 4405 fuge
2682 4333 3035 4404 colloquium,
3067 4335 3152 4388 vir
3176 4342 3382 4402 sancte;
3414 4343 3611 4391 caveto
3707 4357 3711 4360 ν

486 4428 638 4495 Quod
667 4431 712 4485 si
738 4432 821 4486 vel
850 4432 1042 4486 leviter
1072 4430 1143 4463 ²⁰³
1170 4440 1222 4485 te
1249 4431 1518 4502 decoquat
1552 4433 1713 4503 ignea.
1738 4433 1923 4498 febris,
2102 4445 2148 4503 ι)
2244 4425 2546 4487 Femineas,
2578 4425 2623 4481 si
2644 4425 2729 4480 vis
2758 4426 2996 4501 vincere,
3025 4425 3335 4480 blanditias.

556 4516 754 4572 Statim
778 4535 1102 4587 marcesces,
1136 4520 1277 4576 illico
1296 4522 1488 4589 ‘nullus
1507 4523 1636 4577 eris.
2177 4519 2421 4590 Namque
2451 4518 2690 4573 femineo
2720 4533 2875 4574 meus
2899 4526 3059 4589 capta
3087 4516 3293 4589 ligatur
3318 4531 3529 4583 amore,

486 4608 592 4663 Sed
629 4623 752 4662 cum
786 4619 838 4665 te
866 4609 1068 4664 victum
1101 4611 1248 4665 vitiis
1280 4612 1636 4667 succumbere
1657 4613 1835 4667 cernis
1860 4654 1878 4678 ,
1947 4619 1953 4625 “
2255 4611 2539 4682 Nunquam
2560 4611 2822 4666 virtutum
2853 4626 3077 4683 surgere
3112 4613 3180 4666 ad
3218 4610 3325 4665 alta
3357 4617 3557 4679 potest.

554 4698 724 4755 Miror
754 4741 771 4767 ,
801 4709 852 4755 te
887 4700 1081 4755 fortem
1106 4702 1268 4767 dicis,
1291 4710 1482 4758 etesse
1510 4714 1687 4773 putas.
1834 4713 1838 4717 ‘
2190 4703 2393 4759 [larum
2425 4701 2753 4772 colloquium
2784 4703 2911 4771 quid
2939 4702 3155 4757 confert
3180 4699 3453 4764 utilitatis,

481 4789 629 4848 Bella
655 4790 821 4848 libido
840 4791 1051 4864 moved;
1084 4800 1139 4846 tu
1169 4792 1391 4863 primos}
1412 4794 1561 4849 cedis
1602 4795 1671 4850 ad
1700 4795 1861 4860 ictus,
2114 4820 2117 4823 λ
2250 4793 2454 4850 Venisti
2482 4792 2801 4860 monachus,
2828 4793 2999 4864 turpis
3020 4801 3235 4846 amator
3264 4790 3401 4845 abis.

1785 4922 2017 4981 VARIE
2055 4922 2461 4982 LECTIONES.

551 5059 621 5093 ¹⁹³
637 5059 858 5114 Inimica
882 5059 1104 5129 pudoris
1125 5076 1247 5113 mss.
1278 5060 1495 5115 inimica
1543 5060 1733 5130 pudori
1811 5060 1882 5092 ³⁸⁵
1922 5060 2042 5116 Ulla
2078 5061 2171 5116 die
2196 5077 2322 5114 mss.
2358 5059 2452 5130 illa
2474 5058 2563 5130 diu
2641 5059 2710 5091 ‘9'
2734 5059 2917 5125 Origo.
2944 5058 3059 5113 Non
3084 5071 3243 5130 secus
3261 5054 3766 5130 emergantbaws,

478 5131 715 5186 hernsve
760 5126 932 5184 feroit.
978 5129 1144 5186 Ortus
1168 5139 1223 5184 ct
1262 5146 1490 5186 occasus
1511 5126 1564 5197 et
1586 5129 1792 5185 clarum
1832 5145 2031 5186 nomen
2054 5135 2302 5194 avorum,
2335 5129 2378 5184 si
2409 5129 2554 5183 vitiis
2578 5141 2768 5183 servus
2789 5139 2886 5181 etc.
2916 5145 3041 5183 mss.
3073 5128 3247 5197 origo.
3261 5126 3441 5197 AOrtus
3464 5135 3520 5179 et
3542 5137 3771 5179 occasus

478 5209 741 5268 unus,'et
764 5216 868 5254 una
895 5216 1043 5255 caro.
1074 5200 1214 5268 Quid
1244 5196 1641 5266 tibi,nobil:tas,
1688 5210 1742 5254 et
1765 5200 1973 5254 clarum
1997 5212 2464 5255 nomenavorum.
2494 5197 2549 5252 Si
2578 5198 2725 5252 vitiis
2745 5212 2935 5251 servus
2955 5209 3053 5252 etc.
3134 5197 3203 5230 ⁸³⁸
3229 5195 3308 5251 Ne
3337 5210 3510 5266 genus
3527 5205 3622 5249 aut
3641 5209 3765 5247 mu.

487 5267 554 5323 Ο.
573 5269 712 5326 ειΑΚ.
743 5285 844 5324 nec
866 5286 1039 5339 genus
1064 5282 1121 5324 at
1142 5287 1240 5324 ms.
1263 5270 1326 5325 C.
1351 5272 1461 5325 Iure
1473 5283 1518 5325 et
1535 5274 1645 5325 alia
1663 5271 1806 5325 omit.
1831 5287 1994 5337 usque
2033 5273 2134 5324 ad:
2159 5272 2253 5325 sed
2283 5285 2403 5323 cum
2431 5277 2483 5322 te
2504 5269 2702 5324 victum
2725 5279 2825 5321 etc.
2857 5314 2863 5319 .
2904 5269 2970 5299 ³⁸⁷
3000 5268 3391 5339 Munerosaque
3419 5280 3546 5339 rues.
3570 5278 3765 5319 nervo-

478 5354 647 5409 saque
721 5341 789 5373 ηε
831 5336 1083 5401 Λίιίιιηεη
1129 5340 1249 5395 illas
1280 5357 1403 5395 mss.
1450 5352 1687 5395 attamen
1738 5341 1861 5395 illos
1911 5336 2006 5373 "’9
2030 5340 2221 5396 Cernis
2243 5340 2380 5393 emis
2408 5355 2532 5392 mss.
2569 5339 2747 5409 cernis
2795 5340 2904 5391 emi
2979 5338 3049 5369 ¹⁰⁰
3076 5336 3461 5409 Nametequi
3493 5351 3619 5388 mss.
3670 5344 3768 5409 nos

477 5417 533 5478 _et
553 5399 677 5478 equi
752 5411 818 5441 ¹⁰¹
846 5399 1140 5465 Terribiles
1173 5426 1298 5464 urso
1346 5428 1470 5465 mss.
1498 5411 1794 5466 Terribiles
1838 5426 1997 5466 ursos
2075 5410 2146 5442 ²⁶¹
2175 5410 2273 5465 Vix
2306 5417 2509 5463 temere
2541 5424 2665 5461 mss.
2691 5408 2784 5461 vix
2808 5415 3024 5461 tenuem
3099 5407 3170 5449 1”
3192 5407 3289 5478 νει
3312 5399 3654 5478 leniterque.
3682 5399 3765 5478 vel

477 5474 671 5550 ierit—er
744 5480 816 5512 ὀδ
856 5478 923 5533 Ut
953 5481 1128 5549 possis
1148 5497 1277 5535 mss.
1318 5490 1377 5535 ttt
1403 5483 1576 5550 possit
1649 5481 1720 5513 ³⁸³
1750 5481 1915 5541 Fuco,
1949 5482 2201 5535 limentes
2222 5494 2349 5533 mss.
2380 5478 2504 5550 fuco
2528 5479 2754 5550 liventes
2790 5546 2811 5550 _
2830 5478 2901 5510 ³⁸⁸
2930 5479 3021 5533 Sic
3050 5477 3224 5545 fragili
3257 5486 3353 5530 etc.
3379 5474 3765 5550 manantium,-

479 5548 539 5621 tit
565 5563 725 5621 usque
751 5550 839 5621 ad,
854 5542 1008 5621 (me:
1030 5551 1191 5621 mille
1227 5542 1538 5607 modis'elc.
1614 5552 1685 5584 ¹⁰⁷
1734 5551 1801 5605 Ει
1845 5551 2101 5621 quicquid
2123 5567 2253 5604 mss.
2279 5559 2337 5602 ut
2359 5549 2611 5621 quicquid
2682 5548 2756 5621 ξοδ
2778 5546 2822 5603 Ο
2847 5563 2983 5617 quos
3005 5549 3056 5602 in
3080 5542 3263 5621 gestus
3283 5562 3383 5621 ms.
3414 5542 3611 5621 593.9
3630 5549 3767 5621 quot

481 5616 538 5671 in
560 5614 728 5686 gestis
800 5618 871 5650 ’θ’
895 5620 1131 5674 Subdola
1160 5635 1404 5690 gressum
1437 5637 1563 5692 mss.
1588 5621 1769 5677 sedula
1808 5614 2075 5692 gressum,
2129 5620 2289 5692 “Et
2311 5614 2543 5692 quadam
2567 5620 2757 5692 credas
2779 5614 2903 5675 mss.
2928 5627 2987 5675 ut
3006 5614 3236 5690 quidam
3257 5616 3450 5673 credas
3522 5614 3585 5647 ’“
3639 5614 3765 5668 Mox

478 5701 696 5757 quoque
736 5704 861 5744 mss.
880 5704 1030 5759 nunc
1055 5688 1271 5759 quoilue
1345 5692 1414 5723 ²¹¹
1443 5690 1679 5748 Sensum
1702 5688 1851 5749 viru's
1878 5709 2012 5765 .mss.
2041 5691 2106 5747 0.
2124 5700 2176 5748 et
2201 5688 2272 5745 Κ.
2305 5690 2507 5748 sensim
2543 5688 2695 5745 virus
