4060 6292
266 310 368 367 697

265 426 410 498 Ergo
443 425 683 482 virosum
714 426 817 484 nisi
843 428 1205 490 declinaveris
1233 450 1463 508 anguem
1493 442 1596 507 ἠ,

333 517 400 573 Ni
418 516 579 587 longe
607 518 708 574 tias
734 518 827 587 m,
858 520 1105 579 inliciere
1128 528 1367 596 quidem.

263 607 525 663 Accendit
562 608 757 663 mulier
782 624 1121 685 quaecunque
1148 617 1387 676 libidinis
1416 621 1571 692 ignes»

332 696 400 751 Et
426 698 629 753 sanctis
655 699 788 767 ipsis
825 703 1070 770 proxima
1103 705 1244 762 facta
1284 721 1464 768 nocet.

259 785 537 843 Fundana:
564 789 810 848 Andreas
841 797 931 851 ubi
957 812 1185 868 magnus
1216 802 1502 873 episcopus
1536 807 1693 864 urbis

330 875 554 934 Notavit
574 881 665 945 m,
696 882 845 953 virgo
872 885 1069 943 femina
1098 882 1260 948 causa
1294 893 1413 951 fuit.

260 968 315 1024 Si
344 979 590 1026 veterum
615 973 802 1042 libros,
832 986 886 1033 et
914 978 1135 1037 Palmm
1162 985 1362 1055 scripta
1394 989 1671 1059 revolvas,

328 1063 483 1131 Quoi
505 1064 692 1123 doleas
724 1069 798 1105 ²¹⁶
820 1080 1039 1128 sanctos
1066 1075 1146 1130 sic
1170 1078 1432 1135 cecidisse
1461 1081 1629 1149 viros,

255 1152 368 1211 Nec
395 1157 555 1211 docto
581 1157 873 1220 Salomone
901 1165 1117 1236 quidem
1151 1175 1204 1221 tu
1235 1169 1448 1227 doctior
1470 1187 1592 1229 esse
1614 1214 1631 1240 ,

325 1241 439 1299 Nec
464 1246 634 1301 David
664 1260 854 1307 sancto
878 1255 1120 1308 sanctior
1142 1269 1264 1311 esse
1289 1267 1463 1326 potes.
1606 1259 1610 1262 ⁴

253 1328 312 1387 Si
339 1333 505 1399 Loth,
539 1336 882 1406 Samsonem,
910 1342 957 1397 si
989 1342 1183 1410 David,
1215 1343 1262 1399 si
1286 1346 1665 1417 Salomonem',

325 1423 551 1482 Femina
578 1428 800 1499 deiecit,
829 1433 955 1504 quis
980 1435 1142 1490 modo
1163 1444 1312 1492 tutus
1342 1439 1492 1494 erit?

249 1514 505 1586 Nunquid
536 1534 642 1576 non
670 1520 1171 1584 bominemmulier
1197 1529 1265 1585 de
1294 1530 1423 1586 sede
1445 1532 1603 1587 beata
1641 1533 1711 1567 ²¹⁷

323 1605 562 1675 Expulit,
599 1617 652 1663 et
681 1619 880 1666 nostra:
912 1612 1105 1671 mortis
1132 1618 1286 1689 origo
1315 1617 1416 1674 fuit
1444 1621 1557 1676 m?

252 1694 419 1767 198
449 1696 555 1753 Sed
579 1699 729 1755 clara
756 1701 898 1759 lacie
921 1705 991 1739 ἰ’
1019 1708 1153 1763 satis
1180 1717 1283 1774 est,
1308 1720 1363 1765 et
1393 1710 1565 1765 ferina
1589 1721 1837 1780 venusta,

317 1786 386 1841 Et
408 1788 503 1843 tibi
532 1792 947 1849 nen‘minimum
972 1795 1145 1853 lactea
1167 1808 1278 1854 tota
1312 1799 1491 1871 placet
1519 1803 1614 1857 “°.

247 1876 468 1934 Viscera
496 1880 542 1935 si
569 1890 812 1951 pateant,
838 1895 1062 1956 pateant
1088 1896 1146 1945 et
1174 1899 1368 1947 caetera
1399 1894 1603 1960 carnis,

317 1964 519 2024 Cornea
544 1980 681 2041 quas
702 1973 893 2029 sordes
917 1985 1168 2048 contegat
1193 1980 1261 2012 ¹²¹
1291 1980 1410 2036 alba
1433 1984 1573 2039 cutis
1602 1985 1693 2043 ³²².

245 2053 304 2112 Si
334 2055 520 2114 limum
549 2061 708 2116 vilem
740 2065 1074 2137 prafulgens
1102 2085 1338 2141 purpura
1368 2073 1531 2139 velet,

313 2145 517 2218 Ecquis
543 2152 613 2207 ob
643 2152 745 2208 hoc
775 2153 961 2219 timum
993 2157 1080 2212 vel
1106 2159 1247 2214 male
1268 2176 1435 2216 sanus
1467 2166 1660 2220 amet?

242 2234 420 2293 lntrat
449 2252 664 2312 compta
696 2244 829 2300 satis
855 2246 1117 2303 cellarum
1145 2248 1349 2306 femina
1376 2252 1612 2310 claustra
1642 2296 1657 2319 ,

318 2328 619 2399 Suspirans
654 2335 811 2401 dicit,
846 2337 1057 2393 discere
1087 2350 1273 2396 sancta
1304 2344 1450 2399 volo.

234 2423 463 2479 Accedo
489 2425 557 2479 ad
586 2427 659 2458 ’”
690 2418 984 2487 monachos
1012 2438 1288 2502 peccatrix
1348 2439 1569 2508 femina,
1601 2458 1834 2516 namque

307 2517 382 2572 Hi
412 2520 640 2587 monita,
673 2515 961 2594 etsanctze
987 2526 1119 2586 dant
1146 2526 1466 2590 decumenta
1498 2539 1617 2593 viae.

229 2605 466 2678 Compta
480 2613 721 2699 venis,et
751 2626 939 2673 sancta
966 2619 1217 2689 placent:
1242 2624 1364 2694 quis
1378 2626 1601 2684 credere
1627 2628 1833 2699 possit?

307 2700 631 2770 Suspectam
663 2715 713 2761 te
737 2707 915 2764 habeo
939 2726 954 2776 ;
975 2713 1166 2777 'credo,
1199 2712 1398 2773 nocere
1420 2719 1590 2775 venis.

226 2786 309 2844 La
350 2790 453 2845 civi
480 2792 644 2861 risus,
673 2797 915 2854 ardentis
944 2809 1109 2859 nutus
1132 2804 1310 2869 ocelli,

308 2879 379 2933 Et
406 2874 495 2936 tua
533 2885 825 2954 garrulitas
855 2889 1181 2961 displicuere
1210 2896 1365 2951 mihi.

224 2968 512 3040 Pastorcs,
540 2975 775 3046 vigilate,
804 2976 957 3049 lupas
973 2991 1154 3038 arcete
1177 2996 1403 3054 rapaces

302 3062 351 3116 Α
379 3065 630 3134 gregibus
654 3070 850 3125 vestris
884 3072 973 3138 ³⁸⁵,
1005 3073 1240 3131 claustra
1284 3088 1552 3150 negentur
1578 3082 1678 3139 eis.

224 3152 505 3210 Occidunt
532 3156 762 3224 animas,
796 3162 1100 3234 multosque
1126 3165 1193 3220 ad
1221 3173 1426 3225 tartara
1455 3172 1676 3231 mittunt
1700 3192 1714 3241 ;

305 3243 377 3299 Et
400 3247 682 3303 monachis
710 3251 879 3318 pestis
904 3251 1049 3309 nulla
1081 3255 1320 3312 timenda
1348 3260 1543 3329 magis.

225 3332 462 3390 Femina
485 3352 631 3394 mors
655 3342 871 3407 animae,
904 3347 1191 3403 monachis
1214 3350 1478 3408 accedere
1508 3368 1783 3426 nunquam

300 3425 512 3482 Audeat
536 3443 553 3492 ;
638 3445 797 3487 sacro
824 3432 895 3489 sit
923 3437 1110 3506 procul
1140 3437 1252 3507 ipsa
1284 3440 1474 3498 choro.

227 3510 318 3567 Sit
345 3516 532 3582 procul
559 3532 591 3572 a
624 3529 767 3575 coetu
798 3532 1110 3580 sanctorum
1139 3527 1373 3597 femina;
1409 3547 1646 3606 namque

300 3606 372 3661 Et
400 3609 448 3663 si
480 3624 584 3665 non
609 3611 788 3668 valeat
814 3614 1056 3683 vincere,
1089 3620 1225 3676 bella
1259 3626 1477 3680 movet.

225 3697 339 3754 Sed
373 3698 551 3755 forsan
585 3701 734 3759 dices
759 3719 882 3762 esse
916 3710 1166 3777 maritos,

300 3791 371 3844 Et
396 3794 530 3848 casti
558 3794 747 3853 laudes
776 3783 980 3855 ididem
1012 3803 1274 3875 coniugii.

222 3881 405 3937 Crede
440 3884 593 3952 mihi,
621 3886 808 3956 frater,
842 3892 1007 3947 miser
1026 3902 1114 3949 est
1138 3879 1247 3965 qui:
1265 3911 1446 3968 unque
1469 3901 1698 3957 maritus
1725 3921 1740 3958 :

302 3969 399 4027 Vis
424 3972 601 4029 dicam
629 3977 701 4009 ’³⁸
730 3989 998 4048 quantum
1030 3983 1185 4039 triste
1212 3985 1284 4040 sit
1323 3986 1463 4043 istud
1502 3993 1673 4046 onus?

224 4058 285 4116 Si
316 4064 444 4131 quis
472 4064 634 4121 habet
663 4082 914 4137 sponsam
944 4068 1176 4141 turpem,
1205 4072 1414 4131 fastidit
1436 4085 1490 4133 et
1516 4079 1630 4135 odit
1658 4096 1672 4134 :

296 4151 359 4207 Si
390 4153 694 4224 pulchram,
729 4161 974 4216 momhos
1007 4163 1202 4220 anxius
1233 4165 1348 4235 ipse
1377 4168 1551 4223 timet.

220 4239 418 4297 Cernis
445 4243 589 4299 enim
640 4256 900 4317 quantum
959 4251 1062 4308 sibi
1108 4254 1286 4312 forma
1339 4258 1623 4329 pudorque
1652 4276 1812 4332 repu-

1038 4383 1041 4387 .
1435 4353 1615 4387 [anon]
1646 4353 1716 4385 ass

845 4359 849 4363 ν
1038 4383 1041 4387 -
1434 4348 1620 4422 [gnem
1646 4353 1736 4419 "°,

287 4418 548 4492 Raraque
574 4424 642 4479 de
666 4425 908 4494 pulchris
934 4445 1055 4488 esse
1083 4434 1275 4505 pudica
1301 4445 1502 4507 potest.

214 4506 275 4565 In
304 4525 474 4581 quam
495 4514 774 4584 suspirant
800 4520 1202 4594 multorumque
1231 4506 1377 4590 vota,
1412 4527 1626 4584 timebis

289 4599 530 4662 Perdere
574 4609 658 4666 vel
682 4611 783 4667 soli
821 4628 888 4668 ne
912 4614 981 4669 sit
1005 4614 1250 4671 habenda
1281 4616 1350 4653 ’⁸⁷
1378 4616 1498 4672 tibi.

1320 327 1606 387 CARMEN
1644 331 1734 388 DE
1761 331 2203 393 CONTEHPTU
2239 336 2478 394 MUNDI.

1869 446 1920 505 Α
1950 445 2008 500 Si
2038 449 2130 500 ttat
2157 461 2440 517 praegnans
2461 447 2553 512 ³³⁸»
2584 447 2823 504 accessit
2845 456 2901 503 et
2927 446 3094 503 altera
3126 461 3284 516 cura;

1840 4435 1889 4494 D

3424 343 3530 405 693

2020 534 2459 606 Accrescuntque
2484 536 2577 592 tibi
2612 537 2967 623 multiplicata
2995 539 3161 594 mala.

1952 624 2089 679 Hinc
2114 624 2257 681 illam
2294 627 2491 683 metuis
2517 643 2587 683 ne
2614 627 2737 698 quis
2763 637 3080 700 corrumpat
3102 629 3334 693 adulter.

2018 716 2086 772 Et
2114 718 2287 787 pariat
2315 734 2546 788 quorum
2577 736 2683 775 non
2706 721 2817 777 eris
2844 721 2958 792 ipse
2981 729 3154 791 pater.

1949 804 2087 862 Hinc
2112 819 2201 861 res
2227 816 2375 864 arcta
2407 809 2571 864 nimis
2600 810 2891 880 tenuisque
2913 810 3171 879 pecunia,
3199 818 3365 879 totam

2019 895 2310 952 infaustam
2342 907 2518 953 tecum
2547 899 2881 970 cogitegere
2902 901 3145 965 domum.

1947 988 2043 1044 Est
2070 983 2289 1061 quoque
2314 999 2753 1065 perpetuosque:
2778 995 2969 1049 miscet
2999 993 3214 1065 garrula
3246 994 3393 1060 lites,

2015 1078 2209 1149 Fitque
2246 1080 2470 1136 molesta
2502 1096 2600 1138 suo
2628 1092 2788 1138 nocte
2810 1083 3004 1153 dieque
3036 1084 3177 1140 viro.

1946 1168 2014 1223 Et
2040 1173 2228 1225 vinosa
2254 1171 2473 1240 quidem
2506 1171 2731 1227 multum
2759 1173 3025 1229 damnosa
3061 1174 3258 1231 marito
3287 1183 3373 1232 est
3399 1189 3418 1229 :

2019 1258 2152 1314 Nam
2183 1261 2410 1330 quaesita
2437 1261 2527 1316 diu
2560 1253 2816 1318 distrahit
2846 1262 2934 1318 illa
2968 1263 3143 1320 brevi.

1944 1349 2052 1406 Ista
2086 1354 2175 1406 dat
2204 1352 2483 1422 amplexus
2509 1354 2718 1421 molles,
2747 1364 2804 1410 et
2831 1353 3014 1421 dulcia
3039 1355 3161 1429 ptigit
3176 1355 3246 1391 ³⁸⁸

2014 1440 2232 1508 Oscula,
2271 1443 2366 1498 sed
2398 1445 2564 1500 tacito
2592 1447 2758 1501 corde
2783 1461 2994 1501 venena
3026 1445 3248 1516 premit.

1947 1531 2071 1587 Haec
2098 1531 2183 1588 vel
2205 1533 2368 1594 de.”
2396 1534 2536 1589 facie
2560 1536 2645 1590 vel
2679 1536 2959 1591 nobilitate
2984 1534 3248 1606 superbit,

2013 1621 2083 1677 Et
2109 1630 2324 1693 sceptro
2349 1612 2575 1694 dignam~
2602 1626 2778 1680 credit
2803 1625 3006 1680 habere
3033 1608 3299 1701 manum.‘

1946 1710 2250 1779 Fraudibus
2276 1728 2506 1771 uxorum
2534 1713 2687 1768 multi
2721 1713 2931 1783 periere
2961 1714 3237 1779 virorum;

1871 1774 1915 1830 Β
2013 1774 2241 1858 Femina
2269 1803 2342 1858 nil
2379 1792 2593 1871 horret,
2620 1774 2817 1860 cuncta
2841 1804 3005 1860 licere
3033 1812 3203 1875 putat.

1940 1895 2120 1951 Audet
2146 1896 2407 1966 quidquid
2436 1910 2556 1950 eam
2584 1896 2655 1929 ’³³
2676 1895 2831 1968 jubet
2860 1896 3150 1964 imperiosa
3174 1893 3378 1963 libido;

2010 1982 2076 2038 Et
2110 1993 2307 2048 metus,
2339 1991 2395 2039 et
2418 1983 2560 2038 ratio
2585 1985 2752 2049 cedit,
2782 1992 2836 2039 et
2866 1982 2981 2053 ipse
3007 1982 3200 2052 pudor.

1942 2073 2067 2129 llaec
2089 2073 2236 2145 leges
2264 2073 2333 2106 ²⁸’
2363 2089 2553 2130 sacras
2578 2073 2897 2138 contemnit,
2926 2081 2982 2127 et
3004 2073 3186 2129 omnia
3211 2073 3356 2143 jura.

2010 2163 2192 2234 Turpe
2215 2164 2287 2220 sit
2314 2173 2409 2220 aut
2432 2181 2634 2221 sevum
2659 2206 2677 2234 ,
2718 2165 2846 2237 dum
2872 2162 3047 2232 juvet,
3075 2162 3204 2241 illud
3235 2170 3406 2220 amat.

1939 2254 2105 2308 Dalila
2134 2253 2472 2318 Samsonem,
2503 2254 2885 2310 Clitemnestra
2919 2252 3149 2322 peremit
3184 2252 3447 2333 Atriden.-

2006 2344 2062 2398 In
2096 2342 2212 2413 lege
2233 2342 2495 2407 femineos
2520 2345 2692 2400 sensit
2719 2353 2945 2414 uterque
2980 2343 3151 2399 dolos.

1936 2431 2042 2488 Sed
2069 2447 2170 2487 cur
2193 2448 2376 2503 qureso
2402 2446 2557 2489 vetus
2601 2435 2695 2489 tibi
2717 2450 2861 2489 nunc
2884 2433 3111 2493 historia
3141 2442 3328 2489 narret
3356 2432 3449 2501 ²³¹.

2003 2525 2134 2594 Qua:
2162 2524 2277 2579 fieri
2305 2535 2493 2582 nostro
2517 2533 2759 2596 tempore
2787 2524 2954 2579 multa
2979 2525 3175 2579 vides?

1933 2618 2080 2687 Quas
2103 2619 2316 2683 sordes,
2345 2627 2685 2688 quantosque
2714 2624 2889 2670 metus
2916 2628 3184 2684 curasque
3210 2614 3393 2670 mariti

2005 2708 2345 2775 Sustineant,
2373 2716 2429 2763 et
2453 2706 2576 2777 quis
2598 2718 2999 2778 connumerare
3019 2701 3241 2788 potest}

1927 2800 2047 2857 Jam
2073 2815 2238 2867 nunc,
2265 2814 2427 2870 quam
2455 2798 2635 2870 gravis
2665 2804 2750 2855 est
2793 2794 2978 2850 uxoris
3004 2792 3258 2875 sarcina,
3286 2790 3469 2850 cernis

1998 2892 2284 2962 Quamque
2314 2897 2528 2962 premat
2563 2889 2700 2946 duro
2732 2887 2947 2943 subdita
2977 2883 3115 2941 colla
3138 2883 3294 2959 jugo.

1927 2983 2068 3053 Ergo
2096 2980 2363 3037 maritalis
2388 2979 2706 3035 damnamus
2738 2975 2943 3033 foedera
2968 2972 3140 3029 lecti!

1851 3107 1895 3163 ϐ
1994 3072 2112 3128 Non
2144 3089 2159 3127 :
2191 3071 2287 3128 sed
2317 3068 2572 3141 perfectis
2601 3082 2705 3124 non
2742 3067 2934 3122 damus
2963 3065 3064 3121 ista
3090 3062 3242 3119 viris.

1925 3163 2257 3235 Coniugibus
2284 3178 2390 3218 non
2419 3170 2502 3218 est
2534 3160 2740 3216 fructus
2765 3158 3129 3224 centesimus;
3162 3162 3257 3212 aut
3276 3168 3440 3229 quem

1996 3254 2242 3310 Reddunt
2268 3267 2365 3324 per
2390 3267 2550 3308 senos
2579 3248 2936 3319 multiplicata
2964 3248 3151 3303 decem
3168 3263 3195 3327 1.;

1922 3341 2032 3398 Nec
2063 3351 2244 3398 tamen
2276 3341 2464 3397 aeterni
2491 3341 2776 3410 privantur
2799 3338 3004 3392 lumine
3039 3334 3209 3405 regni.

1992 3434 2275 3503 Accipient
2303 3431 2515 3487 meritis
2539 3431 2760 3502 praemia
2785 3428 2946 3497 digna
2973 3426 3107 3482 suis.

1923 3523 2001 3581 Te
2039 3523 2217 3583 mollis
2247 3523 2460 3595 byssus,
2495 3531 2546 3577 te
2576 3520 2782 3591 fulgens
2809 3533 3047 3589 purpura
3074 3516 3146 3550 “‘
3171 3516 3360 3585 vestit;

1995 3618 2064 3673 Et
2095 3623 2285 3673 texunt
2315 3613 2725 3685 mundizsingnla
2758 3628 2922 3684 regna
2956 3611 3073 3667 tibi.

1919 3709 2050 3777 Qum
2075 3708 2311 3778 pretiosa
2337 3714 2457 3762 tuos
2488 3704 2643 3775 pellis
2670 3720 2774 3760 non
2803 3703 2945 3760 cedit
2975 3703 3028 3758 in
3058 3700 3236 3757 usus?

1989 3798 2119 3866 Quae
2146 3797 2314 3853 vestis
2351 3796 2579 3866 species,
2607 3811 2795 3865 quaeve
2824 3794 3024 3864 coloris
3051 3792 3251 3849 abest?

1922 3887 2025 3944 Sed
2058 3902 2158 3942 nec
2182 3884 2249 3940 ad
2302 3884 2583 3940 indecores
2613 3884 2790 3938 cultus
2813 3884 2881 3915 ’³⁸
2908 3882 3087 3957 pudet
3113 3881 3312 3938 addere
3330 3880 3500 3951 quid-

3271 3970 3426 4043 [quid

1984 4065 2229 4122 Artificis
2262 4063 2413 4119 novit
2446 4061 2647 4118 cudere
2685 4062 2755 4094 “‘
2777 4062 2930 4116 docta
2962 4076 3176 4116 manus.

1914 4156 2180 4212 lrradiant
2207 4152 2438 4226 gemmis
2458 4152 2630 4222 digiti.
2665 4152 2976 4222 pariterque
2998 4152 3207 4218 lacerti,

1983 4246 2194 4315 Vixque
2221 4242 2367 4299 vales
2391 4241 2510 4299 auri
2532 4242 2768 4311 pondera
2799 4240 2941 4298 ferre
2969 4243 3066 4298 tui.

1912 4338 1956 4394 Ο
1977 4351 2303 4409 quamvana
2335 4333 2612 4390 hominum
2638 4334 2764 4389 talis
2792 4335 3009 4389 vesania
3044 4330 3058 4389 ἑ
3089 4334 3277 4411 stulte,

1982 4429 2131 4498 Quid
2146 4428 2304 4500 juvat
2326 4426 2567 4482 externis
2593 4426 2732 4483 velle
2763 4427 2937 4480 nitere
2968 4426 3123 4482 bonis
3141 4426 3167 4480 ἲ

1910 4523 1967 4578 Si
1992 4521 2138 4576 vitiis
2165 4517 2379 4585 sordes,
2407 4516 2535 4587 quid
2567 4518 2784 4588 prodest
2819 4515 3015 4586 fulgida
3045 4518 3251 4587 vestis;

1978 4611 2268 4680 Absterget
2299 4606 2541 4664 maculas
2562 4624 2799 4679 purpura
2830 4609 2974 4664 nulla
3006 4618 3144 4666 tuas.

1505 4831 1740 4890 VARle
1777 4830 2177 4890 LECTIONES.

281 5001 357 5033 ἠ
386 4997 951 5072 Declinaverisagmen
975 4999 1526 5072 ms:_0.declitia\'eris
1548 5017 1788 5072 anguem,
1839 5001 1920 5072 δη
1948 5000 2188 5072 Νῌοηεε
2200 4997 2473 5072 faciasms.
2500 4995 2830 5072 0_.__ni_longe
2846 4997 2944 5051 fias
3014 4995 3085 5030 ³³⁸
3117 4994 3481 5072 Mutavitnm.

207 5069 464 5147 nutavit?
530 5064 874 5147 "fSidole'as
892 5089 1017 5147 mss.
1032 5069 1114 5147 _K_.
1142 5081 1199 5147 et!
1217 5069 1286 5147 Οἶ
1312 5064 1799 5147 quotdoleasmss.
1822 5070 1949 5125 C.et
1975 5070 2095 5125 595.
2113 5064 2264 5147 Quod
2280 5068 2462 5147 doleas
2536 5068 2606 5147 υτ
2639 5064 2779 5147 sede
2814 5067 2986 5121 beata;
3008 5082 3130 5119 mss.
3160 5064 3284 5119 sede
3306 5064 3489 5147 .belata

209 5142 283 5175 ’³⁸
298 5138 497 5211 Mortis
521 5139 673 5211 origo
698 5139 797 5194 fuit
821 5157 921 5195 ms.
944 5139 1005 5195 C.
1031 5134 1377 5211 70.jplurim'a
1400 5141 1484 5195 hic
1513 5134 1665 5211 habet
1694 5157 1812 5211 quae
1838 5157 1940 5211 non
1965 5134 2171 5211 exuant
2191 5139 2247 5211 in
2266 5139 2449 5211 editis,
2469 5154 2564 5191 nec
2582 5138 2638 5211 in
2660 5135 2780 5211 aliis
2806 5152 2931 5189 mss.
2965 5151 3180 5211 quaeque
3202 5134 3421 5211 proindg
3447 5152 3489 5188 ο

208 5210 517 5267 Claudiano
545 5210 795 5278 adjuncta
823 5226 1004 5265 censeo

1076 5202 1156 5242 ’³³⁷
1174 5209 1279 5264 Sed
1300 5208 1466 5265 facies
1488 5208 1631 5266 clara
1663 5202 1788 5265 nias.
1815 5210 1907 5264 sed
1931 5208 2073 5263 clara
2100 5207 2237 5261 faeie
2272 5216 2275 5221 ‘
2310 5208 2381 5238 "°
2411 5206 2695 5259 Exteriora
2716 5203 2951 5273 placent,
2973 5202 3213 5258 dissonat
3250 5202 3489 5273 interius

215 5298 352 5334 mss.
382 5278 445 5333 Et
472 5278 566 5331 tibi
590 5272 696 5354 non
716 5278 995 5354 minimum
1016 5279 1191 5354 lactea
1207 5286 1314 5354 tota
1344 5279 1518 5348 placet
1590 5281 1660 5312 ²²¹
1681 5280 1847 5354 Intret
1867 5279 2191 5354 mss._intra_t_
2216 5277 2416 5354 __'"l_lla
2441 5276 2580 5328 cutis
2595 5272 2725 5354 mss.
2755 5273 2873 5354 alba
2890 5274 3081 5354 cutis“
3081 5274 3171 5354 ’1³³
3193 5272 3479 5354 Accedead

205 5366 340 5404 mss.
373 5348 571 5402 accedo
597 5346 664 5401 ad
707 5342 807 5424 _‘“
828 5348 1132 5419 Agregibus
1145 5342 1491 5424 nostrisgiss.
1515 5364 1551 5424 a_
1579 5349 1831 5424 gregibus
1854 5349 2049 5424 vestris
2085 5416 2097 5424 _
2123 5348 2192 5424 ’ξ’
2208 5347 2309 5424 _Es_t
2329 5345 2502 5424 dicam
2525 5344 2749 5424 magis
2763 5343 2939 5424 dicam
3012 5342 3376 5424 'ffi’udorqtte
3389 5355 3482 5424 re:

205 5424 459 5493 pugpant
479 5433 600 5470 mss.
616 5409 1207 5493 pudorque'rep'ugnent
1227 5487 1240 5493 _
1279 5418 1348 5449 ³²⁷
1362 5419 1524 5474 Nesis
1536 5409 1998 5493 b5bebda_msr.__fg.
2016 5416 2098 5477 vel
2124 5416 2194 5471 sit
2208 5416 2449 5469 habenda
2465 5430 2588 5493 mis;
2612 5411 2682 5493 εἰ.
2694 5423 2757 5493 ἐς
2772 5412 2893 5493 59}.
2912 5425 2980 5493 ne
3006 5413 3074 5467 sit
3088 5412 3333 5493 halicpda
3346 5444 3389 5493 ,Δ
3406 5409 3487 5493 ’ξξ

207 5480 407 5566 affigit
430 5480 714 5566 praegnans
735 5480 1259 5566 etclﬂmsfgfqmittit
1286 5504 1448 5566 usque
1477 5488 1725 5566 defluere;
1758 5488 2060 5566 Fraudibus
2084 5500 2316 5565 uxorum
2335 5493 2444 5566 etc:
2469 5552 2483 5566 ‘
2512 5482 2583 5515 ⁸³⁸
2610 5482 2791 5566 Dulcia
2825 5483 3127 5566 ﬁngitnmss.
3159 5481 3333 5566 dulcia
3358 5480 3479 5566 figit

205 5557 283 5590 ’⁸⁵
310 5550 446 5633 ilice
470 5564 524 5608 et
546 5550 617 5609 de
646 5572 773 5633 mss.
820 5553 964 5633 Kac;
990 5555 1209 5633 0_.__btec
1241 5556 1323 5633 vel
1355 5550 1422 5612 de
1496 5556 1873 5633 "f__Qt_ticquid
1909 5557 2020 5626 jam
2072 5572 2197 5608 mss.
2218 5552 2484 5633 quicquid
2527 5566 2658 5633 eam.
2721 5551 2790 5583 ⁸³³
2822 5550 2947 5606 Haec
2974 5552 3120 5621 leges
3148 5562 3378 5633 etcum}.
3408 5550 3477 5604 Β.

212 5626 411 5681 amittit
436 5640 605 5704 usqu
620 5626 687 5704 qd
712 5625 871 5704 hac;
900 5626 957 5680 Si
989 5626 1130 5704 vitiis
1152 5625 1341 5704 sordes
1369 5637 1467 5704 etc.
1540 5626 1611 5657 ’³³
1638 5620 1837 5704 Narrat
1865 5620 2004 5704 nias...
2042 5620 2259 5704 narret‘
2292 5621 2370 5704 f“
2412 5622 2490 5677 Te
2516 5621 2691 5676 mollis
2723 5636 2967 5704 purpura
3018 5620 3143 5678 ora.
3177 5631 3241 5679 te
3260 5620 3479 5693 fulgens

212 5709 462 5751 enroura
509 5691 612 5726 ""~
636 5694 904 5751 lndecoris
930 5695 1106 5751 cultus
1135 5710 1268 5750 mss.
1308 5695 1588 5751 indecores
1618 5695 1793 5751 cultus
1864 5695 1933 5729 ³³⁸
1963 5693 2122 5750 Novit
2166 5691 2397 5763 plurima
2438 5708 2567 5754 mss.
2614 5691 2768 5748 novit
2801 5691 3000 5749 cudere
