4060 6292
617 262 722 322 699

618 383 968 441 Gemmarum
989 390 1044 436 et
1075 383 1206 436 tanti
1234 381 1409 451 fulgor
1435 394 1541 433 non
1576 377 1744 432 elIicit
1771 377 1912 439 auri,

691 474 764 530 Ut
793 482 976 529 careat
1008 472 1245 526 tenebris
1273 487 1428 525 mens
1455 479 1545 524 tua
1581 483 1723 524 caeca
1755 467 1892 521 suis.

617 567 726 622 Sed
753 565 922 622 sancti
953 565 1020 596 ³³⁷
1047 579 1228 619 mores
1268 563 1491 625 faciunt,
1521 577 1628 616 non
1659 560 1846 621 vestis,
1879 559 2201 624 honestum;

689 656 756 709 Et
781 655 1020 724 probitas
1050 668 1276 721 magnos
1309 651 1471 707 ellicit
1499 666 1606 705 una
1630 650 1800 704 viros.

618 745 748 813 Quae
775 754 965 798 natura
994 744 1164 808 dedit,
1195 759 1351 798 serva
1378 744 1585 812 integra
1621 758 1635 794 :
1665 755 1772 794 non
1799 749 1923 810 eget
1949 739 2067 793 istis
2101 737 2170 769 ³³⁸

693 836 898 891 Vilibus
922 835 1105 889 ornari
1130 835 1296 890 rebus
1323 835 1502 902 imago
1533 833 1660 887 Dei?

615 927 721 984 Ista
750 926 971 998 quidem
1012 925 1129 981 fieri
1154 935 1376 980 ventosa
1409 924 1663 994 superbia
1690 915 1883 992 cogit“:

689 1018 817 1074 Sola
845 1017 1024 1088 placet
1043 1017 1192 1086 justo
1215 1016 1399 1070 5".-:'ia
1428 1016 1539 1069 vita
1566 1014 1699 1068 Deo.

618 1109 886 1180 Agrorum
917 1107 1052 1162 lines
1080 1106 1272 1178 longos
1297 1105 1590 1160 extendere
1617 1103 1812 1174 qumris
1842 1103 1932 1166 9",

693 1203 759 1257 Et
781 1201 978 1256 multas
1005 1215 1207 1255 messes
1229 1201 1320 1269 "°,
1350 1201 1543 1256 horrea
1575 1200 1730 1270 plena
1773 1198 1948 1269 cupis.

621 1295 744 1349 Seis
779 1293 1122 1364 evangelicus
1143 1292 1220 1326 m
1248 1294 1377 1362 quid
1400 1309 1564 1347 avaro
1589 1307 1771 1346 sermo
1798 1291 2037 1346 minetur

692 1385 808 1440 Hac
837 1385 889 1439 in
927 1393 1084 1440 nocte
1110 1384 1348 1438 animam
1370 1382 1782 1451 perdere‘stulte
1810 1391 1955 1436 tuam
1987 1397 2000 1434 :

618 1477 820 1548 Inquit,
851 1477 1037 1538 habes.
1069 1486 1125 1531 et
1145 1474 1296 1542 cujus
1323 1483 1480 1529 erunt
1509 1487 1842 1543 quacunque
1893 1470 2091 1542 parasti
2117 1471 2145 1511 ’ν

694 1570 964 1638 Improbe,
986 1567 1098 1638 jam
1132 1568 1200 1599 ’δ’
1229 1567 1379 1621 frena
1409 1577 1556 1630 vota,
1592 1566 1829 1635 timeque
1855 1564 2013 1617 mori.

620 1659 722 1716 Tot
749 1660 947 1730 fruges,
971 1659 1090 1714 auri
1125 1668 1330 1713 tantum
1363 1659 1453 1725 ω,
1486 1659 1724 1727 vinique,
1758 1665 1836 1711 tot
1857 1656 1996 1727 agri,

689 1753 771 1807 Ad
807 1752 934 1821 quid
961 1760 1085 1822 eget
1110 1751 1300 1820 paucis
1329 1751 1439 1803 vita
1467 1793 1482 1816 ,
1509 1749 1765 1818 salusque
1793 1748 1994 1804 brevis.

618 1843 825 1896 Arvum
851 1840 1071 1911 quaeris,
1107 1841 1293 1906 homo,
1349 1839 1444 1893 tibi
1499 1838 1708 1905 fertile;
1766 1852 1868 1893 nec
1904 1845 2080 1892 tamen
2105 1853 2214 1892 un-

731 1918 744 1934 ’
1952 1922 2142 1998 [quam

695 2020 776 2074 Ad
815 2019 1054 2075 sterilem
1087 2018 1253 2073 vitam
1284 2019 1513 2089 respicis
1541 2019 1658 2088 ipse
1689 2024 1858 2071 tuam.

620 2109 664 2162 Α
693 2109 789 2180 gri:
808 2109 1015 2179 olteque
1043 2108 1136 2163 Dei
1171 2109 1410 2163 tumidus
1441 2117 1785 2178 contemptor
1815 2106 2032 2178 ubique,

696 2198 883 2252 Nullos
916 2199 996 2253 vis
1024 2197 1232 2253 fructus
1269 2199 1496 2253 reddere
1513 2197 1758 2266 iustitiae.

618 2291 689 2345 At
721 2290 986 2345 scelerum
1011 2306 1202 2361 vepres
1226 2290 1494 2346 suﬂ'ocant
1521 2292 1726 2346 sem-ina
1745 2291 1890 2358 vitae,

693 2381 757 2434 Et
788 2390 1128 2449 peccatorum
1157 2383 1327 2452 surgit
1357 2397 1540 2436 amara
1569 2397 1744 2453 seges.

626 2468 882 2538 Exstirpa
916 2470 1115 2524 mentis
1144 2469 1392 2535 tribulos,
1421 2470 1718 2540 spiuasque
1749 2469 1950 2525 revelle
1979 2485 1996 2525 :

696 2561 762 2614 Et
797 2561 977 2616 tritico
1004 2561 1075 2593 '“
1105 2561 1306 2616 Christi
1336 2562 1572 2632 pectoris
1599 2577 1729 2616 arva
1761 2577 1903 2618 sere.

619 2646 1043 2719 Fructificctque
1078 2649 1190 2704 Deo
1222 2651 1401 2705 cordis
1437 2650 1651 2715 novale,
1681 2664 2000 2721 prematque

693 2741 963 2796 Virtutum
991 2743 1184 2797 messis
1213 2742 1420 2796 semina
1451 2741 1726 2810 nequitim.

621 2828 755 2884 Esse
781 2831 908 2900 quid
934 2839 1243 2902 argentum,
1268 2831 1395 2900 quid
1420 2846 1688 2902 gemmas,
1712 2830 1890 2886 credis
1924 2839 1979 2885 et
2000 2846 2212 2894 aurmn,

693 2918 937 2974 Prmdia?
961 2921 1161 2988 quidve
1191 2936 1402 2986 omnes,
1434 2921 1761 2992 quasgliabet
1789 2921 1956 2984 orbis,
1984 2921 2146 2990 opes?

625 3007 755 3064 llaec
783 3008 1003 3066 Iudaeus
1029 3011 1212 3076 habet,
1249 3011 1484 3082 gentilis,
1515 3012 1653 3065 latru
1679 3022 1972 3077 cruentus;

700 3098 875 3156 Crede
906 3102 1063 3167 mihi,
1098 3103 1268 3157 iratus
1301 3117 1442 3172 saepe
1475 3103 1567 3158 dat
1596 3105 1698 3159 ista
1733 3105 1893 3158 Deus.

623 3191 797 3247 Parva
827 3203 956 3263 puta
985 3209 1325 3264 quaecunque
1357 3195 1530 3250 malos
1558 3195 1823 3265 contingit
1853 3195 2075 3250 habere.

695 3283 866 3336 Parva
901 3292 1029 3354 puta
1059 3285 1318 3354 quidquid
1351 3284 1436 3338 fur
1465 3293 1519 3339 et
1541 3284 1752 3340 adulter
1777 3285 1980 3339 habent
2003 3283 2108 3338 m:

626 3371 1080 3440 Quodmeretrix,
1131 3374 1276 3444 quod
1325 3374 1571 3430 macchus
1600 3375 1764 3429 habet
1805 3373 1896 3436 Μ,
1941 3387 2042 3429 nec
2095 3388 2216 3429 ma-

1628 3464 1755 3537 [gna
1790 3465 1859 3496 “7
1886 3464 2102 3534 putabis
2127 3479 2142 3520 :

698 3552 1053 3623 Omnipotens
1081 3555 1240 3625 longe
1261 3555 1352 3609 dat
1383 3555 1603 3610 meliora
1635 3555 1770 3610 suis.

626 3642 730 3698 Ast
758 3643 948 3699 oculus
976 3646 1175 3700 mentis
1198 3654 1436 3700 ezecatur
1461 3645 1684 3715 pulvere
1714 3653 1901 3710 terrae;

699 3734 774 3791 Ut
795 3752 1034 3808 nequeas
1062 3737 1132 3769 W‘
1159 3737 1340 3791 lumen
1372 3751 1597 3792 cernere
1624 3735 1852 3807 justitiae
1883 3754 1896 3790 :

628 3825 746 3881 IIeu
778 3827 874 3882 tibi
907 3829 993 3882 cui
1023 3827 1198 3882 virtus
1221 3843 1326 3882 non
1365 3828 1528 3892 lucet,
1563 3828 1710 3883 lucet
1740 3837 1796 3880 at
1823 3843 2012 3881 aurum
2043 3828 2141 3892 ω,

700 3917 766 3972 Et
795 3918 1018 3987 prmfers
1038 3919 1264 3973 summis
1299 3919 1480 3972 intima
1509 3933 1739 3988 quaeque
1766 3917 1940 3972 bouis.

523 4005 525 4008 ⁴
626 4008 740 4064 Nec
765 4009 904 4065 mala
936 4027 1128 4081 magna
1158 4026 1300 4073 reor,
1331 4011 1529 4081 quibus
1565 4009 1875 4080 alIIiguutur
1907 4009 2101 4074 amici;

697 4097 807 4156 Nec
836 4101 997 4168 bona,
1028 4117 1256 4172 quaeque
1297 4102 1484 4156 hostes
1532 4107 1757 4156 constat
1797 4100 2001 4155 habere
2024 4099 2142 4153 Dei.

628 4192 698 4246 At
727 4194 939 4262 quoties
967 4195 1054 4248 vir
1073 4195 1253 4264 justus
1278 4205 1424 4262 eget,
1449 4194 1751 4248 scelerosus
1779 4193 2020 4246 abundat
2049 4192 2144 4258 ’5“,

701 4279 817 4335 Non
848 4290 934 4336 est
967 4297 1256 4351 pravorum
1279 4285 1431 4352 copia
1461 4284 1668 4354 grande
1695 4282 1933 4337 bonum?

630 4369 883 4439 Egrotat
917 4373 1152 4441 sapiens,
1185 4373 1280 4429 sed
1311 4389 1476 4430 sanus
1498 4374 1658 4428 ﬂoret
1683 4373 1901 4442 iniquus
1928 4389 1943 4428 :

703 4459 816 4514 Non
843 4471 928 4516 est
955 4465 1157 4530 grande
1191 4465 1391 4517 bonum
1423 4464 1666 4532 corporis
1697 4471 1845 4517 arcta
1879 4462 2046 4518 salus.

629 4549 868 4607 Dilectus
886 4553 1095 4609 Domini
1122 4556 1373 4621 moritur,
1405 4557 1500 4611 sed
1523 4557 1654 4612 vivit
1683 4556 1898 4611 adulter
1931 4570 1945 4610 :

1047 264 1105 320 S.
1139 264 1439 322 ANSELMI
1470 262 1818 320 CANTUAR.
1861 260 2179 318 ARCHIEP.
2205 261 2356 319 OPP.
2388 259 2569 316 PARS
2609 260 2672 315 II.
2693 292 2764 302 —
2787 257 3153 317 ΡΛΒᾹΞΝΕΤ.
3188 255 3275 312 ΕΤ
3296 254 3538 312 ASCET.
3766 248 3856 301 700

2231 377 2274 431 Α
2370 375 2485 432 Νοη
2511 383 2595 430 est
2626 374 2679 428 in
2707 376 2919 444 magnis
2947 374 3056 426 vita
3083 371 3288 425 caduca
3313 366 3494 422 bonis.

2305 466 2448 534 Ergo
2480 465 2639 519 modo
2663 463 2855 517 similis
2887 462 2984 516 tibi
3013 459 3208 530 collige
3233 465 3451 520 caetera,
3473 453 3568 517 tili,

2375 555 2443 610 Et
2471 556 2711 626 prudens
2737 551 2861 608 vilis
2890 566 3120 606 munera
3155 563 3351 619 sperne
3380 546 3502 603 soli.

2310 645 2424 702 Vile
2455 646 2698 716 relinque
2723 645 2920 710 solum,
2951 643 3136 713 cupias
3169 639 3386 709 fastigia
3413 636 3537 694 caeli
3569 653 3585 690 :

2375 737 2490 792 Illic
2519 737 2786 807 percipies
2821 736 2959 790 dona
2988 735 3145 788 beata
3175 732 3293 786 Dei.

2306 825 2424 882 Non
2451 825 2686 896 pretiosa
2716 823 3158 893 facitpretiosum
3178 833 3419 891 purpura
3440 832 3756 889 quemquam
3778 815 3865 880 ’δίς

2378 920 2490 976 Nec
2513 927 2725 975 mutant
2753 932 2934 973 mores
2956 918 3026 950 ’⁵⁸
3056 915 3252 970 tradita
3279 921 3498 981 sceptra
3535 910 3725 965 malos.

2309 1012 2367 1068 Si
2397 1012 2517 1083 pius
2549 1011 2650 1066 ista
2675 1010 2769 1066 Dei
2801 1010 2924 1065 data
2957 1007 3226 1078 conspicis
3258 1004 3503 1060 hostibus
3529 1017 3686 1066 esse;

2379 1101 2545 1170 Impia
2576 1115 2704 1171 pars
2731 1099 3012 1154 hominum
3045 1104 3238 1165 regnat
3271 1095 3474 1163 ubique
3503 1092 3646 1147 fere.

2308 1191 2578 1247 Virtuti'si
2609 1190 2681 1222 ³⁸³
2708 1190 2867 1245 detur
2897 1189 3092 1254 honos,
3120 1186 3166 1242 si
3195 1184 3419 1256 prmmia
3460 1180 3638 1251 dignis
3662 1220 3680 1245 ,

2379 1284 2444 1338 Et
2474 1290 2694 1338 teneant
2723 1281 2980 1337 meritum
3005 1279 3220 1350 singula
3252 1290 3482 1348 quaeque
3509 1275 3713 1330 locum.

2308 1373 2428 1430 lam
2461 1389 2604 1428 nunc
2630 1387 2718 1429 res
2751 1372 3055 1438 hominum,
3119 1368 3255 1425 mihi
3309 1369 3491 1435 crede,
3521 1375 3574 1422 et
3605 1379 3736 1435 pace
3757 1363 3866 1416 hea-

3187 1507 3190 1510 .
3616 1457 3723 1529 [tas
3748 1454 3810 1486 ""

2380 1556 2617 1622 Videris,
2647 1563 2702 1612 et
2729 1565 2879 1612 certo
2907 1570 2966 1612 se
2993 1555 3250 1610 cohibere
3280 1553 3460 1609 modo.

2313 1646 2421 1704 Sed
2447 1647 2572 1718 quia
2603 1663 2769 1719 regna
2798 1647 2971 1707 malis.
2993 1647 3184 1702 sceleri
3209 1653 3294 1701 est
3319 1645 3516 1699 donata
3539 1648 3775 1719 potestas
3793 1636 3874 1694 ¹⁵ἰ

2382 1738 2577 1795 Debita
2605 1718 2788 1794 virtuti
2818 1740 3076 1796 m-frena
3108 1738 3278 1794 libido
3311 1743 3476 1790 tenet.
3573 1718 3602 1728 ’

2309 1830 2541 1887 Mundus
2574 1831 2845 1895 turbatur,
2876 1846 3059 1886 rerum
3085 1827 3436 1885 confunditur
3463 1824 3636 1888 ordo;

2378 1919 2716 1990 Involvitque
2747 1921 2906 1975 simul
2937 1921 3120 1976 omnia
3150 1918 3355 1987 grande
3380 1917 3546 1971 chaos

2310 2011 2406 2066 Vis
2434 2011 2688 2080 prohibet
2723 2011 2893 2082 leges,
2926 2018 3179 2067 evertunt
3206 2007 3434 2065 crimina
3459 2020 3668 2070 mores,

2382 2103 2452 2158 Et
2477 2103 2659 2158 valido
2683 2102 2858 2158 virtus
2888 2102 3106 2158 turbine
3133 2115 3330 2172 quassa
3363 2099 3518 2153 latet.

2312 2193 2414 2248 Dat
2445 2193 2683 2248 Libanus
2717 2193 2810 2248 tibi
2841 2193 3051 2264 lingua;
3079 2192 3252 2247 Paros
3274 2205 3370 2246 sua
3402 2203 3677 2243 marmora
3707 2186 3877 2249 mittit;

2381 2283 2590 2338 Aurum
2619 2283 2821 2355 pra-bet
2850 2284 3062 2350 Arabs;
3091 2283 3240 2338 India
3263 2288 3486 2351 praestat
3517 2281 3678 2337 ebur.

2314 2372 2394 2428 Tu
2426 2374 2590 2429 cedro
2613 2375 2923 2446 peregrina,
2953 2383 3008 2430 et
3033 2387 3306 2430 marmore
3335 2371 3612 2428 construis
3650 2370 3778 2426 aedes
3803 2385 3818 2422 :

2387 2464 2628 2534 Min-aque
2655 2466 2938 2535 consurgit
2969 2465 3199 2530 fabrica,
3225 2463 3406 2518 fundis
3439 2477 3601 2531 opes.

2318 2556 2481 2627 199
2507 2556 2704 2612 Rident
2729 2569 2954 2627 argento
2997 2565 3182 2628 postes
3209 2597 3225 2622 ,
3253 2554 3530 2623 laquearia
3559 2553 3729 2608 multo

2391 2646 2541 2703 Auro
2571 2663 2588 2704 :
2622 2647 2939 2703 distinctum
2965 2647 3215 2718 sculptile
3243 2645 3408 2700 vestit
3437 2645 3576 2699 ebur
3613 2662 3628 2698 :

2313 2738 2622 2795 Porticibus
2643 2739 2813 2795 vallas
2838 2739 3084 2808 operosis
3108 2738 3245 2792 atria
3280 2755 3294 2791 :
3330 2736 3519 2806 quales

2389 2829 2639 2900 Quolque
2663 2839 2821 2901 putas
2876 2828 3169 2896 thalamos,
3214 2829 3328 2884 haec
3349 2827 3418 2859 ’⁸⁷
3446 2824 3778 2894 labyrinthus
3799 2820 3859 2876 ha

3671 2915 3775 2989 [bet
3802 2913 3826 2966 ἲ

2242 3045 2290 3103 α
2319 3013 2435 3068 Illic
2464 3021 2520 3066 tu
2555 3012 2740 3067 videas
2761 3012 2986 3082 pictum,
3027 3011 3405 3082 sculptumque
3429 3017 3735 3078 stupescas,

2391 3103 2632 3159 Artiﬁcis
2661 3103 2924 3174 quidquid
2951 3116 3212 3172 mensque
3238 3115 3542 3169 manusque
3564 3103 3764 3168 potest.

2318 3195 2471 3252 Ostia
2497 3194 2666 3251 multa
2698 3194 2938 3264 quidem,
2966 3194 3134 3248 varire
3163 3201 3291 3247 sunt
3324 3189 3468 3244 mille
3490 3190 3760 3253 fenestra,

2391 3287 2534 3344 Mille
2556 3284 2868 3342 columnare
2897 3295 2978 3342 est
3001 3300 3272 3340 marmore
3296 3283 3425 3337 fulta
3451 3283 3522 3314 ’⁸⁸
3551 3281 3763 3336 domus.

2319 3379 2458 3448 Quid
2485 3387 2658 3446 tanto,
2691 3377 2980 3441 moriture,
3004 3392 3167 3448 paras
3189 3375 3500 3430 molimine?
3529 3388 3702 3443 quare

2389 3471 2498 3526 Das
2521 3470 2762 3524 animum
2790 3467 2963 3536 vanis,
2995 3477 3050 3524 et
3072 3469 3309 3537 peritura
3336 3465 3593 3537 placent?

2317 3562 2429 3621 Cur
2466 3562 2643 3631 ampla
2683 3562 2920 3618 aedificas
2943 3563 3103 3616 busto
3129 3558 3466 3615 claudendus
3492 3560 3547 3614 in
3571 3559 3766 3616 arcto?

2391 3657 2460 3689 ³⁸³
2491 3655 2751 3710 Delicient
2781 3655 2904 3709 vita;
2941 3662 3180 3723 tempora
3204 3665 3374 3722 pauca
3401 3662 3524 3707 ιιιω.

2319 3746 2458 3815 Quid
2483 3745 2578 3800 tibi
2612 3753 2775 3800 tantm
2803 3745 2983 3799 aedes?
3007 3754 3214 3813 quanto
3238 3745 3449 3800 felicius
3475 3744 3597 3811 ipse

2393 3835 2674 3905 Templum
2703 3849 2853 3889 esses
2885 3834 2991 3888 vivi
3025 3834 3146 3888 viva
3169 3834 3467 3903 domusque
3501 3831 3628 3888 Dei.

2318 3927 2453 3983 Esto
2471 3926 2665 3981 domus
2687 3922 2917 3983 Domini,
2949 3938 3112 3992 quam
3143 3923 3316 3978 sacris
3346 3923 3596 3978 moribus
3629 3932 3757 3977 orna
3785 3932 3800 3970 :

2394 4016 2656 4072 Virtutem
2687 4013 2863 4068 cultor
2884 4012 3166 4082 religionis
3187 4027 3328 4066 ama.

2318 4105 2491 4173 Quam
2521 4103 2647 4158 felix
2680 4102 2859 4156 anima
2889 4110 2993 4167 est,
3032 4101 3085 4155 in
3115 4116 3221 4170 qua
3245 4101 3346 4156 sibi
3372 4115 3581 4170 ponere
3623 4099 3798 4156 sedem

2391 4199 2658 4270 Dignatur
2688 4198 2886 4254 summi
2919 4197 3140 4268 spiritus
3171 4197 3286 4266 ipse
3313 4195 3427 4250 Dei.

2319 4289 2509 4347 Omnis
2535 4289 2701 4344 habet
2741 4287 2976 4343 subitum
3016 4296 3228 4343 terrena
3254 4283 3499 4356 potentia
3529 4281 3720 4344 ﬁnem.

2250 4387 2295 4440 Ι)
2390 4377 2570 4447 Atque
2600 4377 2724 4447 fuga
2759 4375 2919 4432 celeri
2951 4375 3151 4430 deserit
3181 4377 3293 4444 ipsa
3331 4389 3478 4429 suos.

2324 4467 2470 4537 Ergo
2511 4467 2660 4530 time,
2690 4466 2933 4536 quisquis
2957 4467 3132 4521 celsos
3166 4465 3487 4520 conscendis
3515 4467 3761 4522 honores
3788 4477 3802 4516 :

2397 4554 2581 4625 Teque
2611 4556 2826 4611 ruinoso
2855 4564 3001 4610 stare
3023 4565 3295 4610 memento
3309 4553 3452 4608 loco.

1920 4667 2150 4724 VARUE
2189 4665 2593 4724 LECTIONES.

703 4777 853 4851 ’δῖ-ω
867 4777 1040 4833 sancti
1060 4794 1183 4851 mss.
1202 4778 1295 4834 sed
1308 4781 1480 4851 sancti
1554 4781 1625 4813 ’⁸⁸
1649 4781 1761 4836 Non
1774 4781 2010 4851 egetista
2035 4798 2160 4835 mss.
2179 4797 2284 4836 non
2302 4793 2423 4851 eget
2446 4780 2565 4835 istis
2589 4781 2594 4784 ’
2640 4779 3379 4851 "Extgndcrequmvismsg
3395 4780 3700 4851 extendere
3714 4777 3895 4851 quaeris

745 4847 944 4928 Multas
991 4850 1186 4928 messis
1212 4849 1560 4928 mss.__multas
1588 4867 1792 4928 messes
1812 4847 1831 4851 ’
1857 4851 1935 4928 _’“
1955 4849 2108 4928 Sicut
2132 4847 2496 4928 Evangélicus
2535 4865 2660 4903 mss.
2689 4849 2795 4903 scis
2829 4849 3186 4928 Eva‘ugelicus
3205 4868 3303 4928 ms.
3339 4847 3401 4903 C.
3421 4850 3527 4904 scit
3553 4847 3899 4928 Evangelicus

634 4918 708 5000 ff’
745 4917 1282 5000 lmprolbaiamontss.
1314 4919 1457 5000 If._et_
1490 4918 1961 5000 rlmprqbejam
2035 4921 2102 5000 ’δῇ
2132 4917 2512 5000 Frugesauxi,
2541 4929 2748 5000 Elin-1].!"
2777 4918 3134 5000 nzss._l'ruges,
3173 4920 3288 4974 auri
3331 4927 3542 5000 tantum
3562 4990 3579 5000 _
3627 4920 3702 5000 '_“
3721 4917 3790 4972 Et
3819 4917 3902 5000 tti-

633 4988 744 5042 lico
771 4982 872 5042 ms.
905 4986 973 5043 0.
1003 4989 1044 5042 Ε
1075 4989 1260 5043 tritico
1335 4989 1405 5021 m
1429 4982 1990 5044 Adulter'habet'mss.
2023 4982 2472 5044 adultervhabeut
2501 4982 2507 4984 ’
2543 4989 2613 5020 ’³⁸
2650 4987 2889 5042 Mmchus
2920 4982 3082 5043 habét
3120 5006 3244 5042 mss.
3285 4989 3534 5044 moechus
3562 4990 3781 5044 habent
3841 4982 3897 5016 ’δ’

632 5057 714 5129 .Ne
738 5073 934 5129 magna
963 5074 1067 5129 ms.
1089 5056 1151 5111 ϐ.
1185 5074 1286 5113 nec
1308 5074 1501 5129 magna
1576 5059 1646 5091 “3
1672 5060 1738 5114 Et
1762 5074 2000 5128 nequeas
2024 5076 2124 5114 ms.
2154 5068 2214 5114 ut
2244 5075 2484 5128 nequeas
2556 5059 2624 5090 "9
2648 5057 2764 5129 Nec
2794 5056 2888 5111 tibi
2918 5058 3005 5112 eui
3031 5059 3200 5129 virtus
3225 5074 3331 5113 non
3357 5057 3505 5129 lucet
3536 5068 3593 5129 et
3626 5074 3768 5112 auro
3786 5072 3891 5129 mg

629 5123 868 5198 heu_rtilii
901 5127 1192 5198 euivirtus
1229 5145 1334 5183 non
1363 5123 1528 5190 lucet,
1568 5129 1712 5183 lueet
1737 5140 1793 5181 at
1816 5123 2008 5183 aurum
2073 5131 2142 5161 "°
2171 5131 2252 5183 An
2277 5123 2493 5198 quoties
2522 5129 2604 5182 vir
2639 5127 2821 5197 justus
2863 5135 3005 5198 eget,
3035 5127 3340 5198 scelerosus
3392 5127 3644 5182 abundat
3687 5144 3812 5180 mu.
3843 5123 3900 5178 0.

629 5207 684 5280 et
715 5195 935 5280 K._Q_uo
955 5197 1043 5280 ‘v_i.r
1057 5195 1242 5280 iustus
1271 5207 1416 5280 eget,
1445 5199 1690 5280 nunquid
1735 5197 2039 5252 scelerosus
2069 5195 2340 5280 abundat?
2367 5216 2489 5256 mss.
2537 5195 2662 5254 593.
2709 5202 2781 5253 At
2807 5195 3078 5280 _g_ttotiens
3109 5198 3189 5250 vir
3223 5197 3403 5264 justus
3429 5206 3568 5266 eget.
3607 5197 3909 5252 scelerosus

630 5268 881 5322 abundat
955 5267 1023 5298 ⁸⁸⁸
1057 5266 1176 5339 Nec
1191 5265 1437 5339 pretiosa
1466 5285 1479 5323 :
1513 5265 1932 5339 quendamanss.
1968 5285 2072 5324 non
2100 5271 2335 5339 pretiosa
2363 5288 2376 5324 :
2407 5285 2750 5339 quemquam
2807 5268 2877 5300 ¹⁸¹
2909 5265 3017 5339 Nec
3039 5276 3253 5339 mutent
3279 5265 3628 5339 mores’mss.
3667 5282 3773 5339 nAec
3802 5281 3908 5339 mg-

631 5344 754 5390 taut
785 5351 964 5411 mores
1037 5331 1492 5411 'ff_\[i't'tutum_si
1515 5331 1614 5393 étc.
1642 5356 1742 5394 ms.
1771 5337 1832 5392 ϐ.
1864 5331 2330 5411 ontittitusquead
2356 5331 2506 5411 huic:
2538 5331 2676 5411 Ecce
2705 5338 2793 5392 diu
2817 5348 2913 5392 etc.
2940 5338 3010 5370 ’⁵⁵
3039 5337 3100 5390 Et
3125 5353 3257 5407 pace
3277 5338 3471 5411 beasse
3497 5353 3653 5411 ηιρε.Δ
3675 5336 3754 5411 Ο..
3775 5344 3822 5388 et
3845 5331 3903 5385 Ii.

628 5419 768 5472 pace
794 5408 985 5462 beatas
1057 5407 1133 5478 "7'7
1153 5407 1370 5478 Scelera
1403 5408 1600 5463 donata
1625 5417 1864 5478 potestas
1888 5426 2011 5463 mss.
2039 5409 2104 5464 0.
2130 5404 2178 5464 εὶ
2204 5409 2273 5464 Κ.
2304 5409 2492 5464 sceleri
2523 5417 2606 5462 est
2632 5408 2827 5478 donata
2866 5415 3108 5478 potestas
3127 5404 3248 5462 'ms.
3287 5406 3410 5478 593.
3438 5404 3911 5478 scelerisgdonata

675 5483 882 5530 otestas
911 5486 994 5530 est
1068 5477 1139 5508 ’⁸⁸
1167 5475 1358 5531 chlta
1379 5475 1640 5533 virtutum
1670 5496 1796 5534 mss.
1828 5479 2006 5533 debita
2031 5481 2219 5534 virtuti
2293 5479 2361 5510 ’⁸⁷
2394 5478 2519 5533 Haec
2538 5478 2730 5531 domus
2758 5475 2902 5530 intus
2925 5477 3090 5532 habet
3110 5494 3236 5531 mss.
3300 5476 3414 5530 haac
3437 5475 3800 5545 labyrinthus
3824 5475 3914 5545 ba-

651 5550 729 5622 με
802 5546 872 5622 Ψ
889 5546 1131 5622 ῥιπιηοτ
1157 5563 1171 5599 :
1201 5547 1333 5601 tulta
1369 5565 1496 5602 mss.
1523 5548 1976 5622 marmorefulta
2025 5549 2093 5582 ³⁸³
2118 5549 2287 5622 Quem
2313 5549 2399 5618 pia
2427 5549 2652 5618 pigmeze
2673 5545 2910 5600 claustra
2945 5546 3114 5603 tulere
3149 5547 3370 5604 matris?
3402 5539 3630 5601 mufK.
3663 5555 3713 5600 et
3739 5539 3913 5600 0.de-

629 5613 819 5672 ﬁdem
853 5615 975 5674 vita?
1003 5626 1244 5688 tempora
1272 5632 1447 5690 pauca
1481 5626 1585 5674 tua:
1612 5635 1709 5674 ms.
1745 5618 1866 5675 593.
1895 5613 2160 5675 debentur
2188 5613 2580 5690 vitaa'tcnipora
2619 5630 2782 5690 parva
2817 5626 2920 5674 tuae
