  <div class='ocr_page' id='page_1' title='image "/cluster/home/n/w/nwhite01/storage/ocr_20150623/158/hvd.32044024236689/406.png"; bbox 0 0 4060 6292; ppageno 0'>
   <div class='ocr_carea' id='block_1_1' title="bbox 284 300 3530 409">
    <p class='ocr_par' dir='ltr' id='par_1_1' title="bbox 284 300 3530 409">
     <span class='ocr_line' id='line_1_1' title="bbox 284 300 3530 409; baseline -0.002 -2"><span class='ocrx_word' id='word_1_1' title='bbox 284 351 373 409; x_wconf 79' lang='lat' dir='ltr'><strong>7m</strong></span> <span class='ocrx_word' id='word_1_2' title='bbox 1307 300 1591 400; x_wconf 66' lang='lat' dir='ltr'><strong>cannea</strong></span> <span class='ocrx_word' id='word_1_3' title='bbox 1634 344 1722 400; x_wconf 86' lang='lat' dir='ltr'><strong>DE</strong></span> <span class='ocrx_word' id='word_1_4' title='bbox 1757 341 2183 404; x_wconf 80' lang='lat' dir='ltr'><strong>CONTEMPTU</strong></span> <span class='ocrx_word' id='word_1_5' title='bbox 2224 344 2460 403; x_wconf 72' lang='lat' dir='ltr'><strong>unum.</strong></span> <span class='ocrx_word' id='word_1_6' title='bbox 3418 344 3530 401; x_wconf 73' lang='lat'><strong>702</strong></span> 
     </span>
    </p>
   </div>
   <div class='ocr_carea' id='block_1_2' title="bbox 285 435 3133 512">
    <p class='ocr_par' dir='ltr' id='par_1_2' title="bbox 285 435 3133 512">
     <span class='ocr_line' id='line_1_2' title="bbox 285 435 3133 512; baseline -0.004 -13"><span class='ocrx_word' id='word_1_7' title='bbox 285 443 488 512; x_wconf 80' lang='lat' dir='ltr'><strong>Magnus</strong></span> <span class='ocrx_word' id='word_1_8' title='bbox 513 444 629 494; x_wconf 91' lang='lat' dir='ltr'><strong>erat</strong></span> <span class='ocrx_word' id='word_1_9' title='bbox 648 436 850 505; x_wconf 62' lang='lat' dir='ltr'><strong>Caesar,</strong></span> <span class='ocrx_word' id='word_1_10' title='bbox 884 442 1101 508; x_wconf 89' lang='lat' dir='ltr'><strong>totoque</strong></span> <span class='ocrx_word' id='word_1_11' title='bbox 1129 438 1400 508; x_wconf 91' lang='lat' dir='ltr'><strong>potentior</strong></span> <span class='ocrx_word' id='word_1_12' title='bbox 1420 439 1552 494; x_wconf 83' lang='lat' dir='ltr'><strong>orbe</strong></span> <span class='ocrx_word' id='word_1_13' title='bbox 1579 453 1594 492; x_wconf 89' lang='lat'><strong>:</strong></span> <span class='ocrx_word' id='word_1_14' title='bbox 1873 438 1921 495; x_wconf 80' lang='grc' dir='ltr'><strong>Α</strong></span> <span class='ocrx_word' id='word_1_15' title='bbox 2018 441 2236 495; x_wconf 82' lang='lat' dir='ltr'><strong>Deliciis</strong></span> <span class='ocrx_word' id='word_1_16' title='bbox 2265 448 2452 509; x_wconf 85' lang='lat' dir='ltr'><strong>pastus</strong></span> <span class='ocrx_word' id='word_1_17' title='bbox 2481 452 2605 493; x_wconf 92' lang='lat' dir='ltr'><strong>cum</strong></span> <span class='ocrx_word' id='word_1_18' title='bbox 2636 435 2926 491; x_wconf 89' lang='lat' dir='ltr'><strong>meretrice</strong></span> <span class='ocrx_word' id='word_1_19' title='bbox 2953 437 3133 491; x_wconf 82' lang='lat' dir='ltr'><strong>cubat.</strong></span> 
     </span>
    </p>
   </div>
   <div class='ocr_carea' id='block_1_3' title="bbox 347 527 3296 600">
    <p class='ocr_par' dir='ltr' id='par_1_3' title="bbox 347 527 3296 600">
     <span class='ocr_line' id='line_1_3' title="bbox 347 527 3296 600; baseline -0.001 -15"><span class='ocrx_word' id='word_1_20' title='bbox 347 530 507 597; x_wconf 87' lang='lat' dir='ltr'><strong>Nunc,</strong></span> <span class='ocrx_word' id='word_1_21' title='bbox 534 544 695 599; x_wconf 88' lang='lat' dir='ltr'><strong>quem</strong></span> <span class='ocrx_word' id='word_1_22' title='bbox 724 543 826 585; x_wconf 90' lang='lat' dir='ltr'><strong>nec</strong></span> <span class='ocrx_word' id='word_1_23' title='bbox 854 527 1088 584; x_wconf 90' lang='lat' dir='ltr'><strong>mundus</strong></span> <span class='ocrx_word' id='word_1_24' title='bbox 1117 537 1354 598; x_wconf 90' lang='lat' dir='ltr'><strong>ceperat,</strong></span> <span class='ocrx_word' id='word_1_25' title='bbox 1388 544 1525 585; x_wconf 88' lang='lat' dir='ltr'><strong>urna</strong></span> <span class='ocrx_word' id='word_1_26' title='bbox 1553 530 1719 600; x_wconf 90' lang='lat' dir='ltr'><strong>capit.</strong></span> <span class='ocrx_word' id='word_1_27' title='bbox 1947 533 2084 600; x_wconf 84' lang='lat' dir='ltr'><strong>Quid</strong></span> <span class='ocrx_word' id='word_1_28' title='bbox 2111 543 2286 587; x_wconf 89' lang='lat' dir='ltr'><strong>vestes</strong></span> <span class='ocrx_word' id='word_1_29' title='bbox 2307 531 2563 595; x_wconf 80' lang='lat' dir='ltr'><strong>referam,</strong></span> <span class='ocrx_word' id='word_1_30' title='bbox 2604 529 2790 594; x_wconf 89' lang='lat' dir='ltr'><strong>lectos,</strong></span> <span class='ocrx_word' id='word_1_31' title='bbox 2830 538 2885 584; x_wconf 92' lang='lat' dir='ltr'><strong>et</strong></span> <span class='ocrx_word' id='word_1_32' title='bbox 2906 529 3089 583; x_wconf 75' lang='lat' dir='ltr'><strong>divitis</strong></span> <span class='ocrx_word' id='word_1_33' title='bbox 3118 528 3296 583; x_wconf 85' lang='lat' dir='ltr'><strong>aedes?</strong></span> 
     </span>
    </p>
   </div>
   <div class='ocr_carea' id='block_1_4' title="bbox 286 614 3205 690">
    <p class='ocr_par' dir='ltr' id='par_1_4' title="bbox 286 614 3205 690">
     <span class='ocr_line' id='line_1_4' title="bbox 286 614 3205 690; baseline -0.003 -11"><span class='ocrx_word' id='word_1_34' title='bbox 286 624 369 679; x_wconf 77' lang='lat' dir='ltr'><strong>Sic</strong></span> <span class='ocrx_word' id='word_1_35' title='bbox 401 629 451 676; x_wconf 93' lang='lat' dir='ltr'><strong>et</strong></span> <span class='ocrx_word' id='word_1_36' title='bbox 474 619 781 675; x_wconf 82' lang='lat' dir='ltr'><strong>Alexander</strong></span> <span class='ocrx_word' id='word_1_37' title='bbox 809 618 1139 675; x_wconf 81' lang='lat' dir='ltr'><strong>fortissimus</strong></span> <span class='ocrx_word' id='word_1_38' title='bbox 1175 618 1264 674; x_wconf 91' lang='lat' dir='ltr'><strong>ille</strong></span> <span class='ocrx_word' id='word_1_39' title='bbox 1290 618 1531 685; x_wconf 85' lang='lat' dir='ltr'><strong>Macedo,</strong></span> <span class='ocrx_word' id='word_1_40' title='bbox 1995 614 2204 678; x_wconf 63' lang='lat' dir='ltr'><strong>&quot;Nescit</strong></span> <span class='ocrx_word' id='word_1_41' title='bbox 2229 622 2431 678; x_wconf 89' lang='lat' dir='ltr'><strong>habere</strong></span> <span class='ocrx_word' id='word_1_42' title='bbox 2455 621 2671 677; x_wconf 89' lang='lat' dir='ltr'><strong>modum</strong></span> <span class='ocrx_word' id='word_1_43' title='bbox 2694 620 2916 690; x_wconf 78' lang='lat' dir='ltr'><strong>prodiga</strong></span> <span class='ocrx_word' id='word_1_44' title='bbox 2943 617 3205 671; x_wconf 79' lang='lat' dir='ltr'><strong>luxuries.</strong></span> 
     </span>
    </p>
   </div>
   <div class='ocr_carea' id='block_1_5' title="bbox 346 708 3245 786">
    <p class='ocr_par' dir='ltr' id='par_1_5' title="bbox 346 708 3245 786">
     <span class='ocr_line' id='line_1_5' title="bbox 346 708 3245 786; baseline -0.003 -15"><span class='ocrx_word' id='word_1_45' title='bbox 346 708 616 765; x_wconf 78' lang='lat' dir='ltr'><strong>Clauditur</strong></span> <span class='ocrx_word' id='word_1_46' title='bbox 639 716 871 780; x_wconf 78' lang='lat' dir='ltr'><strong>angusto</strong></span> <span class='ocrx_word' id='word_1_47' title='bbox 897 708 1073 780; x_wconf 85' lang='lat' dir='ltr'><strong>pulvis</strong></span> <span class='ocrx_word' id='word_1_48' title='bbox 1100 719 1154 764; x_wconf 80' lang='lat' dir='ltr'><strong>et</strong></span> <span class='ocrx_word' id='word_1_49' title='bbox 1176 723 1300 764; x_wconf 79' lang='lat' dir='ltr'><strong>ussa</strong></span> <span class='ocrx_word' id='word_1_50' title='bbox 1330 708 1469 765; x_wconf 76' lang='lat' dir='ltr'><strong>loco.</strong></span> <span class='ocrx_word' id='word_1_51' title='bbox 1950 716 2087 772; x_wconf 84' lang='lat' dir='ltr'><strong>lluic</strong></span> <span class='ocrx_word' id='word_1_52' title='bbox 2110 730 2206 786; x_wconf 89' lang='lat' dir='ltr'><strong>per</strong></span> <span class='ocrx_word' id='word_1_53' title='bbox 2231 714 2391 782; x_wconf 84' lang='lat' dir='ltr'><strong>longa</strong></span> <span class='ocrx_word' id='word_1_54' title='bbox 2415 720 2599 768; x_wconf 89' lang='lat' dir='ltr'><strong>meant</strong></span> <span class='ocrx_word' id='word_1_55' title='bbox 2626 711 2780 766; x_wconf 90' lang='lat' dir='ltr'><strong>nitidi</strong></span> <span class='ocrx_word' id='word_1_56' title='bbox 2811 708 3020 765; x_wconf 88' lang='lat' dir='ltr'><strong>canalia</strong></span> <span class='ocrx_word' id='word_1_57' title='bbox 3044 708 3245 774; x_wconf 78' lang='lat' dir='ltr'><strong>fontes,</strong></span> 
     </span>
    </p>
   </div>
   <div class='ocr_carea' id='block_1_6' title="bbox 282 799 3327 871">
    <p class='ocr_par' dir='ltr' id='par_1_6' title="bbox 282 799 3327 871">
     <span class='ocr_line' id='line_1_6' title="bbox 282 799 3327 871; baseline -0.002 -14"><span class='ocrx_word' id='word_1_58' title='bbox 282 800 438 870; x_wconf 79' lang='lat' dir='ltr'><strong>Major</strong></span> <span class='ocrx_word' id='word_1_59' title='bbox 464 808 585 856; x_wconf 91' lang='lat' dir='ltr'><strong>erat</strong></span> <span class='ocrx_word' id='word_1_60' title='bbox 620 800 822 856; x_wconf 91' lang='lat' dir='ltr'><strong>mundo</strong></span> <span class='ocrx_word' id='word_1_61' title='bbox 849 814 1098 871; x_wconf 90' lang='lat' dir='ltr'><strong>magnus,</strong></span> <span class='ocrx_word' id='word_1_62' title='bbox 1130 800 1291 855; x_wconf 90' lang='lat' dir='ltr'><strong>modo</strong></span> <span class='ocrx_word' id='word_1_63' title='bbox 1316 799 1495 856; x_wconf 89' lang='lat' dir='ltr'><strong>nobile</strong></span> <span class='ocrx_word' id='word_1_64' title='bbox 1520 815 1715 871; x_wconf 89' lang='lat' dir='ltr'><strong>corpus</strong></span> <span class='ocrx_word' id='word_1_65' title='bbox 2023 805 2203 860; x_wconf 86' lang='lat' dir='ltr'><strong>Herba</strong></span> <span class='ocrx_word' id='word_1_66' title='bbox 2227 805 2604 859; x_wconf 89' lang='lat' dir='ltr'><strong>columnarum</strong></span> <span class='ocrx_word' id='word_1_67' title='bbox 2635 816 2907 857; x_wconf 85' lang='lat' dir='ltr'><strong>marmore</strong></span> <span class='ocrx_word' id='word_1_68' title='bbox 2941 800 3121 854; x_wconf 87' lang='lat' dir='ltr'><strong>clausa</strong></span> <span class='ocrx_word' id='word_1_69' title='bbox 3150 799 3289 853; x_wconf 87' lang='lat' dir='ltr'><strong>viret</strong></span> <span class='ocrx_word' id='word_1_70' title='bbox 3314 815 3327 851; x_wconf 90' lang='lat'><strong><em>:</em></strong></span> 
     </span>
    </p>
   </div>
   <div class='ocr_carea' id='block_1_7' title="bbox 346 889 3538 968">
    <p class='ocr_par' dir='ltr' id='par_1_7' title="bbox 346 889 3538 968">
     <span class='ocr_line' id='line_1_7' title="bbox 346 889 3538 968; baseline -0.003 -15"><span class='ocrx_word' id='word_1_71' title='bbox 346 889 551 946; x_wconf 70' lang='lat' dir='ltr'><strong>Exsulis</strong></span> <span class='ocrx_word' id='word_1_72' title='bbox 581 889 931 945; x_wconf 72' lang='grc' dir='ltr'><strong>εῑνὶεῑίνὶιίε</strong></span> <span class='ocrx_word' id='word_1_73' title='bbox 960 904 1128 945; x_wconf 70' lang='lat' dir='ltr'><strong>arena</strong></span> <span class='ocrx_word' id='word_1_74' title='bbox 1157 894 1309 960; x_wconf 71' lang='lat' dir='ltr'><strong>leglt-</strong></span> <span class='ocrx_word' id='word_1_75' title='bbox 1952 897 2425 966; x_wconf 81' lang='lat' dir='ltr'><strong>Fructifcrumque</strong></span> <span class='ocrx_word' id='word_1_76' title='bbox 2466 910 2637 968; x_wconf 89' lang='lat' dir='ltr'><strong>genus</strong></span> <span class='ocrx_word' id='word_1_77' title='bbox 2680 905 2852 949; x_wconf 87' lang='lat' dir='ltr'><strong>totum</strong></span> <span class='ocrx_word' id='word_1_78' title='bbox 2899 892 3111 948; x_wconf 88' lang='lat' dir='ltr'><strong>arboris</strong></span> <span class='ocrx_word' id='word_1_79' title='bbox 3162 891 3359 947; x_wconf 87' lang='lat' dir='ltr'><strong>educat</strong></span> <span class='ocrx_word' id='word_1_80' title='bbox 3406 893 3538 947; x_wconf 87' lang='lat' dir='ltr'><strong>hor-</strong></span> 
     </span>
    </p>
   </div>
   <div class='ocr_carea' id='block_1_8' title="bbox 280 976 3460 1057">
    <p class='ocr_par' dir='ltr' id='par_1_8' title="bbox 280 976 3460 1057">
     <span class='ocr_line' id='line_1_8' title="bbox 280 976 3460 1057; baseline -0.007 -22"><span class='ocrx_word' id='word_1_81' title='bbox 280 980 341 1036; x_wconf 86' lang='lat' dir='ltr'><strong>Et</strong></span> <span class='ocrx_word' id='word_1_82' title='bbox 383 977 572 1034; x_wconf 85' lang='lat' dir='ltr'><strong>cecidit</strong></span> <span class='ocrx_word' id='word_1_83' title='bbox 598 976 836 1049; x_wconf 90' lang='lat' dir='ltr'><strong>Babylon</strong></span> <span class='ocrx_word' id='word_1_84' title='bbox 873 996 887 1033; x_wconf 88' lang='lat'><strong>:</strong></span> <span class='ocrx_word' id='word_1_85' title='bbox 912 978 1110 1035; x_wconf 85' lang='lat' dir='ltr'><strong>cecidit</strong></span> <span class='ocrx_word' id='word_1_86' title='bbox 1134 994 1351 1049; x_wconf 90' lang='lat' dir='ltr'><strong>quoque</strong></span> <span class='ocrx_word' id='word_1_87' title='bbox 1374 980 1609 1035; x_wconf 86' lang='lat' dir='ltr'><strong>maxima</strong></span> <span class='ocrx_word' id='word_1_88' title='bbox 1639 980 1799 1051; x_wconf 87' lang='lat' dir='ltr'><strong>Troja</strong></span> <span class='ocrx_word' id='word_1_89' title='bbox 1831 994 1849 1032; x_wconf 89' lang='lat'><strong>:</strong></span> <span class='ocrx_word' id='word_1_90' title='bbox 3309 983 3460 1057; x_wconf 28' lang='lat' dir='ltr'><strong>[msh</strong></span> 
     </span>
    </p>
   </div>
   <div class='ocr_carea' id='block_1_9' title="bbox 342 1069 3235 1148">
    <p class='ocr_par' dir='ltr' id='par_1_9' title="bbox 342 1069 3235 1148">
     <span class='ocr_line' id='line_1_9' title="bbox 342 1069 3235 1148; baseline 0 -21"><span class='ocrx_word' id='word_1_91' title='bbox 342 1069 472 1127; x_wconf 89' lang='lat' dir='ltr'><strong>Olim</strong></span> <span class='ocrx_word' id='word_1_92' title='bbox 510 1069 914 1138; x_wconf 88' lang='lat' dir='ltr'><strong>mundipotens,</strong></span> <span class='ocrx_word' id='word_1_93' title='bbox 944 1070 1144 1141; x_wconf 84' lang='lat' dir='ltr'><strong>aspice,</strong></span> <span class='ocrx_word' id='word_1_94' title='bbox 1180 1070 1353 1126; x_wconf 82' lang='lat' dir='ltr'><strong>Roma</strong></span> <span class='ocrx_word' id='word_1_95' title='bbox 1373 1070 1538 1141; x_wconf 86' lang='lat' dir='ltr'><strong>jacet.</strong></span> <span class='ocrx_word' id='word_1_96' title='bbox 2028 1078 2292 1148; x_wconf 76' lang='lat' dir='ltr'><strong>Mislaque</strong></span> <span class='ocrx_word' id='word_1_97' title='bbox 2322 1076 2639 1148; x_wconf 81' lang='lat' dir='ltr'><strong>sanguineis</strong></span> <span class='ocrx_word' id='word_1_98' title='bbox 2670 1074 2789 1129; x_wconf 90' lang='lat' dir='ltr'><strong>alba</strong></span> <span class='ocrx_word' id='word_1_99' title='bbox 2821 1074 3048 1145; x_wconf 88' lang='lat' dir='ltr'><strong>ligustra</strong></span> <span class='ocrx_word' id='word_1_100' title='bbox 3076 1074 3235 1129; x_wconf 79' lang='lat' dir='ltr'><strong>rosis.</strong></span> 
     </span>
    </p>
   </div>
   <div class='ocr_carea' id='block_1_10' title="bbox 280 1158 3324 1235">
    <p class='ocr_par' dir='ltr' id='par_1_10' title="bbox 280 1158 3324 1235">
     <span class='ocr_line' id='line_1_10' title="bbox 280 1158 3324 1235; baseline -0.004 -3"><span class='ocrx_word' id='word_1_101' title='bbox 280 1162 409 1217; x_wconf 70' lang='lat' dir='ltr'><strong>Ecce</strong></span> <span class='ocrx_word' id='word_1_102' title='bbox 433 1160 523 1215; x_wconf 69' lang='lat' dir='ltr'><strong>diu</strong></span> <span class='ocrx_word' id='word_1_103' title='bbox 552 1174 643 1215; x_wconf 62' lang='lat' dir='ltr'><strong>res</strong></span> <span class='ocrx_word' id='word_1_104' title='bbox 677 1158 823 1213; x_wconf 73' lang='lat' dir='ltr'><strong>“una</strong></span> <span class='ocrx_word' id='word_1_105' title='bbox 846 1168 1030 1215; x_wconf 54' lang='lat' dir='ltr'><strong>manet</strong></span> <span class='ocrx_word' id='word_1_106' title='bbox 1066 1161 1386 1216; x_wconf 66' lang='grc' dir='ltr'><strong>ωοηδιίδυδ</strong></span> <span class='ocrx_word' id='word_1_107' title='bbox 1416 1176 1431 1214; x_wconf 72' lang='grc' dir='ltr'><strong>ε</strong></span> <span class='ocrx_word' id='word_1_108' title='bbox 1455 1175 1585 1217; x_wconf 71' lang='lat' dir='ltr'><strong>ecce</strong></span> <span class='ocrx_word' id='word_1_109' title='bbox 1953 1172 2066 1229; x_wconf 85' lang='lat' dir='ltr'><strong>Nec</strong></span> <span class='ocrx_word' id='word_1_110' title='bbox 2090 1170 2245 1226; x_wconf 69' lang='lat' dir='ltr'><strong>viola:</strong></span> <span class='ocrx_word' id='word_1_111' title='bbox 2266 1169 2464 1225; x_wconf 87' lang='lat' dir='ltr'><strong>desunt</strong></span> <span class='ocrx_word' id='word_1_112' title='bbox 2496 1185 2510 1235; x_wconf 93' lang='lat'><strong>;</strong></span> <span class='ocrx_word' id='word_1_113' title='bbox 2548 1169 2640 1224; x_wconf 92' lang='lat' dir='ltr'><strong>sed</strong></span> <span class='ocrx_word' id='word_1_114' title='bbox 2677 1178 2731 1222; x_wconf 90' lang='lat' dir='ltr'><strong>et</strong></span> <span class='ocrx_word' id='word_1_115' title='bbox 2760 1167 2868 1222; x_wconf 91' lang='lat' dir='ltr'><strong>illic</strong></span> <span class='ocrx_word' id='word_1_116' title='bbox 2892 1166 3039 1222; x_wconf 84' lang='lat' dir='ltr'><strong>ﬂoris</strong></span> <span class='ocrx_word' id='word_1_117' title='bbox 3062 1176 3117 1222; x_wconf 89' lang='lat' dir='ltr'><strong>et</strong></span> <span class='ocrx_word' id='word_1_118' title='bbox 3143 1165 3324 1221; x_wconf 59' lang='lat' dir='ltr'><strong>herbas</strong></span> 
     </span>
    </p>
   </div>
   <div class='ocr_carea' id='block_1_11' title="bbox 342 1249 3302 1331">
    <p class='ocr_par' dir='ltr' id='par_1_11' title="bbox 342 1249 3302 1331">
     <span class='ocr_line' id='line_1_11' title="bbox 342 1249 3302 1331; baseline 0 -24"><span class='ocrx_word' id='word_1_119' title='bbox 342 1250 525 1307; x_wconf 88' lang='lat' dir='ltr'><strong>Nullus</strong></span> <span class='ocrx_word' id='word_1_120' title='bbox 551 1250 728 1305; x_wconf 90' lang='lat' dir='ltr'><strong>honor</strong></span> <span class='ocrx_word' id='word_1_121' title='bbox 757 1250 1028 1318; x_wconf 89' lang='lat' dir='ltr'><strong>prohibet,</strong></span> <span class='ocrx_word' id='word_1_122' title='bbox 1058 1249 1229 1321; x_wconf 91' lang='lat' dir='ltr'><strong>gloria</strong></span> <span class='ocrx_word' id='word_1_123' title='bbox 1260 1250 1430 1316; x_wconf 89' lang='lat' dir='ltr'><strong>nulla,</strong></span> <span class='ocrx_word' id='word_1_124' title='bbox 1470 1252 1631 1305; x_wconf 89' lang='lat' dir='ltr'><strong>mori.</strong></span> <span class='ocrx_word' id='word_1_125' title='bbox 2026 1263 2121 1318; x_wconf 69' lang='grc' dir='ltr'><strong>Εςι</strong></span> <span class='ocrx_word' id='word_1_126' title='bbox 2142 1260 2405 1331; x_wconf 73' lang='lat' dir='ltr'><strong>quidquid</strong></span> <span class='ocrx_word' id='word_1_127' title='bbox 2432 1260 2631 1330; x_wconf 69' lang='lat' dir='ltr'><strong>specie,</strong></span> <span class='ocrx_word' id='word_1_128' title='bbox 2663 1257 2921 1328; x_wconf 86' lang='lat' dir='ltr'><strong>quidquid</strong></span> <span class='ocrx_word' id='word_1_129' title='bbox 2945 1257 3110 1312; x_wconf 77' lang='lat' dir='ltr'><strong>odore</strong></span> <span class='ocrx_word' id='word_1_130' title='bbox 3135 1257 3302 1326; x_wconf 82' lang='lat' dir='ltr'><strong>viget.</strong></span> 
     </span>
    </p>
   </div>
   <div class='ocr_carea' id='block_1_12' title="bbox 280 1339 3322 1424">
    <p class='ocr_par' dir='ltr' id='par_1_12' title="bbox 280 1339 3322 1424">
     <span class='ocr_line' id='line_1_12' title="bbox 280 1339 3322 1424; baseline -0.002 -26"><span class='ocrx_word' id='word_1_131' title='bbox 280 1343 525 1398; x_wconf 86' lang='lat' dir='ltr'><strong>Summus</strong></span> <span class='ocrx_word' id='word_1_132' title='bbox 545 1339 865 1394; x_wconf 83' lang='lat' dir='ltr'><strong>Aristoteles</strong></span> <span class='ocrx_word' id='word_1_133' title='bbox 884 1339 1070 1410; x_wconf 55' lang='lat' dir='ltr'><strong>logica;</strong></span> <span class='ocrx_word' id='word_1_134' title='bbox 1095 1348 1370 1395; x_wconf 89' lang='lat' dir='ltr'><strong>scrutator</strong></span> <span class='ocrx_word' id='word_1_135' title='bbox 1390 1348 1602 1406; x_wconf 88' lang='lat' dir='ltr'><strong>acutus,</strong></span> <span class='ocrx_word' id='word_1_136' title='bbox 1953 1356 2108 1411; x_wconf 72' lang='lat' dir='ltr'><strong>Nunc</strong></span> <span class='ocrx_word' id='word_1_137' title='bbox 2146 1353 2551 1424; x_wconf 67' lang='grc' dir='ltr'><strong>ριιειιειιοιοιιιιηι</strong></span> <span class='ocrx_word' id='word_1_138' title='bbox 2580 1359 2731 1419; x_wconf 62' lang='lat' dir='ltr'><strong>[ergo</strong></span> <span class='ocrx_word' id='word_1_139' title='bbox 2752 1358 3002 1405; x_wconf 64' lang='grc' dir='ltr'><strong>νεοιειυι-</strong></span> <span class='ocrx_word' id='word_1_140' title='bbox 3034 1362 3322 1419; x_wconf 67' lang='lat' dir='ltr'><strong>equorum,</strong></span> 
     </span>
    </p>
   </div>
   <div class='ocr_carea' id='block_1_13' title="bbox 344 1427 1947 1512">
    <p class='ocr_par' dir='ltr' id='par_1_13' title="bbox 344 1427 1359 1500">
     <span class='ocr_line' id='line_1_13' title="bbox 344 1427 1359 1500; baseline -0.004 -12"><span class='ocrx_word' id='word_1_141' title='bbox 344 1430 518 1488; x_wconf 84' lang='lat' dir='ltr'><strong>Edidit</strong></span> <span class='ocrx_word' id='word_1_142' title='bbox 552 1428 767 1500; x_wconf 83' lang='lat' dir='ltr'><strong>ingenio</strong></span> <span class='ocrx_word' id='word_1_143' title='bbox 804 1427 971 1484; x_wconf 89' lang='lat' dir='ltr'><strong>multa</strong></span> <span class='ocrx_word' id='word_1_144' title='bbox 1000 1438 1215 1500; x_wconf 91' lang='lat' dir='ltr'><strong>reperta</strong></span> <span class='ocrx_word' id='word_1_145' title='bbox 1241 1444 1359 1485; x_wconf 91' lang='lat' dir='ltr'><strong>suo.</strong></span> 
     </span>
    </p>
   </div>
   <div class='ocr_carea' id='block_1_14' title="bbox 1655 1427 3258 1512">
    <p class='ocr_par' dir='ltr' id='par_1_14' title="bbox 2024 1436 3258 1512">
     <span class='ocr_line' id='line_1_14' title="bbox 2024 1436 3258 1512; baseline -0.01 -10"><span class='ocrx_word' id='word_1_146' title='bbox 2024 1445 2179 1501; x_wconf 82' lang='lat' dir='ltr'><strong>Nunc</strong></span> <span class='ocrx_word' id='word_1_147' title='bbox 2199 1452 2443 1502; x_wconf 87' lang='lat' dir='ltr'><strong>saturum</strong></span> <span class='ocrx_word' id='word_1_148' title='bbox 2464 1442 2609 1497; x_wconf 90' lang='lat' dir='ltr'><strong>lento</strong></span> <span class='ocrx_word' id='word_1_149' title='bbox 2640 1440 2844 1512; x_wconf 78' lang='lat' dir='ltr'><strong>remige</strong></span> <span class='ocrx_word' id='word_1_150' title='bbox 2869 1440 3060 1510; x_wconf 81' lang='lat' dir='ltr'><strong>cymba</strong></span> <span class='ocrx_word' id='word_1_151' title='bbox 3091 1436 3258 1493; x_wconf 90' lang='lat' dir='ltr'><strong>vehit.</strong></span> 
     </span>
    </p>
   </div>
   <div class='ocr_carea' id='block_1_15' title="bbox 277 1522 1880 1599">
    <p class='ocr_par' dir='ltr' id='par_1_15' title="bbox 277 1522 1707 1596">
     <span class='ocr_line' id='line_1_15' title="bbox 277 1522 1707 1596; baseline -0.002 -15"><span class='ocrx_word' id='word_1_152' title='bbox 277 1526 387 1581; x_wconf 83' lang='lat' dir='ltr'><strong>Non</strong></span> <span class='ocrx_word' id='word_1_153' title='bbox 427 1522 759 1596; x_wconf 79' lang='lat' dir='ltr'><strong>syllogismo,</strong></span> <span class='ocrx_word' id='word_1_154' title='bbox 790 1537 897 1578; x_wconf 92' lang='lat' dir='ltr'><strong>non</strong></span> <span class='ocrx_word' id='word_1_155' title='bbox 927 1523 1331 1594; x_wconf 83' lang='lat' dir='ltr'><strong>enthymemate</strong></span> <span class='ocrx_word' id='word_1_156' title='bbox 1358 1522 1563 1579; x_wconf 81' lang='lat' dir='ltr'><strong>factum</strong></span> <span class='ocrx_word' id='word_1_157' title='bbox 1601 1532 1707 1590; x_wconf 90' lang='lat' dir='ltr'><strong>est,</strong></span> 
     </span>
    </p>
   </div>
   <div class='ocr_carea' id='block_1_16' title="bbox 1831 1522 3434 1599">
    <p class='ocr_par' dir='ltr' id='par_1_16' title="bbox 1955 1525 3434 1599">
     <span class='ocr_line' id='line_1_16' title="bbox 1955 1525 3434 1599; baseline -0.011 -7"><span class='ocrx_word' id='word_1_158' title='bbox 1955 1535 2109 1592; x_wconf 88' lang='lat' dir='ltr'><strong>Nunc</strong></span> <span class='ocrx_word' id='word_1_159' title='bbox 2147 1534 2297 1590; x_wconf 89' lang='lat' dir='ltr'><strong>illum</strong></span> <span class='ocrx_word' id='word_1_160' title='bbox 2334 1546 2455 1588; x_wconf 85' lang='lat' dir='ltr'><strong>esse</strong></span> <span class='ocrx_word' id='word_1_161' title='bbox 2478 1530 2632 1599; x_wconf 83' lang='lat' dir='ltr'><strong>juvat</strong></span> <span class='ocrx_word' id='word_1_162' title='bbox 2654 1528 2753 1584; x_wconf 92' lang='lat' dir='ltr'><strong>sub</strong></span> <span class='ocrx_word' id='word_1_163' title='bbox 2796 1525 3180 1597; x_wconf 88' lang='lat' dir='ltr'><strong>papilionibus,</strong></span> <span class='ocrx_word' id='word_1_164' title='bbox 3213 1531 3268 1578; x_wconf 92' lang='lat' dir='ltr'><strong>et</strong></span> <span class='ocrx_word' id='word_1_165' title='bbox 3290 1534 3434 1578; x_wconf 89' lang='lat' dir='ltr'><strong>nunc</strong></span> 
     </span>
    </p>
   </div>
   <div class='ocr_carea' id='block_1_17' title="bbox 342 1613 3360 1690">
    <p class='ocr_par' dir='ltr' id='par_1_17' title="bbox 342 1613 3360 1690">
     <span class='ocr_line' id='line_1_17' title="bbox 342 1613 3360 1690; baseline -0.006 -5"><span class='ocrx_word' id='word_1_166' title='bbox 342 1616 414 1674; x_wconf 65' lang='grc' dir='ltr'><strong>υἱ</strong></span> <span class='ocrx_word' id='word_1_167' title='bbox 434 1616 634 1672; x_wconf 53' lang='lat' dir='ltr'><strong>&quot;euelli</strong></span> <span class='ocrx_word' id='word_1_168' title='bbox 669 1622 820 1669; x_wconf 66' lang='grc' dir='ltr'><strong>ιθηιο</strong></span> <span class='ocrx_word' id='word_1_169' title='bbox 842 1626 1068 1685; x_wconf 63' lang='lat' dir='ltr'><strong>l’al’cere</strong></span> <span class='ocrx_word' id='word_1_170' title='bbox 1108 1613 1221 1669; x_wconf 63' lang='lat' dir='ltr'><strong>fam</strong></span> <span class='ocrx_word' id='word_1_171' title='bbox 1248 1614 1389 1670; x_wconf 73' lang='grc' dir='ltr'><strong>νίτο·</strong></span> <span class='ocrx_word' id='word_1_172' title='bbox 2026 1626 2197 1682; x_wconf 87' lang='lat' dir='ltr'><strong>Grata</strong></span> <span class='ocrx_word' id='word_1_173' title='bbox 2244 1623 2346 1679; x_wconf 89' lang='lat' dir='ltr'><strong>sub</strong></span> <span class='ocrx_word' id='word_1_174' title='bbox 2376 1621 2621 1677; x_wconf 88' lang='lat' dir='ltr'><strong>arboreis</strong></span> <span class='ocrx_word' id='word_1_175' title='bbox 2655 1619 2919 1690; x_wconf 71' lang='lat' dir='ltr'><strong>qumritur</strong></span> <span class='ocrx_word' id='word_1_176' title='bbox 2945 1616 3134 1670; x_wconf 89' lang='lat' dir='ltr'><strong>umbra</strong></span> <span class='ocrx_word' id='word_1_177' title='bbox 3170 1613 3360 1669; x_wconf 90' lang='lat' dir='ltr'><strong>comis.</strong></span> 
     </span>
    </p>
   </div>
   <div class='ocr_carea' id='block_1_18' title="bbox 278 1705 3290 1781">
    <p class='ocr_par' dir='ltr' id='par_1_18' title="bbox 278 1705 3290 1781">
     <span class='ocr_line' id='line_1_18' title="bbox 278 1705 3290 1781; baseline 0 -19"><span class='ocrx_word' id='word_1_178' title='bbox 278 1708 408 1775; x_wconf 87' lang='lat' dir='ltr'><strong>Quid</strong></span> <span class='ocrx_word' id='word_1_179' title='bbox 432 1714 746 1778; x_wconf 88' lang='lat' dir='ltr'><strong>penetrasse</strong></span> <span class='ocrx_word' id='word_1_180' title='bbox 787 1705 981 1762; x_wconf 88' lang='lat' dir='ltr'><strong>invitat</strong></span> <span class='ocrx_word' id='word_1_181' title='bbox 1020 1716 1230 1761; x_wconf 65' lang='lat' dir='ltr'><strong>naturae</strong></span> <span class='ocrx_word' id='word_1_182' title='bbox 1260 1721 1459 1762; x_wconf 88' lang='lat' dir='ltr'><strong>arcana</strong></span> <span class='ocrx_word' id='word_1_183' title='bbox 1482 1707 1782 1774; x_wconf 88' lang='lat' dir='ltr'><strong>Platonem,</strong></span> <span class='ocrx_word' id='word_1_184' title='bbox 1888 1776 1921 1781; x_wconf 32' lang='grc' dir='ltr'><strong>η</strong></span> <span class='ocrx_word' id='word_1_185' title='bbox 1956 1718 2110 1773; x_wconf 74' lang='lat' dir='ltr'><strong>Nunc</strong></span> <span class='ocrx_word' id='word_1_186' title='bbox 2135 1715 2439 1771; x_wconf 80' lang='lat' dir='ltr'><strong>delectatur</strong></span> <span class='ocrx_word' id='word_1_187' title='bbox 2474 1713 2667 1777; x_wconf 85' lang='lat' dir='ltr'><strong>turbis,</strong></span> <span class='ocrx_word' id='word_1_188' title='bbox 2700 1720 2755 1766; x_wconf 91' lang='lat' dir='ltr'><strong>et</strong></span> <span class='ocrx_word' id='word_1_189' title='bbox 2780 1708 3055 1781; x_wconf 89' lang='lat' dir='ltr'><strong>plausibus</strong></span> <span class='ocrx_word' id='word_1_190' title='bbox 3084 1706 3234 1761; x_wconf 85' lang='lat' dir='ltr'><strong>urbis</strong></span> <span class='ocrx_word' id='word_1_191' title='bbox 3274 1722 3290 1760; x_wconf 90' lang='lat'><strong>:</strong></span> 
     </span>
    </p>
   </div>
   <div class='ocr_carea' id='block_1_19' title="bbox 342 1776 3125 1877">
    <p class='ocr_par' dir='ltr' id='par_1_19' title="bbox 342 1776 3125 1877">
     <span class='ocr_line' id='line_1_19' title="bbox 342 1776 3125 1877; baseline -0.004 -13"><span class='ocrx_word' id='word_1_192' title='bbox 342 1801 406 1856; x_wconf 82' lang='grc' dir='ltr'><strong>Ει</strong></span> <span class='ocrx_word' id='word_1_193' title='bbox 432 1776 635 1856; x_wconf 58' lang='grc' dir='ltr'><strong>ίῐιιιῐιάο</strong></span> <span class='ocrx_word' id='word_1_194' title='bbox 664 1799 844 1857; x_wconf 73' lang='lat' dir='ltr'><strong>studio</strong></span> <span class='ocrx_word' id='word_1_195' title='bbox 874 1798 1046 1854; x_wconf 71' lang='lat' dir='ltr'><strong>multa</strong></span> <span class='ocrx_word' id='word_1_196' title='bbox 1076 1798 1291 1855; x_wconf 73' lang='grc' dir='ltr'><strong>άθάίεεθ</strong></span> <span class='ocrx_word' id='word_1_197' title='bbox 1321 1800 1464 1855; x_wconf 77' lang='lat' dir='ltr'><strong>SUO?</strong></span> <span class='ocrx_word' id='word_1_198' title='bbox 1886 1776 1929 1834; x_wconf 70' lang='grc' dir='ltr'><strong>Β</strong></span> <span class='ocrx_word' id='word_1_199' title='bbox 2028 1809 2096 1864; x_wconf 86' lang='lat' dir='ltr'><strong>Et</strong></span> <span class='ocrx_word' id='word_1_200' title='bbox 2122 1807 2281 1862; x_wconf 90' lang='lat' dir='ltr'><strong>modo</strong></span> <span class='ocrx_word' id='word_1_201' title='bbox 2302 1805 2543 1877; x_wconf 89' lang='lat' dir='ltr'><strong>privatus</strong></span> <span class='ocrx_word' id='word_1_202' title='bbox 2580 1776 2923 1874; x_wconf 34' lang='lat' dir='ltr'><strong>degere&#39;rure</strong></span> <span class='ocrx_word' id='word_1_203' title='bbox 2958 1800 3125 1870; x_wconf 92' lang='lat' dir='ltr'><strong>cupit.</strong></span> 
     </span>
    </p>
   </div>
   <div class='ocr_carea' id='block_1_20' title="bbox 277 1884 3543 1968">
    <p class='ocr_par' dir='ltr' id='par_1_20' title="bbox 277 1884 3543 1968">
     <span class='ocr_line' id='line_1_20' title="bbox 277 1884 3543 1968; baseline -0.003 -20"><span class='ocrx_word' id='word_1_204' title='bbox 277 1892 415 1949; x_wconf 82' lang='lat' dir='ltr'><strong>Solis</strong></span> <span class='ocrx_word' id='word_1_205' title='bbox 440 1894 565 1961; x_wconf 91' lang='lat' dir='ltr'><strong>iter,</strong></span> <span class='ocrx_word' id='word_1_206' title='bbox 582 1892 815 1964; x_wconf 88' lang='lat' dir='ltr'><strong>coelique</strong></span> <span class='ocrx_word' id='word_1_207' title='bbox 841 1891 1046 1963; x_wconf 83' lang='lat' dir='ltr'><strong>plagas,</strong></span> <span class='ocrx_word' id='word_1_208' title='bbox 1079 1891 1328 1961; x_wconf 84' lang='lat' dir='ltr'><strong>lunaeque</strong></span> <span class='ocrx_word' id='word_1_209' title='bbox 1357 1900 1573 1948; x_wconf 91' lang='lat' dir='ltr'><strong>meatus</strong></span> <span class='ocrx_word' id='word_1_210' title='bbox 1591 1948 1605 1959; x_wconf 81' lang='grc'><strong><em>,</em></strong></span> <span class='ocrx_word' id='word_1_211' title='bbox 1959 1896 2230 1968; x_wconf 87' lang='lat' dir='ltr'><strong>Quidquid</strong></span> <span class='ocrx_word' id='word_1_212' title='bbox 2262 1894 2424 1950; x_wconf 89' lang='lat' dir='ltr'><strong>molle</strong></span> <span class='ocrx_word' id='word_1_213' title='bbox 2448 1892 2622 1963; x_wconf 91' lang='lat' dir='ltr'><strong>juvat,</strong></span> <span class='ocrx_word' id='word_1_214' title='bbox 2653 1892 2799 1963; x_wconf 88' lang='lat' dir='ltr'><strong>quod</strong></span> <span class='ocrx_word' id='word_1_215' title='bbox 2825 1891 2965 1953; x_wconf 88' lang='lat' dir='ltr'><strong>visu,</strong></span> <span class='ocrx_word' id='word_1_216' title='bbox 3009 1888 3263 1960; x_wconf 86' lang='lat' dir='ltr'><strong>quodque</strong></span> <span class='ocrx_word' id='word_1_217' title='bbox 3286 1884 3543 1941; x_wconf 89' lang='lat' dir='ltr'><strong>decorum</strong></span> 
     </span>
    </p>
   </div>
   <div class='ocr_carea' id='block_1_21' title="bbox 342 1974 3469 2055">
    <p class='ocr_par' dir='ltr' id='par_1_21' title="bbox 342 1974 3469 2055">
     <span class='ocr_line' id='line_1_21' title="bbox 342 1974 3469 2055; baseline 0.001 -17"><span class='ocrx_word' id='word_1_218' title='bbox 342 1984 409 2038; x_wconf 89' lang='lat' dir='ltr'><strong>Et</strong></span> <span class='ocrx_word' id='word_1_219' title='bbox 434 1998 567 2055; x_wconf 89' lang='lat' dir='ltr'><strong>vaga</strong></span> <span class='ocrx_word' id='word_1_220' title='bbox 592 1999 688 2039; x_wconf 89' lang='lat' dir='ltr'><strong>seu</strong></span> <span class='ocrx_word' id='word_1_221' title='bbox 712 1998 926 2039; x_wconf 90' lang='lat' dir='ltr'><strong>summo</strong></span> <span class='ocrx_word' id='word_1_222' title='bbox 954 1982 1132 2038; x_wconf 87' lang='lat' dir='ltr'><strong>sidera</strong></span> <span class='ocrx_word' id='word_1_223' title='bbox 1163 1981 1270 2037; x_wconf 84' lang='lat' dir='ltr'><strong>ﬁxa</strong></span> <span class='ocrx_word' id='word_1_224' title='bbox 1301 1983 1426 2053; x_wconf 90' lang='lat' dir='ltr'><strong>polo</strong></span> <span class='ocrx_word' id='word_1_225' title='bbox 1451 2025 1467 2051; x_wconf 92' lang='lat'><strong>,</strong></span> <span class='ocrx_word' id='word_1_226' title='bbox 3255 1974 3469 2049; x_wconf 52' lang='lat'><strong>[659“.</strong></span> 
     </span>
    </p>
   </div>
   <div class='ocr_carea' id='block_1_22' title="bbox 274 2067 3252 2145">
    <p class='ocr_par' dir='ltr' id='par_1_22' title="bbox 274 2067 3252 2145">
     <span class='ocr_line' id='line_1_22' title="bbox 274 2067 3252 2145; baseline -0.002 -18"><span class='ocrx_word' id='word_1_227' title='bbox 274 2072 541 2144; x_wconf 79' lang='lat' dir='ltr'><strong>Multaque</strong></span> <span class='ocrx_word' id='word_1_228' title='bbox 565 2084 827 2145; x_wconf 63' lang='lat' dir='ltr'><strong>praeterea</strong></span> <span class='ocrx_word' id='word_1_229' title='bbox 856 2074 990 2130; x_wconf 86' lang='lat' dir='ltr'><strong>satis</strong></span> <span class='ocrx_word' id='word_1_230' title='bbox 1011 2074 1180 2128; x_wconf 88' lang='lat' dir='ltr'><strong>ardua</strong></span> <span class='ocrx_word' id='word_1_231' title='bbox 1206 2085 1432 2130; x_wconf 85' lang='lat' dir='ltr'><strong>noverat</strong></span> <span class='ocrx_word' id='word_1_232' title='bbox 1461 2094 1475 2131; x_wconf 85' lang='lat'><strong>:</strong></span> <span class='ocrx_word' id='word_1_233' title='bbox 1509 2085 1565 2132; x_wconf 91' lang='lat' dir='ltr'><strong>et</strong></span> <span class='ocrx_word' id='word_1_234' title='bbox 1587 2092 1733 2132; x_wconf 91' lang='lat' dir='ltr'><strong>nunc</strong></span> <span class='ocrx_word' id='word_1_235' title='bbox 2032 2075 2305 2145; x_wconf 90' lang='lat' dir='ltr'><strong>Dulceque</strong></span> <span class='ocrx_word' id='word_1_236' title='bbox 2332 2073 2609 2145; x_wconf 89' lang='lat' dir='ltr'><strong>corporeis</strong></span> <span class='ocrx_word' id='word_1_237' title='bbox 2640 2072 2890 2129; x_wconf 88' lang='lat' dir='ltr'><strong>sensibus</strong></span> <span class='ocrx_word' id='word_1_238' title='bbox 2918 2083 3038 2125; x_wconf 89' lang='lat' dir='ltr'><strong>esse</strong></span> <span class='ocrx_word' id='word_1_239' title='bbox 3068 2067 3207 2124; x_wconf 86' lang='lat' dir='ltr'><strong>solet</strong></span> <span class='ocrx_word' id='word_1_240' title='bbox 3236 2084 3252 2121; x_wconf 87' lang='lat'><strong>:</strong></span> 
     </span>
    </p>
   </div>
   <div class='ocr_carea' id='block_1_23' title="bbox 337 2160 3376 2236">
    <p class='ocr_par' dir='ltr' id='par_1_23' title="bbox 337 2160 3376 2236">
     <span class='ocr_line' id='line_1_23' title="bbox 337 2160 3376 2236; baseline -0.002 -16"><span class='ocrx_word' id='word_1_241' title='bbox 337 2162 698 2236; x_wconf 87' lang='lat' dir='ltr'><strong>Philosophus</strong></span> <span class='ocrx_word' id='word_1_242' title='bbox 729 2166 867 2222; x_wconf 88' lang='lat' dir='ltr'><strong>cinis</strong></span> <span class='ocrx_word' id='word_1_243' title='bbox 895 2174 979 2221; x_wconf 90' lang='lat' dir='ltr'><strong>est</strong></span> <span class='ocrx_word' id='word_1_244' title='bbox 1014 2183 1029 2221; x_wconf 89' lang='lat'><strong>:</strong></span> <span class='ocrx_word' id='word_1_245' title='bbox 1061 2180 1257 2221; x_wconf 88' lang='lat' dir='ltr'><strong>nomen</strong></span> <span class='ocrx_word' id='word_1_246' title='bbox 1287 2167 1450 2224; x_wconf 89' lang='lat' dir='ltr'><strong>inane</strong></span> <span class='ocrx_word' id='word_1_247' title='bbox 1474 2180 1676 2225; x_wconf 88' lang='lat' dir='ltr'><strong>manet.</strong></span> <span class='ocrx_word' id='word_1_248' title='bbox 1960 2167 2075 2224; x_wconf 81' lang='lat' dir='ltr'><strong>Heu</strong></span> <span class='ocrx_word' id='word_1_249' title='bbox 2106 2166 2337 2222; x_wconf 89' lang='lat' dir='ltr'><strong>misero!</strong></span> <span class='ocrx_word' id='word_1_250' title='bbox 2372 2174 2540 2220; x_wconf 90' lang='lat' dir='ltr'><strong>totum</strong></span> <span class='ocrx_word' id='word_1_251' title='bbox 2571 2173 2757 2234; x_wconf 90' lang='lat' dir='ltr'><strong>turpes</strong></span> <span class='ocrx_word' id='word_1_252' title='bbox 2779 2164 2849 2195; x_wconf 63' lang='lat' dir='ltr'><strong>m</strong></span> <span class='ocrx_word' id='word_1_253' title='bbox 2878 2161 3111 2218; x_wconf 85' lang='lat' dir='ltr'><strong>deﬂectit</strong></span> <span class='ocrx_word' id='word_1_254' title='bbox 3136 2160 3190 2215; x_wconf 93' lang='lat' dir='ltr'><strong>in</strong></span> <span class='ocrx_word' id='word_1_255' title='bbox 3220 2173 3376 2225; x_wconf 79' lang='lat' dir='ltr'><strong>usus,</strong></span> 
     </span>
    </p>
   </div>
   <div class='ocr_carea' id='block_1_24' title="bbox 274 2255 3203 2329">
    <p class='ocr_par' dir='ltr' id='par_1_24' title="bbox 274 2255 3203 2329">
     <span class='ocr_line' id='line_1_24' title="bbox 274 2255 3203 2329; baseline -0.002 -18"><span class='ocrx_word' id='word_1_256' title='bbox 274 2256 406 2311; x_wconf 91' lang='lat' dir='ltr'><strong>Dum</strong></span> <span class='ocrx_word' id='word_1_257' title='bbox 436 2271 527 2312; x_wconf 90' lang='lat' dir='ltr'><strong>res</strong></span> <span class='ocrx_word' id='word_1_258' title='bbox 556 2265 610 2312; x_wconf 92' lang='lat' dir='ltr'><strong>et</strong></span> <span class='ocrx_word' id='word_1_259' title='bbox 631 2271 812 2311; x_wconf 86' lang='lat' dir='ltr'><strong>rerum</strong></span> <span class='ocrx_word' id='word_1_260' title='bbox 853 2271 1047 2318; x_wconf 83' lang='lat' dir='ltr'><strong>causas</strong></span> <span class='ocrx_word' id='word_1_261' title='bbox 1082 2257 1316 2327; x_wconf 85' lang='lat' dir='ltr'><strong>vestigat</strong></span> <span class='ocrx_word' id='word_1_262' title='bbox 1343 2258 1644 2329; x_wconf 83' lang='lat' dir='ltr'><strong>Hypocras,</strong></span> <span class='ocrx_word' id='word_1_263' title='bbox 2031 2257 2297 2327; x_wconf 84' lang='lat' dir='ltr'><strong>Nullaque</strong></span> <span class='ocrx_word' id='word_1_264' title='bbox 2325 2256 2561 2311; x_wconf 88' lang='lat' dir='ltr'><strong>declinat</strong></span> <span class='ocrx_word' id='word_1_265' title='bbox 2588 2255 2805 2311; x_wconf 90' lang='lat' dir='ltr'><strong>sordida</strong></span> <span class='ocrx_word' id='word_1_266' title='bbox 2833 2263 2989 2323; x_wconf 90' lang='lat' dir='ltr'><strong>turpe</strong></span> <span class='ocrx_word' id='word_1_267' title='bbox 3017 2266 3203 2323; x_wconf 89' lang='lat' dir='ltr'><strong>pecus.</strong></span> 
     </span>
    </p>
   </div>
   <div class='ocr_carea' id='block_1_25' title="bbox 332 2342 3329 2422">
    <p class='ocr_par' dir='ltr' id='par_1_25' title="bbox 332 2342 3329 2422">
     <span class='ocr_line' id='line_1_25' title="bbox 332 2342 3329 2422; baseline -0.002 -19"><span class='ocrx_word' id='word_1_268' title='bbox 332 2349 473 2403; x_wconf 93' lang='lat' dir='ltr'><strong>Dum</strong></span> <span class='ocrx_word' id='word_1_269' title='bbox 506 2349 574 2402; x_wconf 89' lang='lat' dir='ltr'><strong>de</strong></span> <span class='ocrx_word' id='word_1_270' title='bbox 602 2347 810 2402; x_wconf 89' lang='lat' dir='ltr'><strong>naturis</strong></span> <span class='ocrx_word' id='word_1_271' title='bbox 837 2349 1078 2417; x_wconf 88' lang='lat' dir='ltr'><strong>disputat</strong></span> <span class='ocrx_word' id='word_1_272' title='bbox 1103 2387 1119 2413; x_wconf 94' lang='lat'><strong>,</strong></span> <span class='ocrx_word' id='word_1_273' title='bbox 1157 2357 1321 2418; x_wconf 88' lang='lat' dir='ltr'><strong>atque</strong></span> <span class='ocrx_word' id='word_1_274' title='bbox 1353 2350 1466 2404; x_wconf 89' lang='lat' dir='ltr'><strong>suis</strong></span> <span class='ocrx_word' id='word_1_275' title='bbox 1961 2352 2104 2420; x_wconf 83' lang='lat' dir='ltr'><strong>Ergo</strong></span> <span class='ocrx_word' id='word_1_276' title='bbox 2120 2351 2284 2422; x_wconf 87' lang='lat' dir='ltr'><strong>jocis,</strong></span> <span class='ocrx_word' id='word_1_277' title='bbox 2314 2365 2533 2414; x_wconf 88' lang='lat' dir='ltr'><strong>venere,</strong></span> <span class='ocrx_word' id='word_1_278' title='bbox 2561 2357 2615 2403; x_wconf 91' lang='lat' dir='ltr'><strong>et</strong></span> <span class='ocrx_word' id='word_1_279' title='bbox 2642 2349 2790 2413; x_wconf 91' lang='lat' dir='ltr'><strong>vino,</strong></span> <span class='ocrx_word' id='word_1_280' title='bbox 2817 2358 3117 2415; x_wconf 89' lang='lat' dir='ltr'><strong>somnoque</strong></span> <span class='ocrx_word' id='word_1_281' title='bbox 3152 2342 3329 2399; x_wconf 67' lang='lat' dir='ltr'><strong>beata:</strong></span> 
     </span>
    </p>
   </div>
   <div class='ocr_carea' id='block_1_26' title="bbox 268 2438 3048 2514">
    <p class='ocr_par' dir='ltr' id='par_1_26' title="bbox 268 2438 3048 2514">
     <span class='ocr_line' id='line_1_26' title="bbox 268 2438 3048 2514; baseline 0 -22"><span class='ocrx_word' id='word_1_282' title='bbox 268 2438 551 2494; x_wconf 65' lang='lat' dir='ltr'><strong>luserit”o</strong></span> <span class='ocrx_word' id='word_1_283' title='bbox 584 2440 671 2494; x_wconf 92' lang='lat' dir='ltr'><strong>illa</strong></span> <span class='ocrx_word' id='word_1_284' title='bbox 700 2439 875 2507; x_wconf 89' lang='lat' dir='ltr'><strong>libris,</strong></span> <span class='ocrx_word' id='word_1_285' title='bbox 904 2440 1031 2495; x_wconf 89' lang='lat' dir='ltr'><strong>dum</strong></span> <span class='ocrx_word' id='word_1_286' title='bbox 1060 2440 1227 2495; x_wconf 89' lang='lat' dir='ltr'><strong>multa</strong></span> <span class='ocrx_word' id='word_1_287' title='bbox 1257 2440 1481 2496; x_wconf 88' lang='lat' dir='ltr'><strong>latentia</strong></span> <span class='ocrx_word' id='word_1_288' title='bbox 1504 2442 1572 2473; x_wconf 72' lang='grc'><strong>³⁵³</strong></span> <span class='ocrx_word' id='word_1_289' title='bbox 1595 2442 1793 2512; x_wconf 92' lang='lat' dir='ltr'><strong>prodit,</strong></span> <span class='ocrx_word' id='word_1_290' title='bbox 2036 2443 2306 2514; x_wconf 87' lang='lat' dir='ltr'><strong>Expendit</strong></span> <span class='ocrx_word' id='word_1_291' title='bbox 2340 2443 2464 2497; x_wconf 71' lang='lat' dir='ltr'><strong>vita:</strong></span> <span class='ocrx_word' id='word_1_292' title='bbox 2493 2450 2734 2511; x_wconf 88' lang='lat' dir='ltr'><strong>tempora</strong></span> <span class='ocrx_word' id='word_1_293' title='bbox 2770 2448 2880 2493; x_wconf 89' lang='lat' dir='ltr'><strong>tota</strong></span> <span class='ocrx_word' id='word_1_294' title='bbox 2918 2452 3048 2493; x_wconf 68' lang='lat' dir='ltr'><strong>suae.</strong></span> 
     </span>
    </p>
   </div>
   <div class='ocr_carea' id='block_1_27' title="bbox 335 2522 3408 2605">
    <p class='ocr_par' dir='ltr' id='par_1_27' title="bbox 335 2522 3408 2605">
     <span class='ocr_line' id='line_1_27' title="bbox 335 2522 3408 2605; baseline -0.002 -18"><span class='ocrx_word' id='word_1_295' title='bbox 335 2532 475 2587; x_wconf 87' lang='lat' dir='ltr'><strong>Dum</strong></span> <span class='ocrx_word' id='word_1_296' title='bbox 505 2532 812 2587; x_wconf 87' lang='lat' dir='ltr'><strong>medicinali</strong></span> <span class='ocrx_word' id='word_1_297' title='bbox 836 2548 1065 2603; x_wconf 91' lang='lat' dir='ltr'><strong>corpora</strong></span> <span class='ocrx_word' id='word_1_298' title='bbox 1090 2541 1273 2589; x_wconf 87' lang='lat' dir='ltr'><strong>servat</strong></span> <span class='ocrx_word' id='word_1_299' title='bbox 1305 2548 1428 2603; x_wconf 89' lang='lat' dir='ltr'><strong>ope,</strong></span> <span class='ocrx_word' id='word_1_300' title='bbox 1960 2536 2189 2605; x_wconf 80' lang='lat' dir='ltr'><strong>Jamque</strong></span> <span class='ocrx_word' id='word_1_301' title='bbox 2216 2549 2343 2588; x_wconf 80' lang='lat' dir='ltr'><strong>caro</strong></span> <span class='ocrx_word' id='word_1_302' title='bbox 2376 2542 2520 2587; x_wconf 91' lang='lat' dir='ltr'><strong>totus</strong></span> <span class='ocrx_word' id='word_1_303' title='bbox 2549 2531 2723 2586; x_wconf 89' lang='lat' dir='ltr'><strong>nescit</strong></span> <span class='ocrx_word' id='word_1_304' title='bbox 2751 2545 2915 2599; x_wconf 88' lang='lat' dir='ltr'><strong>quam</strong></span> <span class='ocrx_word' id='word_1_305' title='bbox 2943 2527 3128 2583; x_wconf 88' lang='lat' dir='ltr'><strong>devius</strong></span> <span class='ocrx_word' id='word_1_306' title='bbox 3147 2522 3217 2558; x_wconf 79' lang='grc'>¹⁶⁸</span> <span class='ocrx_word' id='word_1_307' title='bbox 3244 2532 3408 2581; x_wconf 81' lang='lat' dir='ltr'><strong>erret.</strong></span> 
     </span>
    </p>
   </div>
   <div class='ocr_carea' id='block_1_28' title="bbox 272 2609 3512 2693">
    <p class='ocr_par' dir='ltr' id='par_1_28' title="bbox 272 2609 3512 2693">
     <span class='ocr_line' id='line_1_28' title="bbox 272 2609 3512 2693; baseline -0.002 -17"><span class='ocrx_word' id='word_1_308' title='bbox 272 2622 465 2693; x_wconf 83' lang='lat' dir='ltr'><strong>lugens</strong></span> <span class='ocrx_word' id='word_1_309' title='bbox 490 2622 634 2677; x_wconf 80' lang='lat' dir='ltr'><strong>fama</strong></span> <span class='ocrx_word' id='word_1_310' title='bbox 662 2624 766 2681; x_wconf 90' lang='lat' dir='ltr'><strong>viri</strong></span> <span class='ocrx_word' id='word_1_311' title='bbox 797 2633 910 2678; x_wconf 89' lang='lat' dir='ltr'><strong>toto</strong></span> <span class='ocrx_word' id='word_1_312' title='bbox 934 2623 1257 2679; x_wconf 80' lang='lat' dir='ltr'><strong>dill‘unditur</strong></span> <span class='ocrx_word' id='word_1_313' title='bbox 1280 2623 1442 2690; x_wconf 87' lang='lat' dir='ltr'><strong>orbe;</strong></span> <span class='ocrx_word' id='word_1_314' title='bbox 2035 2625 2185 2680; x_wconf 82' lang='lat' dir='ltr'><strong>Mens</strong></span> <span class='ocrx_word' id='word_1_315' title='bbox 2208 2623 2346 2677; x_wconf 86' lang='lat' dir='ltr'><strong>male</strong></span> <span class='ocrx_word' id='word_1_316' title='bbox 2381 2638 2567 2692; x_wconf 84' lang='lat' dir='ltr'><strong>pressa</strong></span> <span class='ocrx_word' id='word_1_317' title='bbox 2594 2620 2745 2693; x_wconf 84' lang='lat' dir='ltr'><strong>gravi</strong></span> <span class='ocrx_word' id='word_1_318' title='bbox 2774 2620 3012 2690; x_wconf 90' lang='lat' dir='ltr'><strong>pondere</strong></span> <span class='ocrx_word' id='word_1_319' title='bbox 3042 2616 3225 2671; x_wconf 89' lang='lat' dir='ltr'><strong>carnis</strong></span> <span class='ocrx_word' id='word_1_320' title='bbox 3254 2614 3421 2687; x_wconf 80' lang='lat' dir='ltr'><strong>hebes</strong></span> <span class='ocrx_word' id='word_1_321' title='bbox 3440 2609 3512 2649; x_wconf 72' lang='lat'><strong>“‘</strong></span> 
     </span>
    </p>
   </div>
   <div class='ocr_carea' id='block_1_29' title="bbox 339 2708 3204 2786">
    <p class='ocr_par' dir='ltr' id='par_1_29' title="bbox 339 2708 3204 2786">
     <span class='ocr_line' id='line_1_29' title="bbox 339 2708 3204 2786; baseline -0.002 -18"><span class='ocrx_word' id='word_1_322' title='bbox 339 2714 405 2768; x_wconf 65' lang='lat' dir='ltr'><strong>Et</strong></span> <span class='ocrx_word' id='word_1_323' title='bbox 431 2714 610 2768; x_wconf 90' lang='lat' dir='ltr'><strong>meriti</strong></span> <span class='ocrx_word' id='word_1_324' title='bbox 638 2713 847 2784; x_wconf 62' lang='lat' dir='ltr'><strong>fructus</strong></span> <span class='ocrx_word' id='word_1_325' title='bbox 874 2714 961 2770; x_wconf 90' lang='lat' dir='ltr'><strong>ille</strong></span> <span class='ocrx_word' id='word_1_326' title='bbox 990 2715 1193 2769; x_wconf 78' lang='lat' dir='ltr'><strong>favoris</strong></span> <span class='ocrx_word' id='word_1_327' title='bbox 1222 2708 1408 2770; x_wconf 57' lang='lat' dir='ltr'><strong>habet}</strong></span> <span class='ocrx_word' id='word_1_328' title='bbox 1963 2718 2149 2773; x_wconf 84' lang='lat' dir='ltr'><strong>Nescit</strong></span> <span class='ocrx_word' id='word_1_329' title='bbox 2178 2725 2436 2786; x_wconf 82' lang='lat' dir='ltr'><strong>perpetuo</strong></span> <span class='ocrx_word' id='word_1_330' title='bbox 2463 2715 2605 2785; x_wconf 89' lang='lat' dir='ltr'><strong>quod</strong></span> <span class='ocrx_word' id='word_1_331' title='bbox 2633 2722 2835 2767; x_wconf 90' lang='lat' dir='ltr'><strong>torrem</strong></span> <span class='ocrx_word' id='word_1_332' title='bbox 2866 2710 3071 2764; x_wconf 83' lang='lat' dir='ltr'><strong>nutriat</strong></span> <span class='ocrx_word' id='word_1_333' title='bbox 3094 2708 3204 2778; x_wconf 82' lang='lat' dir='ltr'><strong>igni</strong></span> 
     </span>
    </p>
   </div>
   <div class='ocr_carea' id='block_1_30' title="bbox 279 2795 3354 2875">
    <p class='ocr_par' dir='ltr' id='par_1_30' title="bbox 279 2795 3354 2875">
     <span class='ocr_line' id='line_1_30' title="bbox 279 2795 3354 2875; baseline -0.003 -17"><span class='ocrx_word' id='word_1_334' title='bbox 279 2800 394 2858; x_wconf 85' lang='lat' dir='ltr'><strong>Scd’</strong></span> <span class='ocrx_word' id='word_1_335' title='bbox 414 2803 578 2859; x_wconf 87' lang='lat' dir='ltr'><strong>nullis</strong></span> <span class='ocrx_word' id='word_1_336' title='bbox 601 2804 806 2868; x_wconf 88' lang='lat' dir='ltr'><strong>herbis,</strong></span> <span class='ocrx_word' id='word_1_337' title='bbox 839 2804 999 2859; x_wconf 91' lang='lat' dir='ltr'><strong>nullis</strong></span> <span class='ocrx_word' id='word_1_338' title='bbox 1024 2804 1299 2859; x_wconf 85' lang='lat' dir='ltr'><strong>radicibus</strong></span> <span class='ocrx_word' id='word_1_339' title='bbox 1316 2813 1495 2859; x_wconf 91' lang='lat' dir='ltr'><strong>actum</strong></span> <span class='ocrx_word' id='word_1_340' title='bbox 1520 2812 1624 2873; x_wconf 88' lang='lat' dir='ltr'><strong>est,</strong></span> <span class='ocrx_word' id='word_1_341' title='bbox 2034 2806 2263 2875; x_wconf 89' lang='lat' dir='ltr'><strong>Corpus,</strong></span> <span class='ocrx_word' id='word_1_342' title='bbox 2292 2805 2436 2875; x_wconf 89' lang='lat' dir='ltr'><strong>quod</strong></span> <span class='ocrx_word' id='word_1_343' title='bbox 2469 2802 2634 2857; x_wconf 89' lang='lat' dir='ltr'><strong>tantis</strong></span> <span class='ocrx_word' id='word_1_344' title='bbox 2657 2809 2815 2857; x_wconf 88' lang='lat' dir='ltr'><strong>curat</strong></span> <span class='ocrx_word' id='word_1_345' title='bbox 2841 2798 3127 2868; x_wconf 75' lang='lat' dir='ltr'><strong>alitque’&quot;</strong></span> <span class='ocrx_word' id='word_1_346' title='bbox 3159 2795 3354 2853; x_wconf 88' lang='lat' dir='ltr'><strong>modis.</strong></span> 
     </span>
    </p>
   </div>
   <div class='ocr_carea' id='block_1_31' title="bbox 344 2890 3203 2965">
    <p class='ocr_par' dir='ltr' id='par_1_31' title="bbox 344 2890 3203 2965">
     <span class='ocr_line' id='line_1_31' title="bbox 344 2890 3203 2965; baseline -0.002 -17"><span class='ocrx_word' id='word_1_347' title='bbox 344 2892 419 2948; x_wconf 92' lang='lat' dir='ltr'><strong>Ne</strong></span> <span class='ocrx_word' id='word_1_348' title='bbox 441 2895 665 2965; x_wconf 85' lang='lat' dir='ltr'><strong>physico</strong></span> <span class='ocrx_word' id='word_1_349' title='bbox 694 2896 883 2955; x_wconf 86' lang='lat' dir='ltr'><strong>mortis</strong></span> <span class='ocrx_word' id='word_1_350' title='bbox 908 2896 995 2949; x_wconf 85' lang='lat' dir='ltr'><strong>lex</strong></span> <span class='ocrx_word' id='word_1_351' title='bbox 1025 2896 1304 2951; x_wconf 89' lang='lat' dir='ltr'><strong>subeunda</strong></span> <span class='ocrx_word' id='word_1_352' title='bbox 1332 2896 1491 2951; x_wconf 79' lang='lat' dir='ltr'><strong>foret.</strong></span> <span class='ocrx_word' id='word_1_353' title='bbox 1963 2897 2188 2965; x_wconf 83' lang='lat' dir='ltr'><strong>Qualem</strong></span> <span class='ocrx_word' id='word_1_354' title='bbox 2213 2909 2270 2952; x_wconf 90' lang='lat' dir='ltr'><strong>tu</strong></span> <span class='ocrx_word' id='word_1_355' title='bbox 2294 2896 2470 2952; x_wconf 90' lang='lat' dir='ltr'><strong>credis</strong></span> <span class='ocrx_word' id='word_1_356' title='bbox 2496 2895 2661 2948; x_wconf 91' lang='lat' dir='ltr'><strong>vitam</strong></span> <span class='ocrx_word' id='word_1_357' title='bbox 2695 2891 3016 2947; x_wconf 85' lang='lat' dir='ltr'><strong>mortalibus</strong></span> <span class='ocrx_word' id='word_1_358' title='bbox 3045 2890 3203 2945; x_wconf 87' lang='lat' dir='ltr'><strong>esse?</strong></span> 
     </span>
    </p>
   </div>
   <div class='ocr_carea' id='block_1_32' title="bbox 278 2981 3191 3058">
    <p class='ocr_par' dir='ltr' id='par_1_32' title="bbox 278 2981 3191 3058">
     <span class='ocr_line' id='line_1_32' title="bbox 278 2981 3191 3058; baseline -0.002 -19"><span class='ocrx_word' id='word_1_359' title='bbox 278 2984 340 3039; x_wconf 81' lang='lat' dir='ltr'><strong>Et</strong></span> <span class='ocrx_word' id='word_1_360' title='bbox 358 2984 537 3053; x_wconf 90' lang='lat' dir='ltr'><strong>justis,</strong></span> <span class='ocrx_word' id='word_1_361' title='bbox 574 3003 678 3042; x_wconf 92' lang='lat' dir='ltr'><strong>non</strong></span> <span class='ocrx_word' id='word_1_362' title='bbox 702 2986 1061 3057; x_wconf 75' lang='lat' dir='ltr'><strong>ph&#39;losophis,</strong></span> <span class='ocrx_word' id='word_1_363' title='bbox 1084 2987 1178 3042; x_wconf 87' lang='lat' dir='ltr'><strong>dat</strong></span> <span class='ocrx_word' id='word_1_364' title='bbox 1204 2988 1426 3056; x_wconf 68' lang='lat' dir='ltr'><strong>praemia</strong></span> <span class='ocrx_word' id='word_1_365' title='bbox 1450 2988 1731 3058; x_wconf 81' lang='lat' dir='ltr'><strong>Christus;</strong></span> <span class='ocrx_word' id='word_1_366' title='bbox 2035 2990 2101 3045; x_wconf 84' lang='lat' dir='ltr'><strong>Et</strong></span> <span class='ocrx_word' id='word_1_367' title='bbox 2124 2988 2327 3051; x_wconf 86' lang='lat' dir='ltr'><strong>brevis,</strong></span> <span class='ocrx_word' id='word_1_368' title='bbox 2354 2996 2407 3042; x_wconf 89' lang='lat' dir='ltr'><strong>et</strong></span> <span class='ocrx_word' id='word_1_369' title='bbox 2442 2985 2625 3040; x_wconf 88' lang='lat' dir='ltr'><strong>multis</strong></span> <span class='ocrx_word' id='word_1_370' title='bbox 2652 2993 2737 3039; x_wconf 89' lang='lat' dir='ltr'><strong>est</strong></span> <span class='ocrx_word' id='word_1_371' title='bbox 2756 2992 2983 3038; x_wconf 91' lang='lat' dir='ltr'><strong>onerata</strong></span> <span class='ocrx_word' id='word_1_372' title='bbox 3013 2981 3191 3035; x_wconf 89' lang='lat' dir='ltr'><strong>malis.</strong></span> 
     </span>
    </p>
   </div>
   <div class='ocr_carea' id='block_1_33' title="bbox 344 3068 3348 3170">
    <p class='ocr_par' dir='ltr' id='par_1_33' title="bbox 344 3068 3348 3170">
     <span class='ocr_line' id='line_1_33' title="bbox 344 3068 3348 3170; baseline -0.003 -40"><span class='ocrx_word' id='word_1_373' title='bbox 344 3075 602 3132; x_wconf 85' lang='lat' dir='ltr'><strong>Rusticus</strong></span> <span class='ocrx_word' id='word_1_374' title='bbox 629 3092 720 3141; x_wconf 90' lang='lat' dir='ltr'><strong>es;</strong></span> <span class='ocrx_word' id='word_1_375' title='bbox 748 3078 928 3147; x_wconf 88' lang='lat' dir='ltr'><strong>justus</strong></span> <span class='ocrx_word' id='word_1_376' title='bbox 962 3086 1101 3143; x_wconf 89' lang='lat' dir='ltr'><strong>esto,</strong></span> <span class='ocrx_word' id='word_1_377' title='bbox 1126 3078 1319 3133; x_wconf 88' lang='lat' dir='ltr'><strong>beatus</strong></span> <span class='ocrx_word' id='word_1_378' title='bbox 1353 3078 1482 3133; x_wconf 89' lang='lat' dir='ltr'><strong>eris.</strong></span> <span class='ocrx_word' id='word_1_379' title='bbox 1893 3113 1935 3170; x_wconf 64' lang='grc' dir='ltr'>Ο</span> <span class='ocrx_word' id='word_1_380' title='bbox 1967 3078 2240 3146; x_wconf 84' lang='lat' dir='ltr'><strong>Quotquot</strong></span> <span class='ocrx_word' id='word_1_381' title='bbox 2264 3084 2581 3140; x_wconf 82' lang='lat' dir='ltr'><strong>nascuntur,</strong></span> <span class='ocrx_word' id='word_1_382' title='bbox 2622 3088 2725 3129; x_wconf 89' lang='lat' dir='ltr'><strong>vox</strong></span> <span class='ocrx_word' id='word_1_383' title='bbox 2760 3073 2865 3127; x_wconf 92' lang='lat' dir='ltr'><strong>illis</strong></span> <span class='ocrx_word' id='word_1_384' title='bbox 2896 3072 3069 3142; x_wconf 90' lang='lat' dir='ltr'><strong>prima</strong></span> <span class='ocrx_word' id='word_1_385' title='bbox 3097 3068 3301 3125; x_wconf 91' lang='lat' dir='ltr'><strong>doloris</strong></span> <span class='ocrx_word' id='word_1_386' title='bbox 3334 3084 3348 3122; x_wconf 85' lang='lat'><strong>:</strong></span> 
     </span>
    </p>
   </div>
   <div class='ocr_carea' id='block_1_34' title="bbox 278 3159 3248 3239">
    <p class='ocr_par' dir='ltr' id='par_1_34' title="bbox 278 3159 3248 3239">
     <span class='ocr_line' id='line_1_34' title="bbox 278 3159 3248 3239; baseline -0.004 -17"><span class='ocrx_word' id='word_1_387' title='bbox 278 3167 637 3239; x_wconf 83' lang='lat' dir='ltr'><strong>Philosophus</strong></span> <span class='ocrx_word' id='word_1_388' title='bbox 666 3170 861 3238; x_wconf 84' lang='lat' dir='ltr'><strong>Varro,</strong></span> <span class='ocrx_word' id='word_1_389' title='bbox 898 3171 1091 3225; x_wconf 87' lang='lat' dir='ltr'><strong>Petrus</strong></span> <span class='ocrx_word' id='word_1_390' title='bbox 1118 3170 1358 3239; x_wconf 86' lang='lat' dir='ltr'><strong>piscator</strong></span> <span class='ocrx_word' id='word_1_391' title='bbox 1388 3189 1401 3224; x_wconf 90' lang='lat'><strong>:</strong></span> <span class='ocrx_word' id='word_1_392' title='bbox 1439 3179 1495 3224; x_wconf 91' lang='lat' dir='ltr'><strong>et</strong></span> <span class='ocrx_word' id='word_1_393' title='bbox 1519 3184 1648 3226; x_wconf 90' lang='lat' dir='ltr'><strong>ecce</strong></span> <span class='ocrx_word' id='word_1_394' title='bbox 1897 3159 1935 3170; x_wconf 53' lang='grc' dir='ltr'>ν</span> <span class='ocrx_word' id='word_1_395' title='bbox 2040 3168 2233 3237; x_wconf 82' lang='lat' dir='ltr'><strong>Incipit</strong></span> <span class='ocrx_word' id='word_1_396' title='bbox 2262 3183 2292 3220; x_wconf 89' lang='lat' dir='ltr'><strong>a</strong></span> <span class='ocrx_word' id='word_1_397' title='bbox 2332 3166 2454 3221; x_wconf 82' lang='lat' dir='ltr'><strong>ﬂetu</strong></span> <span class='ocrx_word' id='word_1_398' title='bbox 2479 3165 2550 3196; x_wconf 77' lang='grc'><strong>³⁸⁸</strong></span> <span class='ocrx_word' id='word_1_399' title='bbox 2583 3165 2764 3217; x_wconf 80' lang='lat' dir='ltr'><strong>vivere</strong></span> <span class='ocrx_word' id='word_1_400' title='bbox 2790 3160 3034 3232; x_wconf 89' lang='lat' dir='ltr'><strong>quisquis</strong></span> <span class='ocrx_word' id='word_1_401' title='bbox 3067 3159 3248 3213; x_wconf 88' lang='lat' dir='ltr'><strong>homo.</strong></span> 
     </span>
    </p>
   </div>
   <div class='ocr_carea' id='block_1_35' title="bbox 341 3250 3553 3329">
    <p class='ocr_par' dir='ltr' id='par_1_35' title="bbox 341 3250 3553 3329">
     <span class='ocr_line' id='line_1_35' title="bbox 341 3250 3553 3329; baseline -0.006 -12"><span class='ocrx_word' id='word_1_402' title='bbox 341 3261 533 3318; x_wconf 90' lang='lat' dir='ltr'><strong>Petrus</strong></span> <span class='ocrx_word' id='word_1_403' title='bbox 565 3261 727 3317; x_wconf 85' lang='lat' dir='ltr'><strong>habet</strong></span> <span class='ocrx_word' id='word_1_404' title='bbox 746 3264 964 3326; x_wconf 74' lang='lat' dir='ltr'><strong>emtum,</strong></span> <span class='ocrx_word' id='word_1_405' title='bbox 995 3271 1199 3317; x_wconf 88' lang='lat' dir='ltr'><strong>tartara</strong></span> <span class='ocrx_word' id='word_1_406' title='bbox 1231 3262 1404 3316; x_wconf 85' lang='lat' dir='ltr'><strong>Varro</strong></span> <span class='ocrx_word' id='word_1_407' title='bbox 1441 3273 1610 3316; x_wconf 89' lang='lat' dir='ltr'><strong>tenet.</strong></span> <span class='ocrx_word' id='word_1_408' title='bbox 1967 3257 2163 3329; x_wconf 79' lang='lat' dir='ltr'><strong>ASpice</strong></span> <span class='ocrx_word' id='word_1_409' title='bbox 2213 3274 2320 3328; x_wconf 86' lang='lat' dir='ltr'><strong>qua</strong></span> <span class='ocrx_word' id='word_1_410' title='bbox 2378 3258 2606 3310; x_wconf 85' lang='lat' dir='ltr'><strong>miseros</strong></span> <span class='ocrx_word' id='word_1_411' title='bbox 2654 3254 2856 3307; x_wconf 80' lang='lat' dir='ltr'><strong>feriunt</strong></span> <span class='ocrx_word' id='word_1_412' title='bbox 2910 3267 3012 3306; x_wconf 89' lang='lat' dir='ltr'><strong>nos</strong></span> <span class='ocrx_word' id='word_1_413' title='bbox 3066 3250 3304 3318; x_wconf 89' lang='lat' dir='ltr'><strong>undique</strong></span> <span class='ocrx_word' id='word_1_414' title='bbox 3353 3263 3367 3300; x_wconf 91' lang='lat'><strong>:</strong></span> <span class='ocrx_word' id='word_1_415' title='bbox 3420 3253 3553 3314; x_wconf 89' lang='lat' dir='ltr'><strong>quot</strong></span> 
     </span>
    </p>
   </div>
   <div class='ocr_carea' id='block_1_36' title="bbox 278 3335 3485 3424">
    <p class='ocr_par' dir='ltr' id='par_1_36' title="bbox 278 3335 3485 3424">
     <span class='ocr_line' id='line_1_36' title="bbox 278 3335 3485 3424; baseline -0 -19"><span class='ocrx_word' id='word_1_416' title='bbox 278 3353 360 3408; x_wconf 84' lang='lat' dir='ltr'><strong>ille</strong></span> <span class='ocrx_word' id='word_1_417' title='bbox 388 3355 734 3424; x_wconf 76' lang='lat' dir='ltr'><strong>voluptatum</strong></span> <span class='ocrx_word' id='word_1_418' title='bbox 764 3355 913 3408; x_wconf 87' lang='lat' dir='ltr'><strong>varia</strong></span> <span class='ocrx_word' id='word_1_419' title='bbox 942 3354 1228 3409; x_wconf 89' lang='lat' dir='ltr'><strong>dulcedine</strong></span> <span class='ocrx_word' id='word_1_420' title='bbox 1254 3354 1474 3424; x_wconf 79' lang='lat' dir='ltr'><strong>gaudet,</strong></span> <span class='ocrx_word' id='word_1_421' title='bbox 3315 3335 3485 3408; x_wconf 71' lang='grc' dir='ltr'><strong>[δυηῑι</strong></span> 
     </span>
    </p>
   </div>
   <div class='ocr_carea' id='block_1_37' title="bbox 342 3426 3355 3518">
    <p class='ocr_par' dir='ltr' id='par_1_37' title="bbox 342 3426 3355 3518">
     <span class='ocr_line' id='line_1_37' title="bbox 342 3426 3355 3518; baseline -0.007 -18"><span class='ocrx_word' id='word_1_422' title='bbox 342 3445 405 3500; x_wconf 82' lang='lat' dir='ltr'><strong>Et</strong></span> <span class='ocrx_word' id='word_1_423' title='bbox 424 3447 717 3502; x_wconf 88' lang='lat' dir='ltr'><strong>desideriis</strong></span> <span class='ocrx_word' id='word_1_424' title='bbox 748 3447 915 3501; x_wconf 90' lang='lat' dir='ltr'><strong>servit</strong></span> <span class='ocrx_word' id='word_1_425' title='bbox 940 3446 1143 3518; x_wconf 91' lang='lat' dir='ltr'><strong>ubique</strong></span> <span class='ocrx_word' id='word_1_426' title='bbox 1165 3448 1298 3503; x_wconf 88' lang='lat' dir='ltr'><strong>suis.</strong></span> <span class='ocrx_word' id='word_1_427' title='bbox 2043 3439 2362 3507; x_wconf 87' lang='lat' dir='ltr'><strong>Quantaque</strong></span> <span class='ocrx_word' id='word_1_428' title='bbox 2389 3436 2615 3507; x_wconf 89' lang='lat' dir='ltr'><strong>privatis</strong></span> <span class='ocrx_word' id='word_1_429' title='bbox 2639 3435 2706 3465; x_wconf 84' lang='grc'><strong>²⁶⁹</strong></span> <span class='ocrx_word' id='word_1_430' title='bbox 2738 3432 2951 3504; x_wconf 87' lang='lat' dir='ltr'><strong>publica</strong></span> <span class='ocrx_word' id='word_1_431' title='bbox 2985 3430 3144 3485; x_wconf 85' lang='lat' dir='ltr'><strong>mista</strong></span> <span class='ocrx_word' id='word_1_432' title='bbox 3179 3426 3355 3481; x_wconf 90' lang='lat' dir='ltr'><strong>malis.</strong></span> 
     </span>
    </p>
   </div>
   <div class='ocr_carea' id='block_1_38' title="bbox 279 3522 1882 3609">
    <p class='ocr_par' dir='ltr' id='par_1_38' title="bbox 279 3532 1867 3609">
     <span class='ocr_line' id='line_1_38' title="bbox 279 3532 1867 3609; baseline 0.001 -19"><span class='ocrx_word' id='word_1_433' title='bbox 279 3532 432 3605; x_wconf 83' lang='lat' dir='ltr'><strong>Sunt,</strong></span> <span class='ocrx_word' id='word_1_434' title='bbox 456 3554 586 3609; x_wconf 72' lang='lat' dir='ltr'><strong>qua:</strong></span> <span class='ocrx_word' id='word_1_435' title='bbox 626 3552 837 3592; x_wconf 89' lang='lat' dir='ltr'><strong>summa</strong></span> <span class='ocrx_word' id='word_1_436' title='bbox 867 3547 1043 3609; x_wconf 82' lang='lat' dir='ltr'><strong>putat,</strong></span> <span class='ocrx_word' id='word_1_437' title='bbox 1080 3540 1361 3605; x_wconf 77' lang='lat' dir='ltr'><strong>meretrix,</strong></span> <span class='ocrx_word' id='word_1_438' title='bbox 1388 3554 1615 3609; x_wconf 88' lang='lat' dir='ltr'><strong>coquus,</strong></span> <span class='ocrx_word' id='word_1_439' title='bbox 1648 3539 1867 3603; x_wconf 85' lang='lat' dir='ltr'><strong>histrio;</strong></span> 
     </span>
    </p>
   </div>
   <div class='ocr_carea' id='block_1_39' title="bbox 1846 3522 3449 3609">
    <p class='ocr_par' dir='ltr' id='par_1_39' title="bbox 1852 3522 3449 3603">
     <span class='ocr_line' id='line_1_39' title="bbox 1852 3522 3449 3603; baseline -0.013 -14"><span class='ocrx_word' id='word_1_440' title='bbox 1852 3558 1867 3603; x_wconf 86' lang='lat'><strong>;</strong></span> <span class='ocrx_word' id='word_1_441' title='bbox 1969 3531 2195 3603; x_wconf 85' lang='lat' dir='ltr'><strong>Frigore</strong></span> <span class='ocrx_word' id='word_1_442' title='bbox 2225 3544 2370 3584; x_wconf 92' lang='lat' dir='ltr'><strong>nunc</strong></span> <span class='ocrx_word' id='word_1_443' title='bbox 2408 3528 2595 3592; x_wconf 91' lang='lat' dir='ltr'><strong>nimio,</strong></span> <span class='ocrx_word' id='word_1_444' title='bbox 2626 3526 2793 3581; x_wconf 90' lang='lat' dir='ltr'><strong>nimio</strong></span> <span class='ocrx_word' id='word_1_445' title='bbox 2820 3539 2961 3579; x_wconf 91' lang='lat' dir='ltr'><strong>nunc</strong></span> <span class='ocrx_word' id='word_1_446' title='bbox 2991 3522 3239 3576; x_wconf 72' lang='lat' dir='ltr'><strong>lzcdimur</strong></span> <span class='ocrx_word' id='word_1_447' title='bbox 3267 3527 3404 3572; x_wconf 64' lang='lat' dir='ltr'><strong>aestu</strong></span> <span class='ocrx_word' id='word_1_448' title='bbox 3436 3534 3449 3569; x_wconf 90' lang='lat'><strong>:</strong></span> 
     </span>
    </p>
   </div>
   <div class='ocr_carea' id='block_1_40' title="bbox 1568 3610 3409 3704">
    <p class='ocr_par' dir='ltr' id='par_1_40' title="bbox 1568 3610 3409 3704">
     <span class='ocr_line' id='line_1_40' title="bbox 1568 3610 3409 3704; baseline -0.012 -20"><span class='ocrx_word' id='word_1_449' title='bbox 1568 3632 1797 3704; x_wconf 89' lang='lat' dir='ltr'><strong>[nullum</strong></span> <span class='ocrx_word' id='word_1_450' title='bbox 2041 3624 2259 3694; x_wconf 85' lang='lat' dir='ltr'><strong>Nosque</strong></span> <span class='ocrx_word' id='word_1_451' title='bbox 2285 3622 2457 3677; x_wconf 83' lang='lat' dir='ltr'><strong>fames</strong></span> <span class='ocrx_word' id='word_1_452' title='bbox 2487 3628 2666 3685; x_wconf 87' lang='lat' dir='ltr'><strong>vexat,</strong></span> <span class='ocrx_word' id='word_1_453' title='bbox 2698 3625 2915 3687; x_wconf 90' lang='lat' dir='ltr'><strong>torquet</strong></span> <span class='ocrx_word' id='word_1_454' title='bbox 2947 3614 3143 3671; x_wconf 87' lang='lat' dir='ltr'><strong>acerba</strong></span> <span class='ocrx_word' id='word_1_455' title='bbox 3171 3611 3291 3668; x_wconf 92' lang='lat' dir='ltr'><strong>sitis</strong></span> <span class='ocrx_word' id='word_1_456' title='bbox 3318 3610 3409 3661; x_wconf 82' lang='lat'><strong>”°.</strong></span> 
     </span>
    </p>
   </div>
   <div class='ocr_carea' id='block_1_41' title="bbox 339 3697 3556 3791">
    <p class='ocr_par' dir='ltr' id='par_1_41' title="bbox 339 3697 3556 3791">
     <span class='ocr_line' id='line_1_41' title="bbox 339 3697 3556 3791; baseline -0.006 -19"><span class='ocrx_word' id='word_1_457' title='bbox 339 3717 433 3773; x_wconf 82' lang='lat' dir='ltr'><strong>llis</strong></span> <span class='ocrx_word' id='word_1_458' title='bbox 456 3718 708 3788; x_wconf 68' lang='lat' dir='ltr'><strong>pne-fert,</strong></span> <span class='ocrx_word' id='word_1_459' title='bbox 737 3728 829 3774; x_wconf 90' lang='lat' dir='ltr'><strong>aut</strong></span> <span class='ocrx_word' id='word_1_460' title='bbox 860 3736 956 3791; x_wconf 88' lang='lat' dir='ltr'><strong>par</strong></span> <span class='ocrx_word' id='word_1_461' title='bbox 992 3721 1226 3776; x_wconf 60' lang='lat' dir='ltr'><strong>aestimat</strong></span> <span class='ocrx_word' id='word_1_462' title='bbox 1258 3736 1380 3778; x_wconf 87' lang='lat' dir='ltr'><strong>esse</strong></span> <span class='ocrx_word' id='word_1_463' title='bbox 1414 3697 1639 3778; x_wconf 78' lang='lat' dir='ltr'><strong>bonum.</strong></span> <span class='ocrx_word' id='word_1_464' title='bbox 1973 3715 2154 3771; x_wconf 78' lang='lat' dir='ltr'><strong>Musca</strong></span> <span class='ocrx_word' id='word_1_465' title='bbox 2188 3724 2367 3779; x_wconf 90' lang='lat' dir='ltr'><strong>nocet,</strong></span> <span class='ocrx_word' id='word_1_466' title='bbox 2399 3712 2751 3780; x_wconf 86' lang='lat' dir='ltr'><strong>modicnsque</strong></span> <span class='ocrx_word' id='word_1_467' title='bbox 2802 3708 2981 3779; x_wconf 82' lang='lat' dir='ltr'><strong>pulex,</strong></span> <span class='ocrx_word' id='word_1_468' title='bbox 3009 3705 3095 3760; x_wconf 88' lang='lat' dir='ltr'><strong>vel</strong></span> <span class='ocrx_word' id='word_1_469' title='bbox 3123 3703 3338 3775; x_wconf 87' lang='lat' dir='ltr'><strong>regibus</strong></span> <span class='ocrx_word' id='word_1_470' title='bbox 3376 3697 3506 3770; x_wconf 83' lang='lat' dir='ltr'><strong>ipsis</strong></span> <span class='ocrx_word' id='word_1_471' title='bbox 3537 3712 3556 3753; x_wconf 86' lang='lat'><strong>:</strong></span> 
     </span>
    </p>
   </div>
   <div class='ocr_carea' id='block_1_42' title="bbox 279 3802 3164 3880">
    <p class='ocr_par' dir='ltr' id='par_1_42' title="bbox 279 3802 3164 3880">
     <span class='ocr_line' id='line_1_42' title="bbox 279 3802 3164 3880; baseline -0.004 -19"><span class='ocrx_word' id='word_1_472' title='bbox 279 3807 542 3880; x_wconf 85' lang='lat' dir='ltr'><strong>Quidquid</strong></span> <span class='ocrx_word' id='word_1_473' title='bbox 581 3819 634 3864; x_wconf 89' lang='lat' dir='ltr'><strong>et</strong></span> <span class='ocrx_word' id='word_1_474' title='bbox 669 3811 735 3864; x_wconf 89' lang='lat' dir='ltr'><strong>ad</strong></span> <span class='ocrx_word' id='word_1_475' title='bbox 771 3812 972 3866; x_wconf 88' lang='lat' dir='ltr'><strong>victum</strong></span> <span class='ocrx_word' id='word_1_476' title='bbox 1016 3826 1166 3866; x_wconf 86' lang='lat' dir='ltr'><strong>mare</strong></span> <span class='ocrx_word' id='word_1_477' title='bbox 1198 3812 1388 3877; x_wconf 90' lang='lat' dir='ltr'><strong>nutrit,</strong></span> <span class='ocrx_word' id='word_1_478' title='bbox 1421 3822 1587 3877; x_wconf 89' lang='lat' dir='ltr'><strong>terra,</strong></span> <span class='ocrx_word' id='word_1_479' title='bbox 1630 3812 1712 3867; x_wconf 89' lang='lat' dir='ltr'><strong>vel</strong></span> <span class='ocrx_word' id='word_1_480' title='bbox 1739 3828 1862 3879; x_wconf 73' lang='lat' dir='ltr'><strong>aer,</strong></span> <span class='ocrx_word' id='word_1_481' title='bbox 2045 3806 2153 3861; x_wconf 86' lang='lat' dir='ltr'><strong>Nec</strong></span> <span class='ocrx_word' id='word_1_482' title='bbox 2185 3806 2389 3859; x_wconf 84' lang='lat' dir='ltr'><strong>faciunt</strong></span> <span class='ocrx_word' id='word_1_483' title='bbox 2421 3813 2563 3857; x_wconf 90' lang='lat' dir='ltr'><strong>tutos</strong></span> <span class='ocrx_word' id='word_1_484' title='bbox 2598 3802 2745 3873; x_wconf 86' lang='lat' dir='ltr'><strong>regia</strong></span> <span class='ocrx_word' id='word_1_485' title='bbox 2775 3808 2987 3869; x_wconf 88' lang='lat' dir='ltr'><strong>sceptra</strong></span> <span class='ocrx_word' id='word_1_486' title='bbox 3017 3812 3164 3851; x_wconf 93' lang='lat' dir='ltr'><strong>suos.</strong></span> 
     </span>
    </p>
   </div>
   <div class='ocr_carea' id='block_1_43' title="bbox 347 3881 3379 3972">
    <p class='ocr_par' dir='ltr' id='par_1_43' title="bbox 347 3881 3379 3972">
     <span class='ocr_line' id='line_1_43' title="bbox 347 3881 3379 3972; baseline -0.007 -17"><span class='ocrx_word' id='word_1_487' title='bbox 347 3901 578 3967; x_wconf 64' lang='grc' dir='ltr'><strong>ρυιρῐίι,</strong></span> <span class='ocrx_word' id='word_1_488' title='bbox 614 3902 885 3972; x_wconf 83' lang='lat' dir='ltr'><strong>habetque</strong></span> <span class='ocrx_word' id='word_1_489' title='bbox 920 3902 1023 3956; x_wconf 86' lang='lat' dir='ltr'><strong>viri</strong></span> <span class='ocrx_word' id='word_1_490' title='bbox 1053 3901 1331 3956; x_wconf 79' lang='lat' dir='ltr'><strong>luxuriosa</strong></span> <span class='ocrx_word' id='word_1_491' title='bbox 1360 3902 1549 3957; x_wconf 78' lang='lat' dir='ltr'><strong>fames.</strong></span> <span class='ocrx_word' id='word_1_492' title='bbox 1976 3896 2072 3950; x_wconf 82' lang='lat' dir='ltr'><strong>llic</strong></span> <span class='ocrx_word' id='word_1_493' title='bbox 2099 3895 2241 3948; x_wconf 85' lang='lat' dir='ltr'><strong>dolet</strong></span> <span class='ocrx_word' id='word_1_494' title='bbox 2266 3894 2544 3955; x_wconf 85' lang='lat' dir='ltr'><strong>exsilium;</strong></span> <span class='ocrx_word' id='word_1_495' title='bbox 2585 3900 2814 3944; x_wconf 86' lang='lat' dir='ltr'><strong>mortem</strong></span> <span class='ocrx_word' id='word_1_496' title='bbox 2848 3887 2992 3941; x_wconf 89' lang='lat' dir='ltr'><strong>dolet</strong></span> <span class='ocrx_word' id='word_1_497' title='bbox 3022 3884 3158 3937; x_wconf 88' lang='lat' dir='ltr'><strong>alter</strong></span> <span class='ocrx_word' id='word_1_498' title='bbox 3186 3881 3379 3945; x_wconf 87' lang='lat' dir='ltr'><strong>amici;</strong></span> 
     </span>
    </p>
   </div>
   <div class='ocr_carea' id='block_1_44' title="bbox 282 3973 3206 4049">
    <p class='ocr_par' dir='ltr' id='par_1_44' title="bbox 282 3973 3206 4049">
     <span class='ocr_line' id='line_1_44' title="bbox 282 3973 3206 4049; baseline -0.007 -5"><span class='ocrx_word' id='word_1_499' title='bbox 282 3989 344 4045; x_wconf 81' lang='lat' dir='ltr'><strong>Et</strong></span> <span class='ocrx_word' id='word_1_500' title='bbox 374 3996 594 4049; x_wconf 83' lang='lat' dir='ltr'><strong>modico</strong></span> <span class='ocrx_word' id='word_1_501' title='bbox 633 3994 807 4049; x_wconf 90' lang='lat' dir='ltr'><strong>ventri</strong></span> <span class='ocrx_word' id='word_1_502' title='bbox 830 4004 1015 4049; x_wconf 89' lang='lat' dir='ltr'><strong>vastus</strong></span> <span class='ocrx_word' id='word_1_503' title='bbox 1039 3993 1125 4046; x_wconf 76' lang='lat' dir='ltr'><strong>vix</strong></span> <span class='ocrx_word' id='word_1_504' title='bbox 1149 3992 1346 4047; x_wconf 84' lang='lat' dir='ltr'><strong>sulIicit</strong></span> <span class='ocrx_word' id='word_1_505' title='bbox 1375 3994 1544 4048; x_wconf 90' lang='lat' dir='ltr'><strong>orbis.</strong></span> <span class='ocrx_word' id='word_1_506' title='bbox 2048 3985 2181 4038; x_wconf 86' lang='lat' dir='ltr'><strong>lluic</strong></span> <span class='ocrx_word' id='word_1_507' title='bbox 2212 3985 2377 4038; x_wconf 88' lang='lat' dir='ltr'><strong>chara</strong></span> <span class='ocrx_word' id='word_1_508' title='bbox 2418 3982 2609 4036; x_wconf 89' lang='lat' dir='ltr'><strong>orbato</strong></span> <span class='ocrx_word' id='word_1_509' title='bbox 2641 3979 2867 4048; x_wconf 74' lang='lat' dir='ltr'><strong>conjuge</strong></span> <span class='ocrx_word' id='word_1_510' title='bbox 2893 3975 3022 4029; x_wconf 80' lang='lat' dir='ltr'><strong>ﬂere</strong></span> <span class='ocrx_word' id='word_1_511' title='bbox 3053 3973 3206 4026; x_wconf 86' lang='lat' dir='ltr'><strong>libet.</strong></span> 
     </span>
    </p>
   </div>
   <div class='ocr_carea' id='block_1_45' title="bbox 350 4062 3408 4153">
    <p class='ocr_par' dir='ltr' id='par_1_45' title="bbox 350 4062 3408 4153">
     <span class='ocr_line' id='line_1_45' title="bbox 350 4062 3408 4153; baseline -0.007 -18"><span class='ocrx_word' id='word_1_512' title='bbox 350 4083 490 4153; x_wconf 75' lang='lat' dir='ltr'><strong>Ergo</strong></span> <span class='ocrx_word' id='word_1_513' title='bbox 519 4086 898 4139; x_wconf 82' lang='lat' dir='ltr'><strong>ministrorum</strong></span> <span class='ocrx_word' id='word_1_514' title='bbox 928 4085 1151 4140; x_wconf 87' lang='lat' dir='ltr'><strong>vocibus</strong></span> <span class='ocrx_word' id='word_1_515' title='bbox 1180 4084 1302 4139; x_wconf 82' lang='lat' dir='ltr'><strong>aula</strong></span> <span class='ocrx_word' id='word_1_516' title='bbox 1326 4086 1532 4140; x_wconf 79' lang='lat' dir='ltr'><strong>fremit.</strong></span> <span class='ocrx_word' id='word_1_517' title='bbox 1975 4078 2073 4133; x_wconf 87' lang='lat' dir='ltr'><strong>llic</strong></span> <span class='ocrx_word' id='word_1_518' title='bbox 2098 4078 2245 4147; x_wconf 82' lang='lat' dir='ltr'><strong>jacet</strong></span> <span class='ocrx_word' id='word_1_519' title='bbox 2268 4074 2523 4138; x_wconf 78' lang='lat' dir='ltr'><strong>infamis;</strong></span> <span class='ocrx_word' id='word_1_520' title='bbox 2558 4072 2723 4125; x_wconf 82' lang='lat' dir='ltr'><strong>miser</strong></span> <span class='ocrx_word' id='word_1_521' title='bbox 2761 4070 2849 4124; x_wconf 84' lang='lat' dir='ltr'><strong>hic</strong></span> <span class='ocrx_word' id='word_1_522' title='bbox 2877 4070 2929 4123; x_wconf 90' lang='lat' dir='ltr'><strong>in</strong></span> <span class='ocrx_word' id='word_1_523' title='bbox 2962 4080 3183 4122; x_wconf 84' lang='lat' dir='ltr'><strong>carcere</strong></span> <span class='ocrx_word' id='word_1_524' title='bbox 3214 4062 3361 4132; x_wconf 86' lang='lat' dir='ltr'><strong>luget</strong></span> <span class='ocrx_word' id='word_1_525' title='bbox 3391 4075 3408 4114; x_wconf 85' lang='lat'><strong>:</strong></span> 
     </span>
    </p>
   </div>
   <div class='ocr_carea' id='block_1_46' title="bbox 280 4158 1883 4247">
    <p class='ocr_par' dir='ltr' id='par_1_46' title="bbox 280 4172 1779 4247">
     <span class='ocr_line' id='line_1_46' title="bbox 280 4172 1779 4247; baseline 0.005 -23"><span class='ocrx_word' id='word_1_526' title='bbox 280 4172 634 4246; x_wconf 74' lang='lat' dir='ltr'><strong>Argentoque</strong></span> <span class='ocrx_word' id='word_1_527' title='bbox 665 4178 828 4246; x_wconf 88' lang='lat' dir='ltr'><strong>dapes</strong></span> <span class='ocrx_word' id='word_1_528' title='bbox 858 4187 1131 4247; x_wconf 88' lang='lat' dir='ltr'><strong>ponuntur</strong></span> <span class='ocrx_word' id='word_1_529' title='bbox 1152 4178 1242 4244; x_wconf 82' lang='grc'><strong>²⁶²,</strong></span> <span class='ocrx_word' id='word_1_530' title='bbox 1272 4179 1517 4233; x_wconf 88' lang='lat' dir='ltr'><strong>Bacchus</strong></span> <span class='ocrx_word' id='word_1_531' title='bbox 1546 4181 1597 4233; x_wconf 91' lang='lat' dir='ltr'><strong>in</strong></span> <span class='ocrx_word' id='word_1_532' title='bbox 1628 4196 1779 4246; x_wconf 89' lang='lat' dir='ltr'><strong>auro,</strong></span> 
     </span>
    </p>
   </div>
   <div class='ocr_carea' id='block_1_47' title="bbox 1647 4158 3250 4247">
    <p class='ocr_par' dir='ltr' id='par_1_47' title="bbox 1647 4158 3250 4246">
     <span class='ocr_line' id='line_1_47' title="bbox 1647 4158 3250 4246; baseline -0.016 -12"><span class='ocrx_word' id='word_1_533' title='bbox 1647 4196 1779 4246; x_wconf 84' lang='lat' dir='ltr'><strong>iuro,</strong></span> <span class='ocrx_word' id='word_1_534' title='bbox 2050 4168 2203 4222; x_wconf 86' lang='lat' dir='ltr'><strong>llunc</strong></span> <span class='ocrx_word' id='word_1_535' title='bbox 2234 4177 2409 4220; x_wconf 90' lang='lat' dir='ltr'><strong>metus</strong></span> <span class='ocrx_word' id='word_1_536' title='bbox 2434 4163 2645 4219; x_wconf 89' lang='lat' dir='ltr'><strong>hostilis</strong></span> <span class='ocrx_word' id='word_1_537' title='bbox 2677 4161 2917 4226; x_wconf 89' lang='lat' dir='ltr'><strong>territat;</strong></span> <span class='ocrx_word' id='word_1_538' title='bbox 2952 4158 3090 4213; x_wconf 88' lang='lat' dir='ltr'><strong>alter</strong></span> <span class='ocrx_word' id='word_1_539' title='bbox 3110 4164 3250 4226; x_wconf 83' lang='lat' dir='ltr'><strong>eget.</strong></span> 
     </span>
    </p>
   </div>
   <div class='ocr_carea' id='block_1_48' title="bbox 347 4237 3571 4337">
    <p class='ocr_par' dir='ltr' id='par_1_48' title="bbox 347 4237 3571 4337">
     <span class='ocr_line' id='line_1_48' title="bbox 347 4237 3571 4337; baseline -0.008 -19"><span class='ocrx_word' id='word_1_540' title='bbox 347 4237 411 4319; x_wconf 57' lang='lat' dir='ltr'><strong>Et</strong></span> <span class='ocrx_word' id='word_1_541' title='bbox 440 4237 659 4335; x_wconf 78' lang='lat' dir='ltr'><strong>gemma</strong></span> <span class='ocrx_word' id='word_1_542' title='bbox 692 4237 929 4320; x_wconf 72' lang='lat' dir='ltr'><strong>infusum</strong></span> <span class='ocrx_word' id='word_1_543' title='bbox 958 4268 1188 4337; x_wconf 92' lang='lat' dir='ltr'><strong>plurima</strong></span> <span class='ocrx_word' id='word_1_544' title='bbox 1220 4237 1411 4323; x_wconf 81' lang='lat' dir='ltr'><strong>nectar</strong></span> <span class='ocrx_word' id='word_1_545' title='bbox 1439 4268 1623 4325; x_wconf 90' lang='lat' dir='ltr'><strong>habet.</strong></span> <span class='ocrx_word' id='word_1_546' title='bbox 1767 4237 1778 4246; x_wconf 42' lang='grc'><strong><em>1</em></strong></span> <span class='ocrx_word' id='word_1_547' title='bbox 1978 4261 2079 4315; x_wconf 92' lang='lat' dir='ltr'><strong>llic</strong></span> <span class='ocrx_word' id='word_1_548' title='bbox 2117 4259 2287 4330; x_wconf 83' lang='lat' dir='ltr'><strong>gemit</strong></span> <span class='ocrx_word' id='word_1_549' title='bbox 2309 4259 2376 4289; x_wconf 68' lang='grc' dir='ltr'><strong>’τί</strong></span> <span class='ocrx_word' id='word_1_550' title='bbox 2430 4258 2699 4312; x_wconf 89' lang='lat' dir='ltr'><strong>incestum</strong></span> <span class='ocrx_word' id='word_1_551' title='bbox 2744 4260 3013 4322; x_wconf 73' lang='lat' dir='ltr'><strong>corruptae</strong></span> <span class='ocrx_word' id='word_1_552' title='bbox 3072 4246 3317 4318; x_wconf 86' lang='lat' dir='ltr'><strong>conjugis</strong></span> <span class='ocrx_word' id='word_1_553' title='bbox 3342 4245 3444 4337; x_wconf 51' lang='lat' dir='ltr'><strong>&quot;f;</strong></span> <span class='ocrx_word' id='word_1_554' title='bbox 3482 4237 3571 4296; x_wconf 54' lang='lat' dir='ltr'><strong>ala</strong></span> 
     </span>
    </p>
   </div>
   <div class='ocr_carea' id='block_1_49' title="bbox 283 4336 3495 4427">
    <p class='ocr_par' dir='ltr' id='par_1_49' title="bbox 283 4336 3495 4427">
     <span class='ocr_line' id='line_1_49' title="bbox 283 4336 3495 4427; baseline 0 -18"><span class='ocrx_word' id='word_1_555' title='bbox 283 4352 529 4413; x_wconf 71' lang='lat' dir='ltr'><strong>Vestibus</strong></span> <span class='ocrx_word' id='word_1_556' title='bbox 545 4366 608 4411; x_wconf 86' lang='lat' dir='ltr'><strong>et</strong></span> <span class='ocrx_word' id='word_1_557' title='bbox 638 4356 774 4411; x_wconf 81' lang='lat' dir='ltr'><strong>facie</strong></span> <span class='ocrx_word' id='word_1_558' title='bbox 803 4357 994 4427; x_wconf 86' lang='lat' dir='ltr'><strong>longus</strong></span> <span class='ocrx_word' id='word_1_559' title='bbox 1020 4358 1153 4411; x_wconf 86' lang='lat' dir='ltr'><strong>nitet</strong></span> <span class='ocrx_word' id='word_1_560' title='bbox 1185 4359 1321 4414; x_wconf 91' lang='lat' dir='ltr'><strong>ordo</strong></span> <span class='ocrx_word' id='word_1_561' title='bbox 1342 4358 1625 4422; x_wconf 85' lang='lat' dir='ltr'><strong>clientum,</strong></span> <span class='ocrx_word' id='word_1_562' title='bbox 3389 4336 3495 4409; x_wconf 47' lang='lat' dir='ltr'><strong>iter</strong></span> 
     </span>
    </p>
   </div>
   <div class='ocr_carea' id='block_1_50' title="bbox 350 4436 2988 4535">
    <p class='ocr_par' dir='ltr' id='par_1_50' title="bbox 350 4436 2988 4535">
     <span class='ocr_line' id='line_1_50' title="bbox 350 4436 2988 4535; baseline -0.004 -34"><span class='ocrx_word' id='word_1_563' title='bbox 350 4448 427 4501; x_wconf 81' lang='lat' dir='ltr'><strong>Ad</strong></span> <span class='ocrx_word' id='word_1_564' title='bbox 446 4449 666 4503; x_wconf 74' lang='lat' dir='ltr'><strong>Domini</strong></span> <span class='ocrx_word' id='word_1_565' title='bbox 713 4459 877 4503; x_wconf 86' lang='lat' dir='ltr'><strong>nutus</strong></span> <span class='ocrx_word' id='word_1_566' title='bbox 909 4450 1061 4503; x_wconf 88' lang='lat' dir='ltr'><strong>turba</strong></span> <span class='ocrx_word' id='word_1_567' title='bbox 1093 4461 1282 4519; x_wconf 88' lang='lat' dir='ltr'><strong>parata</strong></span> <span class='ocrx_word' id='word_1_568' title='bbox 1318 4451 1485 4507; x_wconf 90' lang='lat' dir='ltr'><strong>leves.</strong></span> <span class='ocrx_word' id='word_1_569' title='bbox 1908 4482 1950 4535; x_wconf 67' lang='grc' dir='ltr'>Β</span> <span class='ocrx_word' id='word_1_570' title='bbox 2050 4442 2280 4498; x_wconf 89' lang='lat' dir='ltr'><strong>Delusns</strong></span> <span class='ocrx_word' id='word_1_571' title='bbox 2317 4440 2449 4495; x_wconf 78' lang='lat' dir='ltr'><strong>falsa</strong></span> <span class='ocrx_word' id='word_1_572' title='bbox 2480 4438 2787 4509; x_wconf 89' lang='lat' dir='ltr'><strong>suspicione</strong></span> <span class='ocrx_word' id='word_1_573' title='bbox 2816 4436 2988 4491; x_wconf 88' lang='lat' dir='ltr'><strong>timet.</strong></span> 
     </span>
    </p>
   </div>
   <div class='ocr_carea' id='block_1_51' title="bbox 286 4529 3249 4615">
    <p class='ocr_par' dir='ltr' id='par_1_51' title="bbox 286 4529 3249 4615">
     <span class='ocr_line' id='line_1_51' title="bbox 286 4529 3249 4615; baseline -0.003 -24"><span class='ocrx_word' id='word_1_574' title='bbox 286 4538 456 4595; x_wconf 84' lang='lat' dir='ltr'><strong>Sexus</strong></span> <span class='ocrx_word' id='word_1_575' title='bbox 505 4551 739 4612; x_wconf 88' lang='lat' dir='ltr'><strong>uterque</strong></span> <span class='ocrx_word' id='word_1_576' title='bbox 786 4541 975 4596; x_wconf 84' lang='lat' dir='ltr'><strong>canit:</strong></span> <span class='ocrx_word' id='word_1_577' title='bbox 1013 4551 1274 4597; x_wconf 88' lang='lat' dir='ltr'><strong>resonant</strong></span> <span class='ocrx_word' id='word_1_578' title='bbox 1314 4545 1670 4615; x_wconf 73' lang='lat' dir='ltr'><strong>cytharmque</strong></span> <span class='ocrx_word' id='word_1_579' title='bbox 1716 4554 1874 4613; x_wconf 75' lang='lat' dir='ltr'><strong>tyrze-</strong></span> <span class='ocrx_word' id='word_1_580' title='bbox 1908 4529 1939 4535; x_wconf 56' lang='lat'><strong>—</strong></span> <span class='ocrx_word' id='word_1_581' title='bbox 1982 4539 2258 4594; x_wconf 80' lang='lat' dir='ltr'><strong>Excussas</strong></span> <span class='ocrx_word' id='word_1_582' title='bbox 2292 4534 2486 4604; x_wconf 87' lang='lat' dir='ltr'><strong>aliquis</strong></span> <span class='ocrx_word' id='word_1_583' title='bbox 2516 4533 2761 4603; x_wconf 87' lang='lat' dir='ltr'><strong>deplorat</strong></span> <span class='ocrx_word' id='word_1_584' title='bbox 2792 4531 3057 4600; x_wconf 86' lang='lat' dir='ltr'><strong>grandine</strong></span> <span class='ocrx_word' id='word_1_585' title='bbox 3091 4529 3249 4594; x_wconf 84' lang='lat' dir='ltr'><strong>vites,</strong></span> 
     </span>
    </p>
   </div>
   <div class='ocr_carea' id='block_1_52' title="bbox 1641 4623 3070 4707">
    <p class='ocr_par' dir='ltr' id='par_1_52' title="bbox 1641 4623 3070 4707">
     <span class='ocr_line' id='line_1_52' title="bbox 1641 4623 3070 4707; baseline -0.01 -19"><span class='ocrx_word' id='word_1_586' title='bbox 1641 4634 1798 4707; x_wconf 84' lang='lat' dir='ltr'><strong>[que;</strong></span> <span class='ocrx_word' id='word_1_587' title='bbox 2053 4629 2159 4682; x_wconf 87' lang='lat' dir='ltr'><strong>Iste</strong></span> <span class='ocrx_word' id='word_1_588' title='bbox 2184 4625 2321 4680; x_wconf 89' lang='lat' dir='ltr'><strong>mari</strong></span> <span class='ocrx_word' id='word_1_589' title='bbox 2354 4632 2556 4695; x_wconf 84' lang='lat' dir='ltr'><strong>magno</strong></span> <span class='ocrx_word' id='word_1_590' title='bbox 2583 4623 2876 4693; x_wconf 87' lang='lat' dir='ltr'><strong>deperiisse</strong></span> <span class='ocrx_word' id='word_1_591' title='bbox 2903 4630 3070 4675; x_wconf 88' lang='lat' dir='ltr'><strong>rates.</strong></span> 
     </span>
    </p>
   </div>
   <div class='ocr_carea' id='block_1_53' title="bbox 356 4707 3575 4799">
    <p class='ocr_par' dir='ltr' id='par_1_53' title="bbox 356 4707 3575 4799">
     <span class='ocr_line' id='line_1_53' title="bbox 356 4707 3575 4799; baseline -0.007 -17"><span class='ocrx_word' id='word_1_592' title='bbox 356 4727 422 4782; x_wconf 86' lang='lat' dir='ltr'><strong>Et</strong></span> <span class='ocrx_word' id='word_1_593' title='bbox 452 4712 691 4784; x_wconf 79' lang='lat' dir='ltr'><strong>reddunt</strong></span> <span class='ocrx_word' id='word_1_594' title='bbox 714 4726 823 4781; x_wconf 92' lang='lat' dir='ltr'><strong>illic</strong></span> <span class='ocrx_word' id='word_1_595' title='bbox 846 4741 1050 4799; x_wconf 86' lang='lat' dir='ltr'><strong>organa</strong></span> <span class='ocrx_word' id='word_1_596' title='bbox 1080 4729 1237 4784; x_wconf 91' lang='lat' dir='ltr'><strong>dulce</strong></span> <span class='ocrx_word' id='word_1_597' title='bbox 1269 4728 1457 4783; x_wconf 87' lang='lat' dir='ltr'><strong>melos.</strong></span> <span class='ocrx_word' id='word_1_598' title='bbox 1983 4719 2118 4774; x_wconf 85' lang='lat' dir='ltr'><strong>Pars</strong></span> <span class='ocrx_word' id='word_1_599' title='bbox 2138 4718 2209 4749; x_wconf 82' lang='grc'><strong>’⁷³</strong></span> <span class='ocrx_word' id='word_1_600' title='bbox 2239 4716 2488 4787; x_wconf 88' lang='lat' dir='ltr'><strong>queritur</strong></span> <span class='ocrx_word' id='word_1_601' title='bbox 2515 4714 2686 4769; x_wconf 87' lang='lat' dir='ltr'><strong>sterili</strong></span> <span class='ocrx_word' id='word_1_602' title='bbox 2728 4713 2870 4768; x_wconf 90' lang='lat' dir='ltr'><strong>male</strong></span> <span class='ocrx_word' id='word_1_603' title='bbox 2898 4710 3105 4766; x_wconf 90' lang='lat' dir='ltr'><strong>credita</strong></span> <span class='ocrx_word' id='word_1_604' title='bbox 3128 4707 3342 4764; x_wconf 78' lang='lat' dir='ltr'><strong>semina</strong></span> <span class='ocrx_word' id='word_1_605' title='bbox 3376 4716 3533 4763; x_wconf 62' lang='lat' dir='ltr'><strong>terrae</strong></span> <span class='ocrx_word' id='word_1_606' title='bbox 3559 4722 3575 4770; x_wconf 89' lang='lat'><strong>;</strong></span> 
     </span>
    </p>
   </div>
   <div class='ocr_carea' id='block_1_54' title="bbox 290 4798 3321 4891">
    <p class='ocr_par' dir='ltr' id='par_1_54' title="bbox 290 4798 3321 4891">
     <span class='ocr_line' id='line_1_54' title="bbox 290 4798 3321 4891; baseline -0.006 -26"><span class='ocrx_word' id='word_1_607' title='bbox 290 4815 527 4874; x_wconf 76' lang='lat' dir='ltr'><strong>Tandem</strong></span> <span class='ocrx_word' id='word_1_608' title='bbox 556 4820 734 4891; x_wconf 75' lang='lat' dir='ltr'><strong>epulis</strong></span> <span class='ocrx_word' id='word_1_609' title='bbox 765 4798 950 4891; x_wconf 58' lang='lat' dir='ltr'><strong>largig,</strong></span> <span class='ocrx_word' id='word_1_610' title='bbox 993 4830 1048 4874; x_wconf 75' lang='grc' dir='ltr'><strong>οι</strong></span> <span class='ocrx_word' id='word_1_611' title='bbox 1079 4821 1236 4890; x_wconf 77' lang='lat' dir='ltr'><strong>pleno</strong></span> <span class='ocrx_word' id='word_1_612' title='bbox 1265 4829 1452 4873; x_wconf 55' lang='lat' dir='ltr'><strong>vinrt}</strong></span> <span class='ocrx_word' id='word_1_613' title='bbox 1475 4820 1664 4873; x_wconf 69' lang='lat' dir='ltr'><strong>beatus</strong></span> <span class='ocrx_word' id='word_1_614' title='bbox 2052 4807 2188 4861; x_wconf 79' lang='lat' dir='ltr'><strong>Pars</strong></span> <span class='ocrx_word' id='word_1_615' title='bbox 2219 4806 2409 4860; x_wconf 90' lang='lat' dir='ltr'><strong>metuit</strong></span> <span class='ocrx_word' id='word_1_616' title='bbox 2435 4803 2636 4859; x_wconf 90' lang='lat' dir='ltr'><strong>domini</strong></span> <span class='ocrx_word' id='word_1_617' title='bbox 2662 4803 2876 4872; x_wconf 88' lang='lat' dir='ltr'><strong>vimque</strong></span> <span class='ocrx_word' id='word_1_618' title='bbox 2904 4800 3189 4865; x_wconf 83' lang='lat' dir='ltr'><strong>minasque</strong></span> <span class='ocrx_word' id='word_1_619' title='bbox 3216 4798 3321 4852; x_wconf 76' lang='grc' dir='ltr'><strong>ὀυῘ.</strong></span> 
     </span>
    </p>
   </div>
   <div class='ocr_carea' id='block_1_55' title="bbox 357 4887 3431 4981">
    <p class='ocr_par' dir='ltr' id='par_1_55' title="bbox 357 4887 3431 4981">
     <span class='ocr_line' id='line_1_55' title="bbox 357 4887 3431 4981; baseline -0.007 -19"><span class='ocrx_word' id='word_1_620' title='bbox 357 4908 490 4963; x_wconf 90' lang='lat' dir='ltr'><strong>Cum</strong></span> <span class='ocrx_word' id='word_1_621' title='bbox 528 4887 728 4966; x_wconf 72' lang='lat' dir='ltr'><strong>scortis</strong></span> <span class='ocrx_word' id='word_1_622' title='bbox 753 4887 946 4979; x_wconf 75' lang='lat' dir='ltr'><strong>porcus</strong></span> <span class='ocrx_word' id='word_1_623' title='bbox 974 4887 1166 4981; x_wconf 83' lang='lat' dir='ltr'><strong>gaudia</strong></span> <span class='ocrx_word' id='word_1_624' title='bbox 1197 4910 1371 4965; x_wconf 76' lang='lat' dir='ltr'><strong>noctis</strong></span> <span class='ocrx_word' id='word_1_625' title='bbox 1396 4910 1561 4964; x_wconf 85' lang='lat' dir='ltr'><strong>habet</strong></span> <span class='ocrx_word' id='word_1_626' title='bbox 1985 4898 2226 4954; x_wconf 87' lang='lat' dir='ltr'><strong>Perdidit</strong></span> <span class='ocrx_word' id='word_1_627' title='bbox 2257 4896 2344 4950; x_wconf 91' lang='lat' dir='ltr'><strong>hic</strong></span> <span class='ocrx_word' id='word_1_628' title='bbox 2385 4894 2586 4963; x_wconf 88' lang='lat' dir='ltr'><strong>justam</strong></span> <span class='ocrx_word' id='word_1_629' title='bbox 2618 4892 2716 4945; x_wconf 89' lang='lat' dir='ltr'><strong>sub</strong></span> <span class='ocrx_word' id='word_1_630' title='bbox 2747 4891 2929 4958; x_wconf 90' lang='lat' dir='ltr'><strong>iniquo</strong></span> <span class='ocrx_word' id='word_1_631' title='bbox 2952 4887 3135 4957; x_wconf 82' lang='lat' dir='ltr'><strong>judice</strong></span> <span class='ocrx_word' id='word_1_632' title='bbox 3161 4901 3381 4943; x_wconf 85' lang='lat' dir='ltr'><strong>causam</strong></span> <span class='ocrx_word' id='word_1_633' title='bbox 3417 4901 3431 4941; x_wconf 91' lang='lat'><strong>:</strong></span> 
     </span>
    </p>
   </div>
   <div class='ocr_carea' id='block_1_56' title="bbox 290 4978 1893 5069">
    <p class='ocr_par' dir='ltr' id='par_1_56' title="bbox 290 4978 1404 5069">
     <span class='ocr_line' id='line_1_56' title="bbox 290 4978 1404 5069; baseline 0.001 -17"><span class='ocrx_word' id='word_1_634' title='bbox 290 4992 333 5052; x_wconf 91' lang='grc' dir='ltr'>Ο</span> <span class='ocrx_word' id='word_1_635' title='bbox 357 4999 619 5069; x_wconf 66' lang='lat' dir='ltr'><strong>praeclara</strong></span> <span class='ocrx_word' id='word_1_636' title='bbox 640 4999 740 5053; x_wconf 87' lang='lat' dir='ltr'><strong>viri</strong></span> <span class='ocrx_word' id='word_1_637' title='bbox 758 4978 947 5055; x_wconf 10' lang='lat' dir='ltr'><strong>ivirtus</strong></span> <span class='ocrx_word' id='word_1_638' title='bbox 964 4978 1045 5055; x_wconf 29' lang='lat' dir='ltr'><strong>lio</strong></span> <span class='ocrx_word' id='word_1_639' title='bbox 1078 5002 1187 5055; x_wconf 89' lang='lat' dir='ltr'><strong>vita</strong></span> <span class='ocrx_word' id='word_1_640' title='bbox 1216 5001 1404 5055; x_wconf 84' lang='lat' dir='ltr'><strong>beata!</strong></span> 
     </span>
    </p>
   </div>
   <div class='ocr_carea' id='block_1_57' title="bbox 1764 4978 3367 5069">
    <p class='ocr_par' dir='ltr' id='par_1_57' title="bbox 2067 4978 3367 5059">
     <span class='ocr_line' id='line_1_57' title="bbox 2067 4978 3367 5059; baseline -0.013 -12"><span class='ocrx_word' id='word_1_641' title='bbox 2067 4989 2179 5047; x_wconf 77' lang='lat' dir='ltr'><strong>Has</strong></span> <span class='ocrx_word' id='word_1_642' title='bbox 2219 4992 2433 5059; x_wconf 83' lang='lat' dir='ltr'><strong>rapiunt</strong></span> <span class='ocrx_word' id='word_1_643' title='bbox 2466 4978 2647 5051; x_wconf 73' lang='lat' dir='ltr'><strong>fures;</strong></span> <span class='ocrx_word' id='word_1_644' title='bbox 2689 4986 2788 5038; x_wconf 82' lang='lat' dir='ltr'><strong>has</strong></span> <span class='ocrx_word' id='word_1_645' title='bbox 2816 4988 3019 5036; x_wconf 82' lang='lat' dir='ltr'><strong>cremat</strong></span> <span class='ocrx_word' id='word_1_646' title='bbox 3049 4979 3194 5053; x_wconf 65' lang='lat' dir='ltr'><strong>ignis</strong></span> <span class='ocrx_word' id='word_1_647' title='bbox 3217 4992 3367 5048; x_wconf 88' lang='lat' dir='ltr'><strong>opes.</strong></span> 
     </span>
    </p>
   </div>
   <div class='ocr_carea' id='block_1_58' title="bbox 1611 5120 2290 5184">
    <p class='ocr_par' dir='ltr' id='par_1_58' title="bbox 1611 5120 2290 5184">
     <span class='ocr_line' id='line_1_58' title="bbox 1611 5120 2290 5184; baseline -0.016 -1"><span class='ocrx_word' id='word_1_648' title='bbox 1611 5127 1845 5184; x_wconf 63' lang='lat' dir='ltr'><strong>VARUS</strong></span> <span class='ocrx_word' id='word_1_649' title='bbox 1883 5120 2290 5183; x_wconf 70' lang='lat' dir='ltr'><strong>LECTIONES.</strong></span> 
     </span>
    </p>
   </div>
   <div class='ocr_carea' id='block_1_59' title="bbox 360 5227 3579 5321">
    <p class='ocr_par' dir='ltr' id='par_1_59' title="bbox 360 5227 3579 5321">
     <span class='ocr_line' id='line_1_59' title="bbox 360 5227 3579 5321; baseline -0.008 0"><span class='ocrx_word' id='word_1_650' title='bbox 360 5265 429 5297; x_wconf 80' lang='grc'><strong>¹⁶⁰</strong></span> <span class='ocrx_word' id='word_1_651' title='bbox 442 5265 749 5321; x_wconf 75' lang='lat' dir='ltr'><strong>lnfertmss.</strong></span> <span class='ocrx_word' id='word_1_652' title='bbox 768 5266 956 5320; x_wconf 83' lang='lat' dir='ltr'><strong>inserit</strong></span> <span class='ocrx_word' id='word_1_653' title='bbox 986 5265 1077 5319; x_wconf 89' lang='lat' dir='ltr'><strong>illa</strong></span> <span class='ocrx_word' id='word_1_654' title='bbox 1150 5261 1397 5315; x_wconf 66' lang='lat' dir='ltr'><strong>“‘Multa</strong></span> <span class='ocrx_word' id='word_1_655' title='bbox 1415 5261 1635 5315; x_wconf 89' lang='lat' dir='ltr'><strong>libentia</strong></span> <span class='ocrx_word' id='word_1_656' title='bbox 1654 5278 1776 5316; x_wconf 78' lang='lat' dir='ltr'><strong>mss.</strong></span> <span class='ocrx_word' id='word_1_657' title='bbox 1797 5227 2201 5315; x_wconf 63' lang='lat' dir='ltr'><strong>multdlateutia</strong></span> <span class='ocrx_word' id='word_1_658' title='bbox 2278 5248 2743 5321; x_wconf 75' lang='lat' dir='ltr'><strong>&quot;&#39;Ridetquoqne</strong></span> <span class='ocrx_word' id='word_1_659' title='bbox 2756 5259 2878 5295; x_wconf 84' lang='lat' dir='ltr'><strong>mss.</strong></span> <span class='ocrx_word' id='word_1_660' title='bbox 2899 5252 3225 5321; x_wconf 36' lang='lat' dir='ltr'><strong>ponuntur“</strong></span> <span class='ocrx_word' id='word_1_661' title='bbox 3251 5241 3320 5321; x_wconf 63' lang='lat' dir='ltr'><strong>&#39;f&#39;</strong></span> <span class='ocrx_word' id='word_1_662' title='bbox 3335 5240 3579 5321; x_wconf 79' lang='lat' dir='ltr'><strong>Cumque</strong></span> 
     </span>
    </p>
   </div>
   <div class='ocr_carea' id='block_1_60' title="bbox 297 5310 3580 5405">
    <p class='ocr_par' dir='ltr' id='par_1_60' title="bbox 297 5310 3580 5405">
     <span class='ocr_line' id='line_1_60' title="bbox 297 5310 3580 5405; baseline -0.008 -17"><span class='ocrx_word' id='word_1_663' title='bbox 297 5310 561 5390; x_wconf 52' lang='lat' dir='ltr'><strong>decor-un;</strong></span> <span class='ocrx_word' id='word_1_664' title='bbox 592 5352 715 5389; x_wconf 81' lang='lat' dir='ltr'><strong>mss.</strong></span> <span class='ocrx_word' id='word_1_665' title='bbox 733 5310 983 5405; x_wconf 52' lang='lat' dir='ltr'><strong>quodque</strong></span> <span class='ocrx_word' id='word_1_666' title='bbox 999 5338 1255 5405; x_wconf 85' lang='lat' dir='ltr'><strong>decorum</strong></span> <span class='ocrx_word' id='word_1_667' title='bbox 1330 5331 1750 5405; x_wconf 41' lang='lat' dir='ltr'><strong>“illacmisero</strong></span> <span class='ocrx_word' id='word_1_668' title='bbox 1768 5328 2318 5405; x_wconf 64' lang='lat' dir='ltr'><strong>totum_ti_iiseros_iii§s.</strong></span> <span class='ocrx_word' id='word_1_669' title='bbox 2336 5322 2441 5405; x_wconf 77' lang='lat' dir='ltr'><strong>heu</strong></span> <span class='ocrx_word' id='word_1_670' title='bbox 2467 5310 3058 5405; x_wconf 47' lang='lat' dir='ltr'><strong>miserototumtttrpcs</strong></span> <span class='ocrx_word' id='word_1_671' title='bbox 3070 5330 3163 5405; x_wconf 44' lang='lat' dir='ltr'><strong>mi.</strong></span> <span class='ocrx_word' id='word_1_672' title='bbox 3184 5310 3580 5405; x_wconf 29' lang='lat' dir='ltr'><strong>Ollietitq‘is‘c‘ru</strong></span> 
     </span>
    </p>
   </div>
   <div class='ocr_carea' id='block_1_61' title="bbox 294 5380 3581 5471">
    <p class='ocr_par' dir='ltr' id='par_1_61' title="bbox 294 5380 3581 5471">
     <span class='ocr_line' id='line_1_61' title="bbox 294 5380 3581 5471; baseline -0.009 -8"><span class='ocrx_word' id='word_1_673' title='bbox 294 5380 466 5463; x_wconf 60' lang='lat' dir='ltr'><strong>totum</strong></span> <span class='ocrx_word' id='word_1_674' title='bbox 503 5380 1299 5471; x_wconf 56' lang='lat' dir='ltr'><strong>iiiiseiés‘“;ea“uu§ﬁ{”cnvius</strong></span> <span class='ocrx_word' id='word_1_675' title='bbox 1322 5419 1447 5456; x_wconf 74' lang='grc' dir='ltr'><strong>ηιδε.</strong></span> <span class='ocrx_word' id='word_1_676' title='bbox 1478 5380 2225 5471; x_wconf 10' lang='lat' dir='ltr'><strong>quanide‘viitswr&#39;“Carnis</strong></span> <span class='ocrx_word' id='word_1_677' title='bbox 2246 5380 3092 5471; x_wconf 18' lang='lat' dir='ltr'><strong>hartelAntssﬁaltlnisdhabet&#39;mi.</strong></span> <span class='ocrx_word' id='word_1_678' title='bbox 3120 5381 3185 5436; x_wconf 92' lang='lat'><strong>0.</strong></span> <span class='ocrx_word' id='word_1_679' title='bbox 3213 5381 3392 5471; x_wconf 72' lang='lat' dir='ltr'><strong>carnis</strong></span> <span class='ocrx_word' id='word_1_680' title='bbox 3420 5380 3581 5471; x_wconf 76' lang='lat' dir='ltr'><strong>hebet</strong></span> 
     </span>
    </p>
   </div>
   <div class='ocr_carea' id='block_1_62' title="bbox 295 5454 3585 5545">
    <p class='ocr_par' dir='ltr' id='par_1_62' title="bbox 295 5454 3585 5545">
     <span class='ocr_line' id='line_1_62' title="bbox 295 5454 3585 5545; baseline -0.007 -16"><span class='ocrx_word' id='word_1_681' title='bbox 295 5454 780 5545; x_wconf 9' lang='lat' dir='ltr'><strong>ié’iidtirat&#39;aiiiqitc</strong></span> <span class='ocrx_word' id='word_1_682' title='bbox 807 5454 1360 5545; x_wconf 32' lang='lat' dir='ltr'><strong>trusted—tabantque</strong></span> <span class='ocrx_word' id='word_1_683' title='bbox 1381 5454 1391 5456; x_wconf 31' lang='grc'><strong>⁷</strong></span> <span class='ocrx_word' id='word_1_684' title='bbox 1431 5454 1934 5545; x_wconf 54' lang='lat' dir='ltr'><strong>i‘_&quot;&#39;_lnc:cpi_t_ailctu</strong></span> <span class='ocrx_word' id='word_1_685' title='bbox 1960 5486 2082 5545; x_wconf 72' lang='lat' dir='ltr'><strong>mss.</strong></span> <span class='ocrx_word' id='word_1_686' title='bbox 2108 5466 2297 5545; x_wconf 69' lang='lat' dir='ltr'><strong>Incipit</strong></span> <span class='ocrx_word' id='word_1_687' title='bbox 2318 5459 2526 5545; x_wconf 37' lang='lat' dir='ltr'><strong>a&#39;lletu“</strong></span> <span class='ocrx_word' id='word_1_688' title='bbox 2564 5454 3585 5545; x_wconf 33' lang='lat' dir='ltr'><strong>&quot;igituruiu-privatisguss.quantaque</strong></span> 
     </span>
    </p>
   </div>
   <div class='ocr_carea' id='block_1_63' title="bbox 298 5523 3580 5611">
    <p class='ocr_par' dir='ltr' id='par_1_63' title="bbox 298 5523 3580 5611">
     <span class='ocr_line' id='line_1_63' title="bbox 298 5523 3580 5611; baseline -0.002 -14"><span class='ocrx_word' id='word_1_689' title='bbox 298 5523 1040 5611; x_wconf 40' lang='lat' dir='ltr'><strong>privati;uitiatarum</strong></span> <span class='ocrx_word' id='word_1_690' title='bbox 1060 5523 1414 5597; x_wconf 58' lang='grc' dir='ltr'><strong>ῖτὲεεῖζὶίὲἐιῖιω</strong></span> <span class='ocrx_word' id='word_1_691' title='bbox 1441 5523 1565 5596; x_wconf 62' lang='lat' dir='ltr'><strong>suis</strong></span> <span class='ocrx_word' id='word_1_692' title='bbox 1603 5523 2320 5611; x_wconf 49' lang='lat' dir='ltr'><strong>31&#39;!uicgemumss.Iam</strong></span> <span class='ocrx_word' id='word_1_693' title='bbox 2366 5530 2531 5600; x_wconf 81' lang='lat' dir='ltr'><strong>gemit</strong></span> <span class='ocrx_word' id='word_1_694' title='bbox 2572 5526 2692 5611; x_wconf 9' lang='lat' dir='ltr'><strong>“mi</strong></span> <span class='ocrx_word' id='word_1_695' title='bbox 2720 5523 3266 5611; x_wconf 14' lang='lat' dir='ltr'><strong>(fui-ruptaguuuiusis</strong></span> <span class='ocrx_word' id='word_1_696' title='bbox 3293 5537 3580 5611; x_wconf 50' lang='grc' dir='ltr'><strong>ῃιεξχςρξξ-</strong></span> 
     </span>
    </p>
   </div>
   <div class='ocr_carea' id='block_1_64' title="bbox 296 5592 3578 5694">
    <p class='ocr_par' dir='ltr' id='par_1_64' title="bbox 296 5592 3578 5694">
     <span class='ocr_line' id='line_1_64' title="bbox 296 5592 3578 5694; baseline -0.009 -20"><span class='ocrx_word' id='word_1_697' title='bbox 296 5592 895 5694; x_wconf 46' lang='grc' dir='ltr'><strong>ἷίιίὶᾷἶοιιΙιιεῖἒ-Πίίί</strong></span> <span class='ocrx_word' id='word_1_698' title='bbox 917 5592 1248 5671; x_wconf 49' lang='lat' dir='ltr'><strong>C&#39;iliinii&#39;s&#39;din“</strong></span> <span class='ocrx_word' id='word_1_699' title='bbox 1262 5592 1614 5682; x_wconf 61' lang='lat' dir='ltr'><strong>&#39;ré&#39;giliiuiiifue</strong></span> <span class='ocrx_word' id='word_1_700' title='bbox 1644 5592 1783 5682; x_wconf 80' lang='lat' dir='ltr'><strong>puer</strong></span> <span class='ocrx_word' id='word_1_701' title='bbox 1806 5592 1962 5663; x_wconf 72' lang='lat' dir='ltr'><strong>iiiitet</strong></span> <span class='ocrx_word' id='word_1_702' title='bbox 1987 5608 2075 5661; x_wconf 93' lang='lat' dir='ltr'><strong>ille</strong></span> <span class='ocrx_word' id='word_1_703' title='bbox 2106 5592 2393 5674; x_wconf 72' lang='lat' dir='ltr'><strong>parenteui</strong></span> <span class='ocrx_word' id='word_1_704' title='bbox 2415 5616 2539 5655; x_wconf 79' lang='lat' dir='ltr'><strong>mss.</strong></span> <span class='ocrx_word' id='word_1_705' title='bbox 2572 5598 2703 5653; x_wconf 84' lang='lat' dir='ltr'><strong>Pars</strong></span> <span class='ocrx_word' id='word_1_706' title='bbox 2726 5592 2975 5664; x_wconf 76' lang='lat' dir='ltr'><strong>queritur</strong></span> <span class='ocrx_word' id='word_1_707' title='bbox 2996 5594 3166 5652; x_wconf 88' lang='lat' dir='ltr'><strong>sterili</strong></span> <span class='ocrx_word' id='word_1_708' title='bbox 3194 5592 3340 5650; x_wconf 82' lang='lat' dir='ltr'><strong>male</strong></span> <span class='ocrx_word' id='word_1_709' title='bbox 3364 5592 3578 5651; x_wconf 69' lang='lat' dir='ltr'><strong>credita</strong></span> 
     </span>
    </p>
   </div>
   <div class='ocr_carea' id='block_1_65' title="bbox 298 5692 701 5739">
    <p class='ocr_par' dir='ltr' id='par_1_65' title="bbox 298 5692 701 5739">
     <span class='ocr_line' id='line_1_65' title="bbox 298 5692 701 5739; baseline 0.002 -1"><span class='ocrx_word' id='word_1_710' title='bbox 298 5692 508 5738; x_wconf 84' lang='lat' dir='ltr'><strong>semina</strong></span> <span class='ocrx_word' id='word_1_711' title='bbox 542 5692 701 5739; x_wconf 72' lang='lat' dir='ltr'><strong>terra:</strong></span> 
     </span>
    </p>
   </div>
  </div>
