4060 6292
566 274 671 333 70.3

563 394 631 450 Et
657 396 780 466 quis
805 410 909 452 non
936 396 1079 467 quod
1114 385 1330 466 plangat
1356 395 1539 461 habet,
1568 392 1824 462 nulloque
1848 391 2035 447 dolore

635 486 864 542 Saucius
883 497 987 551 est,
1021 488 1128 542 voti
1157 502 1379 559 compos
1404 483 1603 557 ubique
1630 487 1751 542 sui?

560 577 677 632 Non
725 579 803 633 sic
830 577 1021 632 blanda
1047 570 1118 612 ’7‘
1140 579 1283 634 favet
1323 579 1483 634 rebus
1513 579 1728 635 fortuna
1755 568 2062 644 secundisp

631 667 853 722 Misccat
878 677 936 721 ut
972 668 1107 724 lictis
1136 669 1377 739 improba
1417 671 1573 725 triste
1606 669 1740 724 nihil
1774 688 1789 723 :

558 754 668 810 Nec
698 771 824 823 pars
849 758 919 790 ’⁷⁸
963 765 1126 827 parva
1158 759 1283 811 mali
1310 760 1454 813 vitiis
1482 760 1781 823 tabescere,
1815 768 1999 825 totque

627 843 853 912 Captivo
875 847 1127 902 ardentes
1150 858 1377 916 pectore
1406 850 1550 905 ferre
1579 851 1747 906 t'accs.

554 933 771 1004 Flagrat
800 939 1049 1002 avaritia,
1087 940 1226 993 mala
1251 956 1404 996 mens
1442 942 1785 997 succenditur
1813 941 1922 1008 ira;

626 1024 696 1080 Et
722 1027 883 1081 modo
907 1043 1108 1083 vesano
1131 1028 1303 1085 fervet
1340 1046 1526 1085 amore
1565 1032 1753 1086 :velut

552 1113 788 1171 Interius
811 1126 985 1173 totam
1017 1121 1218 1175 dudum
1248 1123 1561 1192 conceperit
1582 1124 1651 1171 ηπ
1675 1123 1954 1188 Ᾱζιιιιιθιιι,

624 1203 708 1259 Nl
730 1221 945 1277 quoque
973 1211 1116 1279 quod
1138 1212 1330 1267 deceat
1356 1213 1496 1269 caeca
1522 1213 1703 1271 furore
1728 1214 1892 1269 videt.

552 1292 711 1368 Saepe
735 1312 930 1370 graves
949 1302 1196 1358 stimulos
1227 1304 1364 1359 livor
1382 1305 1557 1360 malus
1578 1305 1781 1361 excitat
1803 1306 1875 1360 illi
1904 1325 1916 1361 :

626 1391 783 1461 Saepe
812 1400 1013 1448 metum
1045 1403 1291 1463 generat,
1322 1410 1604 1466 spemque,
1630 1397 1842 1464 cupitns
1864 1396 2057 1453 honor.

550 1479 702 1536 Illum
730 1482 988 1547 luxuries,
1024 1483 1280 1555 illumque
1308 1486 1561 1557 superbia
1589 1502 1671 1541 va:
1689 1494 1769 1541 tat
1795 1501 1812 1541 :

623 1572 776 1629 Ilnnc
804 1591 1021 1646 quoque
1036 1578 1277 1633 tristitiae
1306 1592 1444 1635 saeva
1464 1578 1540 1612 "1'
1570 1579 1805 1650 procella
1829 1581 2022 1650 quatit.

547 1661 696 1729 IItec,
726 1670 782 1719 et
809 1672 960 1734 plura
997 1679 1251 1736 premunt
1279 1684 1376 1725 nos
1410 1669 1571 1738 hujus
1609 1681 1850 1742 tempore
1881 1673 2005 1729 vitae
2028 1673 2126 1743 '7';

619 1754 749 1821 Quae
779 1773 879 1811 nec
902 1758 985 1812 vel
1019 1762 1201 1828 puncti
1233 1770 1475 1831 tempore
1498 1774 1644 1818 certa
1676 1773 1914 1819 manent.

514 1840 638 1898 Ille
654 1843 820 1914 fame,
853 1847 1033 1920 fungo,
1066 1849 1224 1917 febri,
1252 1861 1526 1922 serpente,
1555 1854 1771 1924 sagitta,

613 1933 915 2005 Fluctibus,
946 1949 1038 1995 aut
1068 1940 1318 2007 ﬂammis,
1362 1944 1539 2011 hoste,
1572 1945 1781 2002 latrone
1809 1949 2056 2018 perit’".

542 2025 613 2080 Et
636 2032 876 2085 nostram
910 2032 1081 2087 morbi
1116 2027 1635 2105 corrumpunt‘mille
1662 2038 1920 2105 salutem;

613 2114 802 2173 Nullus
825 2120 893 2174 ab
923 2116 1159 2179 humano
1184 2139 1409 2194 corpore
1435 2126 1662 2197 languor
1684 2121 1751 2161 ’⁸ο
1780 2130 1954 2185 abest.

544 2207 603 2264 Si
632 2226 777 2267 nunc
800 2212 868 2245 ⁸⁸⁸
902 2215 1134 2283 aspicias
1166 2217 1416 2273 animalia
1445 2228 1641 2275 cmtera
1666 2236 1922 2292 quaeque;

611 2299 858 2360 Invenies
878 2307 1060 2362 stantis
1090 2309 1303 2363 subdita
1333 2310 1477 2364 nulla
1505 2312 1679 2368 malis.

540 2387 650 2444 Nos
679 2392 874 2460 capitis
903 2386 1244 2467 laterumque
1290 2398 1466 2465 dolor,
1497 2399 1772 2475 febrisque
1794 2403 1985 2475 fatigat
2016 2424 2029 2460 :

611 2480 804 2538 Totum
837 2485 1108 2543 hominem
1134 2489 1273 2545 tollit
1297 2490 1463 2560 lepra,
1492 2470 1745 2564 chiragra
1780 2470 1973 2551 manus
2014 2537 2030 2562 ,

534 2572 665 2628 Dira
696 2577 934 2650 podagra
968 2581 1168 2650 pedes;
1200 2583 1388 2647 oculos
1415 2585 1711 2655 opbtalmia
1734 2599 1944 2645 caecat:

606 2662 830 2721 Obsidet
864 2670 1060 2724 arctati
1093 2673 1332 2742 pectoris
1359 2675 1572 2730 asthma
1601 2677 1737 2732 vias.

534 2752 686 2814 Lmsa
716 2774 844 2815 suos
875 2761 1078 2817 claudit
1118 2764 1248 2820 lotio
1278 2767 1457 2821 vesica
1476 2768 1546 2800 ²⁸²
1575 2780 1784 2825 meatus
1814 2785 1830 2825 :

607 2853 826 2909 Viscera
858 2838 1177 2927 torquentur
1197 2860 1290 2925 ¹⁸³,
1314 2877 1549 2931 parsque
1578 2865 1851 2933 pudenda,
1873 2866 2116 2926 colns'”.

533 2945 698 3016 200
721 2948 859 3002 Dens
878 2948 1045 3013 dolet,
1067 2959 1159 3005 ant
1180 2954 1381 3017 cervix;
1402 2969 1463 3009 os
1490 2964 1684 3026 torpet;
1701 2956 1879 3027 lingua
1903 2956 2032 3029 ligat
2070 2977 2116 3027 r;

605 3032 769 3105 Splen
800 3044 1002 3105 tumet;
1031 3051 1257 3112 aagrotat
1287 3043 1493 3112 pulmo,
1521 3045 1729 3101 laborat
1758 3049 1943 3118 liepar.

531 3124 639 3180 Cor
658 3138 892 3196 marcet;
923 3146 1080 3188 renes
1102 3135 1414 3203 patiuntur;
1443 3136 1676 3193 solvitur
1697 3138 1882 3206 alvus;
1942 3123 1946 3126 ⁴

600 3214 828 3273 Brachia
859 3220 931 3276 nil
964 3234 1220 3293 possunt;
1251 3226 1508 3298 languida
1540 3244 1701 3285 crura
1721 3230 1926 3302 jacent.

530 3307 750 3380 Singula
781 3328 884 3367 non
910 3318 1097 3383 paucis
1127 3333 1251 3388 pars
1278 3332 1363 3375 est
1390 3322 1623 3378 olmoxia
1654 3324 1861 3381 morbis
1886 3342 1901 3379 :

598 3398 666 3452 Et
682 3408 831 3466 patet
860 3402 1046 3460 infelix
1075 3408 1141 3460 ad
1168 3409 1306 3465 mala
1346 3419 1490 3467 totus
1515 3413 1698 3468 homo.

527 3486 644 3543 Non
674 3489 790 3545 haec
816 3507 944 3563 ergo
993 3497 1158 3564 salus,
1196 3516 1301 3555 non
1336 3504 1450 3558 ha-c
1472 3504 1600 3558 mihi
1631 3506 1737 3559 vita
1762 3505 1998 3563 videtur;

599 3579 772 3646 Quam
802 3598 949 3638 mors
978 3590 1276 3659 exstinguit
1302 3593 1393 3657 η’,
1421 3594 1612 3649 tollere
1643 3597 1863 3652 morbus
1892 3598 2072 3655 habet.
2126 3599 2131 3603 ’

524 3666 619 3725 Sic
647 3682 730 3726 est
761 3689 775 3727 :
806 3688 896 3731 res
925 3677 1058 3734 istas
1085 3680 1225 3735 male
1255 3683 1500 3751 publicus
1522 3688 1755 3741 :estimat
1782 3702 1965 3756 error;

601 3764 736 3849 Vilia
776 3778 920 3832 sunt,
955 3769 1103 3825 stulti
1136 3787 1256 3842 quze
1281 3775 1517 3842 pretiosa
1548 3785 1742 3846 putant
1812 3804 1815 3805 ν

520 3850 632 3912 Nos
654 3855 823 3930 igitur
843 3859 1082 3928 ,fratres,
1114 3878 1315 3934 quaeso,
1342 3865 1564 3922 meliora
1592 3882 1914 3938 sequamur,

595 3947 725 4014 Qum
750 3961 874 4007 sunt
900 3953 1057 4024 digna
1088 3953 1251 4021 bono,
1280 3972 1403 4027 quae.
1427 3957 1669 4028 sapiente
1693 3960 1830 4016 viro.

512 4039 631 4093 Cur
657 4039 916 4097 Dominus
947 4060 1149 4113 rerum,
1181 4064 1350 4117 quare
1376 4049 1593 4106 deitatis
1624 4050 1799 4120 imago

588 4132 757 4190 Parva
781 4138 970 4207 cupis?
999 4143 1188 4209 cupias
1214 4142 1446 4196 maxima
1481 4158 1705 4213 magnus
1734 4145 1937 4200 homo?

513 4220 634 4279 Non
668 4228 825 4284 decet
852 4232 1081 4289 artificis
1112 4234 1248 4290 tanti
1279 4235 1523 4291 mirabile
1552 4237 1757 4306 plasma

589 4315 771 4373 Mirari
800 4324 1036 4392 propriis
1060 4336 1255 4382 cuncta
1288 4328 1495 4382 minora
1527 4327 1702 4384 bonis.

509 4402 666 4459 Luna
694 4408 788 4463 tibi
825 4410 1011 4482 fulget,
1046 4415 1138 4469 tibi
1172 4415 1404 4471 volvitur
1431 4418 1609 4474 orbita
1635 4418 1787 4485 solis,

588 4495 657 4553 Et
687 4500 786 4554 tibi‘
807 4512 935 4559 sunt
969 4513 1079 4560 toto
1109 4507 1285 4561 sidera
1317 4524 1499 4578 sparsa
1525 4510 1668 4579 polo.

508 4586 718 4660 Nempe
739 4592 855 4649 dies
882 4602 1006 4651 llllls
1039 4605 1146 4663 est,
1177 4606 1262 4652 tua
1292 4614 1420 4663 nox,
1456 4608 1578 4655 tuus
1608 4601 1798 4672 igneus
1827 4604 2020 4660 anlter'

582 4678 654 4735 Et
679 4679 773 4736 tibi
805 4694 1142 4740 commutant
1172 4694 1409 4756 tempora
1436 4704 1663 4760 quaeque
1694 4692 1860 4750 vices.

502 4772 671 4830 Orbis
701 4780 967 4830 terrarum
1004 4786 1130 4832 tuus
1152 4786 1235 4834 est
1265 4819 1282 4849 ,
1309 4790 1364 4836 et
1388 4781 1648 4853 quidquid
1675 4786 1744 4841 ab
1775 4787 1867 4842 illo

911 275 970 332 S.
1010 272 1310 333 ANSELMI
1357 274 1709 343 CANTUAR.
1741 271 2062 332 ARCHIEP.
2101 272 2258 331 OPP.
2288 271 2471 329 PARS
2513 270 2578 327 Il.
2614 301 2687 314 -——
2722 267 3097 327 ΡΛΒᾹΞΝΕΤ.
3136 267 3227 325 ΕΤ
3256 267 3501 327 Αεοετ.

2169 394 2213 452 Λ
2311 385 2611 452 Clauditur,
2641 384 2869 442 arbitrio
2898 384 3150 442 subditur
3168 400 3333 441 omne
3358 394 3471 442 tuo.

3730 269 3830 326 τοι

2242 475 2442 547 Nempe
2475 492 2673 548 parens
2698 492 2878 533 rerum
2896 476 3035 533 ctelo
3062 478 3329 535 demissus
3353 479 3421 534 ab
3448 481 3581 546 alto,

2313 568 2393 623 Ad
2425 578 2513 623 tua
2545 570 2898 635 descendens,
2924 579 3006 626 est
3032 570 3126 625 tibi
3153 571 3332 626 factus
3359 571 3545 627 homo.

2242 655 2319 713 'I'e
2349 669 2531 715 manet
2554 659 2787 717 astriferi
2820 660 3121 717 clarissima
3158 661 3304 733 regia
3334 662 3506 733 regni,

2313 750 2392 805 Tu
2413 764 2630 823 quoque
2654 767 2714 808 es
2741 752 2928 808 aeterni
2964 753 3105 824 regis
3134 752 3315 824 imago
3344 754 3419 807 tui
3449 753 3541 805 ³⁸⁸.

2241 841 2383 913 Ergo
2408 851 2461 897 tu
2499 852 2701 911 tantus,
2728 843 2820 914 qui
2856 844 3019 899 tantis
3044 854 3239 901 caetera
3272 844 3468 913 vincis,

2310 936 2376 989 Et
2406 935 2585 990 minor
2612 951 2673 992 es
2700 935 2815 993 solo
2838 945 3032 992 cuncta
3064 944 3289 993 creante
3312 937 3421 993 Deo
3451 954 3467 993 :

2239 1025 2358 1081 Noli
2387 1034 2439 1081 te
2466 1040 2634 1095 regno
2656 1027 2860 1097 peccati
2888 1027 3122 1084 subdere
3149 1045 3164 1081 :
3194 1027 3322 1090 noli,

2311 1115 2439 1185 Quae
2459 1116 2620 1173 citius
2647 1118 2878 1189 fugiunt,
2910 1118 3010 1174 ista
3038 1120 3241 1175 caduca
3269 1120 3444 1190 sequi.

2240 1208 2346 1265 Sed
2374 1215 2584 1281 satagat
2610 1210 2842 1267 humiles
2884 1212 3067 1266 animo
3096 1212 3485 1270 transcendere
3516 1222 3717 1282 terras.

2311 1302 2643 1374 Arctumque
2670 1307 2737 1360 ad
2760 1303 2927 1360 caelos
2955 1305 3135 1374 arripe
3158 1303 3317 1360 fortis
3346 1305 3473 1361 iter.

2237 1395 2383 1463 Vita,
2412 1395 2578 1463 salus,
2607 1395 2887 1452 hominum
2927 1409 3145 1468 quoque
3168 1403 3387 1464 caetera,
3417 1397 3597 1454 fumus
3621 1408 3679 1455 et
3703 1417 3817 1456 um-

3476 1488 3595 1562 [bra
3625 1504 3711 1548 est
3731 1533 3747 1546 .

2307 1579 2502 1639 Omnia
2532 1589 2882 1652 praetereunt,
2909 1581 3057 1637 nulla
3088 1597 3313 1638 manere
3340 1580 3494 1637 rides
3526 1601 3541 1637 :

2236 1673 2350 1729 Non
2378 1682 2430 1730 te
2452 1689 2572 1745 quae
2597 1684 2826 1744 pereunt
2847 1675 3114 1731 delectent
3155 1673 3339 1729 infima
3372 1690 3389 1741 ;
3422 1690 3527 1730 non
3556 1685 3610 1731 te

2161 1743 2205 1802 Β
2304 1743 2790 1823 (Ζωιεέιειηίΐωόθι
2818 1768 3041 1838 pulvere
3067 1776 3209 1824 terra
3239 1784 3360 1823 suo.

2234 1858 2344 1915 Nec
2372 1868 2424 1915 te
2443 1859 2740 1931 praecipitet
2763 1859 2942 1915 carnis
2962 1858 3268 1915 malesuada
3305 1858 3554 1930 voluptas
3588 1880 3603 1916 :

2301 1950 2413 2008 Nec
2438 1952 2615 2007 trahat
2641 1949 2905 2007 illecebris
2933 1966 3076 2017 esca,
3104 1966 3384 2021 venusque
3417 1952 3551 2007 suis.

2229 2039 2554 2110 Perpetuum
2589 2038 2684 2094 tibi
2710 2039 2782 2094 sit
2804 2041 3043 2095 studium
3070 2040 3288 2095 virtutis
3308 2051 3364 2096 et
3387 2041 3552 2096 ardor
3581 2059 3596 2095 :

2298 2130 2451 2188 Mens
2475 2142 2565 2186 tua
2595 2132 2855 2187 continuo
2883 2131 3076 2205 ﬂagret
3102 2146 3289 2188 amore
3319 2133 3443 2188 boni
3461 2133 3558 2188 ³⁸⁷.

2228 2222 2421 2290 Quaere
2453 2224 2578 2279 boni
2602 2224 2676 2259 ’⁸⁸
2709 2223 2913 2279 fontem
2949 2224 3212 2279 virtutum
3241 2224 3512 2298 passibus,
3542 2233 3599 2280 et
3622 2233 3677 2282 te

2297 2310 2458 2368 Istius
2485 2311 2649 2368 fontis
2676 2320 2881 2370 torreat
2910 2326 3015 2367 una
3047 2313 3182 2368 suis.

2228 2401 2456 2459 Sarcina
2479 2414 2788 2460 currentem
2822 2404 3078 2460 te'mundi
3110 2403 3255 2459 nulla
3284 2404 3567 2461 retardet:

2298 2494 2491 2550 Totum
2519 2495 2730 2552 declina
2755 2497 3014 2568 quidquid
3048 2497 3242 2553 obesse
3273 2496 3426 2552 solet.

2223 2586 2359 2643 Cum
2386 2599 2440 2643 tu
2467 2589 2752 2659 pervenies
2776 2589 2932 2645 laetus
2960 2588 3199 2659 felixque
3224 2589 3423 2656 viator,

2293 2678 2362 2733 Et
2391 2679 2514 2734 data
2539 2681 2737 2736 vivifici
2763 2682 2918 2752 capia
2948 2681 3115 2736 fontis
3142 2683 3250 2736 erit
3272 2721 3290 2746 ,

2222 2766 2645 2849 Eternus‘ﬁes,
2677 2771 2916 2842 sapiens,
2943 2786 3181 2842 vereque
3210 2773 3404 2827 beatus
3436 2813 3450 2826 .

2293 2862 2500 2917 Cuncta
2529 2863 2623 2918 tibi
2648 2862 2862 2917 fuerint‘
2881 2877 3158 2934 prospera,
3199 2863 3353 2919 triste
3374 2861 3536 2918 nihil.

2222 2954 2394 3024 Inque
2427 2968 2527 3008 suo
2550 2969 2743 3025 regem.
2763 2970 2856 3009 rex
2883 2955 2998 3026 ipse
3031 2955 3230 3012 decore"
3254 2955 3480 3021 videbis,

2292 3044 2477 3115 Deque
2503 3044 2753 3101 beatiﬁco
2778 3045 2979 3100 lumine
3004 3046 3185 3101 lumen
3215 3048 3325 3101 eris
3349 3047 3370 3078 '
3401 3046 3445 3100 ’.

2143 3090 2189 3152 ϐ
2219 3090 2405 3187 Nullael
2422 3131 2619 3186 mentis
2645 3142 2806 3188 erunt
2838 3135 3104 3198 tenebras;
3135 3134 3230 3189 sed
3259 3142 3418 3190 nocte
3443 3133 3629 3205 fugata

2286 3224 2437 3281 Intus
2464 3225 2568 3281 erit
2595 3239 2787 3295 perpes
2806 3233 2861 3279 et
2891 3224 3010 3281 sine
3038 3225 3181 3280 nube
3211 3225 3349 3282 dies.
3544 3282 3547 3283 ν

2215 3313 2370 3371 Tunc
2397 3329 2581 3370 rerum
2607 3330 2806 3380 causae,
2850 3315 3135 3384 scripturae
3161 3315 3347 3371 clausa
3376 3316 3641 3385 patebunt
3674 3332 3690 3369 :

2287 3405 2481 3462 Omnia
2512 3406 2660 3463 clara
2689 3407 2807 3472 tibi,
2839 3407 3107 3478 plenaque
3138 3407 3276 3462 lucis
3305 3416 3487 3463 erunt.

2214 3495 2368 3553 Tunc
2397 3497 2450 3552 in
2477 3496 2725 3553 vivorum
2754 3498 2876 3553 laeta
2908 3497 3127 3568 regione
3151 3497 3360 3553 videbis

2284 3584 2415 3654 Qum
2441 3586 2583 3641 bona
2607 3586 2720 3642 sint
2750 3586 3309 3656 Domini,quantaque
3336 3586 3477 3641 dona
3506 3585 3621 3641 Dei.

2211 3674 2357 3731 Mors
2382 3675 2579 3742 aberit,
2612 3677 2852 3741 morbus,
2886 3677 3058 3743 labor,
3097 3677 3291 3743 hostis,
3321 3691 3472 3744 cura,
3514 3688 3793 3744 senectus;

2281 3767 2400 3826 Non
2428 3768 2593 3825 habet
2616 3769 2734 3824 haec
2758 3768 2888 3824 felix
2912 3768 3003 3823 illa
3032 3784 3265 3839 superna
3300 3769 3514 3825 domus.

2210 3861 2328 3916 Non
2359 3862 2522 3917 timor
2555 3860 2747 3917 afﬁciet
2779 3871 3016 3929 sanctos,
3040 3876 3341 3931 sensusque
3370 3859 3576 3917 doloris
3602 3878 3621 3915 :

2284 3953 2476 4010 )Estus
2498 3955 2550 4009 in
2578 3954 2663 4010 his
2695 3953 2893 4018 nullus,
2920 3952 3120 4024 frigora
3149 3953 3295 4009 nulla
3326 3952 3483 4009 locis.

2208 4043 2382 4100 Nemo
2403 4045 2492 4100 hic
2518 4044 2791 4110 esuriens,
2814 4046 2991 4101 nudus
3013 4060 3230 4116 quoque
3259 4059 3442 4113 nemo,
3475 4045 3571 4100 sed
3596 4059 3740 4100 unus

2288 4136 2556 4209 Omnibus
2584 4152 2746 4194 omne
2767 4138 2969 4195 bonum
2999 4137 3113 4205 fiet,
3157 4139 3388 4209 eritque,
3417 4139 3578 4194 Deus.

2208 4226 2348 4284 Urbs
2378 4228 2495 4283 haec
2528 4243 2636 4283 non
2669 4228 2831 4296 lunae,
2862 4244 2973 4284 non
3008 4228 3212 4284 lumine
3242 4229 3376 4284 solis
3399 4229 3610 4299 egebit;

2279 4323 2507 4388 Semper
2527 4319 2632 4374 erit
2658 4334 2855 4390 magno
2878 4318 2992 4374 sole
3018 4334 3211 4375 serena
3245 4319 3376 4375 Deo.

2127 4440 2178 4500 ι)
2205 4409 2448 4479 Denique
2472 4409 2743 4500 iustorum
2774 4419 3030 4479 tanquam
3071 4408 3152 4465 sol
3181 4408 3413 4479 quisque
3443 4410 3633 4466 nitebit
3668 4430 3684 4467 :

2278 4501 2383 4556 Ista
2406 4500 2678 4555 redouata:
2698 4499 2866 4570 gloria
2906 4500 3090 4555 carnis
3118 4500 3242 4555 erit.

2206 4594 2442 4667 Spiritus
2469 4594 2696 4650 summis
2721 4593 2959 4662 aequabit
2982 4593 3156 4662 gratia
3186 4591 3328 4662 regis
3362 4609 3375 4645 :

2276 4688 2382 4744 Pro
2409 4688 2609 4758 quibus
2635 4695 2720 4743 est
2746 4686 2888 4741 ultro
2917 4699 3111 4755 passus
3140 4699 3324 4739 amara
3343 4680 3544 4740 crtfcis.

2204 4779 2282 4840 Ad
2309 4789 2549 4836 montem
2577 4779 2704 4834 vitae
2732 4778 2798 4833 de
2824 4777 3016 4833 mortis
3045 4774 3187 4831 valle
3212 4776 3282 4808 "°
3306 4776 3564 4831 reductus

1800 4956 2036 5014 VARIA‘I
2072 4953 2477 5014 LECTIONES.

569 5106 651 5140 ’νδ
670 5106 936 5186 _Nuu_e_si_c
954 5109 1149 5186 blanda
1184 5126 1283 5163 ms.
1317 5109 1383 5166 0.
1418 5113 1878 5186 nongsicrblanda
1953 5116 2023 5148 ³⁷⁸
2049 5114 2165 5186 N_on
2212 5128 2340 5186 pars
2364 5130 2465 5186 ms.
2505 5111 2573 5168 0.
2615 5125 2872 5186 nec__pars
2945 5111 3017 5143 ’⁷⁸
3055 5108 3539 5186 Conceperat__m§_._
3566 5106 3802 5186 0._Oon-

496 5179 753 5255 ςίδρειιῆῑΔ
782 5180 860 5255 ξπ.
885 5178 1126 5235 Tristitia
1158 5196 1297 5236 szeva
1325 5199 1452 5255 mss.
1483 5183 1718 5255 tristitia:
1752 5201 1894 5241 saeva
1972 5187 2041 5217 ’⁷⁸
2069 5176 2336 5255 Tempore
2386 5185 2511 5255 vitm
2564 5199 2664 5237 ms.
2709 5176 2834 5255 595.
2875 5186 3140 5255 tempore;
3368 5177 3441 5255 ’_'”
3485 5176 3582 5255 Ille
3624 5177 3801 5255 fame,

499 5246 694 5330 fuligo,
725 5248 1184 5330 febri,‘se,rpeutc,
1228 5253 1443 5321 sagitta.
1478 5253 1775 5330 Fluctibus,
1824 5265 1916 5330 aut
1948 5246 2218 5330 ﬂammis;
2246 5254 2433 5330 hoste,
2478 5251 2892 5330 latroneﬁperit._
2920 5246 3018 5304 ms.
3048 5246 3137 5330 _0.’
3187 5248 3335 5330 addi!
3369 5248 3476 5330 [foe
3524 5246 3802 5330 disticho:

504 5318 580 5395 ff?
616 5319 855 5389 Corpoz-a
883 5318 1112 5389 languor
1131 5339 1258 5376 mss.
1287 5318 1519 5393 corpore
1549 5325 1778 5395 languor
1850 5327 1918 5358 ²⁸¹
1943 5326 2035 5380 Sic
2055 5318 2202 5379 nunc
2222 5342 2347 5395 mss.
2378 5327 2420 5379 si
2448 5339 2591 5395 nunc
2636 5318 2926 5395 Δξξιί-ξλίιιιίτι
2951 5321 3134 5395 vesica
3157 5336 3280 5373 mss.
3309 5318 3443 5372 lotio
3459 5318 3640 5395 vesica

504 5385 1062 5469 Xiscera’torquent'ur
1083 5385 1753 5469 m§_aA._visceratorrentur.
1797 5396 1901 5469 U’“
1935 5396 2102 5451 Colon
2132 5412 2255 5469 mss.
2295 5393 2361 5448 0.
2396 5394 2557 5469 _colns
2606 5385 2869 5469 _"'_Nlors
2897 5387 3805 5469 extinguisﬂrnss.tuurs‘extipguit

499 5456 586 5538 ³ξῖ
628 5458 809 5538 Imago
850 5456 923 5514 tui
974 5476 1074 5538 me.
1136 5463 1259 5538 595;
1296 5463 1471 5535 imago
1531 5466 1631 5538 Dei
1664 5536 1669 5538 Α
1700 5467 1769 5538 '9’
1796 5465 1943 5538 Mens
1973 5476 2063 5520 tua
2100 5466 2364 5538 continuo
2390 5463 2579 5538 flagret
2606 5461 2865 5538 bonitatis
2902 5456 3127 5538 amore:
3159 5457 3251 5538 Sic
3278 5457 3422 5528 perit
3450 5456 3806 5538 aeternijorf

500 5525 619 5609 fida
638 5525 870 5609 Illaiitma
903 5531 1037 5609 rogi.
1069 5548 1201 5609 nisa;
1225 5525 1546 5609 Pcrpefuum
1580 5536 1672 5609 tibi
1698 5537 1768 5609 s_it
1798 5537 2032 5609 studium
2060 5535 2359 5609 virtutis_ct
2377 5525 2562 5609 ardor,
2602 5531 2754 5609 biens
2785 5531 3177 5609 tuahcontinuu
3212 5525 3405 5599 flagret
3438 5541 3629 5609 amore
3660 5528 3805 5609 belli.

500 5594 584 5676 “'l
608 5596 812 5676 “Quare
843 5594 991 5676 honi'
1007 5617 1132 5656 mss.
1165 5594 1357 5667 Quaere
1394 5602 1520 5676 boni
1593 5605 1661 5635 ’⁸³
1720 5605 1946 5676 Lumine
1994 5605 2173 5676 lumen
2218 5604 2326 5676 eris
2368 5603 2434 5657 In
2471 5594 2707 5676 ’μζ-595
2771 5599 2979 5676 explieit
3050 5601 3135 5655 hic
3167 5594 3385 5676 carrum
3434 5596 3573 5654 istud
3605 5613 3632 5652 :
3674 5597 3804 5654 etei

500 5665 853 5736 wbjiciuntur
914 5670 1087 5737 plures
1160 5665 1335 5725 versus

1399 5672 1683 5727 hexametri
1757 5675 1827 5708 ’⁸ο
1860 5675 1934 5731 De
1966 5675 2156 5733 mortis
2184 5675 2325 5730 valle
2347 5690 2444 5728 ms.
2476 5671 2542 5726 0.
2575 5672 2641 5727 de
2667 5670 2838 5728 noctis
2865 5670 2999 5727 valle
