4060 6292
290 326 394 386 705
715 325 720 330 ’
1335 327 1622 386 CAR-MEN
1661 327 1750 389 DE
1789 325 2213 388 CONTEMPTU
2248 325 2491 387 MUNDI.
3450 334 3558 391 706

358 438 503 496 Civis
528 437 634 495 erit
661 435 784 495 felix
809 437 977 495 miser
993 436 1151 495 exsul
1174 440 1356 497 homo.
1889 450 1936 506 Α
1965 440 2149 513 Agna;
2185 441 2330 497 nulla
2354 443 2529 515 magis
2554 442 2933 516 agnum—juvat
2960 443 3140 500 hostia
3168 443 3443 500 Christum
3474 461 3491 499 :

293 527 449 585 Urbis
475 529 619 584 enim
644 527 947 584 illius'Deus
969 536 1055 585 est
1078 529 1410 600 respublica;
1445 539 1503 586 et
1530 531 1656 587 inde
2044 531 2229 602 Agnus
2262 534 2371 588 eris
2390 533 2607 591 Christo
2628 536 2975 608 simplicitate
3012 538 3111 590 tua‘

354 620 584 677 Grandis
614 620 685 676 ibi
711 629 797 677 est
832 621 1046 677 cunctis
1070 622 1245 692 capia,
1270 623 1450 680 nullus
1473 634 1616 694 eget.
1970 620 2215 679 Oll‘ertur
2242 625 2472 682 Domino
2493 636 2691 692 turtur,
2717 629 3054 699 simplexque
3077 627 3323 684 columba
3359 647 3373 684 :

287 709 398 766 Non
415 709 576 781 igitur
601 710 824 766 deerunt
854 712 997 782 regis
1019 711 1111 767 tibi
1138 712 1207 747 ’⁸⁸
1240 729 1494 779 munera;
1526 723 1718 783 necte,
2040 713 2233 770 Castus
2259 717 2369 771 eris
2394 726 2592 783 turtur,
2626 718 2819 773 blanda
2847 719 3095 774 columba
3125 734 3368 789 gemens.

353 800 452 868 Qui
474 803 698 857 meritos
731 803 939 873 magnis
961 802 1030 835 ’⁸⁸
1057 802 1214 864 ditat.
1239 820 1400 876 egere
1419 807 1580 862 sinet.
1968 803 2263 873 Quot-sunt
2283 808 2373 874 ηε,
2411 810 2503 879 qui
2539 811 2764 866 Domino
2793 827 2851 867 se
2876 820 3211 876 castravere,
3238 811 3412 877 beati;

286 890 414 946 Nam
439 907 562 947 cum
589 893 661 926 ⁸⁸³
689 895 935 965 gustabis
961 895 1029 951 de
1050 897 1175 952 vitae
1200 896 1347 953 fonte
1376 899 1621 968 perenni,
2038 900 2299 958 Tartarus
2357 904 2599 961 incestos
2627 946 2643 974 ,
2716 902 3071 979 ﬂammaque,
3128 922 3384 976 morsque
3431 923 3551 976 ma-

350 980 418 1035 Et
434 980 653 1035 dabitur
682 997 895 1038 summo
926 986 1254 1056 participare
1283 987 1426 1043 bono
1451 1027 1468 1053 ,
1618 984 1624 989 ”
2644 988 2647 989 ⁷
3213 995 3367 1069 [nent
3386 997 3476 1051 ⁸⁸⁸.

284 1070 466 1142 Magna
489 1071 739 1138 scientia,
764 1073 933 1128 multa
968 1076 1215 1146 potentia
1233 1075 1326 1141 ω,
1357 1077 1494 1131 mira
1520 1076 1789 1148 voluptas,
1967 1080 2189 1138 Summa
2218 1084 2436 1155 quidem
2465 1085 2639 1142 virtus
2666 1087 2915 1142 monachi
2947 1102 3141 1157 parere
3173 1087 3372 1157 priori;

348 1161 661 1220 Reddentur
684 1168 809 1221 vitae
829 1166 901 1199 ²⁹⁸
932 1167 1249 1245 militimque
1273 1176 1398 1224 tuae.
1630 1240 1635 1243 ν
2034 1174 2201 1232 Ferre
2217 1174 2406 1248 jugum
2435 1193 2660 1241 norum,
2693 1193 2858 1248 seque
2889 1193 3089 1250 negare
3117 1180 3242 1233 sibi.

282 1252 409 1321 Quis
429 1254 632 1325 poterit
658 1254 785 1321 fari,
822 1256 945 1328 quis
969 1256 1231 1322 scribere,
1263 1259 1386 1329 quis
1409 1258 1679 1328 meditari,
1966 1264 2233 1335 Quidquid
2263 1266 2557 1335 praecipiet,
2590 1282 2716 1322 mox
2743 1276 2799 1322 et
2827 1268 2946 1323 sine
2973 1283 3249 1322 murmure
3279 1282 3434 1323 serva
3473 1284 3487 1323 :

346 1343 476 1412 Quae
499 1345 656 1400 dabis
680 1346 734 1400 in
762 1347 919 1402 caelis
949 1347 1169 1416 praemia
1189 1348 1403 1403 Christe
1436 1349 1578 1404 tuis?
2033 1352 2324 1408 Peccatum
2356 1354 2531 1409 solum
2563 1354 2879 1412 dedecuisse
2898 1365 3047 1427 puta.

279 1434 420 1505 Haec,
462 1439 719 1494 monachi
739 1438 811 1471 ¹⁹⁵
858 1437 1077 1507 fratres,
1127 1439 1245 1495 haec
1280 1448 1392 1495 tuta
1443 1448 1625 1496 mente
1665 1454 1862 1510 sequa-
1962 1440 2078 1497 Non
2115 1443 2237 1498 vilis
2266 1445 2451 1509 vestis,
2473 1459 2578 1500 non
2609 1445 2834 1502 teJucus
2857 1447 3080 1503 ultimus
3103 1456 3263 1515 angat

1594 1535 1741 1608 [mur
1772 1554 1786 1591 :
2036 1535 2193 1605 Saepe
2219 1536 2299 1591 tui
2329 1537 2525 1592 stultos
2547 1538 2755 1593 ordinis
2786 1539 2887 1593 ista
2916 1550 3156 1595 movent.

341 1626 494 1684 Nulla
524 1629 864 1686 salutiferum
890 1643 1056 1686 causa
1090 1638 1337 1686 moretur
1366 1628 1494 1684 iter.
1963 1622 2071 1679 Sed
2100 1625 2146 1680 si
2180 1640 2279 1680 nos
2310 1640 2445 1681 sane
2474 1627 2738 1697 sapimus.
2760 1627 2823 1695 si
2846 1644 2973 1683 vera
2996 1628 3264 1693 fatemur;

278 1716 662 1789 Utmajestatis
693 1723 977 1797 [luminum
1012 1721 1143 1776 mihi
1170 1735 1396 1778 cernere
1421 1722 1605 1787 detur,
1896 1796 1901 1797 γ
2031 1714 2358 1786 Aggredilur
2390 1717 2560 1772 νῖτιυε
2591 1719 2781 1783 ardua:
2809 1718 2943 1773 dum
2977 1720 3192 1788 ριόδειίο

342 1809 410 1866 Ut
443 1812 628 1878 decus,
660 1823 716 1870 et
739 1822 947 1870 tantum
976 1816 1060 1871 fas
1090 1816 1164 1871 sit
1188 1815 1390 1870 habere
1418 1813 1641 1873 bonum.
1836 1874 1839 1877 ,
1888 1796 1930 1858 Β

1836 1874 1839 1877 _
1888 1796 1930 1858 Β
1960 1805 2064 1875 Qui
2092 1808 2195 1861 sibi
2227 1806 2458 1872 vilescit,
2489 1810 2578 1880 qui
2602 1823 2663 1865 se
2687 1808 2822 1864 nihil
2847 1810 3080 1865 testimat
3102 1825 3258 1877 esse,

276 1894 578 1957 Thesauros
604 1903 1123 1969 Arabum,mensas,
1162 1911 1216 1957 et
1247 1903 1472 1972 prandia
1501 1916 1708 1973 regum,
1820 1916 1833 1955 .‘
2034 1898 2101 1953 Et
2130 1899 2304 1964 timet,
2334 1908 2390 1954 et
2424 1901 2609 1955 mundi
2636 1900 2813 1956 labilis
2841 1901 2944 1968 alta
2977 1900 3132 1971 fugit,
3192 1912 3193 1915 ‘

339 1989 612 2063 Quidquid
645 1994 812 2050 habet
838 1994 1075 2050 mundus
1093 1994 1291 2065 deputo
1314 1995 1417 2049 vile
1437 1993 1629 2048 lutum.
1958 1988 2059 2046 llic
2082 2001 2165 2046 est
2189 1998 2248 2046 et
2276 1992 2518 2062 sapiens,
2543 2002 2597 2046 et
2635 1992 2772 2048 coelo
2803 1995 3084 2063 proximus
3115 1993 3218 2048 iste
3245 2006 3261 2060 ;

272 2076 526 2151 Quisquis
552 2084 619 2139 ad
646 2085 762 2141 hate
789 2085 955 2156 igitur
975 2085 1213 2155 paradisi
1238 2085 1431 2156 gaudia
1458 2084 1653 2151 tendis,
1943 2076 1950 2082 ’
2029 2082 2144 2138 Non
2163 2083 2281 2139 sine
2313 2099 2371 2140 re
2393 2084 2642 2140 monachi
2675 2101 2871 2141 nomen
2897 2087 3058 2140 inane
3082 2086 3260 2157 gerit;

335 2168 570 2228 Sedulus
595 2183 877 2245 angustam
900 2190 1064 2240 nunc,
1092 2189 1212 2243 age,
1228 2175 1376 2230 disce
1405 2174 1568 2238 viam,
1961 2173 2018 2230 Si
2052 2176 2165 2228 vult
2194 2174 2381 2240 ditari,
2420 2173 2464 2230 si
2496 2190 2664 2232 vanos
2693 2176 2863 2231 ambit
2897 2177 3129 2232 honores
3152 2177 3221 2208 ³⁰⁰
3246 2215 3264 2241 ,

266 2255 340 2314 Ne
363 2258 529 2317 laxes
564 2261 711 2317 vitiis
740 2272 982 2334 angustae
1007 2263 1205 2318 mentis
1235 2263 1497 2329 habenas,
1552 2296 1555 2301 ›
2028 2264 2206 2320 Induit
2233 2264 2506 2320 occultum
2531 2265 2686 2335 pellis
2715 2267 2874 2322 ovina
2904 2256 3111 2338 lupum.

330 2347 511 2403 Divini
551 2364 766 2419 semper
794 2350 945 2405 frena
979 2346 1188 2406 timoris
1214 2352 1374 2408 habe.
1431 2369 1439 2375 ν
1959 2351 2066 2410 Sed
2093 2354 2185 2424 qui
2213 2364 2411 2410 cuncta
2439 2354 2587 2410 videt
2614 2356 2799 2411 mundi
2836 2354 2956 2427 pius
2983 2356 3207 2421 arbiter,
3247 2355 3338 2410 ille

261 2436 525 2509 ExSpecta
563 2439 870 2505 Dominum,
904 2440 1130 2497 formida
1157 2442 1355 2514 iudicis
1381 2443 1515 2498 iram
2029 2447 2190 2504 Novit
2213 2463 2363 2515 oves,
2398 2449 2590 2503 tacitos
2613 2449 2767 2503 novit
2797 2460 2850 2504 et
2880 2449 2994 2520 ipse
3021 2449 3192 2521 lupos.

324 2527 392 2582 Et
415 2529 570 2598 quod
598 2531 864 2600 promittit
897 2547 994 2586 rex
1021 2532 1137 2598 tibi.
1171 2533 1327 2589 miles
1351 2548 1496 2588 ama.
1957 2540 2083 2597 llaec
2109 2541 2274 2613 igitur
2314 2540 2614 2597 monachus
2640 2541 2800 2596 labiis
2831 2550 2886 2596 et
2913 2545 3075 2597 corde
3109 2542 3415 2612 frequentet
3438 2539 3543 2598 ⁸⁸¹ε

268 2619 529 2676 Parvulas
561 2634 698 2688 esto,
734 2625 877 2690 vide,
906 2624 1104 2679 mentis
1135 2627 1342 2696 depone
1370 2634 1669 2690 tumorem;
2032 2631 2109 2687 Te
2140 2630 2291 2699 mihi,
2325 2642 2376 2687 te
2401 2631 2575 2687 solum
2602 2632 2689 2696 da,
2723 2632 2889 2695 Deus,
2922 2639 2978 2687 et
3006 2631 3140 2686 satis
3168 2641 3269 2686 est.

336 2709 498 2767 Porta
533 2710 624 2767 Dei
649 2713 873 2780 nullum,
907 2716 1001 2786 qui
1033 2725 1206 2772 tumet
1228 2717 1320 2783 "7,
1358 2727 1507 2772 arcta
1539 2717 1707 2788 capit.
1957 2722 2003 2779 Ο
2031 2733 2180 2779 certe
2204 2721 2333 2778 felix
2365 2722 2655 2794 possessio,
2689 2738 2915 2793 qmcque
2942 2723 3163 2775 beatum

273 2798 515 2858 Vitamus
543 2812 731 2861 tauros
761 2819 931 2861 cornu
972 2816 1028 2862 et
1058 2808 1270 2863 cervice
1296 2810 1566 2875 minaces;
2030 2812 2156 2870 Sola
2186 2812 2349 2871 facit!
2382 2813 2640 2870 miserum
2678 2822 2874 2868 uetera
2907 2811 3121 2882 pondus
3148 2810 3367 2866 habent.

336 2887 451 2949 Non
478 2893 565 2950 leo
614 2910 721 2950 nou
738 2904 948 2965 taurus,
980 2910 1087 2953 non
1108 2912 1309 2968 equus;
1339 2914 1508 2971 agnus
1535 2898 1645 2955 eris

1187 3028 1396 3086 ALIUD
1428 3024 1731 3089 tCARMEN
1771 3026 1861 3084 DE
1910 3023 2338 3084 CONTEMPTU
2380 2978 2621 3080 MUNDl.

275 3140 404 3209 Quid
450 3141 717 3213 probitas,
744 3142 877 3212 quid
900 3142 1170 3210 nobilitas,
1205 3143 1310 3200 nisi
1333 3160 1483 3199 mors
1508 3132 1850 3198 animarum?
1878 3130 1923 3205 C
1953 3139 2112 3210 201
2152 3136 2308 3194 Sicut
2334 3147 2389 3193 et
2413 3138 2468 3193 in
2496 3136 2671 3192 lluviis
2696 3134 2813 3190 ﬂuit
2839 3134 3214 3193 irrevocabilis
3242 3135 3409 3199 unda,

278 3228 417 3286 Unde
441 3231 689 3301 superbit
713 3232 897 3298 homo,
929 3247 1051 3287 cum
1077 3240 1292 3288 constet
1320 3233 1464 3303 quod
1500 3230 1812 3288 moriatur?
1957 3230 2220 3300 Tempora
2248 3231 2327 3285 sic
2354 3229 2588 3284 hominis
2613 3226 2849 3297 fugiunt,
2873 3235 3180 3298 etquaeque
3208 3225 3468 3281 seetmda.
3528 3236 3539 3281 ζ

276 3317 398 3375 Nam
426 3336 555 3377 caro
591 3322 863 3387 mortalis,
891 3330 946 3380 et
975 3323 1220 3393 quisquis
1247 3324 1296 3379 ei
1322 3322 1632 3389 famulatur,
1958 3318 2066 3375 Res
2095 3319 2256 3389 hujus
2284 3317 2469 3372 mundi
2501 3327 2625 3371 sunt
2654 3315 2933 3370 instabiles
2960 3315 3110 3369 velut
3138 3315 3303 3380 hora;

279 3407 440 3466 Ilorte
465 3412 609 3482 perit
642 3412 873 3483 duplici,
905 3415 1029 3484 quia
1060 3423 1185 3485 post
1211 3414 1417 3469 obitum
1445 3413 1739 3469 cruciatur.
1956 3410 2063 3467 Pro
2089 3409 2259 3466 nihilo
2280 3408 2479 3465 debent
2508 3408 2746 3478 reputari
2778 3416 2972 3462 cuncta
3000 3408 3217 3462 decora.

275 3498 402 3567 Quid
427 3504 648 3572 prodest
676 3504 904 3574 homini,
938 3506 985 3561 si
1014 3506 1162 3562 vivat
1190 3505 1384 3562 saecula
1416 3514 1633 3563 centum
1653 3544 1669 3570 ,
1956 3502 2101 3572 Ergo
2126 3502 2290 3556 miser
2317 3500 2446 3556 dum
2475 3499 2631 3564 vivis,
2662 3499 2847 3565 homo,
2878 3496 2998 3571 sine
3029 3498 3134 3553 line
3162 3495 3383 3564 iahora;

277 3590 397 3649 Cum
423 3598 665 3654 moriens
682 3597 846 3651 vitam
879 3596 1144 3652 transisse
1184 3605 1335 3667 putet
1363 3596 1520 3666 quasi
1550 3594 1813 3652 ventum?
1955 3592 2035 3659 Ne
2064 3594 2258 3665 perdas
2285 3609 2348 3648 ea
2378 3607 2480 3663 pro
2509 3589 2687 3646 nihilo
2703 3605 2826 3660 quae
2854 3600 2984 3646 sunt
3012 3590 3256 3649 meliora.

277 3682 401 3752 Quid
435 3690 660 3758 prodest
681 3687 886 3743 homini
918 3702 1016 3743 sua
1042 3686 1229 3743 fenore
1253 3687 1391 3743 farta
1428 3702 1710 3752 crumena,
1956 3687 2049 3744 Sic
2076 3696 2281 3753 teneas.
2310 3697 2367 3742 ut
2392 3685 2687 3758 praevaleas
2705 3694 2941 3741 a-morte
2969 3683 3150 3740 futura
3180 3701 3195 3737 :

278 3772 331 3830 Si
347 3774 575 3857 peream
604 3786 892 3849 consumat
920 3793 1047 3834 eum
1069 3778 1189 3834 sine
1213 3788 1455 3850 tempore
1480 3780 1682 3849 pretia?
1957 3777 2031 3833 Da
2061 3778 2204 3848 quod
2231 3777 2421 3842 babes,
2454 3786 2513 3832 ut
2538 3776 2817 3846 possideas
2839 3791 2962 3845 qua:
2985 3783 3114 3832 sunt
3137 3774 3257 3830 sine
3280 3787 3437 3841 cura,

278 3865 344 3923 Ut
375 3872 497 3940 quid
526 3874 692 3929 homo
722 3870 917 3943 gaudet
946 3871 1011 3926 de
1040 3871 1226 3925 mundi
1257 3873 1647 3942 prosperitate,
1957 3869 2052 3924 Dic
2084 3884 2214 3925 caro
2244 3869 2487 3923 mortalis
2517 3868 2607 3934 ‘°’,
2639 3868 2727 3923 dic
2756 3870 2823 3922 de
2855 3868 3137 3936 putredine
3167 3866 3392 3929 vermis,

278 3957 395 4027 Quze
421 3964 643 4020 nimium
670 3962 849 4019 brevis
873 3973 980 4029 est,
1012 3971 1066 4019 et
1097 3963 1327 4019 habetur
1352 3965 1405 4017 in
1433 3962 1742 4018 anxietate?
1955 3959 2065 4015 Cur
2096 3960 2261 4015 miser
2287 3960 2527 4018 insanis:
2561 3958 2689 4029 quid
2720 3961 2942 4029 prodest
2968 3958 3137 4029 gloria
3167 3958 3384 4012 carnis?

279 4049 604 4125 Prosperitas
636 4056 822 4112 mundi
855 4057 965 4111 cito
999 4056 1213 4120 transit,
1237 4066 1293 4111 et
1317 4056 1653 4112 anuihilatur
1686 4073 1702 4112 :
1955 4051 2053 4107 Dic
2082 4053 2264 4118 homo,
2300 4052 2388 4107 dic
2420 4052 2616 4123 pulvis,
2648 4066 2820 4121 quare
2852 4052 3081 4120 putredo
3112 4050 3402 4120 superbis?

281 4141 419 4201 Unde
442 4149 573 4205 satis
599 4147 773 4204 claret
802 4149 1057 4219 quoniam
1089 4148 1224 4205 nihil
1249 4164 1369 4205 esse
1390 4150 1676 4221 probatur.
1955 4142 2053 4198 Dic
2074 4142 2202 4213 quid
2224 4143 2320 4209 sis,
2346 4143 2475 4213 quid
2500 4143 2610 4199 eris
2635 4158 2654 4210 ;
2689 4156 2899 4196 memor
2922 4150 3042 4196 esto
3069 4141 3211 4210 quod
3238 4140 3517 4195 morieris.

280 4232 378 4291 Res
406 4238 559 4308 hujus
599 4241 813 4306 mundi,
836 4252 1100 4313 quotquot
1139 4248 1332 4296 natura
1363 4244 1590 4307 creavit,
1759 4309 1767 4318 ⁸
1956 4234 2012 4289 1n
2044 4234 2280 4290 cinerem
2316 4234 2517 4289 vermis
2550 4242 2670 4303 post
2695 4232 2765 4264 ³⁸⁸
2795 4239 3024 4287 mortem
3062 4229 3389 4299 regrediaris
3420 4246 3437 4283 :

281 4324 405 4382 Sunt
427 4332 578 4400 quasi
609 4330 711 4386 nos
741 4332 882 4403 agri,
910 4347 1072 4402 quem
1100 4332 1272 4404 frigus
1304 4341 1360 4389 et
1390 4349 1531 4401 aura
1545 4335 1844 4403 cremavit,
1957 4325 2184 4397 Despice
2206 4324 2278 4358 ’°‘
2305 4324 2448 4396 quod
2478 4325 2741 4394 sequeris,
2768 4336 3036 4395 cognosce
3061 4325 3203 4377 viam
3234 4323 3482 4379 mt'ouis-

281 4415 420 4475 Sicut
441 4423 580 4478 enim
618 4422 782 4480 ﬂores
807 4426 1052 4480 autumni
1082 4434 1325 4497 tempore
1351 4426 1488 4491 nati,
1954 4416 2038 4472 An
2063 4417 2212 4487 leges
2231 4417 2302 4449 ³⁸η
2327 4417 2506 4473 nescis
2533 4418 2785 4473 humanas
2804 4415 3132 4472 conditionis

280 4504 486 4581 Frigore
518 4524 863 4571 marcescunt
885 4515 941 4570 in
975 4526 1167 4572 ventos
1196 4516 1278 4573 ire
1306 4516 1524 4588 parati:
1875 4510 1926 4575 Ι)
1950 4510 2160 4582 corpus
2184 4510 2348 4565 humo
2375 4510 2477 4565 ﬁt:

284 4595 365 4656 Sic
382 4603 486 4660 cito
516 4606 800 4672 deﬁciunt,
835 4622 957 4677 quin
984 4609 1217 4673 mundus
1245 4609 1409 4664 habet
1440 4611 1701 4681 pretiosa,
1947 4599 2195 4672 -Οοηιοπθ
2222 4615 2406 4656 semen
2431 4618 2448 4656 ε

282 4688 335 4745 lu
358 4694 545 4763 quibus
574 4698 766 4754 infelix
798 4698 1078 4755 hominum
1109 4715 1263 4756 mens
1299 4706 1386 4757 est
1411 4702 1673 4758 studiosa.
1956 4689 2175 4746 Semine
2201 4690 2423 4763 sanguis
2453 4708 2470 4744 ε

284 4777 383 4838 Res
409 4785 561 4856 hujus
592 4791 779 4846 mundi
806 4793 1023 4863 proprio
1047 4808 1171 4849 cum
1194 4792 1301 4849 fine
1328 4793 1597 4857 feruntur,
1957 4780 2230 4853 sanguine
2258 4798 2458 4852 corpus
2486 4799 2501 4836 ³

286 4867 346 4926 Ei
367 4875 478 4934 Sine
496 4878 609 4952 lege
636 4890 820 4950 ruunt,
848 4896 954 4939 nec
971 4899 1095 4940 cum
1125 4884 1337 4942 ratione
1362 4896 1641 4959 reguntur.
1958 4870 2050 4928 Sic
2080 4873 2313 4931 hominis
2338 4887 2539 4944 corpus
2565 4873 2757 4929 matris
2784 4873 3091 4930 concrescit
3119 4873 3172 4927 in
3205 4872 3325 4926 alvo
3357 4888 3374 4925 :

1555 5023 1787 5084 varum
1827 5028 2234 5088 LECTIONES.
2322 5014 2325 5019 ’
2482 5022 2491 5051 ⁸

356 5174 428 5261 Ψ,
462 5178 629 5254 Regia
673 5184 770 5261 tibi
810 5203 946 5261 grass.
996 5186 1158 5257 Regis
1209 5187 1304 5261 tibi
1380 5185 1450 5217 ²⁹¹
1514 5185 1737 5242 Meritus
1793 5187 2003 5261 magnis
2049 5205 2163 5261 ms_._
2195 5188 2266 5261 ρ.
2296 5190 2514 5261 merito
2544 5189 2772 5261 magnis
2843 5189 2913 5261 ’ἓ
2942 5187 3074 5261 Nam
3135 5203 3275 5261 cum,
3314 5204 3409 5242 ms.
3473 5187 3542 5261 0.

293 5240 430 5327 Quod
457 5240 575 5305 cuni
644 5254 750 5327 At“
810 5240 974 5313 Multa
1026 5240 1274 5327 polentia
1306 5240 1998 5327 missumma’poteiitia'
2051 5240 2817 5314 "a-usaieiirvsigiait
2873 5240 3408 5314 transmarina"
3472 5240 3547 5292 ἵνά

294 5309 427 5397 igich
452 5324 697 5397 monachi
729 5364 767 5397 ,ί
797 5309 1069 5382 ειεέςης.
1232 5309 1545 5397 mania:
1604 5309 1986 5397 causam;
2020 5327 2141 5385 Alia
2194 5309 2625 5383 omnia;
2664 5309 3387 5397 uitiaui;“sistam;"In
3439 5328 3545 5395 Qui

294 5387 650 5467 tunctum!)
682 5387 774 5467 qui
829 5406 999 5451 tumet
1102 5397 1175 5430 ’⁸⁸
1220 5396 1363 5467 Quot
1399 5387 1544 5467 sunt
1576 5414 1675 5451 ms.
1733 5395 1804 5451 Κ.
1856 5413 2018 5466 quam
2065 5407 2193 5454 sunt
2297 5398 2366 5430 ’θ’
2422 5397 2673 5466 Morsque
2730 5400 2969 5454 manebit
3001 5415 3100 5453 ms.
3159 5396 3225 5467 ρ.
3291 5387 3548 5467 morsque

296 5465 499 5537 [Ele
568 5463 876 5537 '“AQuaerit
905 5463 1286 5537 honoresmss.
1322 5466 1388 5521 0.
1419 5478 1467 5521 et
1494 5465 1566 5521 Κ.
1593 5467 1764 5521 ambit
1791 5463 2026 5523 honores
2098 5468 2165 5502 ⁶⁰¹
2194 5468 2261 5523 Ει
2288 5470 2450 5522 corde
2482 5463 2794 5537 frequenter
2821 5468 3044 5525 mss..0.
3075 5480 3122 5524 et
3152 5465 3224 5523 Κ.
3252 5468 3352 5522 hoc
3377 5463 3548 5524 corde

294 5518 599 5609 [regnentet
648 5518 718 5609 ξοῖ
741 5518 935 5609 Iunis.
952 5518 1100 5590 ’Βέὲξ
1110 5518 1460 5609 uicinas:
1486 5518 1762 5592 iamiam
1777 5518 1897 5593 ᾱῖἐ

2096 5518 2633 5609 arguméuiéﬁizkiﬁu
2674 5538 2739 5592 ab
2781 5539 2861 5592 his
2902 5539 3112 5594 uerbi}:
3148 5540 3243 5594 Dic
3270 5553 3399 5604 caro
3428 5555 3542 5592 mo-

296 5591 433 5679 Βξξέν
457 5608 556 5679 etc.
578 5603 698 5659 huic
716 5606 1107 5679 sttbjunguntur
1125 5607 1317 5679 ibidem
1334 5609 1387 5662 hi
1417 5591 1640 5662 versus:
1664 5591 2064 5679 Corpusﬁhomo
2090 5591 2185 5674 fit:
2197 5591 2303 5663 etc.
2333 5591 2423 5679 qui
2461 5591 2587 5663 editi
2616 5591 2866 5663 hactenus
2904 5591 3007 5664 non
3028 5591 3245 5679 fuerunt
3279 5591 3393 5642 i355
3412 5591 3547 5666 \r’er-

296 5661 390 5785 itis
552 5688 647 5728 ms.
678 5661 953 5733 vilis'nos"t
1021 5676 1094 5748 εει
1124 5661 1380 5752 ρεευῑωέ
1401 5687 1507 5734 etc.
1552 5661 1649 5732 ius.
1677 5661 2064 5735 mutata-iii;
2108 5661 2419 5750 sanitas;
2445 5661 2606 5734 istum
2634 5661 3137 5751 s’i.iicge's','eii;“
3158 5661 3238 5713 ὗε
3265 5681 3347 5736 An
3374 5661 3538 5737 casus

373 5772 384 5784 .
448 5752 478 5790 η
521 5754 645 5791 erres

373 5772 384 5784 .
414 5752 478 5790 an
505 5752 645 5812 leges
