4060 6292
497 351 585 399 It:
823 338 884 396 ς.
924 337 1223 396 ΑΝεΕωιι
1261 335 1610 394 CANTUAR.
1659 331 1976 390 ARCHIEP.
2025 327 2069 386 Ο

2173 367 2179 385 .
2229 329 2426 382 PARS.
2458 330 2498 381 lt
2539 356 2590 366 -
2618 325 2988 381 ΡΑιιτΕλΕΤ.
3029 325 3118 381 ΕΤ
3154 325 3401 385 ASCET.

3668 329 3778 384 ’ἷὶὲ

481 465 732 521 acuatur,
752 455 1138 519 conformetur,
1179 464 1238 507 ιιι
1279 452 1596 522 iufatigab‘li
1631 449 1823 506 alfectu
1857 463 2068 506 memor
2097 464 2144 523 Α
2171 459 2293 499 cum
2347 440 2601 498 omnibus
2631 455 2753 510 quae
2803 439 2858 494 in
2905 439 2985 494 eis
3014 449 3141 495 sunt
3169 456 3230 497 se
3255 441 3551 507 inclinant,
3586 456 3646 496 se
3676 441 3778 497 tibi

482 548 562 604 sis
596 547 714 612 Dei,
752 545 1020 616 intelligas
1055 544 1244 608 Deum,
1283 559 1432 598 ames
1466 545 1662 609 Deum,
1697 553 1750 598 et
1781 552 1885 596 tum
1913 559 2068 598 crea-

485 639 649 694 tionis
695 637 1027 707 dignitatem,
1058 651 1162 705 qua
1210 637 1276 689 ad
1310 636 1597 706 imaginem
1632 636 1723 689 Dei
1768 644 1947 689 creata
1984 649 2066 698 es,

485 728 777 784 salubriter
803 729 1097 797 exprimas.
1127 727 1268 793 Quid
1295 728 1418 782 dico
1462 730 1528 782 ad
1573 729 1858 799 imaginem
1892 729 1984 782 Dei
2019 739 2071 783 te

484 834 606 874 esse
633 827 896 881 creatam,
941 834 1086 880 cum,
1119 826 1255 871 teste
1299 819 1572 887 Apostolo,
1607 821 1716 887 ipsa
1751 818 1843 872 Dei
1895 819 2070 887 imago

481 910 591 964 sis?
642 908 752 973 Vir,
801 911 973 980 inquit
1017 911 1325 980 Apostolus,
1377 928 1480 963 non
1521 912 1668 963 debet
1708 911 1876 965 νεῖαι-ε
1915 921 2069 980 θαλίαι

480 1018 657 1063 sintut,
685 1017 802 1053 cum
832 1001 900 1054 sit
930 1002 1101 1070 imago
1123 1011 1170 1054 et
1201 1001 1367 1070 gloria
1392 1001 1490 1054 Dei
1518 1001 1569 1071 (I
1593 1001 1712 1055 Cor.
1744 1019 1818 1066 ιιι,
1849 1004 1924 1070 7).

552 1091 617 1144 ll.
645 1091 798 1156 Quod
820 1091 888 1144 ad
916 1093 1014 1144 hoc
1041 1093 1169 1160 [acti
1195 1109 1397 1155 sumus,
1415 1103 1468 1144 ut
1495 1092 1660 1146 Deum
1695 1096 1807 1146 sine
1823 1093 1927 1162 [ine
1956 1095 2071 1147 lau-

478 1181 1059 1237 demus.—Sulliciunt
1088 1198 1156 1236 ne
1184 1183 1276 1236 tibi
1307 1183 1418 1236 haec
1450 1192 1558 1236 tam
1582 1183 1846 1237 immensa
1870 1184 2071 1238 beneﬁ-

480 1272 566 1326 cia
581 1273 892 1327 Conditoris
915 1273 981 1326 ad
999 1272 1155 1340 juges
1179 1273 1476 1341 gratiarum
1492 1272 1730 1326 actiones
1749 1274 2068 1336 reddendas,

481 1371 537 1416 et
552 1362 789 1417 debitum
802 1363 1040 1417 continui
1061 1363 1280 1428 amoris,
1301 1379 1421 1415 cum
1439 1363 1507 1416 de
1529 1363 1696 1416 nihilo
1712 1363 1792 1418 vel
1810 1365 1987 1432 potius
2006 1363 2073 1418 de

480 1452 595 1507 luto
624 1465 674 1507 te
698 1454 1013 1508 consideras
1053 1453 1172 1522 ejus
1199 1454 1445 1507 bonitate
1472 1453 1538 1507 ad
1565 1463 1768 1508 tantam
1799 1454 2072 1509 celsitudi-

481 1559 604 1599 nem
638 1545 690 1598 in
725 1545 838 1614 ipso
870 1545 1200 1599 conditionis
1239 1545 1464 1598 exordio
1509 1545 1893 1599 sublimatam?
1930 1545 2071 1600 San-

476 1646 689 1690 ctorum
721 1636 886 1706 igitur
911 1635 1238 1689 sententiam
1265 1636 1316 1688 in
1353 1647 1498 1689 tuam
1525 1646 1781 1691 converte
1804 1636 1992 1697 vitam,
2019 1645 2074 1690 et

480 1725 548 1780 de
577 1737 765 1780 sancto
793 1726 922 1795 quid
946 1726 1158 1779 dicatur
1187 1727 1428 1780 attende.
1464 1726 1593 1792 Quae
1635 1739 1719 1780 est
1757 1727 1923 1798 igitur
1954 1727 2070 1782 laus

2170 535 2537 589 habitaculum
2569 533 2834 603 priebuit,
2882 547 3036 587 suam
3084 531 3179 586 tibi
3229 532 3579 603 przesentiam
3614 548 3777 604 para-

2173 632 2280 677 tam
2315 624 2446 679 fecit
2477 624 2741 678 :docente
2770 623 2914 677 enim
2937 623 3184 691 apostolo
3219 622 3410 687 Paulo,
3441 624 3496 676 in
3516 621 3624 689 ,illo
3649 624 3778 677 vit-5-

2171 733 2307 780 mus,
2336 731 2604 769 movemur
2625 722 2674 766 et
2706 730 2887 767 sumus
2918 713 3068 783 (Art.
3097 729 3230 779 xvtt,
3263 714 3381 783 ‘28).
3413 712 3602 767 Dulcis
3634 713 3773 770 vita.

2171 817 2352 862 motus
2377 805 2644 872 amabilis,
2685 805 2922 875 optabile
2972 820 3116 860 esse.
3173 804 3313 872 Quid
3354 806 3503 860 enim
3559 802 3777 858 dulcius

2172 915 2334 968 quam
2366 900 2419 954 in
2447 899 2536 953 illo
2565 900 2731 952 vitam
2777 899 3001 962 habere,
3026 897 3119 967 qui
3160 907 3243 952 est
3269 898 3384 968 ipsa
3425 898 3537 952 vita
3569 895 3777 951 beata?

2173 992 2312 1058 Quid
2351 991 2636 1045 amabilius
2661 1005 2824 1059 quam
2851 1005 3068 1043 omnem
3099 989 3395 1045 voluntatis
3419 989 3504 1044 vel
3537 990 3777 1045 actionis

2175 1091 2382 1137 nostra
2410 1092 2613 1136 motum
2645 1082 2712 1136 ad
2744 1081 2892 1135 illum
2920 1091 2975 1136 et
3001 1081 3054 1134 in
3094 1079 3184 1137 illo
3221 1080 3460 1151 dirigere
3487 1121 3502 1143 ,
3543 1081 3639 1150 qui
3673 1096 3776 1135 nos

2174 1183 2432 1246 perpetua
2463 1174 2750 1230 conﬁrmet
2771 1172 3106 1228 stabilitate?
3135 1173 3272 1240 Quid
3295 1175 3593 1243 Optahilius
3607 1189 3774 1243 quam

2175 1279 2307 1321 voto
2345 1277 2400 1320 et
2454 1265 2871 1320 conversatione
2907 1265 3113 1334 jngiter
3163 1264 3216 1316 in
3261 1264 3356 1317 illo
3387 1279 3528 1326 esse,
3571 1265 3626 1318 in
3667 1278 3778 1332 quo

2174 1356 2309 1423 solo,
2337 1354 2422 1410 vel
2452 1357 2629 1425 potius
2663 1355 2754 1423 qui
2785 1353 2935 1408 solus
2981 1364 3065 1408 est
3113 1367 3297 1406 terum
3331 1368 3470 1420 esse,
3501 1354 3623 1408 sine
3667 1368 3779 1422 quo

2176 1447 2302 1500 nulli
2336 1455 2512 1514 potest
2547 1447 2682 1498 bene
2707 1443 2868 1498 esse?
2897 1443 3033 1513 Ego,
3054 1444 3283 1508 ait,sum
3305 1444 3393 1512 qui
3416 1457 3533 1495 sum
3561 1440 3772 1512 (Exod.

2174 1552 2262 1599 ιιι,
2295 1535 2405 1605 14).
2442 1535 2504 1587 Et
2537 1534 2783 1604 pulchre.
2825 1533 2944 1604 Ipse
2984 1535 3129 1588 enim
3155 1550 3283 1588 vcre
3313 1533 3459 1587 solus
3481 1541 3584 1596 est,
3613 1533 3775 1600 cujus

2177 1624 2516 1679 immutabile
2569 1632 2834 1678 estesse.
2874 1623 2966 1676 Ille
3015 1623 3232 1692 itaque,
3273 1621 3426 1690 cujus
3473 1635 3597 1676 esse
3663 1630 3776 1674 tam

2176 1714 2468 1779 excellens,
2496 1723 2608 1768 tam
2657 1713 3011 1782 singulariter
3040 1725 3155 1779 est,
3188 1723 3248 1768 ut
3294 1714 3468 1769 solum
3511 1727 3641 1768 vere
3664 1713 3774 1778 sit;

476 1817 688 1871 sancti?
716 1817 793 1870 De
820 1817 962 1870 omni
1008 1818 1166 1871 corde
1194 1833 1289 1870 suo
1321 1816 1552 1870 laudarit
1587 1818 1888 1870 Dominum.
1935 1820 2071 1873 Ecce
2103 1806 2145 1864 Β
2176 1807 2229 1861 in
2257 1805 2412 1875 callis
2437 1806 2846 1876 comparatione
2892 1822 3054 1862 οηιηθ
3084 1821 3207 1862 esse
3237 1806 3374 1860 "ill"
3405 1815 3518 1871 ρει.
3547 1820 3679 1860 cum
3724 1813 3779 1860 ιο

476 1909 544 1962 ad
566 1909 708 1979 quod
733 1919 916 1963 creata
949 1925 1040 1975 es;
1077 1925 1204 1964 ecce
1234 1923 1369 1979 epus
1395 1909 1690 1964 famulatus
1721 1912 1815 1964 tui.
1843 1911 1910 1965 Ut
1941 1911 2069 1981 quid

475 2000 620 2054 enim
669 2009 721 2055 te
761 2001 900 2054 Deus
941 2010 1048 2054 tam
1100 2001 1363 2070 pmclaro
1413 2001 1741 2055 conditionis
1789 2003 2071 2072 privilegio

478 2090 814 2156 sublimaret,
843 2093 942 2146 nisi
972 2101 1022 2146 te
1053 2093 1165 2146 suis
1212 2092 1460 2146 laudibus
1490 2094 1862 2148 indesinenter
1891 2096 2068 2150 inten-

477 2177 606 2232 derc
636 2178 829 2234 vellet?
854 2181 935 2233 Ad
967 2180 1295 2235 laudandum
1332 2182 1498 2251 igitur
1535 2182 1882 2240 Conditorem
1919 2194 2068 2240 tuum

479 2277 665 2322 creata
695 2284 778 2334 es,
810 2278 870 2323 ut
919 2269 1036 2338 ejus
1087 2271 1338 2326 laudibus
1369 2289 1588 2342 vacans,
1621 2285 1674 2329 et
1713 2276 1802 2330 hic
1845 2277 2071 2348 justitia:

478 2360 676 2414 merito
705 2360 758 2414 in
792 2360 943 2416 illum
974 2377 1193 2432 semper
1219 2363 1493 2432 proﬁcias,
1523 2375 1580 2420 et
1627 2365 1680 2420 in
1715 2367 1901 2422 futuro
1934 2370 2072 2426 bene

477 2450 651 2506 vivas.
677 2451 820 2507 Laus
845 2454 990 2508 enim
1021 2454 1140 2524 ejus
1169 2466 1224 2510 et
1255 2457 1342 2511 hic
1364 2458 1669 2524 justitiam,
1714 2468 1766 2514 et
1795 2461 1865 2515 ibi
1896 2463 2071 2516 beati-

477 2539 718 2594 tudinem
747 2542 954 2597 tribuit.
987 2543 1092 2599 Sed
1118 2546 1162 2600 si
1205 2545 1413 2609 laudas,
1447 2563 1514 2602 ex
1541 2557 1653 2603 toto
1682 2552 1846 2606 corde
1885 2551 2065 2618 lauda,

474 2628 744 2699 diligendo
772 2631 950 2689 lauda.
985 2635 1109 2690 Haec
1139 2645 1222 2691 est
1249 2639 1392 2691 enim
1423 2639 1629 2694 sanctis
1659 2640 1912 2695 laudandi
1946 2658 2070 2712 pro-

476 2719 650 2790 posita
675 2721 856 2791 regula
887 2737 901 2775 :
927 2722 1004 2778 De
1025 2726 1168 2778 omni
1188 2727 1344 2779 corde
1365 2743 1460 2780 suo
1489 2728 1726 2781 laudavit
1751 2728 2034 2783 Dominum
2049 2747 2070 2797 ;

476 2820 524 2862 el
563 2810 745 2864 dilexit
792 2811 959 2866 Deum
1013 2817 1103 2884 qui
1151 2816 1272 2886 fecit
1304 2816 1454 2870 illum
1505 2818 1693 2889 (Eccli.
1745 2827 1913 2886 X‘Lvtt,
1949 2821 2068 2890 l0).

476 2897 661 2952 Lauda
687 2913 839 2970 ergo,
869 2911 924 2956 et
949 2918 1015 2956 ex
1041 2913 1156 2958 toto
1199 2904 1360 2958 corde
1397 2905 1579 2970 lauda,
1610 2916 1663 2961 et
1685 2923 1844 2977 quem
1881 2909 2072 2964 laudas

477 2989 669 3061 dilige;
723 2993 848 3061 quia
897 2996 963 3047 ad
1019 2996 1120 3049 hoc
1160 2994 1298 3049 facta
1323 3012 1384 3050 es
1428 3006 1488 3050 ut
1527 2998 1714 3052 laudes
1752 3008 1805 3051 ιιι
1855 2999 2068 3068 diligas.

477 3077 690 3134 Laudat
715 3097 967 3150 namque,
982 3083 1076 3138 sed
1109 3099 1175 3138 ex
1209 3095 1320 3138 toto
1348 3087 1512 3140 corde
1533 3102 1640 3141 non
1673 3087 1878 3152 laudat,
1901 3104 2064 3160 quem

479 3167 550 3223 ad
576 3169 1001 3226 benedicendum
1036 3173 1204 3228 Deum
1242 3190 1501 3246 prospera
1542 3179 1880 3246 demulcent;
1918 3151 2012 3235 sed
2037 3197 2068 3235 a
2096 3151 2138 3208 α

477 3258 832 3316 benedicendi
893 3279 1116 3318 munere
1165 3267 1392 3321 adversa
1447 3268 1808 3340 restringunt.
1863 3270 2072 3328 Laudat

478 3367 715 3425 quoque,
745 3355 838 3410 sed
885 3372 991 3410 non
1030 3357 1222 3429 diligit,
1276 3360 1366 3429 qui
1399 3361 1453 3414 in
1500 3359 1594 3416 Dei
1635 3361 1883 3419 laudibus
1925 3365 2070 3420 aliud

480 3457 643 3512 quam
677 3445 848 3513 ipsum
878 3445 1147 3502 laudando
1173 3450 1421 3518 requirit.
1456 3449 1645 3505 Lauda
1692 3452 1882 3523 igitur,
1907 3464 1961 3510 et
1991 3455 2073 3509 di-

478 3548 584 3602 gne
613 3534 795 3601 lauda,
818 3547 876 3589 ut
905 3538 1048 3592 nulla
1089 3540 1141 3592 iu
1184 3551 1235 3594 te
1265 3557 1393 3595 cura
1413 3584 1428 3608 ,
1464 3544 1610 3598 nulla
1643 3545 1894 3612 intentio,
1925 3547 2069 3601 nulla

481 3625 757 3692 cogitatio,
777 3628 938 3696 _uu|la
984 3632 1288 3686 sollicitudo
1322 3636 1554 3700 mentis,
1585 3636 1638 3689 in
1665 3648 1925 3706 quantum
1972 3639 2068 3694 tibi

484 3717 658 3772 virtus
711 3719 971 3789 suppetit,
1032 3739 1061 3775 a
1101 3723 1259 3777 laude
1313 3725 1405 3778 Dei
1469 3727 1540 3780 sit
1593 3741 1786 3782 vacua.
1830 3729 1912 3783 Ab
1953 3730 2070 3800 ejus

481 3805 643 3861 laude
671 3808 814 3863 nulla
845 3820 896 3866 te
935 3813 1058 3867 vita:
1104 3813 1264 3882 hujus
1292 3818 1630 3887 prosperitas
1659 3831 1897 3886 revocet,
1925 3822 2068 3876 nulla

480 3910 792 3970 compescat
821 3905 1137 3961 adversitas.
1165 3906 1258 3961 Sic
1279 3909 1422 3963 enim
1445 3925 1512 3964 ex
1551 3919 1663 3966 toto
1693 3912 1856 3968 corde
1877 3912 2068 3968 lauda-

482 3990 568 4046 bis
611 3992 920 4049 Dominum.
971 3997 1101 4065 Sed,
1130 4015 1252 4054 cum
1278 4015 1342 4055 ex
1382 4010 1495 4057 toto
1523 4005 1685 4059 corde
1713 3995 1835 4060 eum
1885 4005 2070 4060 lauda-

480 4083 647 4150 veris,
671 4095 724 4140 et
753 4087 982 4156 diligens
1006 4089 1342 4160 laudaveris,
1381 4093 1514 4148 nihil
1550 4096 1618 4150 ab
1645 4110 1710 4150 eo
1734 4095 1876 4151 aliud
1903 4111 2068 4166 quam

483 4175 658 4246 ipsqu
699 4190 943 4249 expetes,
982 4191 1042 4236 ut
1079 4183 1194 4252 ipse
1231 4185 1303 4238 sit
1335 4185 1459 4240 ﬁnis
1489 4187 1744 4241 desiderii
1795 4189 1910 4255 tui,
1956 4189 2071 4256 ipse

482 4268 762 4334 prtemium
813 4272 1050 4337 laboris,
1103 4275 1216 4344 ipse
1263 4275 1515 4330 solatium
1561 4277 1722 4348 hujus
1764 4280 2070 4335 umbratilis

480 4356 627 4423 vitae,
658 4357 771 4426 ipse
799 4364 1069 4428 possessio
1096 4364 1240 4420 illius
1269 4365 1440 4420 beata:
1465 4367 1610 4421 vitat.
1642 4367 1723 4421 Ad
1757 4369 1860 4422 hoc
1885 4369 2068 4439 itaque

2173 1899 2242 1952 ad
2286 1899 2660 1953 celsitudinem
2711 1899 2979 1954 creaverit
3007 1907 3065 1951 ut
3097 1907 3201 1952 tuae
3225 1897 3454 1969 gloriam
3488 1897 3779 1968 dignitatis

2176 2005 2274 2045 nec
2297 1990 2602 2060 intelligere
2636 1991 2833 2060 possis,
2887 1990 2978 2044 ubi
3013 1999 3066 2042 te
3101 2003 3223 2044 esse
3251 1989 3566 2044 constituit?
3611 2002 3777 2056 quem

2176 2082 2274 2137 tibi
2327 2083 2626 2137 mansionis
2682 2082 2861 2138 locum
2909 2081 3540 2152 prmparaviﬁAttende
3594 2081 3775 2150 ipsum

2173 2175 2288 2230 suis
2323 2176 2378 2230 in
2424 2175 2714 2247 Evangelia
2740 2176 3013 2230 dicentem
3049 2192 3065 2229 :
3101 2173 3310 2229 Manere
3336 2175 3390 2228 in
3422 2192 3536 2239 me,
3584 2184 3633 2226 et
3681 2189 3777 2244 ego

2173 2267 2231 2320 iu
2267 2266 2410 2320 vobis
2454 2265 2641 2337 (Joan,
2672 2281 2760 2329 xv,
2789 2265 2885 2335 4).
2918 2265 2963 2320 0
2993 2264 3388 2319 intestimabilis
3419 2263 3668 2333 dignatio
3696 2302 3710 2328 ,
3742 2278 3776 2319 o

2174 2357 2334 2412 beata
2357 2358 2588 2423 mansio,
2613 2373 2647 2413 ο
2673 2357 2908 2430 gloriosa
2941 2358 3298 2413 vicissitudo?
3327 2357 3542 2423 Quanta
3573 2358 3771 2428 digna-

2177 2449 2252 2504 tio
2287 2449 2584 2515 Creatoris,
2626 2450 2766 2505 utin
2796 2465 2859 2505 se
2911 2465 3064 2505 suam
3093 2450 3222 2504 velit
3265 2450 3515 2505 habitare
3555 2460 3772 2504 creata-

2175 2541 2326 2594 ram?
2353 2541 2524 2608 Quam
2556 2543 3123 2613 incomprehensibilis
3161 2542 3441 2599 beatitudo
3479 2552 3772 2610 creaturae,

2177 2633 2229 2686 in
2258 2649 2356 2687 suo
2386 2649 2607 2689 manere
2642 2633 2936 2689 Creatore?
2956 2634 3168 2700 Quanta
3195 2633 3480 2690 rationalis
3505 2647 3774 2690 creatura:

2175 2733 2258 2778 est
2286 2725 2477 2794 gloria,
2509 2736 2619 2780 tam
2651 2725 2795 2781 felici
2830 2725 3208 2781 vicissitudine
3242 2725 3492 2782 Creatori
3541 2728 3770 2791 sociari,

2174 2825 2233 2869 ut
2264 2815 2380 2885 ipse
2401 2818 2463 2870 in
2492 2832 2579 2884 ea,
2611 2826 2665 2872 et
2694 2817 2809 2887 ipsa
2835 2817 2886 2871 in
2916 2832 2980 2872 eo
3016 2827 3197 2872 teneat
3225 2819 3604 2872 mansionem?
3637 2818 3771 2875 Tam

2175 2907 2505 2961 excellenter
2533 2921 2662 2978 ergo
2701 2916 2936 2971 creatos,
2978 2908 3028 2962 in
3060 2924 3121 2963 se
3153 2923 3253 2962 nos
3293 2921 3512 2963 manere
3556 2908 3772 2962 iniseri-

2174 2997 2411 3051 corditer
2442 2997 2648 3063 voluit;
2681 3013 2844 3066 super
2873 2997 3079 3063 omnia,
3132 2999 3275 3052 sicut
3303 2999 3544 3052 omnium
3579 3000 3773 3069 guber-

2174 3095 2366 3153 nator,
2419 3087 2536 3142 sine
2588 3087 2950 3142 sollicitudine
3009 3089 3286 3154 existens;
3340 3090 3521 3144 omnia
3554 3129 3571 3155 ,
3624 3090 3771 3144 velut

2173 3179 2414 3233 omnium
2444 3179 3011 3244 fundanwntnm,sine
3033 3181 3217 3236 labore
3243 3183 3547 3247 sustinens;
3581 3185 3765 3237 omnia

2174 3271 2315 3326 sicut
2362 3273 2614 3327 onmibus
2672 3272 2833 3327 rebus
2883 3272 3276 3338 excellentior,
3333 3275 3453 3328 sine
3506 3276 3768 3345 superbia

2173 3363 2440 3418 excedens
2467 3381 2482 3430 ;
2519 3364 2723 3429 omnia,
2757 3364 2900 3417 velut
2933 3366 3023 3435 qui
3062 3365 3312 3420 universa
3344 3367 3616 3431 continet,
3649 3370 3767 3425 sine

2174 3452 2459 3511 dilfusione
2509 3457 2911 3528 complectens;
2946 3459 3153 3524 omnia,
3205 3459 3347 3514 sicut
3375 3462 3620 3517 omnium
3653 3464 3765 3534 ple-

2173 3545 2382 3612 nitudo,
2427 3547 2546 3601 sine
2574 3547 2656 3602 sui
2689 3548 2936 3619 angustia
2969 3548 3270 3618 complens.
3312 3549 3414 3605 Hic
3455 3567 3611 3622 ergo,
3641 3569 3766 3608 cum

2173 3649 2441 3704 nusquam
2486 3636 2660 3700 desit,
2702 3636 3026 3692 delectabile
3069 3638 3212 3692 intra
3244 3653 3342 3694 nos
3387 3640 3490 3694 sibi
3536 3656 3764 3711 regnum

2172 3726 2367 3797 elegit,
2420 3727 2716 3798 Evangelia
2758 3730 3170 3784 demonstranle
3197 3769 3211 3794 ,
3263 3728 3352 3782 ubi
3387 3731 3590 3784 dicitur
3617 3748 3631 3785 :
3663 3731 3766 3786 Re-

2171 3832 2329 3885 gnum
2363 3817 2456 3871 Dei
2491 3819 2631 3872 intra
2651 3836 2738 3872 ros
2759 3829 2833 3873 est
2857 3817 3009 3890 (Luc.
3041 3835 3177 3886 xvtt,
3201 3819 3316 3890 2!).
3339 3819 3445 3874 Sed
3467 3821 3518 3884 si
3538 3838 3763 3893 regnum

2172 3909 2267 3965 Dei
2304 3912 2444 3966 intra
2483 3927 2584 3966 nos
2631 3921 2715 3966 est
2763 3920 2818 3966 et
2863 3911 3006 3967 Deus
3054 3912 3108 3966 in
3163 3927 3263 3967 suo
3313 3927 3479 3982 regno
3508 3913 3719 3969 habitat
3747 3956 3761 3980 ,

2173 4017 2353 4058 nonne
2376 4005 2488 4074 ipse
2517 4004 2570 4058 in
2603 4003 2762 4060 nobis
2793 4013 2999 4070 manet,
3030 4004 3186 4074 cujus
3217 4005 3356 4059 intra
3395 4021 3493 4062 nos
3535 4022 3761 4075 regnum

2171 4095 2297 4148 est?
2327 4095 2400 4148 Ita
2434 4095 2594 4165 plane
2625 4113 2638 4150 :
2664 4096 2708 4150 si
2734 4096 2878 4151 enim
2909 4095 3052 4151 Deus
3079 4097 3345 4166 sapientia
3374 4107 3474 4160 est,
3507 4108 3562 4153 et
3583 4101 3762 4151 anima

2165 4187 2300 4256 justi
2325 4189 2472 4242 sedes
2507 4198 2584 4242 est
2621 4189 2926 4258 sapientia;
2958 4189 3049 4257 qui
3083 4203 3210 4242 vere
3237 4187 3418 4256 justus
3443 4199 3559 4252 est,
3592 4188 3760 4244 Deum

2174 4281 2225 4335 in
2259 4295 2317 4336 se
2345 4289 2655 4334 manentem
2685 4279 2872 4335 habet.
2914 4279 3183 4349 Templum
3212 4281 3350 4334 enim
3394 4279 3495 4333 Dei
3521 4291 3760 4333 sanctum

2171 4384 2270 4440 est,
2294 4375 2430 4444 quod
2454 4373 2576 4427 estis
2600 4389 2684 4427 vos
2712 4371 2760 4444 (ι
2789 4371 2911 4427 Cor.
2929 4388 3010 4437 ιιι,
3039 4372 3152 4441 67),
3173 4373 3248 4426 ait
3275 4373 3589 4443 Apostolus.
3619 4373 3683 4448 Et
3709 4383 3761 4426 tu

481 4450 630 4506 facta
665 4467 745 4518 es,
780 4465 838 4507 ut
866 4471 988 4510 eum
1016 4458 1135 4513 sine
1167 4462 1272 4516 tiue
1310 4461 1584 4517 collaudes
1612 4480 1624 4515 :
1650 4463 1791 4532 quod
1815 4471 1942 4518 tunc
1970 4463 2070 4517 uti-
2104 4501 2149 4556 Β
2177 4465 2338 4536 igitur
2360 4465 2667 4519 sanctitatis
2688 4463 3518 4533 studioinfatigabiliterinsiste,
3539 4479 3606 4518 ne
3633 4472 3761 4517 tem-

482 4558 588 4611 que
615 4543 879 4615 intelliges
905 4547 1140 4616 plenius,
1166 4568 1288 4606 eutn
1318 4554 1434 4622 ejus
1463 4552 1619 4607 beata
1660 4555 1868 4609 visione
1899 4555 2065 4610 subli-

481 4646 626 4691 mata
670 4636 876 4693 videbis
928 4650 978 4694 te
1035 4642 1148 4696 sola
1198 4653 1252 4698 et
1301 4647 1540 4715 gratuita
1591 4647 1832 4701 bonitate
1888 4647 2061 4716 illius,

481 4743 602 4784 cum
635 4743 741 4784 non
772 4745 943 4800 esses,
975 4731 1042 4787 de
1091 4735 1261 4790 nihilo
1309 4747 1417 4790 tam
1469 4737 1681 4792 beatam
1704 4780 1720 4805 ,
1752 4748 1808 4794 et
1851 4742 1916 4794 ad
1955 4751 2062 4794 tam

483 4820 802 4881 ineffabilem
838 4825 1227 4882 beatitudinem
1260 4841 1521 4899 creatam,
1568 4842 1816 4886 vocatam
1840 4873 1855 4898 ,
1903 4832 2065 4902 justi-

483 4910 696 4975 icatam
721 4954 739 4980 ,
779 4916 1158 4985 gloriﬁcatatn.
1214 4922 1361 4977 Talis
1401 4940 1636 4995 namque
1679 4929 2066 4997 contemplatio

484 5005 869 5078 infatigabilem
897 5012 992 5067 tibi
1023 5028 1266 5068 amorem
1299 5016 1448 5071 dabit
1485 5032 1609 5072 eum
1658 5019 1776 5073 sine
1811 5021 1916 5075 line
1948 5021 2068 5074 lau-

480 5099 676 5166 dandi,
711 5118 776 5156 ει
822 5079 982 5174 quo,‘
1015 5115 1071 5161 et
1103 5121 1199 5175 per
1228 5124 1393 5179 quem
1419 5151 1433 5176 ,
1483 5121 1538 5165 et
1575 5111 1627 5164 in
1659 5126 1768 5180 quo
1806 5113 1972 5168 tantis
2015 5123 2070 5168 et

483 5201 590 5246 tam
624 5193 1051 5254 immntabilihus
1079 5200 1235 5256 bonis
1262 5213 1315 5256 te
1338 5202 1706 5258 heatilicatam
1737 5205 2017 5276 gaudebis.

549 5283 638 5339 lll.
667 5284 820 5351 Quod
858 5290 1149 5362 ubicunque
1176 5309 1377 5361 sumus,
1411 5297 1464 5350 in
1489 5296 1580 5350 illo
1613 5298 1860 5365 vivimus,
1899 5316 2069 5354 move-

483 5399 622 5449 ntur,
662 5393 710 5438 et
756 5403 970 5454 nimus,
1013 5388 1139 5442 dum
1167 5391 1337 5461 ipsum
1370 5391 1510 5447 intra
1555 5409 1650 5448 nos
1705 5393 2070 5448 habemus.—

484 5471 593 5528 Sed
622 5474 690 5530 ab
715 5475 801 5530 illa
831 5477 1088 5536 felicitate
1119 5481 1330 5550 futura,
1369 5485 1844 5556 contemplationis
1875 5487 2069 5540 intuitu

485 5563 760 5635 paululum
787 5571 949 5626 etiam
981 5575 1405 5644 magnitudinem
1431 5578 1642 5648 gratim,
1668 5593 1774 5647 qua
1803 5591 1854 5633 te
1884 5579 1938 5634 in
1968 5579 2069 5633 hac

485 5657 652 5713 etiam
681 5659 788 5714 vita
817 5662 993 5734 fugaci
1015 5667 1546 5734 ditavit,considera.
1567 5669 1685 5740 ipse
1714 5672 1803 5740 qui
1836 5671 1888 5725 in
1919 5670 2072 5726 caelis

487 5753 733 5822 habitat,
760 5758 938 5826 quiin
973 5760 1178 5831 angelis
1209 5771 1437 5834 regnat,
1482 5764 1567 5816 cui
1597 5762 1794 5818 coelum
1834 5764 1887 5817 et
1925 5770 2090 5817 terra-

2172 4555 2318 4624 plum
2340 4554 2435 4609 Dei
2458 4554 2674 4609 desinas
2690 4568 2830 4608 esse.
2845 4553 2963 4624 Ipse
2987 4554 3052 4608 de
3066 4554 3180 4608 suis
3196 4555 3356 4608 dicit:
3374 4553 3758 4608 lnltubitaboia

2168 4645 2294 4713 illis,
2307 4657 2353 4700 et
2378 4645 2712 4699 inambulabo
2731 4643 2814 4715 (II
2834 4642 3013 4699 Cor.“
3025 4645 3070 4709 ,l
3082 4644 3155 4716 6).
3173 4643 3284 4699 Nec
3297 4645 3532 4706 dubites,
3547 4645 3761 4699 ubicun-

2169 4751 2274 4808 que
2291 4736 2485 4791 animce
2509 4745 2707 4789 sancta:
2736 4733 2958 4800 fuerint,
2984 4750 3108 4788 eum
3141 4735 3192 4788 iu
3239 4734 3344 4788 illis
3369 4749 3510 4788 esse.
3531 4734 3588 4787 Si
3615 4734 3759 4789 enini

2169 4839 2224 4884 et
2252 4840 2304 4884 tu
2331 4830 2385 4884 in
2417 4829 2671 4884 omnibus
2695 4828 2969 4889 membris,
2988 4843 3108 4896 quae
3132 4825 3398 4892 vivilicas,
3429 4826 3632 4896 ubique
3655 4839 3759 4881 tota

2169 4939 2258 4989 es;
2287 4934 2491 4994 quanto
2519 4925 2691 4996 magis
2718 4925 2861 4979 Deus
2888 4923 3086 4994 ubique
3114 4933 3256 4977 lOIUs
3279 4931 3382 4987 est,
3411 4922 3501 4991 qui
3534 4923 3760 4992 teipsam

2169 5024 2224 5069 et
2253 5031 2449 5086 corpus
2484 5015 2726 5070 creavit?
2753 5015 2976 5070 Summa
3008 5015 3172 5084 igitur
3197 5013 3472 5084 diligentia
3515 5013 3764 5068 conside-

2174 5111 2402 5164 randum
2449 5119 2534 5164 est
2570 5125 2694 5165 cum
2727 5117 2931 5179 quanta
2965 5109 3178 5162 ratione
3209 5118 3262 5162 et
3293 5109 3604 5163 reverentia
3640 5121 3763 5162 seu-

2173 5218 2266 5257 sus
2293 5211 2508 5258 nostros
2539 5210 2594 5256 ct
2623 5202 2868 5255 membra
2901 5199 3148 5268 corporis
3189 5199 3358 5254 nostri
3407 5212 3630 5252 movere
3676 5197 3764 5250 de-

2174 5295 2386 5358 bemus,
2415 5294 2614 5364 quibus
2645 5293 2912 5346 Divinitas
2961 5291 3077 5359 ipsa
3115 5291 3388 5361 prtesidet.
3425 5289 3630 5344 Demus
3669 5288 3763 5358 igi-

2175 5395 2282 5451 tur,
2314 5395 2373 5440 ut
2397 5388 2620 5458 dignum
2651 5396 2765 5451 est,
2799 5395 2948 5440 tanto
2979 5383 3332 5439 iuhabitatori
3379 5399 3545 5438 omne
3590 5384 3759 5451 impeo

2175 5478 2312 5531 rium
2345 5478 2528 5534 cordis
2572 5479 2767 5544 nostri,
2801 5486 2861 5532 ιιι
2909 5475 3044 5530 nihil
3089 5475 3139 5530 ei
3172 5485 3436 5547 repugnet
3484 5475 3539 5530 in
3570 5475 3758 5535 nobis;

2175 5572 2268 5626 sed
2298 5585 2490 5626 omnes
2513 5571 2910 5642 cogitationes,
2943 5576 3000 5623 et
3033 5567 3329 5622 voluntatis
3358 5575 3559 5630 motus,
3585 5563 3762 5619 omnia

2174 5664 2364 5729 verba,
2392 5672 2448 5718 et
2472 5663 2728 5717 universa
2759 5677 2924 5732 opera
2957 5672 3147 5718 nostra
3178 5659 3328 5714 illius
3355 5668 3547 5713 nutum
3589 5667 3764 5711 atten-

2177 5757 2328 5824 dant,
2357 5753 2475 5824 ejus
2503 5755 2767 5812 voluntati
2798 5755 3128 5820 deserviant,
3158 5751 3227 5808 ad
3271 5749 3620 5807 rectitudinis
3647 5747 3764 5817 ejus
