4060 6292
543 256 650 313 715

842 253 902 309 S.
947 248 1244 308 ANSELMI
1277 245 1622 303 CANTUAR.
1665 242 1979 300 ARCIIIEP.
2020 240 2140 298 01³1ῃ

2244 239 2397 297 ’ARS
2453 240 2514 295 ll.
2546 271 2615 280 —
2654 236 3027 294 ΡΑΒΑΞΝΕΤ.
3070 238 3156 293 ΕΤ
3195 237 3435 295 ASCET.

3704 237 3809 296 ne

542 378 631 427 ter
675 374 924 438 suscepta
970 364 1281 431 beata'jam
1332 358 1861 429 rcgnatsubstantia
1904 364 2111 410 nostra.
2147 365 2191 420 Α
2224 353 2487 409 beneficia
2518 352 2847 416 Conditoris,
2880 354 3076 423 quilms
3108 362 3160 407 te
3187 354 3351 408 nullis
3392 354 3810 415 intercurrenti—

532 462 856 518 Adhazream
878 457 989 513 tibi
1006 452 1458 525 inseparabiliter,
1483 451 1704 506 adorem
1732 458 1781 505 te
1809 448 2118 517 infatigabi-

534 552 679 617 liter,
710 549 942 606 serviam
979 547 1075 602 tibi
1098 552 1544 616 perseveranter,
1595 556 1834 612 quaeram
1890 548 1941 594 te
1984 538 2119 593 iide-

535 647 678 710 liter,
709 642 982 699 inveniam
1016 649 1069 695 te
1109 638 1363 701 feliciter,
1406 636 1711 707 possideam
1762 643 1812 688 te
1852 631 2122 687 aeternali-

536 748 639 793 ter.
679 736 772 791 llis
813 732 1182 796 sermonibus,
1210 745 1245 784 o
1269 729 1450 784 anima
1491 742 1630 791 mea,
1659 725 1831 780 Deum
1862 722 2122 794 interpel-

535 830 697 885 lando
728 826 1053 890 accendere,
1082 822 1447 887 inflammare,
1476 819 1796 883 exardesce,
1826 825 1882 872 et
1931 825 2043 872 tota
2070 815 2122 870 in

538 916 659 991 ejus
689 918 961 974 desiderio
997 916 1155 986 ignea
1178 913 1315 968 elliei
1343 912 1630 967 contende.

607 1013 714 1068 VII.
736 1010 1053 1067 Retractatio
1068 1018 1398 1079 peccatorum
1414 1013 1731 1071 nostrorum,
1745 1003 1809 1056 de
1823 1002 2009 1073 quibus
2031 1017 2124 1054 nos

530 1104 848 1159 conscientia
897 1112 1072 1155 nostra
1114 1098 1230 1167 plus
1279 1096 1565 1160 remordet,
1616 1111 1707 1164 per
1741 1111 1857 1165 qum
1895 1093 2127 1162 perdidi-

536 1209 654 1248 mus
681 1195 792 1246 ltwc
820 1190 1104 1244 omnia.-—
1125 1186 1258 1241 Cutn
1286 1184 1812 1239 autem‘consideras
1837 1183 1903 1237 ad
1925 1197 2044 1251 qua:
2072 1186 2129 1235 et

536 1293 739 1354 quanta
768 1282 908 1337 bona
944 1294 1041 1349 per
1089 1279 1207 1347 ejus
1259 1275 1490 1347 gratiam
1522 1273 1799 1345 proiecisti
1828 1314 1842 1338 ,
1884 1281 2125 1328 retracta

535 1378 700 1433 etiam
728 1389 847 1445 qua:
882 1380 1173 1444 et-quanta
1206 1372 1345 1426 bona
1383 1384 1479 1438 per
1519 1377 1662 1422 tuam
1704 1367 1916 1436 culpam
1949 1365 2128 1435 perdi-

538 1469 687 1534 disti,
715 1465 849 1522 etin
888 1480 1009 1535 quas
1062 1462 1203 1518 mala
1241 1460 1416 1531 culpis
1450 1468 1672 1532 gravata
1715 1458 1988 1513 corruisti.
2024 1458 2129 1513 Be-

539 1557 695 1614 volve
746 1555 1068 1626 suspirando
1109 1552 1399 1621 mala'qua:
1439 1550 1689 1620 nequiter
1714 1548 1924 1613 fecisti;
1962 1555 2017 1602 et
2043 1561 2129 1601 re-

538 1650 714 1721 cogita
778 1647 1045 1717 gemendo
1095 1645 1236 1700 bona
1291 1658 1412 1713 quae
1469 1651 1688 1712 propter
1742 1640 1929 1695 cadent
1987 1638 2126 1692 mala

2222 448 2322 502 bus
2346 446 2555 501 meritis
2575 445 2909 507 sublimavit,
2937 454 2992 500 et
3017 445 3083 499 ad
3109 446 3429 499 memoriam
3454 462 3650 502 revoca
3664 448 3810 503 mala

2224 538 2527 600 innumera,
2562 536 2759 605 quibus
2797 536 3037 603 e,‘usdem
3085 535 3373 591 beneficiis
3415 546 3508 592 tua
3552 538 3813 607 iniquitas

2224 629 2444 697 indigne
2471 627 2770 697 respondit,
2808 636 2862 681 et
2900 641 3153 696 magnum
3199 626 3438 680 dolorem
3478 628 3806 695 parturiens,

2225 721 2399 776 clama
2444 735 2460 773 :
2511 719 2650 787 Quid
2695 719 2835 774 feci?
2883 720 3052 774 Deum
3103 720 3450 783 exacerbavi,
3493 719 3810 774 Creatorem

2226 826 2405 866 meum
2436 812 2505 866 ad
2535 812 2873 866 iracundiam
2903 810 3218 882 provecavi,
3254 812 3531 866 bencticiis
3556 811 3678 879 ejus
3715 814 3814 865 im-

2227 900 2430 955 mensis
2453 900 2739 955 innumera
2768 900 2903 955 mala
2931 901 3173 970 rependi.
3210 900 3347 968 Quid
3385 902 3521 956 feci?
3554 901 3664 955 Sed
3703 904 3812 958 lucc

2228 989 2437 1055 dicens,
2476 1005 2574 1046 cor
2616 1000 2766 1045 tuum
2814 992 3012 1045 acerbe
3051 1001 3298 1059 contere,
3340 992 3575 1062 gemitus
3605 994 3811 1058 emitte,

2229 1080 2499 1153 lacrymas
2548 1081 2734 1138 funde.
2784 1083 2840 1137 Si
2886 1082 3032 1138 enim
3081 1084 3171 1138 hic
3207 1100 3312 1137 non
3345 1084 3550 1154 ploras,
3594 1087 3816 1154 quando

2227 1174 2504 1245 plorabis?
2529 1174 2584 1229 Si
2620 1184 2672 1230 te
2701 1175 2767 1230 ad
2796 1176 3269 1245 eompunctiouetu
3298 1192 3401 1230 nou
3430 1178 3643 1231 excitat
3668 1193 3818 1232 aver-

2230 1268 2311 1323 sio
2336 1266 2513 1322 vnltns
2537 1267 2629 1322 Dc’i
2658 1284 2686 1322 a
2721 1276 2795 1332 te,
2827 1283 2990 1337 quam
3017 1275 3105 1321 tua
3140 1276 3359 1337 peccata
3392 1266 3668 1335 fecerunt,
3692 1286 3817 1322 cnu-

2231 1361 2431 1432 fringat
2475 1361 2729 1415 duritiam
2782 1370 2926 1416 luam
2983 1360 3064 1414 vel
3111 1359 3412 1423 enormitas
3445 1360 3818 1419 infernalium

2230 1452 2643 1522 suppliciorum,
2673 1467 2836 1520 quam
2865 1466 3029 1522 super
3057 1459 3108 1505 te
3139 1451 3329 1506 eadem
3357 1462 3586 1521 peccata
3622 1467 3822 1522 provo-

2232 1552 2510 1609 cavcrunt.
2550 1542 2683 1599 Redi
2715 1557 2865 1615 ergo,
2901 1544 3037 1609 redi,
3071 1543 3499 1614 prmvaricatrix,
3528 1544 3599 1598 ad
3624 1559 3744 1611 cor,
3770 1553 3822 1598 et

2231 1634 2419 1703 pedem
2446 1634 2513 1688 ab
2544 1633 2730 1688 inferis
2755 1633 3002 1697 extrahe,
3039 1646 3091 1687 ut
3125 1634 3307 1688 debita
3337 1633 3476 1688 mala
3502 1633 3745 1689 evadere
3772 1644 3823 1688 et

538 1707 923 1795 miserabiliter
970 1733 1225 1789 amisisti.
1265 1707 1405 1799 Quid
1446 1707 1592 1785 enim
1624 1728 1749 1783 boni
1790 1726 2128 1797 praestantis.
2161 1707 2203 1766 Β
2232 1721 2431 1777 amissa
2472 1722 2635 1787 bona,
2678 1722 2873 1793 quibus
2903 1722 3049 1791 juste
3088 1723 3348 1793 privaris,
3391 1725 3566 1793 possis
3600 1739 3824 1794 recupe-

538 1832 709 1888 simus
735 1837 859 1884 tuus
904 1826 1133 1882 Creator
1163 1838 1261 1879 sua
1315 1820 1411 1877 tibi
1441 1836 1546 1875 non
1591 1818 1819 1877 contulit
1848 1816 2129 1874 bonitate?

538 1923 609 1979 Et
635 1921 767 1992 quid
798 1918 927 1974 mali
962 1927 1016 1973 tu
1045 1919 1095 1971 ei
1147 1931 1253 1970 non
1304 1912 1636 1983 rependisti,
1684 1909 2007 1967 exsecrabili
2041 1923 2130 1964 ve-

541 2021 727 2086 getata
776 2009 1102 2081 iniquitate?
1143 2007 1292 2063 Bona
1344 2004 1613 2076 perdens,
1648 2001 1787 2057 mala
1844 2000 2129 2067 meruisti;

546 2108 660 2161 imo‘
701 2104 841 2175 bona
877 2100 1186 2173 projiciens,
1239 2098 1381 2153 mala
1432 2095 1678 2167 clegisti;
1717 2105 1772 2149 et
1808 2093 2007 2149 amissa
2046 2092 2131 2147 vel

542 2197 726 2268 potius
756 2194 965 2264 abiecta
1003 2192 1176 2264 gratia
1203 2188 1540 2254 Conditoris,
1583 2186 1718 2241 iram
1749 2185 1867 2254 ejus
1904 2184 2132 2240 misera-

546 2290 733 2346 biliter
764 2278 1064 2343 incurristi.
1096 2282 1211 2338 Non
1242 2291 1327 2338 est
1366 2281 1506 2337 unde
1553 2288 1604 2334 te
1632 2278 1829 2349 probes
1876 2277 2134 2331 innocen-

543 2390 679 2447 tem,
705 2393 831 2435 cum
854 2375 1119 2432 malorum
1160 2379 1376 2426 tuorum
1404 2376 1624 2423 caterva
1656 2374 1710 2422 te
1752 2364 1901 2421 velut
1923 2364 2135 2420 exerci-

542 2481 633 2527 tus
664 2470 964 2526 immensus
1014 2461 1350 2527 circumdet,
1393 2459 1521 2514 hinc
1573 2472 1865 2527 pravorum
1909 2469 2133 2526 operum

543 2562 743 2636 probra
764 2558 1063 2632 objiciens;
1089 2554 1241 2609 illinc
1269 2551 1542 2608 inutilium
1574 2558 1649 2615 et,
1676 2548 1821 2619 quod
1849 2546 2135 2603 damnabi-

544 2657 650 2711 lins
672 2662 791 2718 est,
832 2649 1266 2722 perniciosorum
1304 2644 1594 2698 verborum
1646 2640 1964 2695 immensam
2009 2652 2136 2692 con-

547 2744 758 2818 geriem
784 2739 1103 2811 proferens;
1132 2733 1256 2790 inde
1290 2729 1556 2787 malarum
1603 2726 1991 2799 cogitationum
2025 2739 2138 2779 mo-

448 2882 457 2887 -
552 2815 661 2891 iem
684 2831 953 2889 infinitam
978 2834 1282 2884 ostentans.
1306 2822 1435 2877 Haec
1455 2827 1603 2884 sunt,
1617 2826 1838 2889 propter
1858 2831 1978 2887 quae
1999 2815 2137 2870 bona

546 2922 944 2985 inaestimabilia
966 2917 1278 2991 perdidisti;
1310 2921 1532 2984 propter
1555 2911 1669 2965 haec
1691 2908 1998 2965 Conditoris
2019 2920 2141 2977 gra-

2232 1826 2375 1866 rare.
2412 1811 2470 1867 Si
2508 1813 2651 1867 enim
2696 1813 2764 1868 ad
2806 1814 2945 1867 mala
2987 1823 3073 1867 tua
3122 1813 3406 1883 respicias,
3451 1813 3646 1868 omnia
3682 1814 3825 1869 bona

2232 1918 2352 1972 qua:
2398 1903 2492 1960 tibi
2542 1913 2669 1960 sunt
2694 1906 2763 1960 ab
2791 1921 2857 1960 eo
2901 1905 3096 1961 collata
3144 1906 3448 1976 perdidisti.
3494 1906 3730 1975 Oportet
3778 1916 3828 1961 te

2234 1994 2401 2065 igitur
2442 1995 2510 2050 ad
2557 2011 2643 2061 ea,
2684 2004 2739 2050 et
2778 1996 3014 2051 maxime
3054 1997 3121 2052 de
3162 1996 3359 2067 quibus
3405 2006 3457 2052 te
3488 1997 3827 2053 conscientia

2233 2085 2454 2156 gravius
2483 2096 2730 2155 accusat,
2761 2103 2977 2158 semper
3017 2089 3204 2144 oculos
3251 2098 3592 2159 retorquere,
3637 2098 3699 2145 ut
3742 2090 3829 2146 ille

2233 2176 2421 2232 oculos
2461 2191 2591 2233 suos
2631 2186 2862 2232 avertat.
2911 2177 3046 2233 Nam
3087 2177 3133 2234 si
3184 2187 3239 2233 tu
3272 2168 3497 2248 p'ewata
3542 2189 3636 2233 tua
3666 2179 3829 2250 digna

2236 2267 2627 2324 satisfactionis
2652 2269 2952 2325 intentione
2982 2273 3206 2338 avertis,
3261 2270 3349 2327 ille
3369 2269 3438 2325 ab
3456 2271 3540 2326 eis
3570 2271 3827 2327 intuitum

2237 2362 2458 2416 ultionis
2495 2360 2714 2416 avertit.
2742 2361 2799 2416 Si
2842 2370 2897 2416 tu
2924 2362 3302 2427 obliviscaris,
3344 2361 3433 2417 ille
3474 2362 3827 2417 recordatur.

2307 2450 2443 2507 Vllf.
2496 2450 2819 2506 Relractatio
2906 2452 3196 2507 Dominica:
3263 2453 3681 2518 incarnationis,
3741 2471 3833 2524 per

2240 2558 2399 2613 quam
2441 2543 2864 2613 temperavimus
2908 2544 3019 2597 Ιιατ
3058 2546 3257 2598 omnia.
3285 2573 3355 2583 —
3383 2542 3454 2598 Ut
3496 2542 3667 2614 igitur
3712 2546 3833 2599 inde

2239 2634 2509 2700 libereris,
2545 2635 2924 2691 miserationes
2965 2651 3094 2706 erga
3133 2645 3186 2691 te
3226 2636 3303 2690 tui
3330 2635 3725 2697 Redemptoris
3751 2646 3833 2691 at-

2243 2727 2425 2783 tende.
2460 2726 2622 2783 Certe
2647 2728 2931 2798 originalis
2969 2726 3177 2798 peccati
3223 2728 3419 2782 merito
3448 2740 3657 2782 caecata
3685 2745 3832 2791 eras,

2242 2818 2628 2874 sublimitatem
2688 2819 2763 2874 tui
2818 2819 3131 2874 Conditoris
3188 2819 3373 2875 videre
3431 2836 3539 2874 non
3593 2830 3833 2890 poteras.

2244 2908 2597 2964 Peccatornm
2627 2909 2858 2965 nubibus
2887 2910 3251 2981 circumsepta
3281 2910 3332 2964 in
3375 2910 3612 2966 obscura
3646 2912 3834 2967 tende-

550 3020 627 3073 ιίει
658 3012 910 3072 caruisti.
941 3005 1346 3077 llaecrewgita
1378 3001 1674 3075 gemendo,
1698 3014 1853 3070 geme.
1883 2997 1963 3053 eis
1991 2997 2142 3052 abre-
2173 3061 2209 3077 η
2244 3000 2362 3066 bas,
2395 3010 2449 3054 et
2477 2999 2544 3054 ad
2579 3012 2815 3055 aeternas
2848 3004 3099 3056 tenebras
3138 3002 3342 3072 rapidis
3380 3001 3641 3071 fluctibus
3681 3004 3840 3058 vitio-

548 3105 873 3170 nuntia‘ndo,
898 3098 1221 3159 abrenuntia
1247 3093 1595 3159 damnando;
1633 3093 1830 3148 danma
1864 3104 1950 3156 ea,
1974 3089 2141 3143 vitam

550 3202 607 3256 in
638 3198 832 3255 melius
854 3191 1256 3252 commutando.
1271 3189 1508 3244 Luctare
1533 3194 1709 3241 tecum
1733 3183 1787 3238 in
1815 3181 1998 3237 animo
2029 3189 2140 3246 tuo,

551 3287 997 3349 ne'amodo‘vel
1043 3285 1113 3340 ad
1167 3289 1500 3340 momentum
1550 3276 1711 3332 alicui
1747 3272 1996 3329 vanitati
2048 3286 2144 3326 seu

553 3385 747 3449 corde,
781 3397 877 3438 seu
911 3380 1094 3450 lingua
1116 3419 1131 3445 ,
1182 3377 1298 3432 sive
1326 3413 1342 3439 ,
1388 3370 1533 3443 quod
1566 3382 1793 3425 summm
1836 3365 2147 3421 damnatio-

559 3478 645 3531 nis
671 3485 777 3539 est,
808 3487 975 3542 opere
1024 3482 1308 3525 assensum
1350 3465 1614 3536 praabeas.
1659 3460 1745 3516 Sit
1790 3457 2142 3528 quotidiana,

554 3567 668 3624 imo
712 3562 969 3621 continua
1011 3560 1067 3615 in
1094 3559 1275 3615 animo
1304 3566 1395 3611 tuo
1435 3553 1571 3619 rixa,
1606 3567 1673 3607 ne
1710 3549 1995 3621 quodlibet
2022 3563 2144 3603 cum

553 3658 707 3714 vitiis
735 3656 911 3713 foedus
942 3653 1203 3707 retineas.
1257 3647 1513 3702 Districte
1558 3642 1896 3713 temetipsam
1935 3650 2148 3706 semper

557 3749 832 3814 esatnina,
857 3752 1071 3802 secreta
1099 3742 1327 3807 discute,
1343 3746 1397 3795 et
1423 3735 1681 3807 quidquid
1710 3737 1763 3788 in
1793 3743 1845 3789 te
1860 3732 2146 3801 reprobnm

557 3840 720 3914 205
762 3837 1065 3902 inveneris,
1137 3832 1312 3905 rigida
1363 3825 1837 3886 animadversione
1880 3830 2141 3914 percute,

562 3911 866 4002 prosterno,
899 3935 1145 3989 contere,
1174 3922 1436 3991 exstirpa,
1470 3917 1694 3989 projice,
1726 3924 1781 3971 et
1812 3915 1878 3969 ad
1918 3911 2147 3967 nihilum

562 4025 771 4095 redige.
810 4022 927 4079 Non
962 4020 1056 4075 tibi
1080 4032 1298 4089 parcas,
1340 4030 1447 4071 non
1486 4014 1581 4068 tibi
1616 4010 1934 4074 blandiaris,
1965 4006 2059 4062 sed
2095 4007 2147 4059 in

561 4115 854 4179 matutino,
902 4112 953 4167 id
982 4118 1067 4167 est
1106 4109 1158 4163 in
1188 4103 1646 4176 contemplatione
1680 4099 1910 4157 extremi
1936 4096 2145 4167 judicii,

561 4206 709 4277 quod
749 4205 895 4261 nocti
944 4201 1229 4274 praesentis
1270 4199 1396 4254 vita:
1440 4204 1697 4267 tanquam
1746 4192 1837 4246 lux
1884 4189 2148 4245 matutina

564 4298 830 4364 succedit,
873 4295 1122 4352 interiiée
1160 4307 1349 4349 omnes
1392 4298 1709 4361 peccatores
1749 4294 1928 4349 teme,
1981 4281 2032 4337 id
2066 4288 2150 4348 est

2246 3105 2364 3144 rum
2415 3089 2617 3160 agitata
2665 3089 2983 3145 festinabas.
3045 3090 3111 3145 Et
3159 3106 3289 3146 ecce
3334 3091 3839 3164 Redemptorgtuus

2245 3180 2461 3235 cmeatis
2501 3180 2798 3236 lumiuilms
2841 3178 3125 3253 Collyrium
3174 3198 3286 3238 sua:
3316 3183 3718 3241 incarnationis
3744 3202 3836 3257 ap-

2244 3272 2445 3342 posuit,
2473 3280 2532 3325 ut
2552 3286 2671 3341 quae
2701 3270 2870 3326 Deum
2903 3272 2956 3326 in
2980 3281 3191 3329 secreto
3212 3273 3516 3343 maiestatis
3546 3275 3835 3347 fulgentem

2245 3363 2431 3418 videre
2470 3378 2573 3417 non
2615 3373 2853 3435 poteras,
2896 3364 3064 3419 Deum
3114 3365 3166 3419 in
3212 3356 3437 3423 homine
3486 3379 3835 3440 apparentem

2248 3456 2546 3524 aspiceres,
2593 3455 2905 3526 aspiciendo
2935 3472 3284 3527 agnosceres,
3323 3461 3679 3527 agnoscendo
3720 3462 3839 3515 dili-

2247 3560 2424 3616 geres,
2455 3546 2684 3616 diligens
2709 3562 2923 3603 snmtro
2951 3549 3132 3603 studio
3155 3549 3222 3604 ad
3248 3547 3366 3618 ejus
3392 3550 3513 3619 glor
3534 3566 3627 3605 am
3655 3566 3839 3616 teru-

2249 3636 2368 3693 nire
2398 3647 2700 3709 satageres.
2748 3638 3068 3695 lncarnatus
3100 3650 3184 3696 est
3221 3648 3283 3695 ut
3317 3649 3368 3696 te
3416 3641 3483 3696 ad
3536 3641 3836 3714 Spirituslsa

2251 3738 2556 3786 revocaret.
2586 3729 2961 3786 Mntabilitatis
2991 3743 3094 3788 tua:
3124 3734 3398 3804 particeps
3419 3734 3603 3790 factus
3636 3745 3742 3801 est,
3783 3743 3839 3788 ιιι

2251 3830 2304 3875 te
2323 3836 2433 3876 sua:
2459 3821 3028 3879 incommutabilitatis
3067 3824 3385 3895 participem
3410 3824 3651 3883 faceret.
3683 3825 3836 3881 Incli-

2252 3912 2403 3967 navit
2433 3928 2491 3967 se
2523 3912 2588 3967 ad
2614 3912 2835 3968 humilia
2870 3923 2981 3981 tua,
3015 3925 3074 3969 ut
3102 3925 3155 3971 te
3185 3917 3510 3973 sublimaret
3534 3918 3605 3973 ad
3628 3918 3838 3974 excelsa

2250 4018 2368 4058 sua.
2400 4004 2472 4058 De
2496 4005 2828 4075 virginitatis
2850 4006 3164 4078 integritate
3195 4018 3356 4066 natus
3396 4019 3505 4076 est,
3538 4020 3601 4067 ut
3636 4024 3841 4082 praera-

2253 4095 2521 4151 ricatricis
2545 4106 2753 4152 naturae
2779 4108 3033 4169 corrupta
3064 4111 3305 4157 sanaret.
3336 4101 3714 4159 Circumcisus
3738 4112 3838 4165 est.

2252 4196 2313 4241 ιιι
2344 4188 2525 4241 omnia
2572 4198 2923 4258 peccatorum
2951 4190 3321 4263 vitiorumque
3351 4193 3629 4266 superﬂua
3674 4196 3842 4251 boari-

2253 4293 2373 4333 nem
2399 4279 2721 4360 abscindere
2747 4296 2778 4333 a
2806 4296 2866 4336 se
2907 4282 3104 4339 debere
3130 4284 3378 4341 doceret.
3406 4285 3643 4342 liblatus
3670 4296 3753 4360 est
3790 4288 3841 4339 in

562 4391 763 4446 donem
817 4354 992 4458 ,Μίνω
1034 4392 1259 4456 peccata
1309 4354 1743 4437 coﬁversalionis
1784 4386 2041 4437 ten-enm,
2064 4377 2151 4426 'ut
2182 4404 2230 4465 υ
2256 4354 2477 4438 templo,
2512 4379 2566 4424 et
2595 4385 2625 4423 a
2655 4380 2842 4426 sancta
2876 4373 3035 4427 vidua
3068 4384 3378 4445 susceptus,
3419 4386 3481 4431 ut
3511 4356 3700 4434 lideles
3720 4392 3845 4432 suos

567 4481 849 4552 disperdas
892 4480 959 4534 de
1008 4478 1232 4533 civitate
1277 4473 1511 4534 Domini,
1552 4485 1716 4540 quam
1762 4467 1817 4522 in
1864 4465 2149 4534 temetipsa

565 4577 644 4632 illi
670 4573 943 4629 tedilicare
987 4571 1177 4633 debes,
1210 4580 1401 4622 omnes
1439 4572 1732 4635 operanles
1771 4560 2151 4629 iniquitatem,

564 4670 619 4726 id
633 4677 718 4725 est
730 4664 1025 4723 diabolicas
1045 4658 1442 4732 suggestiones,
1457 4655 1686 4712 odibiles
1699 4652 1810 4709 Deo
1840 4650 2155 4707 delectatio—

566 4781 686 4831 nes,
722 4758 1039 4817 mortiferas
1083 4767 1385 4811 consensus
1430 4760 1486 4808 et
1533 4764 1697 4821 opera
1744 4762 2023 4820 perversa.
2074 4746 2154 4801 Ab

563 4855 820 4912 omnibus
843 4851 909 4907 iis
941 4857 1201 4920 tanquam
1223 4846 1416 4903 civitas
1449 4843 1541 4900 Dei
1570 4842 1734 4897 debes
1760 4839 2068 4901 enmndari,
2096 4848 2155 4892 ut

566 4950 822 5020 placitam
852 4945 904 4999 in
931 4952 983 4998 te
1012 4941 1349 4996 mansionem
1377 4936 1481 4992 sibi
1511 4937 1742 4990 Creatnr
1770 4929 2030 4996 inveniat,
2056 4931 2154 4986 ob-

568 5042 756 5102 tineat,
790 5036 1085 5108 possideat.
1118 5031 1235 5086 Noli
1266 5045 1387 5086 esse
1415 5030 1482 5084 de
1507 5027 1636 5092 illis,
1658 5041 1887 5097 quorum
1920 5024 2155 5095 pertina-

568 5132 709 5187 ciam
755 5129 894 5183 Deus
934 5127 1049 5196 ipse
1072 5124 1290 5180 videtur
1323 5121 1598 5193 plangere,
1631 5119 1817 5175 dicens
1864 5136 1876 5170 :
1925 5114 2047 5170 Non
2082 5125 2155 5169 cst

568 5223 659 5295 qui
690 5221 933 5292 recogitet
960 5219 1015 5273 in
1044 5217 1203 5273 corde
1225 5231 1344 5280 suo,
1374 5223 1421 5269 et
1453 5214 1637 5266 dicat:
1665 5208 1805 5277 Quid
1832 5209 1971 5277 feci?
2020 5207 2157 5275 (lsa.

567 5327 702 5378 uti,
756 5312 831 5382 ι).
882 5310 939 5365 Si
991 5311 1352 5380 reprobantur
1399 5305 1499 5371 illi,
1546 5304 1672 5375 quia
1719 5316 1818 5372 pro
1871 5300 2158 5356 transactis

571 5405 728 5462 malis
777 5402 1103 5458 erubescere
1152 5409 1210 5455 et
1260 5414 1319 5455 se
1374 5394 1776 5468 reprehendere
1844 5392 2156 5456 noluerunt,

575 5505 704 5550 tune
752 5503 810 5549 ut
839 5495 891 5550 in
922 5494 1219 5550 electorum
1253 5504 1541 5545 numerum
1573 5500 1788 5550 curras,
1819 5482 2158 5553 temetipsam

570 5585 884 5650 convenire,
910 5582 1229 5655 dijudicare,
1262 5595 1325 5636 ac
1353 5594 1544 5636 severa
1572 5576 1854 5648 disciplina
1886 5572 2162 5642 corrigere

572 5671 859 5745 rfegliges?
912 5672 1148 5727 ltevolve
1189 5669 1355 5741 igitur
1395 5667 1583 5723 sedulo
1624 5668 1859 5737 cogitatu
1896 5664 2159 5719 immensa

2256 4460 2289 4514 d
2315 4476 2473 4515 unum
2506 4461 2597 4515 Dei
2627 4461 2997 4532 frequentare,
3026 4475 3082 4520 et
3110 4475 3308 4521 uteum
3333 4481 3653 4524 mereantur
3676 4485 3718 4523 SI
3740 4484 3772 4524 s
3805 4469 3849 4522 Ξ-

2255 4567 2404 4621 pcre,
2473 4554 2656 4608 studio
2730 4555 3041 4611 sanctitatis
3115 4558 3400 4614 intendere
3466 4571 3738 4617 moneret.
3803 4560 3845 4613 Α

2257 4642 2515 4698 Simeone
2546 4658 2677 4699 sene
2708 4654 2993 4716 susceptus
3018 4657 3180 4718 atque
3217 4648 3471 4705 laudatus
3504 4659 3614 4715 cst,
3644 4660 3701 4704 ut
3729 4650 3851 4706 vita

2257 4735 2582 4806 gravitatem
2660 4744 2715 4790 et
2777 4752 2991 4791 morum
3049 4739 3427 4795 maturitatem
3491 4756 3556 4796 se
3629 4740 3851 4809 diligere

2260 4828 2613 4898 patefaceret.
2647 4828 2962 4898 Baptizatus
3011 4839 3116 4894 est,
3174 4839 3231 4884 ut
3279 4833 3454 4887 nostri
3504 4831 3855 4902 baptismatis

2258 4906 2603 4977 sacramenta
2671 4921 3063 4977 sanctificaret.
3120 4922 3178 4977 In
3239 4921 3477 4979 Jordane
3523 4925 3629 4980 sub
3691 4936 3854 4977 ntanu

2244 5010 2483 5079 Joannis
2508 5028 2566 5067 se
2589 5012 2654 5067 ad
2681 5012 3009 5082 baptisnmm
3046 5013 3316 5069 inclinans
3347 5024 3637 5085 paternam
3662 5031 3855 5070 γοα-ιιι

2259 5103 2485 5168 audivit,
2533 5111 2588 5158 et
2636 5102 2875 5173 Spiritus
2924 5103 3103 5159 sancti
3153 5104 3207 5158 in
3255 5103 3508 5159 columba
3559 5105 3858 5160 adventum

2260 5193 2524 5260 suscepit,
2555 5201 2613 5248 ut
2641 5209 2743 5248 nos
2783 5194 3000 5249 doceret
3032 5194 3083 5248 in
3114 5193 3424 5250 humilitate
3467 5195 3673 5250 mentis
3710 5194 3865 5262 (qua

2262 5299 2359 5355 per
2410 5282 2704 5339 Iordanem
2753 5292 2973 5339 notatur
3022 5301 3035 5338 :
3086 5283 3338 5339 Jordanis
3388 5286 3537 5340 enim
3589 5285 3868 5339 descensio

2260 5392 2441 5431 eorum
2482 5375 2929 5447 interpretatur,)
2970 5376 3171 5431 debere
3199 5375 3523 5443 consistere,
3552 5375 3739 5447 ibique
3768 5389 3871 5429 sn-

2260 5468 2416 5538 perni
2449 5467 2627 5522 Patris
2658 5466 2914 5522 honorari
2936 5466 3228 5537 colloquio,
3262 5467 3330 5522 de
3356 5480 3467 5538 quo
3490 5465 3698 5522 dicitur
3730 5466 3872 5533 quia

2263 5582 2381 5619 cum
2417 5563 2740 5635 simplicibus
2786 5562 3155 5617 sermocinatio
3199 5560 3317 5632 ejus
3364 5559 3553 5632 (Prov.
3593 5574 3679 5623 ιιι,
3731 5557 3873 5628 31);

2266 5670 2318 5715 et
2370 5658 2605 5728 Spiritus
2647 5655 2823 5713 sancti
2878 5654 3167 5726 prtesentia
3200 5653 3508 5717 sublimari,
3560 5652 3654 5723 qui
3698 5663 3877 5719 super
