4060 6292
580 341 685 398 719
722 310 723 313 γ

957 342 1015 398 S.
1052 337 1349 395 ANSELMI
1386 338 1727 395 CANTUAR.
1757 339 2077 395 ARClilEl’.
2120 338 2270 397 OPP.
2312 340 2492 398 PARS
2529 340 3035 398 ll.—PARIENET.
3069 339 3154 400 ΕΤ
3178 344 3421 402 ASCET.

3740 342 3839 403 720

578 458 767 524 sortio,
795 457 861 513 de
885 474 993 530 quo
1016 454 1295 524 Scriptura
1319 445 1486 508 dicit:
1509 452 1631 509 Viro
1668 455 1819 525 cujus
1841 452 2146 508 abscondita
2176 461 2224 517 Α
2253 465 2339 508 tua
2368 463 2640 509 exerceat.
2671 455 2741 510 lis
2781 455 2988 510 intenta
3033 472 3062 510 a
3090 473 3292 524 rerum,
3326 459 3574 515 nutiliun.
3612 464 3762 518 curis
3790 476 3843 519 et

576 563 652 606 est
675 553 780 614 ria,
805 562 854 606 et
875 552 1219 607 circumdedit
1240 566 1357 605 eum
1381 550 1634 605 Dominus
1674 548 1896 603 tenebris
1918 546 2038 619 (Job
2065 562 2146 612 tu,

572 644 687 714 25).
729 645 864 699 Vere
912 645 1054 699 enim
1105 644 1369 713 profunda
1404 642 1722 713 ignorantia:
1757 641 1997 696 caecitate
2044 640 2149 694 cir-

571 736 865 800 cumdaris,
899 737 989 807 qui
1030 737 1208 791 nescis
1246 737 1512 806 quomodo
1562 735 1704 789 Deus
1752 741 1941 804 penset
1985 746 2147 801 opera

572 836 684 891 tua,
734 836 790 882 et
818 828 1030 896 qualem
1082 828 1244 882 tinem
1279 827 1356 882 sis
1388 825 1668 881 habiturus
1699 824 1933 894 ignoras.
1969 820 2147 876 Nescit

567 919 742 984 homo,
773 920 848 971 ait
878 918 1155 982 Salomon,
1186 928 1359 971 utrum
1392 917 1536 981 odio,
1562 933 1630 970 an
1652 931 1829 969 amore
1850 913 2037 983 dignus
2056 914 2143 976 sit,

566 1009 655 1061 sed
679 1011 856 1063 omnia
882 1020 1156 1064 servantur
1174 1025 1337 1072 usque
1360 1013 1412 1062 in
1428 1010 1586 1077 finem
1621 1008 1819 1061 incerta
1844 1003 2042 1074 (Eccle.
2065 1020 2145 1069 tx,

567 1099 643 1170 1).
679 1100 822 1156 Pone
873 1102 926 1155 in
972 1102 1153 1156 animo
1183 1109 1277 1156 tuo
1328 1110 1380 1157 te
1427 1100 1614 1155 videre
1666 1099 1899 1168 aliquam
1952 1095 2145 1150 vallem

563 1191 905 1261 profundam,
943 1195 1307 1256 tenebrosam,
1346 1209 1508 1249 omne
1551 1208 1721 1263 genus
1751 1200 2144 1245 tormentorum

563 1285 808 1350 tit-fundo
847 1284 1152 1339 habentem.
1195 1284 1384 1353 Cogita
1433 1283 1664 1352 desuper
1695 1292 1910 1353 pontem
1953 1298 2141 1349 unum,

570 1374 731 1445 longo
755 1375 932 1444 spatio
963 1382 1264 1438 extentum,
1321 1374 1374 1428 in
1432 1373 1715 1427 latitudine
1748 1383 1954 1427 tantunt
1985 1374 2146 1430 unius

562 1466 716 1533 pedis
764 1478 1071 1523 mensuram
1117 1473 1406 1521 tenentem.
1448 1465 1601 1519 llunc
1650 1464 1813 1535 igitur
1860 1472 1966 1518 tam
2014 1466 2144 1520 stri-

560 1562 730 1621 ctttm,
776 1563 881 1608 tam
922 1554 1107 1622 altum,
1143 1563 1249 1608 tam
1285 1553 1646 1623 periculosum
1674 1563 1898 1624 pontem
1943 1554 1985 1608 si
2019 1555 2142 1624 qui-

558 1648 687 1704 libet
721 1649 953 1703 transire
995 1658 1303 1720 cogeretur,
1350 1646 1505 1717 cujus
1529 1647 1668 1704 oculi
1720 1648 2042 1719 ligareutnr,
2076 1662 2142 1701 ne

559 1755 779 1809 gressus
824 1741 1065 1807 videret;
1107 1742 1261 1811 cujus
1296 1757 1487 1796 manus
1537 1751 1683 1796 retro
1712 1742 2142 1812 constringeren-

2251 544 2671 615 cogitationibus
2714 560 2775 599 se
2806 557 3016 615 avecet,
3066 556 3119 602 et
3153 558 3317 604 totam
3357 566 3415 607 se
3452 551 3517 605 ad
3554 553 3670 608 haec
3701 556 3841 609 mala

2251 633 2521 705 fugienda,
2550 644 2603 691 et
2625 637 2690 691 ad
2710 645 2911 692 acterna
2936 638 3073 692 bona
3104 642 3458 710 capessenda,
3484 644 3663 699 sancti
3686 646 3842 699 timo-

2255 727 2330 781 ris
2359 736 2414 781 ct
2435 728 2575 782 beati
2600 729 2803 783 amoris
2831 728 2954 798 igne
2986 731 3300 784 succcndat.

2322 818 2411 873 XI.
2454 819 2528 872 De
2572 837 2809 889 corpore,
2836 832 2947 891 post
2999 822 3192 877 anima:
3224 823 3529 878 discessum.
3566 856 3639 865 -—
3671 827 3757 881 Ad
3793 838 3846 881 te

2246 910 2355 981 jam
2388 911 2568 977 redeo,
2606 911 2915 967 dulcissime
2957 911 3206 981 Creator,
3240 922 3292 968 et
3321 914 3710 985 benignissime
3738 918 3783 971 Β
3819 948 3845 957 -

2250 1003 2516 1072 demptor,
2555 1005 2814 1058 formator
2859 1014 2913 1059 et
2950 1004 3273 1060 reformator
3312 1021 3485 1073 meus,
3536 1010 3681 1064 vetis
3715 1026 3843 1079 sup.

2190 1110 2191 1113 η
2249 1093 2439 1163 plicius
2487 1104 2630 1149 tuam
2678 1094 2972 1164 implorans
3045 1097 3299 1166 pietatem
3328 1138 3344 1162 ,
3397 1106 3455 1151 ut
3500 1097 3703 1153 doceas
3748 1118 3847 1155 cor

2249 1201 2427 1239 meum
2456 1185 2607 1240 vitali
2643 1186 2836 1241 timore
2876 1196 2931 1241 et
2958 1186 3183 1242 salutari
3218 1197 3452 1244 tremore
3483 1191 3844 1245 considerare

2246 1292 2280 1346 q
2320 1291 2406 1330 am
2454 1276 2615 1331 fetida
2661 1286 2715 1332 et
2740 1293 2902 1347 quant
2946 1277 3159 1349 lugubri
3201 1280 3515 1335 conditione
3544 1296 3678 1335 caro
3712 1297 3836 1336 mea

2247 1380 2369 1440 post
2416 1369 2645 1436 obitum,
2699 1370 2893 1441 spiritu
2948 1373 3091 1441 quod
3139 1371 3206 1426 ad
3263 1387 3501 1442 praesens
3551 1382 3848 1444 vegetatur

2244 1461 2500 1526 viduata,
2557 1460 2828 1530 putredini
2877 1470 2941 1516 et
2996 1461 3272 1515 vermibus
3335 1462 3579 1515 tradatur
3641 1478 3847 1517 consu-

2246 1552 2462 1605 menda.
2514 1550 2615 1606 Ubi
2648 1560 2776 1606 tunc
2810 1552 2934 1620 erit,
2963 1553 3007 1607 si
3041 1568 3146 1623 qua
3174 1556 3336 1608 modo
3364 1562 3469 1620 est,
3518 1553 3587 1608 de
3611 1570 3719 1624 qua
3748 1569 3846 1609 su-

2244 1639 2443 1709 perbit,
2501 1640 2845 1710 pulchritudo
2894 1640 3040 1711 ejus;
3104 1643 3407 1711 exquisittc,
3455 1642 3655 1712 quibus
3694 1660 3847 1698 nunc

2244 1728 2450 1796 deﬂuit,
2481 1730 2687 1785 deliciis
2740 1731 2913 1796 illius;
2957 1731 3168 1787 delicati
3218 1732 3408 1787 artus?
3458 1732 3652 1788 Nonne
3711 1744 3846 1788 tunc

562 1842 673 1896 ων,
705 1846 772 1887 ηρ
798 1832 882 1887 νει
910 1833 1103 1887 ωουιο
1129 1810 1232 1888 m3.-
1248 1848 1401 1888 sumn
1425 1833 1692 1904 palpando
1720 1848 1905 1904 regere
1926 1810 2138 1903 ρδεεθις
2173 1810 2215 1864 Β
2246 1837 2370 1875 vere
2405 1822 2713 1891 implebitur
2767 1822 2820 1877 in
2862 1837 2931 1878 ea
2985 1822 3113 1877 illud
3166 1823 3542 1894 propheticum
3570 1840 3584 1877 :
3653 1822 3844 1877 Omnis

555 1924 683 1994 quid
717 1924 947 1989 timoris,
990 1924 1187 1994 quidve
1216 1924 1476 1994 angustia:
1505 1931 1663 1995 putas
1689 1923 1740 1978 itt
1769 1923 1949 1978 animo
1985 1938 2140 1993 gere-

555 2015 681 2069 ret?
711 2014 941 2070 Essetne
976 2014 1049 2069 illi
1078 2016 1273 2084 aliquis
1306 2015 1457 2069 locus
1508 2013 1726 2079 laetitia),
1763 2014 2133 2085 jucunditatis,

554 2105 673 2159 sive
712 2103 1113 2160 lasciviae?Noa
1138 2114 1287 2174 puto.
1316 2104 1634 2160 Auferretur
1666 2104 1843 2160 omnis
1865 2105 2135 2175 superbia,

556 2211 698 2251 vana
723 2196 893 2268 gloria
928 2196 1242 2267 l‘ugarctur,
1276 2197 1447 2252 solius
1476 2198 1671 2253 mortis
1699 2198 1751 2251 in
1780 2207 1960 2251 mente
1992 2205 2140 2251 tene-

552 2287 712 2342 brosa
756 2287 928 2358 caligo
981 2297 1308 2343 versaretur.
1381 2287 1569 2343 Adhuc
1616 2287 1786 2358 cegita
1841 2285 2137 2343 crudelium

552 2380 733 2434 avium
786 2390 1025 2435 tuenstra
1062 2381 1203 2434 circa
1239 2390 1455 2450 pontem
1495 2380 1796 2445 volitantia,
1829 2386 1884 2433 et
1914 2378 1965 2431 itt
2014 2392 2135 2446 pro-

555 2470 779 2527 fundum
845 2482 1211 2528 transeuntem
1264 2473 1573 2542 pertrahere
1623 2470 1917 2543 cupientia,
1959 2484 2138 2525 nonne

550 2564 713 2620 timor
767 2564 1092 2636 augebitur?
1119 2564 1255 2631 Quid
1297 2566 1370 2631 si,
1404 2580 1469 2621 eo
1492 2572 1826 2630 transeunte,
1863 2576 2077 2632 semper
2106 2577 2135 2615 a

548 2655 657 2709 talo
686 2653 880 2709 tabulae
918 2655 1351 2709 subtrahantur?
1398 2654 1649 2725 Nunquid
1678 2670 1786 2711 non
1833 2653 2135 2709 transeunti

548 2742 721 2812 major
743 2740 1048 2796 sollicitudo
1079 2740 1411 2796 incutielur?
1869 2806 1881 2811 ρ

620 2832 729 2886 Sed
782 2831 1088 2902 exemplum
1143 2831 1247 2886 tale
1275 2833 1402 2901 quid
1451 2833 1555 2888 sibi
1605 2833 1735 2888 velit
1787 2847 2033 2903 agnosce,
2083 2840 2137 2885 et

531 2933 787 3000 mentem
861 2933 1007 2979 tuam
1064 2923 1248 2978 divino
1305 2924 1497 2979 timore
1558 2924 1825 2980 sollicitus
1874 2924 2132 2994 astringe.

548 3013 752 3070 Vallem
803 3015 1125 3085 profundam
1177 3024 1230 3070 et
1260 3017 1626 3082 tenebrosam,
1677 3016 1947 3072 infernum
1979 3016 2132 3072 intel-

544 3106 673 3177 lige,
697 3109 815 3162 sine
848 3123 1098 3162 mensura
1131 3107 1474 3176 profundum,
1499 3117 1552 3164 et
1580 3108 1863 3164 tenebrosa
1891 3108 2131 3180 caligine

542 3198 879 3254 horribiliter
905 3197 1217 3256 obscurum.
1249 3199 1321 3253 lbi
1353 3214 1511 3254 omne
1535 3215 1705 3271 genus
1733 3211 2127 3256 tormentorum

542 3287 784 3344 conﬂuit.
838 3287 914 3344 lbi
945 3304 1106 3343 omne
1135 3289 1278 3359 quod
1309 3290 1595 3357 demulcet,
1643 3292 1827 3357 abest;
1874 3301 1929 3347 ct
1971 3308 2132 3347 onttte

541 3379 684 3448 quod
732 3388 897 3433 terret
927 3387 981 3434 et
1032 3382 1260 3445 cruciat,
1311 3389 1365 3436 et
1407 3383 1550 3452 quod
1596 3384 1876 3455 angustias
1926 3384 2129 3439 inferre

543 3476 740 3536 potest,
766 3479 963 3538 priesto
990 3480 1092 3524 est.
1112 3470 1253 3525 Pons
1275 3471 1630 3540 periculosus,
1657 3475 1724 3529 de
1746 3490 1852 3544 quo
1874 3475 1965 3544 qui
1991 3474 2129 3531 male

545 3555 743 3611 transit
793 3556 1018 3613 inferius
1054 3560 1442 3629 praecipitatur,
1481 3563 1592 3618 vita
1638 3579 1876 3634 praesens
1904 3574 2021 3632 est;
2073 3567 2126 3621 in

541 3659 646 3713 qua
672 3646 762 3715 qui
796 3645 935 3699 male
990 3649 1144 3712 vivit,
1177 3649 1247 3704 ab
1300 3650 1389 3705 illa
1427 3653 1626 3707 cadens
1679 3654 1747 3708 ad
1795 3655 2004 3711 inferna
2038 3657 2128 3713 dc-

541 3736 769 3790 scendit.
800 3735 1018 3791 Tabula:
1047 3754 1167 3808 qua:
1196 3751 1315 3807 post
1347 3748 1687 3798 transeuntes
1711 3743 2128 3813 subtrahuntur,

541 3827 738 3899 singuli
766 3838 888 3883 sunt
934 3829 1049 3884 dies
1096 3830 1219 3886 vitae
1251 3841 1486 3899 nostra;
1536 3835 1626 3905 qui
1657 3836 1736 3891 sic
1771 3845 2125 3906 praetereunt,

538 3932 598 3977 ut
646 3938 919 3995 nunquam
953 3933 1316 3991 revertantur,
1350 3926 1445 3982 sed
1488 3927 1850 3985 diminutione
1887 3930 1969 3986 sui
2018 3947 2118 3987 nos

539 4028 755 4084 semper
783 4024 976 4084 urgent
1004 4016 1071 4069 ad
1113 4014 1295 4081 linem,
1330 4025 1386 4072 et
1435 4017 1502 4073 ad
1532 4020 1821 4075 terminum
1870 4020 2127 4076 festinare

537 4104 885 4175 con'tpcllunt.
913 4106 1055 4160 Aves
1075 4106 1221 4162 circa
1253 4116 1467 4177 pontem
1514 4109 1824 4175 volitantes,
1861 4121 1918 4166 et
1946 4120 2127 4166 trans‘

538 4196 794 4251 euntibus
848 4197 1186 4263 insidiantes,
1225 4198 1442 4267 maligni
1476 4200 1701 4269 spiritus
1722 4211 1866 4267 sunt,
1895 4218 2127 4272 quorum

538 4292 698 4333 omne
741 4279 977 4334 studium
1012 4289 1094 4334 cst
1141 4281 1388 4338 homines
1425 4297 1456 4336 a
1485 4293 1646 4337 rectae
1686 4284 1785 4339 viae
1827 4293 1971 4339 statu
1997 4282 2129 4353 deji-

508 4370 687 4432 ~cere,
716 4378 769 4424 et
800 4369 867 4423 ad
912 4368 1179 4439 profunda
1228 4369 1426 4427 inferni
1454 4374 1813 4443 prtccipitare.
1870 4372 1977 4430 Nos
2016 4374 2117 4445 ipsi

2243 1929 2365 1968 caro
2391 1914 2591 1984 fenum,
2621 1924 2668 1968 et
2705 1916 2872 1969 omnis
2920 1915 3090 1986 gloria
3116 1915 3231 1986 ejus
3259 1926 3505 1986 tanquam
3536 1917 3641 1987 ﬂos
3689 1916 3845 1985 feni?

2253 2004 2388 2075 (lsa.
2422 2022 2509 2070 XL,
2541 2006 2621 2077 6.)
2666 2005 2998 2062 Claudentur
3036 2007 3178 2064 oculi
3207 2008 3273 2063 ad
3322 2007 3583 2064 interiora
3642 2010 3847 2079 capitis

2243 2096 2446 2164 reﬂexi,
2484 2111 2710 2166 quorum
2742 2112 2883 2167 saepe
2923 2097 3077 2154 vanis
3102 2108 3154 2153 ct
3182 2100 3503 2169 perniciosis
3538 2100 3847 2172 vagatioui-

2243 2190 2342 2244 bus
2373 2190 2702 2245 delectabar.
2730 2188 2991 2246 Jacebuut
3020 2191 3307 2247 horrendis
3329 2192 3566 2246 tenebris
3592 2192 3844 2258 obducti,

2241 2280 2332 2350 qui
2364 2281 2522 2336 modo
2550 2297 2648 2352 pro
2675 2280 2794 2336 luce
2836 2283 3105 2336 vanitates
3131 2283 3366 2353 gaudent
3395 2282 3637 2337 haurire.
3673 2282 3837 2339 Pate-

2243 2372 2371 2427 bunt
2409 2389 2568 2428 aures
2599 2373 2873 2428 vermibus
2916 2390 3037 2427 mox
3073 2374 3360 2443 replenda),
3398 2391 3520 2445 quia:
3571 2391 3719 2430 nunc
3749 2377 3845 2431 de-

2242 2463 2527 2517 tractionis
2554 2478 2716 2518 voces
2743 2472 2798 2518 et
2843 2463 3132 2519 saecularcs
3155 2480 3402 2521 rumores
3428 2467 3731 2521 damnabili
3754 2468 3843 2534 ju-

2240 2556 2516 2610 cunditate
2552 2556 2875 2627 suscipiunt.
2908 2556 3259 2628 Stringentur
3286 2557 3475 2612 dentes
3506 2560 3845 2614 illisi-rabili-

2243 2656 2324 2701 ter
2350 2646 2612 2712 obserati,
2642 2662 2778 2717 quos
2804 2647 2964 2702 solvit
3006 2649 3265 2703 edacitas.
3294 2647 3623 2703 Putrescent
3656 2667 3841 2717 nares,

2239 2752 2361 2806 qua:
2404 2752 2550 2794 nunc
2576 2738 2744 2793 variis
2774 2739 3031 2794 odoribus
3056 2738 3415 2794 delectantur.
3459 2738 3737 2810 Squalere
3764 2741 3840 2795 ft-

2243 2829 2350 2883 tido
2380 2826 2515 2882 labia
2550 2830 2864 2894 horrebunt,
2914 2846 3035 2900 quae
3061 2830 3229 2886 stulto
3268 2831 3546 2887 cachinno
3580 2832 3839 2902 frequen-

2242 2931 2322 2977 ter
2344 2922 2560 2979 dissolvi
2589 2923 2916 2994 gaudebant.
2944 2922 3219 2996 Ligabitur
3239 2925 3418 2997 lingua
3449 2927 3636 2982 tabir’a
3662 2930 3838 2991 sanie,

2248 3029 2370 3083 quae
2426 3030 2571 3085 stupe
2632 3015 2823 3070 inanes
2871 3014 3080 3070 fabulas
3122 3015 3451 3086 proferebat.
3516 3018 3839 3074 Arctabitur

2238 3116 2443 3177 guttur,
2494 3116 2549 3162 ct
2577 3118 2765 3162 venter
2807 3108 3141 3163 saturabitur
3189 3110 3484 3172 vermibus,
3529 3111 3627 3180 qui
3665 3112 3833 3166 variis

2233 3196 2374 3249 escis
2398 3197 2593 3251 crebro
2622 3197 2839 3252 distenti
2887 3209 3031 3252 sunt.
3079 3198 3216 3265 Quid
3247 3213 3682 3255 commemorem
3720 3202 3830 3255 siu-

2232 3285 2393 3355 gula?
2436 3285 2571 3340 Tota
2602 3286 2689 3339 illa
2720 3288 3041 3355 compositio
3079 3289 3343 3357 corporis,
3393 3288 3553 3359 cujus
3580 3288 3830 3354 sanitati,

2233 3375 2387 3445 cujus
2409 3378 2796 3439 commoditati,
2832 3378 2985 3445 cujus
3021 3378 3279 3446 voluptati
3321 3382 3501 3434 omnis
3528 3396 3674 3449 pene
3702 3396 3831 3434 cura

2232 3468 2677 3539 207invigilat,
2710 3470 2761 3522 in
2781 3472 3141 3539 putredinem,
3168 3471 3220 3525 in
3247 3486 3510 3535 vermem,
3543 3482 3826 3541 postremo

2234 3562 2285 3613 in
2316 3559 2741 3629 abjectissimum
2790 3560 3062 3631 pulverem
3107 3562 3452 3617 dissolvetur.
3488 3561 3593 3618 Ubi
3646 3579 3831 3619 cervix

2231 3654 2454 3708 erecta?
2490 3652 2587 3709 Ubi
2631 3654 2891 3724 jactantia
2944 3654 3252 3719 verborum,
3280 3666 3509 3711 ornatus
3561 3659 3823 3723 vestium,

2235 3746 2467 3801 Varietas
2517 3745 2877 3800 deliciarum?
2936 3744 3092 3801 Velut
3139 3748 3410 3802 somnium
3459 3761 3833 3815 evanuerunt,

2230 3837 2410 3891 omnia
2458 3836 2681 3891 ulterius
2711 3853 2815 3891 non
2862 3838 3098 3893 reditura
3129 3838 3481 3905 transierunt,
3525 3853 3581 3895 et
3623 3852 3835 3896 aurato-

2232 3946 2347 3985 rem
2380 3931 2462 3986 sui
2496 3931 2862 3986 miserrimum
2893 3931 3247 4000 reliquerunt.

2300 4019 2415 4075 Xll.
2457 4020 2535 4073 De
2576 4022 2756 4075 anima
2784 4039 2815 4076 a
2844 4038 3057 4091 corpore
3096 4033 3360 4092 separata.
3392 4051 3462 4062 —
3491 4023 3641 4081 Deus
3667 4025 3832 4089 bene,

2231 4111 2360 4181 quid
2388 4122 2471 4167 est
2498 4113 2639 4182 quod
2672 4112 2925 4168 intueor?
2963 4113 3101 4169 Ecce
3130 4115 3367 4168 occurrit
3406 4115 3577 4170 timor
3610 4118 3789 4172 tituori
3814 4159 3835 4180 ,

2230 4203 2383 4258 dolor
2408 4204 2600 4259 dolori.
2629 4204 2756 4260 Post
2780 4205 3178 4275 separationem
3205 4205 3286 4260 sui
3312 4221 3343 4259 a
3370 4221 3628 4277 corpore,
3651 4225 3837 4264 nonne

2230 4296 2410 4350 anima
2451 4311 2480 4349 a
2517 4294 2862 4351 multitudine
2908 4296 3309 4352 occursantium
3348 4298 3691 4365 daemonum,
3730 4303 3835 4370 qui

2230 4388 2345 4457 ejus
2393 4389 2772 4445 accusationes
2813 4400 3181 4461 exaggerent,
3229 4391 3722 4458 circumfnndctur,
3773 4402 3838 4447 et

539 4469 888 4516 transeuntes
914 4476 1123 4527 sumus,
1154 4462 1472 4533 ignorantia:
1500 4466 1729 4536 caligine
1756 4467 1906 4532 caici,
1935 4478 1990 4523 et
2016 4467 2121 4522 dif-

2238 4497 2399 4550 usque
2447 4482 2512 4536 ad
2563 4484 2839 4537 minimam
2883 4483 3266 4555 negligentiam
3322 4485 3389 4540 de
3424 4487 3683 4544 omnibus
3723 4504 3835 4542 ex-

537 4550 779 4607 ﬁcultate
807 4552 945 4607 bene
977 4553 1237 4623 operaudi
1268 4554 1415 4611 velut
1445 4557 1594 4626 gravi
1627 4566 1819 4613 catena
1852 4558 2017 4629 ligati,
2059 4572 2126 4613 ne

470 4714 478 4722 λ
538 4643 743 4700 liberos
770 4643 838 4699 ad
863 4644 1027 4700 Deum
1059 4630 1261 4701 sancta:
1294 4647 1418 4703 vita:
1445 4662 1663 4718 gressus
1694 4648 1927 4721 dirigere
1956 4651 2127 4720 possi-

463 4728 505 4772 ’λ
537 4752 677 4792 mus.
710 4737 942 4793 Attende
986 4738 1149 4808 igitur
1191 4738 1236 4795 si
1274 4754 1382 4795 non
1412 4754 1624 4796 summo
1666 4742 1846 4798 studio
1891 4742 1944 4798 iu
1978 4753 2128 4799 tanto

532 4829 850 4887 discrimine
882 4830 974 4886 tibi
1006 4831 1074 4886 ad
1117 4831 1432 4888 Creatorem
1462 4842 1613 4889 tuum
1663 4834 2004 4893 clamandum
2033 4840 2125 4903 sit,

531 4938 641 4991 quo
653 4920 769 4991 ejus
800 4924 1004 4979 munita
1016 4925 1271 4994 praesidio
1300 4924 1446 4981 inter
1466 4926 1901 4984 adversariorum
1920 4939 2128 4986 turmas

537 5014 859 5071 liducialiter
882 5026 1105 5071 cantes:
1134 5015 1385 5071 Dominus
1408 5016 1728 5073 illuminatio
1745 5037 1882 5086 mea,
1906 5032 1951 5075 et
1983 5022 2126 5076 salus

533 5127 671 5175 mea,
688 5128 839 5183 quem
862 5111 1089 5166 timebo?
1114 5109 1284 5182 (Psal.
1302 5129 1414 5178 xix,
1433 5114 1455 5168 ί
1468 5113 1509 5184 .)
1533 5112 1859 5171 lllumiuatio
1881 5116 2127 5173 videlicet

492 5197 503 5203 ’
534 5214 723 5259 contra
738 5205 1055 5271 cwcitatem;
1074 5203 1220 5259 salus
1234 5214 1421 5261 contra
1434 5205 1825 5262 difﬁcultatem.
1845 5206 1970 5265 Hinc
1982 5209 2125 5265 enim

490 5276 503 5299 ’
534 5296 642 5352 duo
672 5297 811 5351 mala
857 5304 1002 5363 sunt,
1048 5297 1100 5351 iu
1141 5296 1338 5367 quibus
1371 5299 1578 5369 primus
1611 5313 1811 5370 parens
1844 5315 1947 5356 nos
1977 5301 2126 5373 deje-

535 5390 629 5455 cit,
656 5390 955 5460 ignorantia
999 5398 1055 5445 et
1108 5389 1434 5459 diliicultas,
1471 5402 1528 5448 ut
1555 5408 1655 5460 nec
1688 5409 1798 5464 quo
1830 5395 2122 5465 tendimus,

540 5496 638 5536 nec
675 5483 801 5552 quid
830 5483 1095 5554 agendunt
1131 5483 1202 5537 sit
1233 5484 1551 5551 videamus;
1606 5495 1662 5540 et
1695 5495 1821 5541 cum
1848 5503 1913 5542 ex
1943 5486 2123 5557 aliqua

535 5582 693 5642 parte
744 5574 1059 5639 viderimus,
1100 5574 1416 5631 difficultate
1465 5578 1743 5648 prtepediti
1796 5593 1898 5634 nec
1947 5580 2124 5651 ipsum

532 5663 681 5733 quod
719 5670 865 5717 recte
903 5664 1169 5730 novimus,
1196 5664 1418 5734 implere
1452 5668 1745 5737 possimus.
1789 5669 1920 5726 "me
1952 5672 2123 5728 medi-

493 5745 497 5749 ’
536 5766 673 5821 tare,
706 5752 884 5808 anima
909 5771 1046 5822 mea,
1077 5756 1189 5810 lucc
1205 5758 1412 5826 cogita;
1447 5759 1497 5811 in
1527 5760 1591 5815 iis
1614 5762 1852 5829 quotidie
1881 5778 1938 5821 se
1963 5781 2118 5821 utens

2229 4574 2505 4644 quiretur?
2536 4572 2727 4629 Veniet
2756 4575 3011 4646 princeps
3046 4577 3229 4630 mundi
3268 4575 3428 4645 hujus
3461 4593 3591 4634 eum
3622 4578 3835 4635 δαιευί-

2232 4668 2375 4723 tibus
2397 4667 2510 4722 suis
2540 4666 2723 4721 furore
2752 4666 2972 4723 rabidus
2992 4707 3007 4733 ,
3035 4666 3259 4723 callidus
3292 4668 3358 4721 ad
3388 4669 3507 4724 circ
3532 4672 3841 4727 tmvettictt-

2231 4760 2386 4825 dum,
2423 4760 2489 4813 ad
2532 4758 2897 4814 mentiendum
2940 4774 3165 4827 pronus,
3208 4759 3511 4818 malevolus
3548 4765 3841 4818 aii-arcu-

2229 4854 2453 4905 sandtnn
2486 4891 2502 4915 ,
2555 4866 2891 4921 qumeunque
2939 4861 3113 4921 potest
3165 4862 3353 4908 contra
3406 4868 3532 4910 eam
3583 4870 3703 4910 vera
3764 4871 3843 4911 ex

2230 4944 2553 5012 perpetratis
2590 4944 2747 4997 malis
2776 4943 3088 5011 proferens,
3121 4945 3290 5001 multa
3321 4945 3455 5001 falsa
3486 4947 3845 5019 contingens.

2230 5036 2274 5090 υ
2314 5035 2589 5094 tremenda
2632 5037 2784 5103 hora,
2816 5053 2850 5093 ο
2876 5052 3105 5093 examen
3139 5038 3457 5095 horridum!
3494 5040 3635 5097 Ilinc
3655 5042 3848 5113 jacio:

2230 5125 2507 5180 districtus
2540 5125 2607 5179 ad
2634 5125 3028 5194 judicandmn;
3062 5127 3189 5184 inde
3225 5129 3532 5185 adversarii
3565 5146 3855 5202 procaces

2229 5217 2297 5271 ad
2326 5217 2713 5273 accusandum.
2744 5217 2921 5273 Stabit
2945 5220 3128 5273 anima
3154 5219 3278 5276 sola
3301 5220 3421 5276 sine
3456 5223 3854 5292 consolatorie,

2228 5309 2352 5364 inde
2387 5308 2637 5365 solatium
2682 5310 2856 5366 solum
2881 5312 3134 5381 capiens,
3169 5311 3215 5367 si
3243 5326 3366 5367 eam
3397 5314 3663 5369 bonorum
3692 5332 3863 5386 ope-

2192 5420 2197 5425 ’
2231 5416 2348 5454 rum
2389 5400 2718 5456 conscientia
2750 5401 3009 5457 defendit.
3052 5401 3160 5457 Sed
3198 5403 3250 5457 in
3294 5413 3442 5457 tanta
3476 5405 3864 5463 districtione

2228 5490 2317 5544 tibi
2348 5490 2531 5545 omnia
2560 5492 2703 5545 nuda
2736 5492 3105 5562 apparebunt,
3132 5496 3248 5565 quis
3273 5494 3595 5565 gloriabitur
3616 5510 3870 5556 cauum

2227 5599 2282 5636 se
2301 5582 2490 5636 habere
2527 5583 2658 5637 cor?
2693 5582 2755 5638 Si
2782 5582 2961 5653 justus
3009 5586 3095 5640 vix
3131 5585 3447 5653 mirabitur,
3489 5596 3756 5658 peccator
3804 5604 3868 5646 et

2228 5676 2421 5745 impius
2471 5678 2870 5747 uiriparebunl?
2920 5679 2970 5751 (1
3025 5679 3168 5734 Petr.
3209 5697 3300 5747 tv,
3354 5682 3466 5749 IS.)
3516 5682 3665 5735 Tunc
3716 5683 3874 5741 lau-

2229 5768 2471 5823 dantium
2521 5767 2663 5824 labia
2698 5772 2987 5827 cessabunt
3020 5815 3033 5839 ,
3092 5772 3433 5828 adulatorum
3481 5774 3654 5842 lingua
3728 5792 3873 5833 non
