4060 6292
251 382 338 437 νει

1608 371 1863 430 ΜΕυΙΤΑ
1873 371 2144 428 Τιοκιεεί.

3393 377 3500 436 7‘22

252 495 509 569 proderit,
558 510 692 550 vana
731 493 898 568 gloria
942 491 1216 548 seductrix
1262 490 1578 562 probabitur
1625 490 1813 545 fuisse.
1843 492 1892 550 Α
1922 503 2122 542 corona
2165 487 2404 544 caelestis
2452 488 2837 554 circumdabit,
2886 498 2941 544 et
2977 490 3297 560 patientium
3339 492 3502 560 groria

253 592 424 662 Fugiet
463 589 641 657 inepta
676 585 895 650 laetitia,
925 585 1247 656 dignitatum
1270 599 1461 655 pompa
1501 583 1799 652 fugabitur,

249 679 454 736 honoris
492 677 718 735 ambitio
749 676 904 747 plena
953 675 1285 745 deccptionis
1313 675 1476 729 fuisse
1511 674 1804 728 videbitur.

255 771 400 826 Beata
435 767 521 823 illa
559 767 762 834 anima,
794 781 958 836 quam
995 766 1047 820 in
1087 764 1178 819 tali
1209 763 1519 820 discrimine
1560 765 1816 819 innocen-

250 863 329 916 ti:e
385 859 715 915 conscientia
751 859 1006 930 protegit,
1039 857 1345 913 sanctitatis
1401 857 1659 911 memoria
1716 857 1811 911 de-

246 951 430 1016 fendit;
467 966 631 1020 quant
665 950 845 1005 adhuc
874 949 928 1005 in
959 963 1123 1004 carne
1152 948 1383 1020 positam
1419 949 1521 1018 pia:
1555 963 1816 1018 compun-

243 1042 425 1098 ctionis
464 1042 605 1098 unda
647 1041 845 1112 sacpius
887 1040 1094 1107 abluit,
1143 1037 1500 1096 confessionis
1538 1039 1812 1111 diligentia

242 1135 538 1200 decoravit,
583 1150 753 1192 sacras
775 1133 910 1204 legis
949 1135 1227 1190 meditatio
1255 1134 1618 1199 illuminavit;
1650 1149 1812 1204 quam

241 1225 504 1282 humilitas
525 1225 731 1292 mitem,
771 1225 1114 1297 tranquillam
1141 1225 1425 1295 patientia,
1450 1225 1754 1281 obedientia
1783 1241 1813 1280 a

241 1319 442 1390 prepria
472 1318 754 1374 voluntate
785 1333 1012 1374 vacuam
1055 1317 1306 1382 reddidit,
1337 1326 1393 1372 et
1433 1315 1714 1372 charilatis
1748 1317 1815 1371 ad

238 1410 403 1466 munis
422 1409 640 1467 virtutis
661 1409 983 1466 exercitium
1009 1408 1270 1464 fervidam
1293 1409 1441 1465 fecit.
1465 1407 1612 1462 Talis
1633 1408 1813 1462 anima

239 1503 563 1562 tremendam
601 1502 746 1559 illam
785 1505 974 1580 horam
1016 1518 1121 1558 non
1165 1501 1513 1570 formidabit,
1563 1517 1655 1555 nec
1691 1515 1815 1554 con-

237 1594 474 1666 fundetur
498 1612 619 1650 cum
661 1595 899 1666 loqttetnr
943 1595 1168 1649 inimicis
1209 1594 1320 1648 suis
1360 1592 1416 1647 in
1455 1602 1604 1660 porta
1635 1587 1811 1660 (Psal.

237 1703 406 1755 cxxvt,
439 1689 516 1758 ϐ).
549 1687 856 1744 Sociabitnr
883 1687 1024 1744 enim
1057 1686 1184 1754 illis,
1214 1687 1280 1742 de
1305 1685 1502 1758 quibus
1533 1679 1816 1754 Scriptura

234 1779 352 1835 dicit
382 1797 396 1833 :
427 1777 560 1834 Cum
598 1766 798 1835 dederit
823 1778 1027 1833 dilectis
1057 1778 1167 1832 suis
1194 1793 1434 1832 somnum
1457 1817 1474 1843 ,
1514 1791 1629 1831 ecce
1654 1775 1816 1829 luere-

235 1853 370 1927 ditas
401 1871 612 1927 Domini
639 1870 829 1940 (Ibid.,
859 1871 940 1941 ι).

297 1958 432 2016 XIII.
474 1959 799 2015 Retractatio
843 1960 950 2014 diei
982 1959 1216 2030 judicii,
1254 1958 1344 2014 ubi
1394 1957 1534 2013 haedi
1578 1956 1647 2012 ad
1685 1955 1814 2010 sini-

229 2063 384 2107 stram
416 2053 825 2108 constituentur.
855 2083 925 2093 —
951 2050 1070 2107 1am
1098 2065 1230 2106 vero
1258 2051 1326 2107 de
1359 2058 1569 2106 terrore
1603 2048 1693 2104 illo
1718 2064 1815 2102 ex-

227 2142 377 2197 tremi
401 2141 596 2213 judicii
629 2141 751 2212 quis
783 2141 966 2196 dicere
999 2140 1200 2210 aliquid
1225 2138 1435 2205 valeat,
1467 2138 1555 2193 ubi
1586 2133 1716 2193 Oves
1745 2138 1813 2191 ad

223 2234 531 2299 dexteram,
572 2234 709 2288 haedi
751 2233 819 2288 ad
857 2233 1133 2288 sinistram
1168 2231 1512 2288 statuentur?
1545 2229 1676 2297 Quis
1708 2239 1814 2284 tre-

221 2338 333 2378 mor
359 2323 501 2389 erit,
538 2322 631 2377 ubi
661 2323 890 2379 virtutes
931 2322 1190 2378 caelorum
1234 2323 1637 2379 movebuntur?
1683 2321 1814 2388 Quae

223 2431 401 2472 rerum
433 2416 708 2484 confusio,
739 2417 829 2488 qui
871 2418 1123 2489 gemitus,
1159 2416 1252 2488 qui
1291 2417 1558 2472 clamores
1600 2415 1812 2470 ululan-

224 2505 386 2573 tium,
420 2521 549 2562 cum
573 2521 678 2561 vox
715 2506 804 2562 illa
848 2506 1104 2562 terribilis
1140 2506 1537 2578 negligentibus
1576 2518 1813 2574 oppone-

223 2605 305 2649 tnr
331 2612 347 2650 :
375 2594 641 2650 Discedite
666 2613 698 2652 α
727 2611 810 2650 me
829 2635 845 2662 ,
891 2595 1159 2650 maledicti
1181 2637 1196 2661 ,
1247 2597 1300 2650 in
1324 2596 1496 2666 ignem
1522 2595 1824 2650 (uernum!

222 2685 436 2757 (Matth.
473 2703 601 2753 xxv,
627 2686 743 2760 41.)
776 2687 916 2744 Vere
943 2687 1060 2743 dies
1088 2686 1184 2742 irae
1212 2687 1327 2742 dies
1350 2686 1460 2753 illa,
1501 2685 1618 2742 dies
1649 2686 1815 2740 tribu-

223 2778 437 2836 lationis
477 2790 534 2835 et
566 2779 858 2850 angustiae,
901 2780 1016 2836 dies
1050 2778 1259 2835 nebulai
1299 2786 1356 2834 et
1393 2777 1660 2841 turbinis,
1698 2778 1814 2833 dies

225 2867 359 2925 tuba:
384 2879 441 2924 et
472 2870 765 2941 clangoris.
803 2871 937 2926 Vere
966 2879 1093 2926 tunc
1121 2885 1226 2924 vox
1263 2868 1367 2923 diei
1397 2882 1614 2931 amara,
1645 2866 1814 2920 tribu-

223 2957 418 3016 labitur
456 2963 530 3018 ibi
579 2962 751 3020 fortis.
785 2961 920 3030 Quia
950 2963 1043 3032 qui
1084 2973 1268 3018 mente
1303 2960 1536 3030 superba
1571 2957 1810 3014 divinam

223 3052 552 3108 voluntatem
574 3063 988 3109 contemnentes
1013 3053 1172 3110 modo
1195 3053 1260 3108 de
1282 3051 1664 3122 prosecutione
1686 3062 1812 3118 pro-

223 3147 346 3216 priae
374 3148 677 3203 voluntatis
718 3147 1040 3219 gloriantur,
1073 3155 1200 3201 tunc
1235 3156 1528 3218 perpetuus
1556 3143 1702 3215 ignis
1731 3143 1809 3198 in-

222 3236 411 3305 vuiret,
434 3242 530 3311 qui
554 3256 829 3331 nunquam
850 3239 1247 3311 exstinguetur,
1264 3251 1319 3294 et
1339 3239 1538 3294 vermis
1561 3239 1812 3306 depascet

222 3329 306 3396 qui
328 3345 436 3385 non
461 3317 830 3396 ntorietttr,'et
852 3332 1106 3387 ascendet
1135 3329 1314 3388 fumus
1344 3330 1599 3386 tormenti
1623 3345 1810 3385 eorum

223 3415 272 3473 in
300 3420 492 3477 smcuht
521 3421 868 3477 saeculorum.
1327 3423 1330 3431 ’

284 3510 421 3568 XIV.
455 3512 788 3567 Rctractatio
814 3512 1020 3584 gaudii,
1048 3514 1137 3568 ubi
1167 3529 1282 3568 oves
1309 3514 1378 3568 ad
1405 3514 1672 3569 dexteram
1706 3521 1812 3567 sta-

220 3608 442 3659 tuentnr.
471 3635 544 3644 -—
567 3604 667 3660 llis
710 3611 891 3659 autem
930 3604 1238 3675 lugentibus
1261 3647 1276 3672 ,
1317 3615 1372 3660 et
1409 3621 1519 3675 prae
1560 3604 1809 3674 angustia

219 3693 437 3762 spiritus
459 3696 614 3752 diros
635 3695 816 3752 cordis
843 3681 1050 3766 rugitus
1074 3697 1470 3764 emittentibus,
1493 3696 1621 3767 quid
1650 3703 1808 3766 putas

220 3787 390 3854 gaudii
418 3798 472 3843 et
501 3787 895 3844 exsultationis
921 3789 1026 3843 erit
1062 3789 1238 3844 beatis
1275 3788 1413 3854 illis,
1461 3788 1551 3858 qui
1583 3787 1651 3842 ad
1680 3787 1809 3841 dex—

220 3883 380 3932 teram
413 3879 508 3935 Dei
539 3879 823 3936 constituti
855 3893 1043 3933 vocem
1075 3879 1222 3934 illam
1259 3877 1626 3935 felicissimam
1657 3878 1810 3932 audi-

222 3967 316 4021 turi
352 3978 520 4038 sunt,
549 3986 660 4042 qua
687 3971 898 4026 dicetur
921 3970 1065 4026 illis:
1109 3971 1306 4037 Venite,
1341 3971 1593 4026 benedicti
1627 3971 1807 4026 Patris

218 4057 332 4122 mei,
357 4062 629 4128 possidete
659 4076 873 4130 regnum
897 4061 1034 4130 quod
1068 4060 1209 4114 vobis
1234 4071 1477 4130 paratum
1500 4074 1576 4115 est
1604 4061 1669 4114 ab
1700 4063 1810 4114 ori-

216 4147 324 4214 ginc
353 4153 569 4206 ntundi?
602 4139 823 4222 (.Ilnttlt.
858 4168 981 4219 xxv,
1010 4152 1124 4223 54.)
1166 4152 1318 4208 Tunc
1341 4168 1468 4208 vere
1492 4168 1594 4208 vox
1626 4155 1807 4208 exsul-

219 4237 426 4296 tationis
464 4251 520 4297 et
560 4242 754 4299 salutis
802 4244 1102 4300 morabitur
1147 4243 1202 4300 in
1245 4242 1594 4298 tabernaculo
1629 4244 1804 4314 justo-

219 4343 352 4386 rurn.
403 4335 564 4392 Tunc
618 4335 881 4391 Dominus
928 4335 1212 4392 humilium
1249 4337 1419 4407 eriget
1463 4345 1662 4408 caput,
1713 4339 1807 4409 qui

218 4424 365 4480 mmlo
395 4442 492 4496 pro
523 4444 595 4483 eo
630 4427 762 4482 viles
791 4436 845 4483 et
891 4428 1089 4498 abjecti
1119 4443 1240 4484 esse
1283 4445 1386 4484 non
1420 4429 1802 4500 dedignantur.

218 4509 510 4574 Medebitur
538 4519 800 4575 contritis
828 4520 992 4574 corde
1010 4559 1025 4584 ,
1054 4529 1109 4574 et
1138 4521 1416 4590 perpetuis
1444 4523 1656 4593 gaudiis
1677 4538 1804 4581 con-

216 4601 469 4662 solabitur
514 4625 620 4680 pro
665 4609 747 4664 sui
795 4609 1064 4666 desiderio
1113 4610 1165 4664 in
1217 4610 1318 4666 hac
1361 4611 1798 4682 peregrinatione

217 4691 470 4762 lugentes.
504 4700 811 4771 Apparebit
839 4699 1109 4759 ineffabile
1142 4702 1425 4771 prmmium
1451 4716 1671 4769 eorum,
1704 4705 1796 4774 qui

215 4799 304 4852 pro
346 4791 426 4845 sui
474 4791 794 4848 Conditoris
839 4808 1026 4848 amore
1070 4793 1317 4864 proprias
1366 4809 1427 4849 se
1473 4793 1798 4849 laetabuntur

213 4877 468 4948 abiecisse
502 4884 840 4942 voluntates.
875 4886 934 4941 lu
967 4885 1055 4941 illa
1097 4885 1185 4942 die
1212 4885 1582 4943 obedientium
1616 4888 1797 4956 capita

1923 581 2273 635 inenarrabili
2313 581 2602 651 splendore
2640 580 2883 652 fulgebit.
2926 581 2999 638 lbi
3040 582 3280 638 charitas
3311 582 3512 638 milites

1919 688 2047 728 suos
2074 672 2386 744 angelorum
2427 674 2686 730 societate
2719 675 2915 730 ditabit
2936 716 2953 737 .
2992 685 3048 731 ct
3076 675 3256 731 contis
3297 675 3511 746 puritas

1919 772 2193 819 amatores
2223 779 2352 820 suos
2391 765 2701 822 Conditoris
2743 765 3053 824 Ielicissima
3093 768 3300 823 visione
3330 768 3502 823 beati.

1921 855 2122 910 ticabit.
2157 855 2309 911 Tunc
2337 859 2586 914 ostendet
2613 874 2672 914 se
2710 860 2852 916 Deus
2879 861 3131 916 omnibus
3157 859 3511 917 dilectoribus

1919 949 2064 1014 suis,
2091 957 2146 1003 et
2173 957 2376 1004 aeterna
2406 951 2700 1006 securitate
2728 952 2780 1006 in
2818 960 3134 1022 perpetuum
3169 952 3506 1007 sublimabit.

1919 1040 2076 1095 Tunc
2102 1055 2232 1096 vere
2257 1042 2330 1096 ab
2357 1041 2546 1096 electis
2577 1043 2830 1098 onrnibus
2857 1045 3164 1100 cantabitur
3194 1063 3208 1098 ε
3242 1043 3392 1098 Beati
3417 1043 3508 1112 qui

1920 1130 2154 1184 habitant
2182 1132 2237 1184 in
2267 1134 2424 1185 domo
2451 1142 2562 1197 tua,
2601 1131 2846 1196 Domine,
2887 1132 2942 1187 in
2970 1132 3163 1188 uacula
3193 1132 3509 1188 steculortmt

1921 1223 2212 1279 laudabunt
2249 1235 2298 1279 te
2326 1222 2501 1294 (Psal.
2541 1242 2778 1290 cxxxm,
2812 1226 2890 1296 5).
2929 1225 3096 1294 Cujus
3133 1226 3306 1282 laudis
3343 1226 3510 1296 parti-

1921 1316 2068 1386 cipes
2102 1331 2200 1371 nos
2228 1319 2408 1372 facere
2440 1317 2707 1386 dignetur.
2739 1319 2829 1387 qui
2859 1334 2983 1375 cum
3015 1318 3178 1373 Patre
3211 1327 3267 1372 et
3300 1318 3510 1388 Spiritu

1921 1416 2112 1462 sancto
2139 1407 2274 1461 vivit
2298 1416 2354 1462 et
2390 1416 2580 1478 regnat
2607 1408 2750 1464 Deus
2774 1424 2872 1479 per
2897 1409 3081 1464 omnia
3110 1407 3308 1464 saecula
3333 1422 3507 1464 saecuv

1921 1497 2115 1554 lortnn.
2145 1497 2338 1552 Arnen.

2417 1588 2796 1646 MEDITATIO
2830 1589 2874 1646 ll
2913 1591 3001 1644 ³⁸³.

1996 1682 2070 1738 De
2096 1692 2296 1738 terrore
2310 1683 2529 1753 judicii,
2555 1686 2629 1738 ad
2655 1683 2991 1738 excitandum
3017 1683 3072 1737 in
3097 1698 3152 1736 se
3173 1682 3434 1736 timorem.

1993 1772 2185 1828 Terret
2230 1788 2318 1828 me
2353 1773 2424 1805 ³⁸³
2457 1773 2566 1828 vita
2613 1787 2734 1829 mea
2766 1772 2855 1836 ³⁸⁸,
2879 1771 3004 1842 quia
3051 1769 3340 1840 diligenter
3385 1770 3506 1827 dis-

1845 1845 1890 1901 Β
1915 1877 2095 1926 enssa,
2137 1872 2358 1933 apparet
2393 1862 2527 1917 mihi
2563 1870 2671 1916 tota
2710 1870 2802 1917 aut
2835 1871 3112 1932 peccatum
3147 1861 3240 1926 ³¹⁸,
3271 1868 3363 1916 aut
3402 1869 3514 1918 ste-

1916 1955 2086 2011 rilitas
2124 1955 2238 2012 fere
2273 1964 2383 2010 tota
2427 1955 2532 2010 vita
2567 1969 2718 2018 mea,
2753 1963 2808 2010 et
2842 1955 2886 2009 si
2929 1955 3060 2025 quid
3108 1953 3315 2009 fructus
3351 1953 3404 2007 in
3446 1968 3512 2008 ea

1916 2049 2148 2117 videtur,
2185 2051 2265 2104 sic
2300 2058 2387 2104 cst
2422 2057 2515 2103 aut
2558 2047 2872 2106 simulatum
2896 2087 2912 2112 ,
2949 2053 3042 2100 aut
3086 2043 3463 2115 imperfectum
3489 2083 3508 2110 ,

1914 2148 2007 2194 aut
2033 2140 2216 2211 aliquo
2248 2141 2409 2196 modo
2437 2149 2784 2212 corruptum,
2823 2147 2882 2194 nt
2919 2137 3091 2208 possit
3117 2146 3209 2192 aut
3245 2151 3350 2190 non
3388 2135 3507 2206 pla-

1913 2247 2060 2298 cere,
2089 2243 2179 2287 aut
2213 2233 2503 2303 displicere
2533 2234 2666 2289 Deo.
2699 2233 2874 2304 Ergo,
2903 2249 2936 2287 ο
2962 2240 3237 2301 peccator,
3267 2229 3381 2283 vita
3415 2235 3508 2283 tua

1909 2324 2024 2392 jam
2053 2341 2158 2379 non
2193 2324 2308 2378 fere
2345 2333 2478 2386 tota,
2513 2325 2608 2380 sed
2636 2333 2786 2380 certe
2819 2333 2932 2378 tota
2969 2329 3062 2376 aut
3098 2321 3168 2352 ³¹⁶
3199 2320 3251 2375 in
3283 2327 3510 2390 peccato

1913 2423 2018 2478 est,
2051 2422 2105 2470 et
2135 2414 2462 2469 damnabilis
2489 2415 2594 2480 "7;
2638 2424 2734 2468 aut
2771 2413 3142 2478 infructuosa,
3175 2420 3232 2466 et
3262 2419 3512 2466 contem-

1915 2504 2139 2572 ptibilis.
2167 2503 2275 2559 Sed
2304 2503 2435 2572 quid
2463 2517 2660 2574 separo
2691 2501 3083 2558 infructuosam
3116 2519 3147 2556 ιι
3179 2499 3512 2556 danmabili?

1917 2595 2134 2666 Utique,
2161 2597 2204 2652 si
2231 2605 2319 2652 est
2342 2596 2674 2651 iufmctuosa
2694 2635 2708 2659 ,
2734 2603 2821 2650 est
2840 2604 2896 2648 et
2914 2593 3260 2649 damnabilis.
3287 2591 3513 2647 Constat

1914 2689 2062 2744 enim
2099 2696 2155 2743 et
2192 2703 2380 2742 verum
2413 2696 2498 2744 est
2542 2687 2688 2757 quod
2722 2685 2940 2743 Veritas
2967 2684 3108 2741 dixit
3146 2700 3160 2738 :
3205 2683 3388 2739 Omnis
3439 2682 3510 2714 ³¹⁸

1915 2781 2096 2844 arbor,
2122 2797 2241 2850 qua:
2267 2797 2371 2835 non
2396 2781 2524 2848 facit
2553 2779 2784 2849 fructum
2815 2780 3028 2844 bonum,
3060 2777 3354 2842 excidatur,
3383 2785 3429 2830 et
3455 2776 3512 2830 in

1915 2873 2084 2941 ignem
2118 2873 2352 2926 mittetur
2375 2870 2693 2940 (Mutilum,
2727 2869 2840 2940 10).
2877 2868 3146 2937 Denique,
3172 2868 3218 2923 si
3249 2868 3378 2937 quid
3406 2882 3512 2938 ago

1913 2961 2079 3029 utile,
2119 2976 2341 3031 prorsus
2371 2961 2684 3016 nullatenus
2732 2959 2861 3015 illud
2899 2968 3192 3029 eompenso
3236 2958 3511 3014 alimentis

1915 3055 2181 3124 corporis,
2207 3053 2405 3124 quibus
2429 3053 2644 3108 abutor.
2673 3051 2780 3107 Sed
2801 3051 2925 3122 quis
2953 3050 3125 3121 pascit
3152 3065 3337 3120 pecus,
3363 3049 3509 3118 quod

1918 3161 2018 3201 nec
2059 3154 2265 3200 tantum
2304 3145 2560 3216 prodest,
2595 3151 2861 3214 quantum
2893 3141 3211 3198 consumit?
3239 3150 3295 3196 et
3329 3151 3510 3196 tamen

1917 3245 1972 3290 tu
2019 3235 2303 3305 benignius
2346 3234 2528 3300 Deus,
2569 3242 2624 3286 tn
2664 3232 2841 3287 nutris
2867 3271 2882 3296 ,
2931 3239 2988 3286 et
3029 3238 3310 3300 exspectas
3356 3237 3509 3282 tuum

1914 3327 2158 3382 inutilem
2197 3341 2472 3388 vermem,
2518 3333 2575 3380 et
2617 3323 2688 3356 “’
2727 3322 2987 3378 fetentem
3032 3329 3374 3390 pcecatorem
3413 3318 3504 3372 ⁸³⁸.

1913 3419 2085 3485 Quam
2145 3416 2477 3473 tolerabilius
2529 3415 2686 3471 canis
2742 3413 2921 3484 putris
2973 3410 3109 3466 fetet
3157 3409 3504 3476 hominibus,

1913 3527 2076 3582 quam
2123 3512 2304 3567 anima
2363 3509 2635 3581 peccatrix
2691 3509 2832 3574 Deo;
2882 3521 3045 3577 quam
3085 3504 3353 3561 infelicius
3403 3505 3506 3561 ista

1913 3604 2054 3668 Deo,
2085 3617 2247 3673 quam
2288 3601 2380 3657 ille
2407 3599 2746 3655 ltorninibusl
2783 3598 2898 3654 lleu
2931 3612 3036 3653 non
3070 3597 3379 3662 hominem,
3411 3597 3507 3652 sed

1909 3695 2259 3766 opprobrium
2291 3694 2566 3749 hominum
2601 3692 2694 3760 ⁸²¹,
2724 3691 2886 3748 vilius
2915 3705 3134 3762 pecore,
3166 3688 3320 3761 pejus
3345 3689 3508 3744 cada-

1914 3802 2056 3842 vere.
2096 3785 2282 3840 Taedet
2312 3783 2547 3837 animam
2580 3797 2754 3838 meam
2797 3782 2924 3837 vitat
2958 3796 3120 3847 mea};
3149 3780 3340 3835 trivere
3375 3793 3512 3834 eruo

1911 3880 2074 3934 beseo
2097 3918 2112 3943 ,
2149 3878 2286 3934 mori
2338 3878 2686 3947 pertimesco.
2725 3874 2865 3942 Quid
2905 3890 3036 3944 ergo
3082 3881 3252 3928 restat
3296 3871 3433 3935 tibi,
3469 3886 3506 3925 o

1911 3977 2184 4040 peccator,
2215 3969 2318 4024 nisi
2344 3977 2404 4022 ut
2433 3971 2487 4025 iu
2522 3975 2632 4022 tota
2659 3966 2767 4019 vita
2797 3972 2887 4018 tua
2919 3964 3098 4033 plores
3137 3969 3305 4017 totam
3336 3961 3504 4016 vitam

1913 4073 2082 4128 tuam,
2109 4072 2171 4117 ut
2199 4063 2312 4132 ipsa
2354 4069 2466 4116 tota
2497 4075 2558 4116 se
2583 4059 2758 4129 ploret
2788 4056 2995 4112 totam?

1982 4153 2088 4209 Sed
2114 4154 2275 4209 estin
2300 4153 2404 4208 hoc
2427 4165 2645 4221 quoque
2671 4148 2850 4203 anima
2877 4160 2996 4201 mea
3027 4145 3096 4177 ³³⁸
3121 4142 3502 4199 miserabiliter

1912 4243 2176 4300 mirabilis
2214 4251 2270 4299 et
2314 4241 2637 4297 mirabiliter
2665 4238 3022 4303 miserabilis,
3061 4237 3188 4308 quia
3229 4249 3334 4290 non
3382 4243 3504 4290 tan-

1912 4344 2024 4389 tum
2053 4333 2199 4390 dolet
2224 4341 2486 4403 quantum
2515 4346 2575 4386 se
2603 4329 2810 4393 noscit;
2843 4329 2937 4382 sed
2975 4328 3055 4382 sic
3078 4341 3269 4382 secura
3301 4332 3496 4395 torpet,

1909 4425 2059 4479 Velut
2095 4422 2223 4494 quid
2260 4422 2495 4492 patiatur
2527 4420 2758 4491 ignoret.
2793 4416 2838 4473 Ο
2875 4418 3054 4472 anima
3095 4415 3325 4481 sterilis,
3365 4414 3497 4484 quid

1911 4513 2072 4586 agis?
2119 4512 2249 4583 quid
2301 4519 2511 4579 torpes,
2555 4509 2733 4563 anima
2784 4506 3092 4576 peccatrix?
3139 4505 3262 4559 Dies
3310 4503 3498 4574 judicii

1908 4607 2075 4671 venit,
2101 4604 2257 4673 juxta
2285 4611 2369 4659 est
2406 4602 2521 4658 dies
2551 4600 2761 4656 Domini
2793 4614 3048 4666 magnus,
3072 4597 3226 4669 juxta
3258 4603 3313 4650 et
3341 4595 3498 4650 velox

1907 4700 2102 4764 nimis,
2130 4699 2246 4753 dies
2276 4697 2370 4752 ira:
2397 4696 2514 4751 dies
2554 4695 2672 4763 illa,
2703 4695 2819 4750 dies
2847 4691 3210 4749 tribulationis
3241 4699 3297 4746 et
3329 4704 3497 4758 angu-

1908 4792 2056 4853 stiae,
2096 4789 2210 4843 dies
2247 4785 2572 4843 calamitatis
2603 4795 2658 4841 et
2697 4785 2960 4848 miseriae,
2993 4784 3110 4838 dies
3149 4780 3493 4836 tenebrarum

1907 4896 1962 4941 et
1999 4881 2279 4952 caliginis,
2321 4881 2434 4935 dies
2467 4878 2675 4934 nebulae
2713 4887 2768 4934 et
2809 4875 3070 4940 turbinis,
3112 4873 3228 4928 dies
3266 4871 3404 4927 tubte
3442 4881 3498 4933 ct

1518 4995 1754 5053 νΑιιιΑπῑ
1788 4993 2188 5055 LECTIONES.

277 5085 344 5117 ⁸¹¹
395 5088 614 5143 Collnta
681 5098 755 5143 est
799 5106 915 5143 cum
960 5092 1263 5156 prtenotatis
1313 5107 1441 5146 mss.
1508 5089 1645 5145 Vict.
1711 5090 1916 5147 Tltunn.
1984 5091 2106 5144 Bec.
2178 5087 2337 5143 Corb.
2414 5085 2674 5141 Val-lue.
2738 5095 2785 5140 et
2844 5081 3198 5156 Floriacensi.
3252 5079 3326 5156 De
3372 5087 3493 5156 ler-

216 5169 337 5230 rpre
378 5158 692 5230 judiciiad
741 5149 1103 5214 incutiendum
1171 5163 1458 5216 timorem:
1491 5177 1609 5230 qua:
1658 5161 1794 5217 alias
1842 5163 2170 5224 inscribitur,
2230 5158 2394 5213 Liber
2431 5158 2673 5230 miseriae
2733 5155 2964 5230 hominis
3011 5149 3313 5230 mill-ori).
3366 5152 3488 5212 160.

212 5223 480 5283 Meditatio
535 5229 608 5284 ad
663 5231 1005 5284 excitandum
1067 5230 1314 5286 timorem
1370 5223 1515 5286 Dei.'
1552 5249 1679 5285 mss.
1731 5233 1862 5287 alia.
1921 5233 2108 5288 Oratio
2158 5223 2232 5284 ad
2289 5227 2672 5283 concitandum
2724 5227 2970 5279 timorem

1599 5302 1669 5333 W‘
1712 5301 1831 5356 Vita
1894 5319 2011 5357 mea
2051 5317 2177 5356 mss.
2219 5298 2352 5354 Vict.
2397 5297 2484 5352 16.
2541 5297 2662 5350 Bec.
2706 5294 2772 5350 Ο.
2823 5293 2978 5348 Corb.
3017 5293 3137 5348 160.
3179 5289 3413 5345 Val-lue.
3443 5299 3490 5344 et

211 5309 325 5350 ms.
384 5298 528 5353 Vict.
571 5298 664 5354 16.
698 5307 746 5354 et
785 5300 940 5354 Corb.
997 5300 1118 5355 166.
1185 5301 1342 5356 taedet
1397 5315 1484 5358 me

3071 5222 3141 5253 ³³³
3190 5219 3380 5274 Terret
3404 5238 3490 5276 me

213 5359 354 5439 Flor.
380 5369 492 5424 vita
521 5384 648 5425 mea
674 5378 784 5423 tota
860 5371 929 5402 ³⁸⁸
961 5369 1086 5426 Mihi
1117 5381 1396 5439 peccatum
1442 5389 1566 5426 mss.
1597 5371 1719 5426 Bec.
1755 5372 1892 5427 Vict.
1935 5373 2072 5427 Thu.
2112 5369 2350 5439 Val—lnc.
2381 5378 2428 5421 et
2463 5359 2773 5439 Flammihi
2807 5372 3198 5439 autpeccatum
3275 5361 3491 5439 "'nVita
3522 5375 3525 5378 ‘

212 5437 426 5524 I‘naljavn
455 5439 725 5524 ferentem
754 5449 848 5522 aut
878 5441 929 5494 in
955 5457 1078 5524 mss.
1119 5430 1244 5495 Bec.
1279 5452 1330 5524 et
1374 5441 1416 5495 Τ
1418 5443 1509 5495 Im.
1540 5443 1648 5496 vita
1689 5458 1799 5524 _non
1836 5453 1924 5497 tua
1951 5458 2055 5497 non
2076 5441 2192 5522 jam
2217 5438 2494 5524 fcrelplg.
2535 5436 2627 5524 se."
2650 5430 2936 5524 ςενιεε,ξριεὶ
2967 5443 3062 5488 θυι
3093 5435 3142 5486 ί¹¹
3171 5449 3297 5524 ³3³⁵³⁸
3327 5430 3486 5524 693,5."

220 5497 448 5581 [al-lue.
488 5519 539 5564 et
565 5507 726 5565 Flor.
757 5511 867 5564 vita
895 5520 982 5565 tua
1015 5511 1125 5581 jam
1170 5527 1274 5565 non
1303 5511 1417 5566 fere
1447 5520 1578 5576 tota,
1609 5512 1700 5569 sed
1745 5523 1894 5569 certe
1927 5522 2037 5567 tota
2067 5497 2159 5565 aut
2182 5511 2236 5562 in
2336 5508 2403 5581 ’ξ’
2433 5497 2540 5581 Aut
2568 5505 2893 5581 damnabilis
2927 5521 3052 5581 mss.
3087 5501 3494 5581 etilatnnabili;
3523 5563 3526 5568 _

209 5570 274 5604 ⁸¹⁸
319 5577 524 5634 Verum
559 5593 688 5635 esse
735 5570 1109 5652 quodiveri'tas
1141 5581 1234 5637 Dei
1293 5581 1429 5635 dixit
1461 5600 1474 5635 :
1507 5570 1708 5636 omnes
1735 5601 1859 5638 mss.
1897 5597 2082 5636 verum
2112 5588 2214 5652 est,
2237 5579 2379 5647 quod
2385 5580 2608 5652 _v_eritas
2645 5576 2818 5631 dixit:
2852 5575 3040 5632 Omnis
3114 5575 3183 5605 ³¹⁹
3213 5573 3417 5652 Verrini
3431 5581 3487 5628 et
3515 5645 3522 5652 ι

209 5658 328 5700 mss.
358 5664 608 5708 vermem
637 5658 694 5703 et
763 5651 831 5682 ³¹⁰
862 5650 1162 5706 Ρωιοιιιθηι

1207 5652 1443 5720 peccatis
1470 5671 1593 5706 mss.
1640 5653 1776 5706 Viri.
1808 5654 1894 5707 ιϐ.
1932 5651 2088 5707 Corb.
2119 5642 2328 5704 lliOCet
2379 5647 2530 5706 Flor.
2558 5648 2834 5720 fmtcntem
2864 5656 3219 5720 peccatorenr
3242 5643 3342 5720 _“'
3376 5642 3488 5712 Op-

208 5717 484 5840 nrobrium
515 5719 758 5775 hominis
805 5739 928 5775 mss.
971 5721 1104 5776 Vict.
1136 5714 1380 5775 '5.'Corb.
1426 5722 1546 5777 460.
1594 5721 1822 5777 Val-lue.
1873 5737 1921 5777 et
1970 5721 2122 5774 Flor.
2161 5720 2512 5792 opprobrium
2558 5717 2836 5776 hominum
2864 5714 2977 5774 ’ms.
3037 5715 3169 5771 Vict.
3205 5714 3288 5771 l6.
3311 5723 3483 5770 omits.

243 5790 439 5840 ominis
515 5790 586 5824 ³³³
613 5790 670 5840 In
700 5789 796 5840 hac
823 5793 997 5840 anima
1023 5810 1136 5840 tum
1173 5811 1294 5840 mss-
1324 5793 1374 5840 in
1406 5793 1505 5840 hoc
1535 5809 1745 5840 tllltltlllt‘.
1774 5794 1948 5840 anima
1978 5808 2093 5840 mea
3251 5837 3253 5840 .

243 5789 439 5847 ominis
515 5790 586 5824 ³³⁸
612 5790 670 5846 lu
700 5789 796 5849 hac
823 5793 998 5848 anima
1022 5810 1137 5849 mea
1173 5811 1294 5848 mss.
1324 5793 1375 5847 in
1406 5793 1505 5848 hoc
1535 5809 1745 5866 quoque
1774 5794 1950 5849 anima
1977 5808 2100 5850 nica,

891 5937 924 5946 νον
957 5951 964 5953 _
1365 5935 1409 5946 ’.ν
1577 5943 1642 5955 μοι...
