4060 6292
520 406 629 469 723

833 409 891 469 S.
934 403 1231 470 ANSELMI
1287 411 1637 470 CAN'I'UAR.
1676 415 1995 475 ARCHIEP.
2035 414 2187 475 OPP.

2224 415 2407 474 PARS
2444 417 2505 472 Il.
2538 448 2606 458 —
2636 415 3007 474 ΡᾹΠᾹΞΝΕΤ.
3042 417 3131 473 ΕΤ
3171 414 3414 473 ASCET.
3702 410 3801 468 ὶῖι

507 522 795 595 elangoris.
821 521 867 583 0
894 538 997 580 vox
1024 524 1130 580 diei
1159 525 1370 582 Domini
1398 531 1617 585 amara!
1646 526 1784 596 Quid
1807 530 2086 594 dormitas,
2118 532 2168 593 ἃ
2195 529 2390 585 debent
2417 543 2540 585 esse
2565 530 2632 585 ad
2660 527 3095 586 continuandum
3128 530 3333 586 luctum
3364 547 3380 584 :
3415 527 3670 585 euincere
3701 526 3804 582 tibi

506 618 690 672 anima
737 614 914 687 tepida
958 625 1013 671 et
1047 616 1209 687 digna
1250 621 1467 677 evomi?
1503 621 1633 690 quid
1674 622 1979 678 dormitas?
2003 625 2105 694 qui‘

503 725 611 765 non
650 709 1070 779 expergiscitur,
1100 710 1193 779 qui
1239 726 1347 766 non
1387 714 1569 769 tremit
1599 715 1677 769 ad
1710 724 1929 769 tantum
1956 717 2097 770 tonio

500 810 717 865 truum,
745 814 853 853 non
892 799 1125 864 dormit,
1163 801 1258 856 sed
1290 811 1538 857 mortuus
1579 804 1896 861 estJtrbor
1923 805 2095 860 infru-

501 898 722 953 ctuosa,
765 889 856 944 ubi
887 899 1016 945 sunt
1045 892 1219 962 ξοδ
1241 892 1449 947 fruetus
1484 894 1602 948 tui?
1629 895 1793 949 arbor
1816 894 1979 963 digna
2007 911 2096 951 se-

499 981 616 1036 curi
653 991 709 1037 et
759 982 917 1052 igne.
955 982 1121 1053 digna
1155 985 1360 1043 succidi
1406 995 1461 1041 et
1497 987 1781 1053 succendi,
1831 989 1922 1056 qui
1971 999 2096 1043 sunt

498 1070 713 1131 fructus
744 1075 858 1129 lui?
894 1075 1093 1145 Utique
1124 1079 1295 1146 spinze
1330 1089 1633 1149 pungentes
1663 1088 1717 1133 et
1750 1095 1934 1134 amara
1967 1096 2091 1148 pec—

496 1174 619 1220 cata
646 1182 661 1231 ;
696 1183 817 1237 qua:
847 1168 1053 1222 utinam
1085 1168 1163 1224 sic
1193 1176 1245 1223 te
1272 1170 1584 1239 pmnitendo
1614 1182 1907 1242 pungere."
1937 1173 2008 1204 ⁸η
2036 1182 2097 1228 ut

495 1260 976 1332 confringerentur
1005 1263 1075 1295 ³³⁸
1110 1281 1123 1318 :
1165 1262 1246 1319 sic
1275 1272 1678 1318 amarescerent
1704 1270 1769 1318 ut‘
1804 1279 2091 1319 evanesce-

496 1366 640 1409 rent.

569 1446 775 1504 Forsan
825 1463 1054 1518 parvum
1105 1449 1235 1520 quid
1284 1458 1445 1520 putas
1495 1448 1711 1520 aliquod
1759 1458 2088 1520 peccatum:

493 1536 706 1592 utinam
743 1538 1025 1594 districtus
1046 1537 1212 1608 judex
1245 1554 1473 1610 parvum
1505 1540 1845 1595 existimaret
1860 1529 2102 1609 'aliquodl

493 1638 799 1699 peccatum.
839 1629 945 1687 Sed
980 1632 1080 1685 heu
1124 1632 1249 1686 me!"
1275 1646 1454 1687 nonne
1492 1618 1655 1687 omne
1681 1640 1962 1701 peccatum
1994 1646 2091 1701 per

493 1720 999 1789 praevaricationem
1032 1721 1202 1776 Deum
1232 1722 1577 1778 exhonorat?
1601 1723 1742 1790 Quid
1768 1723 1936 1793 ergo?
1966 1737 2090 1792 pec-

492 1798 675 1866 catum
718 1812 801 1845 ³⁸*
830 1822 1088 1883 peccator
1125 1813 1343 1869 audebit
1380 1814 1565 1869 dicere
1615 1813 1879 1884 parvum?
1918 1813 2087 1867 Deum

2201 630 2427 693 possunt
2452 622 2519 676 ad
2549 622 3023 695 sorbendasjuges
3048 623 3350 694 lacrymas.-
3370 622 3477 678 Sed
3502 637 3602 677 cur
3627 621 3809 676 debeo

2201 713 2272 747 ”'
2302 715 2368 769 de
2404 714 2725 784 gravedine,
2759 715 2827 771 de
2857 715 3228 785 magnitudine
3260 715 3595 771 imminentis
3636 716 3803 770 mise-

2200 804 2297 859 ria:
2334 805 2635 875 quidquam
2664 806 3055 862 dissimulando
3085 816 3287 869 tacere.
3319 816 3373 862 et
3400 806 3574 863 oculis
3603 807 3805 860 anima

2199 911 2332 952 mea:
2362 896 2529 950 furari
2566 896 2638 928 ³³⁸
2667 915 2680 950 :
2733 912 2801 951 an
2836 906 2895 951 ut
2925 898 3217 967 improvise
3259 899 3327 931 ³³⁵⁸
3360 896 3575 953 irritant
3604 912 3802 968 repen-

2199 986 2295 1040 tini
2335 986 2553 1042 dolores
2578 1028 2596 1051 ,
2636 998 2696 1042 ut
2732 988 2913 1043 subito
2956 989 3026 1021 ”'
3072 989 3292 1059 ingruat
3330 989 3693 1044 intolerabilis
3727 989 3807 1021 ³⁸⁸

2201 1087 2492 1148 tempestas
2510 1080 2714 1135 ?Certe
2736 1096 2841 1134 non
2866 1081 2945 1136 sic
2969 1083 3189 1151 expedit
3212 1081 3503 1151 peecatori.
3534 1081 3590 1135 Si
3614 1089 3803 1135 autem

2197 1167 2411 1230 dixero.
2454 1170 2717 1240 quidquid
2749 1180 2942 1241 potero
2978 1173 3320 1243 excogitare,
3356 1173 3602 1227 nondum
3640 1173 3709 1226 ad
3744 1171 3811 1226 id

2195 1259 2338 1327 quod
2368 1274 2457 1314 res
2484 1269 2568 1315 est
2587 1302 2602 1327 ,
2635 1262 2839 1332 poterit
2865 1262 3172 1332 comparari
3203 1262 3293 1315 κο.
3329 1262 3498 1332 Igitur
3523 1261 3806 1316 deducant

2196 1348 2336 1403 oculi
2363 1351 2468 1405 mei
2504 1351 2778 1423 lacrymas
2809 1367 2906 1423 per
2931 1354 3075 1409 diem
3113 1362 3167 1409 et
3195 1363 3442 1419 noctem,
3470 1363 3527 1408 et
3566 1369 3675 1408 non
3721 1361 3802 1408 ta-

2194 1451 2373 1497 ceant.
2398 1442 2548 1514 Auge
2574 1460 2728 1515 ergo,
2748 1454 3021 1514 peccator,
3044 1445 3803 1516 augesuperioribusezerum~

2196 1533 2278 1587 nis
2312 1536 2561 1602 pondus;
2597 1537 2738 1591 adde
2776 1546 3037 1591 terrorem
3085 1553 3251 1606 super
3286 1546 3553 1591 terrorem
3574 1578 3589 1599 .
3624 1537 3801 1591 ulula-

2197 1632 2310 1679 tum
2353 1625 2419 1657 θδί
2462 1641 2628 1697 super
2656 1626 2917 1682 ululatum
2950 1646 2963 1682 :
2999 1644 3125 1683 nam
3162 1629 3278 1698 ipse
3318 1639 3371 1683 te
3404 1628 3473 1659 ³⁸²
3493 1625 3801 1696 iudicabit,

2194 1717 2260 1768 ad
2309 1716 2464 1785 cujus
2490 1720 2877 1775 contumeliam
2920 1729 3131 1790 spectat
3170 1720 3434 1790 quidquid
3474 1720 3806 1774 iuobedieus

2192 1807 2324 1872 Dea,
2359 1819 2452 1863 aut
2483 1811 2869 1879 praevaricator
2925 1820 3116 1880 peccat
3164 1812 3255 1880 qui
3290 1811 3430 1865 mihi
3464 1810 3666 1864 bonum
3701 1826 3810 1880 pro

495 1903 645 1958 enim
674 1900 1065 1969 ‘exbonorare,
1107 1906 1327 1975 quando
1370 1921 1596 1975 parvum
1632 1905 1769 1960 est?
1799 1906 1843 1961 Ο
1886 1904 2089 1975 lignum

2197 1898 2336 1953 malo
2366 1900 2628 1967 reddidit,
2655 1902 2738 1954 cui
2767 1917 2868 1971 ego
2891 1900 3092 1955 malum
3118 1916 3217 1970 pro
3241 1901 3385 1955 bono
3411 1901 3503 1964 ³⁵³,
3531 1901 3625 1969 qui
3653 1917 3807 1955 nunc

491 1996 742 2061 aridum,
790 2007 843 2053 et
883 1998 1109 2066 inutile,
1152 2000 1370 2054 (uternis
1414 1999 1627 2068 ignibus
1657 1999 1876 2070 dignum
1902 2042 1918 2065 ,
1962 2000 2091 2070 quid

490 2090 856 2161 respondebis
893 2091 946 2146 in
975 2091 1062 2145 illa
1091 2092 1196 2157 die,
1228 2106 1350 2146 cum
1397 2092 1646 2163 exigetur
1671 2109 1701 2147 a
1734 2102 1785 2148 te
1813 2108 1983 2162 usque
2022 2094 2089 2148 ad

491 2182 659 2237 ictum
689 2181 863 2247 oculi,
898 2170 1061 2237 omne
1106 2193 1317 2254 tempus
1351 2184 1567 2240 vivendi
1600 2184 1694 2240 tibi
1740 2185 2043 2255 impensum
2067 2227 2082 2253 ,

489 2274 724 2342 qualiter
750 2274 911 2331 fuerit
934 2291 963 2329 a
990 2283 1043 2331 te
1069 2276 1403 2345 expensum?
1431 2275 1583 2331 Tunc
1610 2277 1808 2347 quippe
1833 2277 2089 2332 condem-

496 2364 719 2419 nabitur
745 2364 1009 2435 quidquid
1054 2364 1223 2419 fuerit
1261 2367 1534 2421 inventum
1574 2366 1628 2421 in
1681 2377 1733 2421 te
1777 2368 1959 2437 operis
1999 2368 2081 2424 vel

489 2456 586 2533 otii
616 2456 705 2522 "',
738 2458 1007 2513 sermonis
1036 2467 1091 2514 et
1116 2457 1348 2524 silentii,
1382 2474 1553 2528 usque
1592 2460 1657 2514 ad
1688 2460 1965 2516 minimam
1997 2478 2087 2518 eo-

488 2546 829 2617 gitationem,
862 2548 1026 2602 etiam
1052 2549 1195 2617 quod
1229 2548 1440 2614 vixisti,
1474 2549 1519 2604 si
1551 2564 1656 2604 non
1690 2550 1852 2605 fuerit
1890 2552 1957 2607 ad
1990 2552 2083 2608 Dei

488 2636 821 2693 voluntatem
848 2628 1138 2694 directum.
1168 2638 1286 2693 Vae!
1316 2648 1448 2710 quot
1476 2650 1699 2710 peccata
1728 2642 1798 2697 ibi
1824 2653 2089 2712 proruent

486 2748 555 2788 ex
587 2732 910 2803 improviso,
945 2732 1100 2804 quasi
1135 2748 1203 2788 ex
1240 2733 1451 2789 insidiis
1471 2776 1486 2797 ,
1516 2750 1636 2804 quae
1666 2738 1828 2791 modo
1868 2752 1973 2793 non
2002 2738 2084 2791 vi-

486 2823 621 2876 des?
657 2822 819 2878 Certe
855 2822 1013 2890 plura
1036 2862 1052 2889 ,
1092 2832 1148 2876 et
1188 2821 1438 2879 fortassis
1477 2824 1801 2879 terribiliora
1850 2826 1935 2881 liis
1966 2841 2087 2897 quae

487 2931 634 2971 nunc
664 2916 834 2971 vides.
868 2915 1031 2982 Quot,
1073 2930 1195 2985 qua:
1220 2932 1326 2970 non
1367 2931 1488 2972 esse
1530 2916 1668 2969 mala
1699 2927 1856 2985 putas
1876 2919 1901 2971 ?
1924 2927 2082 2988 quot,

488 3020 610 3075 qua:
638 3022 785 3061 nunc
814 3006 882 3038 '"
906 3022 1030 3062 esse
1058 3007 1199 3063 bona
1230 3007 1428 3071 credis,
1461 3009 1660 3060 nudata
1695 3006 1833 3061 facie
1858 3023 2086 3077 appare-

490 3096 632 3149 lmnt
654 3094 1038 3167 ibinigerrima
1067 3096 1422 3167 peceataﬂbi
1456 3096 1645 3165 procul
1672 3097 1835 3153 dubio
1859 3099 2085 3168 recipies

489 3193 654 3255 prout
690 3185 904 3256 gessisti
941 3185 994 3240 in
1027 3201 1287 3257 corpore;
1330 3195 1490 3249 tunc,
1535 3201 1655 3240 cum
1692 3186 1803 3255 jam
1842 3203 1947 3242 non
1979 3189 2085 3243 erit

488 3276 559 3309 ³²⁶
588 3286 802 3347 tempus
825 3278 1244 3344 misericordiae;
1280 3286 1406 3333 tunc
1425 3320 1438 3344 ,
1465 3293 1591 3333 cum
1621 3280 1944 3349 poenitentia
1975 3257 2155 3336 non-C

486 3370 804 3440 recipietnr,
838 3386 959 3426 cum
993 3371 1300 3427 emendatio
1330 3385 1434 3425 non
1473 3372 1836 3441 promittetur.

558 3462 659 3518 Hic
685 3462 756 3496 ³⁸⁸
783 3464 960 3533 cogita
991 3462 1119 3532 quid
1150 3463 1388 3531 gessisti,
1418 3463 1547 3533 quid
1586 3474 1833 3533 oporteat
1864 3472 1914 3518 te
1941 3464 2093 3520 reci-7

484 3567 637 3623 pere.
671 3552 732 3609 Si
766 3554 933 3610 multa
967 3555 1104 3610 bona
1127 3595 1143 3619 ,
1189 3569 1361 3624 pauca
1395 3554 1572 3620 mala;
1614 3556 1842 3610 multum
1873 3557 2081 3627 gaude:

487 3644 541 3699 si
569 3642 736 3698 multa
767 3643 932 3709 mala,
964 3660 1141 3714 pauca
1162 3646 1300 3700 bona
1328 3662 1342 3709 ;
1370 3646 1597 3700 multum
1627 3647 1769 3717 lnge.
1800 3647 1846 3702 0
1879 3648 2085 3703 inutilis

486 3735 774 3803 peccator!
811 3749 879 3788 an
931 3751 1042 3790 non
1080 3734 1349 3791 sullieiunt
1387 3735 1489 3790 tibi
1526 3736 1639 3792 haec
1685 3740 1751 3790 ad
1790 3738 2082 3793 immanem

486 3820 563 3854 ³³⁰
594 3822 875 3891 rugitum?
900 3838 969 3878 an
997 3839 1105 3879 non
1132 3814 1401 3879 subiciunt
1425 3825 1490 3879 ad
1522 3826 1936 3882 ’"elieiendum
1966 3844 2085 3883 sau-

486 3904 705 3983 guinem
763 3921 819 3968 et
854 3913 1118 3970 medullas
1158 3915 1210 3970 in
1244 3914 1514 3987 lacrymas
1561 3916 1650 3970 ³⁸².
1684 3917 1775 3974 Vae
1819 3917 2084 3974 mirabilis

484 4003 710 4071 duritia,
742 4005 997 4075 adquam
1021 4006 1468 4079 confringendam
1495 4008 1642 4065 leves
1666 4019 1792 4064 sunt
1824 4019 1931 4065 tam
1954 4027 2082 4082 gra-

481 4109 582 4151 ves
613 4094 819 4150 mallei!
851 4095 896 4152 Ο
934 4097 1264 4153 insensibilis
1293 4107 1481 4169 torpor
1511 4099 1600 4165 ³³³,
1632 4100 1701 4154 ad
1730 4115 1892 4171 quem
1927 4104 2081 4157 exei-

487 4186 716 4241 tandutn
748 4197 873 4244 sunt
903 4189 1080 4245 obtusi
1119 4198 1228 4244 tam
1267 4192 1653 4246 acuti'aculei!
1696 4191 1838 4248 Proh
1864 4193 2080 4250 lethalis

486 4291 651 4345 sopor
680 4278 773 4343 ηδ,
806 4280 872 4333 ad
900 4295 1059 4350 quem
1087 4281 1435 4336 excitandum
1465 4298 1688 4339 raucum
1715 4292 1801 4339 est
1831 4293 1937 4338 tam
1971 4293 2079 4339 ter-

486 4366 1064 4426 riﬁcum'toaitruum'.
1099 4373 1363 4431 Peccator
1394 4375 1602 4431 inutilis
1623 4415 1637 4441 ,
1668 4376 1802 4431 satis
1838 4376 1953 4432 haec
1981 4377 2076 4432 tibi

2194 1989 2626 2059 patientissimus
2652 1991 2741 2054 ³⁸⁵,
2774 2002 2905 2047 tunc
2931 1992 3399 2059 dis‘tr'tctissimus;
3427 1991 3804 2047 clementissi-

2194 2095 2316 2134 mus
2353 2096 2516 2147 nune,
2548 2082 2888 2151 iustissimus
2921 2092 3070 2137 tunc.

2262 2169 2376 2224 Heu
2407 2186 2515 2236 me,
2548 2171 2649 2227 heu
2684 2173 2800 2225 me!
2832 2173 2917 2227 eui
2951 2172 3213 2242 peccavi?
3240 2174 3403 2227 Deum
3433 2171 3805 2241 inhonorati.

2192 2259 2631 2330 Omnipotentem
2669 2264 2982 2333 provocari.
3022 2263 3307 2327 Peccator,
3340 2263 3469 2333 quid
3511 2262 3668 2317 feci?
3710 2263 3807 2317 cui

2191 2354 2292 2409 feci
2315 2354 2339 2409 ?
2366 2370 2528 2424 quam
2557 2356 2696 2410 male
2721 2355 2822 2411 feci
2845 2356 2868 2410 ?
2895 2355 3005 2423 Vae,
3032 2357 3142 2411 vae!
3180 2357 3259 2410 ira
3286 2353 3713 2424 Omnipotentis,
3733 2371 3808 2410 ne

2190 2447 2368 2501 irruas
2402 2446 2474 2479 ³⁵⁸
2502 2464 2666 2519 super
2702 2464 2811 2504 me.
2847 2448 2931 2503 Ira
2967 2448 3368 2520 Omnipotentis
3390 2487 3407 2513 ,
3450 2447 3542 2501 ubi
3588 2448 3807 2517 poteris

2190 2537 2309 2608 capi
2350 2537 2404 2592 in
2442 2540 2573 2593 me?
2609 2538 2725 2593 Non
2755 2547 2837 2595 est
2869 2539 3013 2607 quod
3054 2548 3105 2595 te
3146 2539 3317 2609 possit
3352 2539 3423 2571 N
3459 2538 3701 2595 tolerare
3744 2540 3805 2593 in

2190 2638 2303 2685 toto
2331 2647 2437 2686 me.
2468 2630 2513 2687 Ο
2544 2631 2809 2702 angustiae
2830 2631 2898 2664 W
2936 2649 2951 2687 :
2984 2631 3117 2686 hinc
3140 2640 3303 2687 erunt
3326 2631 3639 2685 accusantia
3668 2646 3803 2702 peea

2188 2733 2343 2789 cata,
2372 2722 2499 2779 inde
2538 2732 2751 2779 terrens
2782 2721 3028 2793 iustitia;
3066 2724 3259 2779 subtus
3287 2728 3480 2793 patens
3509 2722 3812 2779 horridum

2188 2813 2253 2868 ob
2264 2814 2603 2882 aosiinferni,
2625 2814 2862 2887 desuper
2883 2817 3053 2871 iratus
3070 2814 3235 2884 iudex
3252 2818 3271 2880 ‘;
3307 2816 3455 2871 intus
3477 2831 3647 2870 urens
3666 2829 3807 2870 eam-

2190 2904 2443 2970 scientia,
2470 2904 2604 2962 foris
2624 2907 2823 2962 ardens
2847 2908 3100 2962 mundus.
3122 2906 3307 2962 Justus
3330 2906 3419 2960 vix
3446 2896 3763 2962 salvabitur
3782 2924 3807 2970 ;

2190 3006 2446 3065 peccator
2473 2998 2552 3053 sic
2578 2999 2951 3069 deprehensus
2978 3000 3030 3053 in
3060 3014 3221 3069 quam
3252 3007 3461 3069 partem
3494 3014 3555 3053 se
3580 3011 3813 3069 premer-

2190 3089 2297 3144 3M‘1’
2329 3090 2673 3146 Constrictus
2713 3093 2802 3147 ubi
2842 3092 3066 3147 latebo?
3103 3093 3374 3162 quomodo
3414 3090 3663 3161 parebo?
3695 3092 3804 3147 La-

2192 3190 2305 3236 tere
2351 3183 2457 3238 erit
2492 3183 2828 3252 impossibile
2856 3224 2870 3249 ,
2931 3199 3195 3254 apparere
3249 3182 3612 3238 intolerabile.
3668 3183 3809 3237 Illud

2188 3274 2507 3331 desiderabo
2542 3275 2633 3341 "‘9,
2676 3283 2731 3330 et
2761 3290 3026 3346 nusquam
3062 3276 3169 3330 erit
3205 3293 3218 3329 :
3265 3276 3407 3330 istud
3436 3275 3807 3338 exsecrabor,

2188 3374 2244 3420 et
2267 3365 2466 3436 ubique
2493 3366 2619 3422 erit.
2651 3366 2792 3434 Quid
2825 3367 2953 3435 quid
2987 3368 3160 3421 tunc?
3197 3367 3327 3436 quid
3357 3366 3471 3421 erit
3511 3376 3645 3420 tunc
3676 3366 3753 3397 ³⁵⁸
3777 3368 3807 3420 ?

2190 3458 2312 3528 quis
2336 3468 2490 3515 eruet
2518 3474 2603 3514 me
2628 3459 2695 3514 de
2722 3460 2970 3513 manibus
2992 3460 3123 3514 Dei?
3148 3460 3290 3514 unde
3314 3458 3447 3513 mibi
3470 3459 3810 3514 consilium?

2192 3551 2333 3605 unde
2360 3550 2557 3606 salus?
2580 3550 2711 3617 Quis
2737 3560 2840 3613 est,
2873 3551 2969 3620 qui
2992 3551 3194 3606 dicitur
3233 3550 3412 3620 magni
3442 3550 3663 3604 consilii
3694 3566 3800 3602 au-

2192 3642 2363 3712 gelns,
2387 3642 2479 3713 qui
2504 3642 2702 3697 dicitur
2724 3641 2993 3706 Salvator,
3029 3652 3087 3696 ut
3117 3656 3313 3696 nomen
3340 3639 3459 3710 eius
3487 3640 3817 3695 vociferer"

2188 3732 2307 3787 Jam
2330 3733 2445 3804 ipse
2466 3743 2581 3801 est,
2591 3731 2706 3802 jam
2732 3733 2847 3803 ipse
2874 3742 2955 3788 est
2979 3719 3160 3801 Iesus,
3189 3734 3303 3803 ipse
3333 3732 3474 3788 idem
3499 3731 3809 3801 cstjudex,

2195 3826 2336 3881 inter
2361 3824 2515 3895 cujus
2552 3840 2744 3881 manus
2776 3834 2973 3881 tremo.
3166 3828 3169 3829 ⁷

2260 3916 2487 3987 Respira
2514 3918 2662 3989 jam,
2700 3935 2733 3973 ο
2772 3927 3045 3988 peccator,
3084 3917 3331 3988 respiro;
3380 3932 3454 3972 ne
3489 3916 3761 3987 desperes
3789 3959 3809 3980 ,

2184 4024 2342 4077 spera
2375 4009 2428 4062 in
2460 4024 2526 4064 eo
2570 4023 2730 4078 quem
2764 4009 2942 4064 times.
2974 4010 3165 4080 Ail'uge
3196 4009 3263 4064 ad
3290 4024 3414 4063 eum
3441 4049 3457 4073 ,
3484 4023 3513 4061 a
3544 4023 3659 4077 quo
3699 4024 3810 4063 an.

2187 4100 2388 4169 fugisti.
2418 4099 2611 4155 luvoca
2640 4099 2970 4169 importune,
2998 4114 3156 4171 quem
3190 4100 3425 4169 superbe
3449 4099 3806 4167 provocasti.

2184 4190 2337 4257 .lesu,
2363 4189 2523 4255 Jesu,
2555 4198 2775 4260 propter
2804 4191 2907 4246 hoc
2944 4206 3139 4246 nomen
3184 4200 3335 4245 tuum
3358 4229 3373 4255 ,
3406 4187 3491 4244 lac
3520 4189 3661 4243 mihi
3711 4206 3807 4243 se—

2186 4284 2421 4338 cundum
2454 4284 2558 4338 hoc
2583 4297 2779 4341 nomen
2811 4283 2876 4315 ⁸⁸¹
2910 4292 3080 4338 tuum.
3108 4282 3257 4348 Jesu,
3285 4282 3435 4347 Jesu,
3459 4280 3807 4337 obliviscere

2184 4374 2486 4445 superbum
2497 4381 2911 4445 provocantem,
2932 4373 3138 4444 respice
3159 4372 3418 4429 miserum
3441 4372 3819 4427 invocantem

1781 4572 2027 4629 VAllle'
2056 4574 2458 4631 LECTIONES.

542 4730 614 4763 ³η
630 4729 947 4786 Ραιιιὶιοιιιιο
957 4744 1362 4807 piniger-culina.
1378 4733 1544 4807 YicM
1558 4735 1609 4789 6.
1625 4735 2226 4807 pungendOpungerent
2271 4737 2341 4769 ³³⁸
2359 4737 2424 4793 Ut
2440 4745 2831 4807 consurgerent
2845 4742 3034 4807 91188.!!!
3047 4734 3519 4807 confringerentur
3553 4735 3630 4766 ³²¹

3644 4734 3825 4802 θυοιῖ

485 4816 616 4878 ergo
654 4811 935 4870 peccatum
962 4802 1092 4878 nus.
1109 4804 1241 4878 Vict.
1262 4805 1348 4861 16.
1367 4804 1519 4863 Corb.
1546 4802 1668 4861 160.
1682 4816 1732 4860 et
1743 4802 1900 4878 Flor.
1921 4802 2062 4873 Quid
2075 4808 2539 4878 ergo‘lpeccatum-
2613 4807 2684 4839 ³²⁶
2701 4806 2794 4862 Vel
2808 4806 2973 4878 ociosi
2990 4821 3116 4859 mss.
3137 4802 3577 4859 Vict.'etVal-luc.
3603 4808 3693 4861 vel
3710 4807 3815 4878 otii

486 4870 555 4903 ³²⁷
576 4872 705 4939 Quae
723 4888 865 4928 nunc
883 4889 986 4928 non
1006 4875 1173 4930 vides.
1198 4876 1263 4930 Et
1259 4892 1394 4948 gum
1418 4894 1521 4931 non
1538 4892 1657 4932 esse
1696 4877 1835 4931 mala
1855 4870 2035 4947 putas,
2049 4888 2104 4933 et
2133 4870 2273 4946 qua),
2296 4892 2439 4932 nunc
2454 4894 2578 4948 mss.
2593 4894 2712 4948 quae
2726 4891 2872 4931 nunc
2885 4876 3057 4939 vides;
3099 4883 3228 4944 quot
3245 4890 3493 4948 quzenon
3510 4888 3643 4930 esse
3660 4876 3817 4930 mala

485 4954 664 5017 putas,
693 4952 956 5013 quot'qua:
976 4959 1117 5001 nunc
1129 4963 1225 5001 ms.
1255 4943 1388 5017 Tim.
1409 4964 1527 5017 quae
1556 4957 1610 5001 ιιι
1630 4947 1813 5002 videre
1833 4943 1995 5017 {quot
2013 4962 2132 5017 qua:
2147 4943 2264 5000 non
2286 4962 2407 5002 esse
2426 4946 2561 5001 mala
2579 4943 2759 5017 putas,
2784 4963 2904 5016 quze
2915 4954 3040 5015 quot
3061 4943 3203 4999 nunc
3219 4961 3344 4998 mss.
3365 4943 3635 5017 Vicuquze
3653 4963 3817 5000 nunc

482 5012 639 5087 vides
658 5012 810 5083 :q’uot
832 5012 952 5084 Quae
980 5031 1086 5070 non
1116 5032 1236 5072 esse
1256 5016 1392 5072 mala
1420 5012 1596 5087 putas,
1622 5034 1743 5087 quce
1777 5012 1909 5087 quot
1939 5012 2080 5073 nunc
2154 5017 2386 5087 “Cum
2425 5027 2551 5073 tunc
2579 5012 2947 5073 'nullum'erit'
2966 5033 3090 5069 mss.
3125 5024 3253 5069 tunc
3276 5030 3398 5069 cum
3414 5012 3535 5087 jam
3553 5032 3670 5070 non
3702 5017 3820 5072 erit

487 5081 559 5115 ³²⁹
590 5081 924 5156 ϐυιίιρωήιι
959 5087 1243 5156 recipitur.
1285 5096 1341 5141 et
1379 5081 1503 5156 cum
1554 5081 1743 5142 dilatio
1784 5081 1929 5142 nulla
1972 5090 2150 5142 datur.

2202 5086 2301 5142 llic
2328 5105 2454 5142 mss.
2483 5097 2612 5142 tunc
2640 5104 2763 5143 cum
2792 5087 3112 5158 paenitentia
3157 5100 3263 5139 non
3316 5084 3641 5158 recipietur,
3677 5103 3817 5141 cum

483 5152 792 5227 emendatio
839 5172 943 5227 non
967 5152 1331 5226 proinittelur.
1356 5152 1455 5212 ll’lc
1482 5174 1582 5211 ms.
1605 5157 1761 5212 Corb.
1781 5157 1904 5213 160.
1938 5169 2067 5213 tunc
2081 5172 2203 5213 cum
2230 5159 2542 5227 paenitentia
2571 5158 2683 5227 jam
2709 5152 2814 5213 non
2848 5157 3161 5227 recipietur,
3186 5170 3315 5227 cum
3342 5152 3670 5227 emendatio
3701 5172 3819 5211 non

484 5224 859 5292 promittetur.
888 5224 989 5279 llic
1062 5228 1132 5259 ³³⁸
1162 5228 1240 5282 Ad
1264 5228 1480 5282 inanem
1526 5244 1651 5281 ima.
1685 5228 1750 5281 ad
1783 5228 2079 5283 immanem

2183 5227 2252 5259 ³³¹
2280 5224 2656 5282 διιπωὶιιιιιίιιΙ
2694 5245 2818 5281 mss.
2855 5226 3130 5283 sullicinnt
3162 5225 3352 5296 tibigad
3426 5225 3500 5257 ³³¹
3521 5224 3585 5296 lu
3622 5226 3822 5296 lacry-

484 5294 638 5349 mas?
666 5311 789 5368 msa
809 5293 957 5368 Vict._
980 5296 1032 5351 ὅ.
1067 5296 1120 5351 in
1150 5297 1437 5365 lacryinis?
1509 5297 1581 5329 ³⁸³
1613 5297 1945 5353 lnsensibilis
1975 5308 2162 5368 torpor
2188 5315 2285 5351 ms.
2320 5296 2467 5351 Flor.
2503 5298 2884 5368 insuperabilis
2908 5308 3097 5365 torpor
3167 5293 3608 5368 “{Proplietalis
3631 5293 3820 5364 sopor

484 5379 609 5437 mss.
648 5381 747 5434 pro
755 5366 991 5437 _letbalis
1030 5383 1193 5437 sopor
1264 5364 1333 5399 ³³⁵
1360 5367 1467 5421 Sed
1495 5368 1622 5437 quid
1647 5369 1819 5422 debeo
1846 5386 1971 5423 mss.
2009 5364 2102 5422 sed
2131 5384 2226 5423 cur
2268 5368 2439 5421 debeo
2514 5369 2583 5400 ³⁸⁸
2624 5367 2753 5421 Mcze
2780 5367 2883 5421 frui
2916 5364 3043 5437 mss.
3076 5380 3209 5437 meae
3235 5364 3402 5419 furari
3476 5364 3554 5395 ³³⁷
3587 5364 3822 5437 impro-

484 5432 587 5505 visi
613 5432 710 5489 nis.
745 5434 898 5490 Flor.
929 5432 1221 5505 improvise
1294 5437 1363 5469 ³³⁸
1390 5437 1455 5492 Et
1479 5432 1659 5493 subito
1689 5455 1815 5492 mss.
1844 5449 1902 5493 ut
1932 5439 2114 5494 subito

484 5503 623 5578 terit
641 5506 853 5573 operari
885 5503 1020 5560 nus.
1062 5509 1261 5577 poterit
1287 5508 1590 5578 comparari
1668 5508 1738 5540 ³⁸⁸
1776 5508 2006 5578 Terrore

487 5525 614 5556 nem
641 5525 853 5573 operari
885 5525 1012 5560 mss.
1062 5525 1261 5577 petent
1287 5525 1590 5574 comparari
1668 5525 1735 5540 σν·
1777 5525 2006 5565 terrore

484 5569 555 5646 ”_'
586 5572 780 5646 ipsete
806 5593 931 5633 mss.
958 5592 1082 5643 nam
1111 5578 1225 5646 ipse
1257 5588 1310 5632 te
1384 5579 1454 5611 ³³³
1483 5577 1587 5633 Pro
1628 5578 1768 5635 bono
1795 5598 1807 5633 ε
1844 5597 1941 5634 ms.
1979 5525 2062 5632 ﬁt:

2029 5579 2121 5632 lor.
2159 5594 2256 5648 pro
2297 5580 2437 5634 bono
2460 5578 2670 5632 reddidi
2705 5594 2719 5631 :

2187 5438 2255 5470 ³³³
2281 5437 2640 5492 Iutolerabilis
2670 5454 2796 5490 mss.
2836 5436 3195 5491 intolerabilis
3224 5444 3517 5505 tempestas
3570 5434 3674 5505 A’f‘
3700 5435 3817 5489 Po-

2098 5549 2112 5573 ,
2158 5508 2420 5563 ululatum
2465 5525 2588 5561 mss.
2645 5517 2905 5562 terrorem
2980 5521 3143 5575 super
3184 5503 3470 5569 terrorem,
3529 5503 3827 5575 ululatum

2816 5576 2887 5609 ³⁸³
2917 5571 3355 5630 Patientissimus
3382 5591 3483 5628 ms.
3521 5571 3689 5627 Flor.
3724 5591 3824 5630 sa-

482 5640 857 5719 pientissimus
913 5640 1103 5719 fi’iNe
1131 5640 1305 5702 irruat
1335 5666 1461 5702 mss.
1492 5664 1557 5703 ne
1587 5650 1767 5704 irruas
1860 5649 1931 5682 ³⁸⁸
1957 5649 2057 5716 Qui
2094 5640 2343 5719 te'possit
2374 5665 2500 5702 mss.
2528 5648 2670 5716 quod
2696 5656 2747 5702 te
2775 5647 2980 5717 possit.
3022 5646 3089 5677 ³⁵⁷
3116 5644 3198 5699 Me
3223 5644 3488 5719 angustia:
3517 5659 3819 5719 7:39.318.

485 5710 596 5767 ΟΛ

607 5717 835 5788 ngustiae
907 5716 980 5751 ³³⁸
1010 5718 1395 5788 Reprelicnsus
1420 5720 1472 5773 in
1504 5734 1665 5786 quam
1699 5735 1757 5773 se
1785 5713 2000 5788 premet
2036 5713 2564 5787 mssfdepreheusus
2596 5719 2647 5772 in
2689 5713 2851 5786 quam
2882 5725 3183 5788 partemise
3209 5713 3470 5788 premet}
3546 5713 3619 5788 ξδ’
3662 5713 3837 5788 Ιιιιιιζ

485 5783 737 5875 desidero
764 5802 885 5875 ultas.
912 5788 1045 5842 Illud
1076 5783 1398 5842 desiderabo
1470 5783 1539 5875 πῇ
1580 5783 1847 5875 Quidquid
1881 5799 2027 5852 tunc,
2058 5783 2321 5875 quidquid
2343 5790 2446 5844 erit
2468 5797 2594 5843 tunc
2626 5783 2750 5842 mss.
2786 5783 2944 5855 Quid,
2980 5787 3120 5857 quid
3141 5785 3304 5841 tunc?
3329 5784 3459 5856 quid
3482 5784 3587 5841 erit
3619 5792 3775 5841 tunc
3799 5785 3829 5841 ?

491 5850 558 5887 ’θ’
590 5854 901 5913 Secundum
934 5872 1133 5914 nomen
1155 5873 1283 5912 mss.
1326 5850 1621 5915 secundum
1666 5850 1768 5915 hoc
1803 5872 2001 5916 nomen
