4060 6292
462 357 561 415 ⁸151

832 354 891 411 S.
935 352 1237 411 ANSELMI
1267 351 1622 408 CANTUAB.
1662 347 1982 406 ARCIIIEP.
2007 345 2158 403 OPP.
2195 346 2376 403 PARS
2406 347 2470 403 ll.
2510 377 2581 389 --
2605 347 2977 405 PARASNE'I'.
3012 349 3098 405 ET
3130 349 3375 408 ASCET.

3632 352 3745 413 732

468 474 651 544 gentia
699 471 909 528 videas.
940 471 1007 527 Et
1050 470 1215 525 credo
1270 470 1399 538 quia
1417 468 1463 524 si
1497 469 1598 524 hoc
1625 468 1840 524 assidue
1895 466 2048 531 facis,
2081 464 2129 521 Α
2155 465 2367 533 invoca,
2425 482 2493 523 ne
2533 458 2651 537 ejus
2688 458 2917 526 fallaciis
2948 479 3003 527 et
3031 474 3446 545 deceptionibus
3477 483 3531 531 te
3554 475 3749 533 seduci

471 568 777 636 horumque
818 562 1286 619 recordationibus
1315 561 1469 630 quasi
1516 560 1709 616 ferreis
1733 559 1943 614 malleis
1965 559 2059 613 du-

467 667 649 716 rittam
676 656 908 727 pectoris
936 655 1008 709 tui
1038 654 1255 710 assidue
1280 654 1588 718 contundis,
1614 653 1716 709 nisi
1747 653 1935 708 insana
1958 652 2057 719 sis,

468 764 534 804 ea
554 749 740 812 facies,
777 746 920 801 unde
946 744 1258 800 felicitatem
1283 755 1335 800 et
1356 744 1551 815 gaudia
1608 744 1840 813 recipias
1864 744 1967 809 “5;
1994 759 2057 798 ea

471 855 601 895 vero
621 839 881 902 dimittes,
906 838 1047 893 unde
1074 846 1343 895 tormenta
1359 847 1416 893 et
1437 837 1713 891 tristitiam
1742 836 2058 892 merebaris.

537 933 764 1002 Propter
799 932 903 987 hoc
933 932 1023 996 ⁸³⁸,
1051 932 1248 987 iterum
1281 939 1446 1001 atque
1476 930 1676 986 iterum
1698 931 1974 985 admoneo
2002 941 2062 985 ut

467 1024 586 1079 sine
618 1022 1030 1079 intermissione
1071 1024 1379 1079 recorderis
1401 1038 1561 1091 quam
1614 1021 1790 1077 dulcis
1816 1031 1871 1078 et
1896 1039 2061 1093 quam

467 1116 643 1175 bonus
689 1115 761 1170 sit
782 1130 908 1184 erga
953 1124 1004 1170 te
1038 1114 1265 1171 Creator
1285 1125 1427 1182 tuus,
1467 1123 1668 1185 quanta
1706 1115 1918 1171 bonitas
1946 1113 2065 1182 ejus

472 1207 656 1270 fuerit,
685 1208 827 1276 quod
853 1216 905 1262 te
940 1222 1065 1262 cum
1119 1222 1228 1262 non
1272 1221 1421 1262 esses
1463 1206 1707 1271 creavit;
1744 1215 1799 1261 et
1824 1207 1969 1276 quod
2011 1215 2064 1261 te

471 1314 578 1351 non
609 1313 778 1368 pecus
840 1307 935 1352 aut
993 1307 1301 1353 creaturam
1360 1297 1757 1362 insensibilem,
1810 1298 1904 1353 sed
1943 1311 2064 1351 eam

472 1401 785 1446 creaturam
818 1390 965 1457 fecit,
999 1408 1122 1461 quae
1172 1407 1294 1447 eum
1350 1406 1538 1460 posses
1575 1390 1645 1422 ⁶²⁶
1673 1390 1977 1462 intelligere
2012 1400 2067 1445 et

474 1498 687 1545 amare,
717 1492 919 1538 etcum
948 1499 1014 1538 eo
1037 1499 1189 1538 suam
1218 1483 1582 1539 :eternitatem
1614 1493 1821 1539 aeterna
1852 1494 1906 1539 et
1936 1483 2066 1538 felix

473 1574 780 1645 possidere,
830 1584 885 1629 et
935 1574 1079 1644 quod
1131 1574 1185 1629 in
1245 1583 1453 1629 tantum
1502 1584 1553 1630 te
1593 1574 1783 1629 dilexit
1825 1581 1903 1639 ut,
1944 1590 2067 1628 cum

442 1674 529 1747 "te
558 1664 726 1718 multa
764 1674 955 1719 contra
982 1680 1138 1719 suam
1192 1663 1531 1720 voluntatem
1587 1675 1832 1719 acturam
1880 1666 2065 1729 sciret,

446 1759 453 1830 ς
478 1754 652 1809 ηοΙυίι
685 1764 735 1810 te
770 1769 873 1810 nou
912 1754 1112 1831 facere,
1154 1756 1247 1811 sed
1276 1764 1326 1809 te
1359 1756 1528 1810 voluit
1562 1756 1763 1821 facere,
1801 1764 1856 1811 et
1895 1770 2018 1811 esse
2048 1772 2063 1821 ;

2158 561 2458 631 permittat.
2521 561 2667 633 Fuge
2726 565 2827 618 sub
2871 565 3060 621 umbra
3109 568 3319 621 alarum
3364 568 3481 638 ejus
3525 584 3557 623 a
3610 568 3757 624 facie

2162 655 2449 724 impiorum
2481 657 2571 725 qui
2600 666 2650 712 te
2674 657 2911 728 allliguut
2943 659 3117 727 (Psal.
3158 678 3269 728 sn,
3293 662 3383 730 8),
3416 664 3507 732 qui
3548 674 3598 719 te
3620 662 3756 720 afﬂi-

2161 754 2302 800 ctam
2329 756 2385 801 et
2410 748 2807 817 supplantatam
2850 751 2915 804 ad
2972 760 3205 807 mortem
3243 764 3300 808 et
3345 754 3411 807 ad
3466 754 3757 808 interitum

2160 839 2476 909 pertrahere
2494 849 2768 911 satagunt.
2801 841 3031 899 Creator
3086 854 3227 906 tuus,
3255 854 3310 900 et
3337 846 3603 901 Dominus
3632 856 3763 902 tuus

2163 930 2283 1000 plus
2329 940 2413 985 est
2442 931 2564 1002 pius
2612 941 2668 987 et
2722 934 3042 989 misericors
3097 951 3261 1006 quam
3310 928 3418 991 dici
3473 929 3556 990 vel
3589 937 3761 991 etiam

2164 1020 2462 1090 excogitari
2509 1022 2726 1092 possit:
2774 1023 2916 1079 unde
2969 1024 3176 1080 nullum
3240 1026 3344 1081 nisi
3412 1041 3511 1081 sua
3561 1042 3763 1097 magna

2164 1114 2320 1183 culpa
2352 1128 2556 1183 suaque
2578 1129 2772 1186 magna
2803 1115 3086 1186 iniquitate
3120 1118 3318 1187 perdit.

2236 1209 2398 1265 Pater
2419 1218 2475 1264 et
2506 1217 2682 1265 mater
2715 1208 2965 1264 carnales
2997 1208 3172 1266 solent
3200 1222 3449 1279 magnam
3498 1208 3765 1277 pietatem

2167 1304 2372 1358 habere
2409 1303 2476 1357 de
2504 1304 2609 1357 illis
2631 1319 2765 1374 quos
2795 1312 3136 1375 genuerunt;
3175 1312 3233 1359 ct
3255 1303 3300 1358 si
3325 1302 3443 1357 illos
3463 1302 3650 1371 aliquo
3691 1302 3769 1334 ⁸⁸⁸

2168 1395 2374 1461 dolore,
2424 1395 2507 1451 vel
2562 1396 2741 1465 aliqua
2791 1396 3060 1466 corporali
3106 1396 3324 1451 tristitia
3363 1394 3502 1450 allici
3544 1397 3770 1465 conspi~

2169 1487 2341 1552 ciunt,
2373 1503 2431 1542 se
2458 1503 2694 1559 suasque
2722 1504 2827 1554 res,
2859 1490 2902 1544 si
2949 1490 3021 1543 ita
3045 1490 3185 1545 ratio
3215 1491 3405 1561 exigit,
3436 1506 3535 1561 pro
3564 1506 3766 1546 eorum

2170 1581 2540 1650 recuperanda
2591 1581 2851 1651 sospitate
2907 1581 3139 1636 libenter
3205 1583 3543 1653 impendunt.
3596 1582 3777 1637 Multa

2170 1671 2336 1725 etiam
2378 1670 2636 1725 animalia
2666 1687 2767 1741 pro
2793 1671 2994 1726 fetibus
3024 1671 3138 1725 suis
3170 1669 3368 1741 sumius
3410 1668 3643 1727 mortem
3674 1686 3775 1727 ex-

2172 1764 2351 1833 cipere
2400 1778 2506 1818 non
2562 1772 2910 1830 metuunt,et
2936 1772 2995 1818 ut
3037 1764 3135 1833 ipsi
3196 1763 3337 1819 fetus
3380 1765 3461 1819 sui
3528 1774 3773 1820 mortem

437 1835 529 1936 ξεί
556 1849 698 1918 quod
739 1857 793 1903 te
840 1864 965 1904 cum
1017 1857 1168 1902 tanta
1232 1849 1669 1917 mansuetudine,
1722 1857 1781 1903 ut
1824 1850 1945 1919 pius
2007 1864 2072 1904 ac
2100 1850 2146 1909 B
2174 1855 2427 1921 evadant,
2465 1863 2693 1910 mortem
2741 1854 2855 1925 ipsa
2894 1855 3197 1909 incurrunt.
3246 1852 3398 1910 Unde
3442 1869 3573 1909 vero
3624 1853 3763 1922 illis,

438 1939 793 2018 cmisericors
837 1940 1015 1995 adhuc
1042 1939 1267 2009 patitur,
1314 1947 1638 2007 exspectans
1681 1947 1830 1993 tuam
1876 1955 2067 1995 emen-

434 2020 448 2033 ”
479 2031 777 2086 (lationem.
808 2030 1106 2100 Exspectat
1131 2044 1260 2084 vero
1282 2028 1513 2085 Creator
1563 2038 1706 2096 tuus,
1767 2040 2065 2100 exspectat,

476 2120 619 2175 sicut
664 2120 796 2188 disi,
842 2130 989 2175 tuam
1022 2119 1441 2184 correctionem,
1482 2119 1610 2189 quia
1655 2119 1740 2175 cui
1768 2119 1966 2190 placuit
1996 2129 2067 2186 te,

478 2229 604 2268 cum
654 2228 760 2268 non
811 2228 981 2276 esses,
1035 2210 1235 2276 facere,
1292 2210 1439 2265 nullo
1495 2210 1655 2266 modo
1699 2211 1987 2280 aliquando
2022 2223 2072 2266 te

478 2304 626 2374 cupit
684 2303 1071 2374 perdere;sed
1116 2303 1184 2357 ad
1214 2318 1368 2357 suam
1420 2302 1716 2372 piissimam
1766 2303 2073 2359 misericor-

479 2402 623 2456 diam
654 2402 852 2465 redire,
883 2411 939 2458 et
971 2402 1063 2457 tibi
1092 2417 1197 2473 per
1217 2417 1401 2458 veram
1427 2400 1804 2472 paenitentiam
1832 2407 2075 2469 purgatae

479 2500 534 2545 et
566 2492 891 2556 emendaue,
934 2502 1152 2547 attenta:
1195 2492 1321 2546 vitae
1365 2490 1703 2555 felicitatem,
1757 2503 1919 2559 quam
1980 2502 2077 2558 per

482 2588 766 2650 peccatum
795 2582 1080 2647 amiseras,
1111 2580 1343 2636 reddere
1361 2580 1452 2635 “7.
1708 2636 1709 2639 η
1842 2632 1849 2637 .

547 2670 733 2742 Cogita
753 2686 903 2742 ergo,
932 2684 987 2728 et
1006 2672 1238 2744 recogita
1267 2680 1470 2727 tantam
1506 2686 1633 2740 erga
1665 2680 1716 2726 te
1740 2671 1815 2727 tui
1848 2670 2075 2726 Creato—

479 2762 556 2818 ris
603 2762 1016 2834 benignitatem,
1062 2773 1118 2819 et
1143 2765 1292 2834 erige
1330 2772 1401 2827 te,
1453 2763 1593 2818 sicut
1647 2769 1856 2817 rectum
1894 2768 1997 2825 est,
2025 2768 2079 2815 et

479 2869 670 2909 omnes
721 2868 914 2908 sensus
960 2864 1081 2910 tuos
1111 2855 1179 2910 ad
1201 2854 1319 2923 ejus
1359 2853 1682 2910 ineffabilem
1711 2854 2075 2909 dilectionem.
2110 2844 2116 2851 ’

482 2943 653 2998 Amor
678 2943 824 2999 enim
852 2944 994 2999 illius
1016 2944 1087 2976 “3
1119 2944 1321 2999 nullam
1350 2945 1552 3014 patitur
1580 2944 1834 2999 vitiorum
1860 2942 2079 2999 ftedita-

486 3044 619 3101 tem,
685 3036 885 3103 nullam
932 3038 1203 3093 consentit
1246 3052 1432 3092 secum
1463 3052 1584 3092 esse
1613 3036 1911 3091 carnalium
1939 3036 2082 3091 desi-

483 3126 764 3181 deriorum
794 3127 1148 3197 voluptatem.
1198 3127 1300 3184 Ubi
1345 3141 1499 3182 amor
1546 3122 1666 3195 ejus
1698 3134 2072 3191 conversatur,

2168 1946 2312 2001 unde
2341 1945 2411 1978 ⁸³⁸
2441 1954 2527 2000 est
2571 1945 2661 1999 illa
2715 1945 2979 2001 naturalis
3006 1946 3203 2015 pietas;
3259 1944 3361 1999 nisi
3416 1945 3484 1999 ab
3538 1945 3634 1999 illo
3676 1947 3775 2015 qui

2171 2036 2291 2092 fons
2308 2046 2392 2092 est
2420 2036 2657 2108 pietatis,
2677 2037 2769 2106 qui
2800 2053 2906 2091 non
2937 2036 3051 2091 vult
3075 2035 3242 2090 ullum
3267 2036 3462 2106 perire.
3490 2049 3596 2091 nec
3616 2035 3780 2090 lata-

2170 2138 2261 2184 tur
2285 2131 2336 2185 in
2365 2129 2671 2201 perditione
2694 2128 3085 2185 morientium?
3115 2127 3346 2183 Creator
3370 2128 3535 2197 igitur
3561 2136 3777 2189 noster.

2173 2224 2294 2277 fons
2322 2221 2563 2290 pietatis,
2596 2220 2719 2276 fons
2773 2220 3185 2285 misericordiae,
3241 2234 3403 2288 super
3435 2220 3623 2274 omnia
3655 2220 3783 2275 dul-

2176 2313 2256 2367 cis
2281 2320 2333 2365 et
2364 2310 2639 2377 amabilis,
2673 2325 2796 2366 cum
2841 2325 2939 2365 nos
2967 2309 3236 2381 conspicit
3266 2320 3573 2366 creaturam
3616 2325 3785 2366 suam

2174 2404 2357 2473 aliquo
2390 2402 2644 2474 contagio
2670 2402 2879 2471 peccati
2910 2401 3234 2467 maculatos,
3257 2401 3341 2456 vel
3367 2402 3536 2457 etiam
3560 2403 3785 2474 magnis

2176 2492 2468 2565 multisque
2489 2493 2806 2548 vulneribus
2846 2492 3141 2547 criminum
3188 2491 3302 2547 fere
3324 2507 3495 2562 usque
3526 2492 3595 2548 ad
3627 2508 3785 2547 mor-

2180 2595 2285 2641 tem
2312 2586 2489 2651 lzesos,
2548 2588 2718 2640 multo
2743 2580 2981 2654 magis,
3018 2582 3393 2654 maioremque
3431 2582 3789 2653 diligentiam

2178 2679 2399 2733 adhibet
2428 2678 2575 2733 circa
2604 2692 2702 2732 nos
2742 2676 2968 2731 curandi
3002 2684 3230 2747 peccata
3281 2683 3491 2740 nostra,
3542 2676 3787 2731 sanandi

2180 2768 2549 2823 infirmitatem
2575 2774 2841 2829 nostram,
2903 2766 3196 2821 mundandi
3257 2765 3461 2836 lepram
3501 2772 3558 2820 et
3584 2766 3791 2821 sordes

2179 2858 2469 2914 criminum
2500 2866 2834 2924 nostrorum,
2869 2856 3136 2911 vanitates
3156 2865 3211 2912 et
3236 2855 3513 2926 pulverem
3565 2857 3790 2927 cogita-

2184 2950 2387 3006 tionum
2419 2959 2752 3015 nostrarum,
2799 2966 2961 3021 quam
3004 2956 3162 3020 pater
3186 2948 3442 3013 carnalis,
3470 2948 3556 3003 vel
3582 2938 3791 3019 pecus,

2181 3044 2440 3100 adhibeat
2466 3043 2612 3099 circa
2645 3058 2832 3098 curam
2862 3042 3097 3097 filiorum
3142 3039 3226 3097 vel
3279 3039 3487 3095 fetuum
3524 3056 3786 3098 suorum.

2185 3136 2295 3191 Nec
2340 3135 2534 3192 sulIicit
2593 3136 2642 3190 ei
2693 3135 3069 3191 tantummodo
3139 3148 3337 3190 sanare
3395 3133 3792 3190 infirmitatem

484 3218 557 3272 ibi
582 3228 666 3274 est
690 3233 902 3274 summa
938 3233 1064 3289 pax,
1112 3235 1326 3275 summa
1376 3217 1765 3288 tranquillitas,
1791 3226 1848 3273 et
1880 3232 2075 3288 magna
2104 3215 2150 3278 C
2184 3236 2452 3290 nostram,
2475 3234 2534 3280 et
2584 3224 2666 3280 sic
2697 3239 2799 3279 nos
2855 3224 3166 3288 dimittere;
3202 3222 3299 3278 sed
3346 3232 3571 3279 sanatos
3625 3224 3797 3279 fami-

482 3308 722 3366 facilitas
757 3311 829 3343 ⁸¹⁹
860 3311 1043 3367 omnia
1076 3311 1163 3367 illa
1212 3310 1445 3368 faciendi
1473 3320 1529 3367 et
1556 3310 1848 3379 cogitandi,
1883 3310 2079 3382 quibus

486 3402 809 3473 acquiratnr
835 3413 1035 3459 :eterna
1094 3404 1342 3461 felicitas.
1376 3404 1431 3459 In
1471 3403 1723 3459 omnibus
1777 3403 2081 3458 actionibus

484 3504 541 3550 et
579 3495 633 3549 in
664 3498 918 3552 omnibus
947 3498 1367 3567 cogitationibus
1392 3499 1497 3553 tuis
1526 3499 1670 3554 scias
1699 3496 1770 3530 ⁸³⁸
1799 3513 1897 3567 pro
1925 3506 2081 3553 certo

485 3586 625 3643 duos
655 3587 725 3619 “‘
753 3603 875 3644 esse
908 3599 1229 3660 praesentes,
1271 3606 1438 3645 unum
1485 3591 1746 3655 amicum,
1771 3599 1827 3646 et
1849 3589 2080 3645 alterum

486 3681 768 3737 inimicum
803 3690 972 3736 tuum.
1011 3684 1235 3739 Amicus
1281 3693 1402 3739 tuus
1450 3693 1537 3740 est
1559 3684 1787 3740 Creator
1818 3693 1961 3748 tuus,
1989 3684 2080 3754 qui

487 3773 555 3828 de
584 3773 691 3829 tuis
718 3774 873 3829 bonis
920 3774 1408 3846 operibus'gaudet
1434 3792 1449 3841 ;
1485 3775 1735 3831 inimicus
1755 3785 1934 3830 autem
1960 3785 2082 3831 tuus

487 3865 756 3930 diabolus,
788 3866 879 3936 qui
911 3867 979 3920 de
1006 3866 1212 3922 eisdem
1252 3867 1357 3923 tuis
1409 3868 1566 3923 bonis
1611 3868 1867 3936 operibus
1914 3867 2080 3938 luget.

488 3955 812 4011 Econtrario
872 3956 1123 4013 diabolus
1152 3958 1247 4013 tibi
1291 3974 1505 4029 semper
1536 3959 1819 4025 insidians,
1871 3959 2085 4023 laetatur

487 4046 532 4101 si
560 4056 610 4101 te
641 4048 837 4103 viderit
888 4048 1028 4102 mala
1051 4064 1216 4118 opera
1267 4049 1469 4115 facere,
1503 4051 1766 4120 vanisque
1792 4053 2080 4121 cogitatio-

484 4136 644 4191 nibus
673 4136 743 4169 ⁸³⁹
765 4146 819 4193 et
848 4138 1032 4193 stultis
1079 4154 1303 4209 operam
1344 4140 1498 4202 dare,
1541 4141 1685 4196 unde
1729 4150 1783 4195 te
1812 4142 1988 4196 valeat
2013 4141 2083 4175 ⁵³³

485 4241 613 4286 ante
663 4249 958 4303 supernttm
1010 4232 1258 4290 Judicem
1323 4250 1603 4301 accusare,
1668 4245 1981 4297 accusatam
2028 4244 2084 4291 et

486 4322 804 4379 damnatam
830 4340 1015 4381 secum
1044 4329 1131 4381 ad
1153 4326 1511 4409 perditionem
1557 4328 1794 4383 trahere.
1828 4326 2084 4383 Diabolus

487 4416 555 4470 de
580 4416 881 4485 perditione
914 4417 1150 4472 ﬁdelium
1190 4433 1409 4488 semper
1455 4418 1704 4487 cupidus,
1752 4434 1858 4472 non
1907 4417 2081 4473 solum

488 4505 611 4559 illos
656 4506 722 4559 de
773 4506 933 4562 malis
980 4508 1235 4576 operibus
1267 4523 1387 4577 quae
1438 4507 1642 4561 faciunt
1692 4517 1937 4575 accusat,
1987 4510 2080 4564 sed

486 4603 543 4648 et
567 4596 805 4665 ipsorum
855 4595 1163 4659 benefacta,
1214 4597 1460 4667 beneque
1495 4599 1750 4667 cogitata,
1800 4601 1964 4655 etiam
1997 4601 2083 4654 in-
2108 4577 2160 4636 Ῑ)

483 4684 629 4754 juste
656 4685 725 4717 ⁸³⁵
752 4687 1060 4743 accusando
1093 4686 1365 4743 maculare
1402 4696 1591 4743 teutat.
1618 4687 1696 4742 Tu
1731 4703 1860 4744 vero
1886 4698 2077 4745 contra

488 4776 608 4847 ejus
660 4779 888 4836 subtiles
956 4778 1220 4844 fallacias,
1291 4789 1591 4851 contraque
1646 4780 1765 4851 ejus
1810 4783 2082 4838 versutias

489 4869 672 4925 multis
708 4871 1125 4941 deceptionibus
1157 4872 1364 4942 plenas,
1412 4881 1530 4926 esto
1556 4882 1738 4938 cauta,
1788 4881 1907 4928 esto
1935 4873 2084 4929 solli-

486 4961 616 5032 cita,
647 4973 905 5035 tuumque
934 4965 1248 5021 Creatorem
1290 4973 1342 5020 et
1375 4965 1752 5021 dulcissimum
1789 4965 2080 5022 Dominum

2185 3319 2508 3374 liarissimos
2539 3317 2643 3373 sibi
2675 3332 2775 3372 nos
2802 3316 3030 3385 faciens,
3062 3317 3297 3373 dulciter
3351 3315 3511 3386 quasi
3561 3316 3789 3370 charis-

2185 3408 2352 3463 simos
2395 3408 2534 3462 lilios
2580 3422 2709 3463 suos
2771 3416 2959 3476 postea
3002 3406 3378 3477 amplectitur;
3432 3404 3787 3477 amplectens

2183 3508 2238 3554 et
2284 3497 2538 3554 osculans
2587 3498 2655 3553 de
2706 3497 2853 3553 omni
2906 3497 3168 3568 languore
3216 3506 3272 3553 et
3327 3497 3479 3568 lepra
3542 3499 3793 3566 peccati,

2184 3606 2347 3661 quam
2384 3604 2484 3661 per
2525 3589 2810 3645 stultitiam
2858 3589 3210 3655 incurrimus,
3267 3587 3480 3659 mitigat
3506 3598 3793 3645 eteonso-

2183 3679 2328 3736 latur
2363 3696 2378 3746 ;
2411 3687 2466 3734 et
2485 3678 2726 3734 omnium
2769 3678 3087 3748 injuriarum
3131 3693 3268 3750 quas
3291 3678 3339 3733 ei
3372 3678 3631 3744 fecimus,
3662 3694 3793 3735 eum

2186 3773 2240 3827 in
2272 3772 2383 3827 suis
2411 3772 2696 3842 praeceptis
2745 3779 3092 3840 spernentes,
3140 3770 3365 3826 omnino
3412 3769 3793 3826 obliviscitur.

2185 3861 2343 3930 211
2374 3859 2726 3915 llonoratnos
2756 3860 2809 3913 in
2840 3858 3094 3929 pnesenti
3113 3858 3243 3923 vita,
3262 3868 3489 3915 coronat
3505 3874 3613 3915 nos
3635 3860 3691 3915 in
3712 3861 3796 3914 fu-

2187 3952 2474 4019 tura,facit
2500 3968 2597 4008 nos
2623 3967 2796 4023 reges,
2815 3952 2944 4006 facit
2963 3952 3200 4006 animam
3219 3962 3459 4008 nostram
3493 3952 3785 4021 reginam;

2185 4045 2328 4100 unde
2349 4058 2640 4115 nosreges,
2669 4042 2783 4112 jam
2820 4043 3012 4109 factos,
3042 4045 3298 4099 admonet
3337 4045 3389 4098 in
3427 4044 3649 4115 psalmo
3682 4063 3697 4099 :
3728 4044 3795 4099 Et

2185 4152 2323 4189 nunc
2347 4151 2488 4205 reges
2513 4134 2807 4204 intelligite,
2835 4134 3118 4188 erudimini
3152 4136 3243 4205 qui
3274 4135 3542 4205 judicatis
3579 4144 3789 4191 terram

2186 4226 2361 4299 (Psaf.
2406 4226 2611 4296 ",10).
2644 4225 2796 4281 Tunc
2843 4242 2972 4282 vere
3018 4241 3173 4298 reges
3207 4239 3420 4289 sumus,
3465 4225 3511 4280 si
3558 4236 3792 4283 nostros

2186 4327 2367 4373 motus
2395 4317 2734 4373 inordinatos
2776 4318 3034 4387 regimus,
3083 4331 3285 4387 eosque
3321 4316 3388 4371 ad
3428 4316 3713 4373 rationem
3737 4328 3795 4374 et

2185 4411 2253 4465 ad
2279 4409 2607 4469 voluntatem
2630 4409 2800 4464 nostri
2826 4408 3101 4462 Creatoris
3123 4421 3464 4461 revocamus.
3485 4405 3798 4462 Erudimur

2185 4516 2336 4565 vero,
2351 4515 2474 4555 cum
2499 4509 2699 4554 terram
2722 4498 3054 4569 judicamus,
3077 4497 3243 4563 idest,
3266 4512 3388 4551 cum
3411 4510 3507 4550 cor
3533 4510 3798 4552 nostrum

2187 4594 2230 4650 si
2260 4604 2474 4648 terrena
2507 4590 2827 4645 desiderare
2858 4589 2925 4621 ’⁵³⁷
2963 4588 3352 4657 conspicimus,
3390 4597 3615 4641 terrena
3661 4602 3798 4643 roa-

2186 4696 2430 4741 temnere
2461 4691 2518 4738 et
2563 4681 2810 4738 ccelestia
2852 4695 3038 4735 amare
3060 4678 3454 4749 compellimus.
3484 4676 3577 4731 Fit
3608 4678 3801 4732 anima

2187 4779 2257 4812 ⁸³⁸
2281 4787 2466 4833 nostra
2496 4774 2706 4846 regina,
2743 4772 2871 4843 quia
2904 4772 3072 4826 variis
3097 4769 3167 4801 "’
3206 4770 3450 4825 vestibus
3483 4769 3712 4831 induta,
3746 4768 3800 4821 id

2187 4880 2271 4926 est
2296 4869 2465 4924 variis
2506 4866 2773 4921 virtutum
2815 4863 2973 4919 donis
3001 4862 3282 4927 decorata,
3315 4858 3542 4915 Christo
3585 4875 3802 4930 sponso

2189 4978 2287 5020 suo
2312 4960 2405 5030 qui
2434 4959 2490 5015 in
2528 4956 2685 5015 ctelis
2726 4963 2832 5024 est,
2861 4953 3091 5025 perenni
3135 4960 3319 5008 mente
3343 4959 3465 5007 actu
3493 4961 3554 5007 et
3599 4953 3800 5008 habitu

1807 5096 2043 5152 VARIAZ
2069 5092 2472 5152 LECTIONES.

560 5208 627 5239 ⁸’δ
680 5208 889 5263 Gaudia
934 5208 1162 5278 recipies
1219 5226 1345 5264 mss.
1393 5209 1586 5279 gaudia
1621 5208 1854 5272 recipias

494 5277 613 5332 hinc
706 5279 778 5311 ⁸³⁸
832 5279 986 5332 Ouod
1024 5294 1143 5332 'nou
1177 5296 1363 5332 nosses
1419 5297 1518 5332 ms.
1559 5278 1694 5332 Vict.
1731 5280 1787 5332 5.
1812 5296 1854 5332 -α

514 5295 613 5334 [⁸20

1957 5208 2029 5241 ⁸³⁵
2077 5208 2285 5263 Praeter
2328 5208 2431 5261 hoc
2474 5220 2600 5257 mss.

832 5279 986 5346 Quod
1024 5294 1143 5334 non
1176 5296 1363 5349 posses
1400 5278 1518 5334 ’ms.
1559 5278 1694 5333 Vict.
1731 5280 1787 5334 5.
1812 5296 1944 5349 quae
1996 5296 2121 5335 eum
2176 5287 2360 5349 posset

2662 5210 2862 5270 praeter
2914 5201 3031 5256 haec
3083 5215 3181 5253 ms.
3243 5196 3495 5270 Val-lac.
3558 5208 3797 5269 propter

2461 5274 2527 5306 “7
2579 5269 2879 5335 Amiseras,
2936 5271 3124 5326 reddet
3161 5285 3286 5322 mss.
3326 5269 3641 5331 amiseras,
3671 5271 3799 5324 red-

488 5348 619 5419 dere
709 5349 786 5382 “°
829 5338 1002 5404 Kmor
1038 5338 1364 5419 vero'ﬁllius
1393 5367 1521 5403 mss.
1560 5366 1715 5404 amor
1758 5338 1902 5405 enim
1934 5350 2075 5405 illius
2149 5338 2220 5383 ⁸⁵³
2257 5348 2451 5415 Magna
2483 5345 2736 5419 fmlicilas
2761 5355 3112 5419 mssgnagna
3145 5339 3379 5394 facilitas
3449 5338 3520 5419 δξο
3544 5340 3804 5393 Actioni-

498 5418 602 5492 bus
631 5420 739 5475 tuis
766 5419 912 5474 scias
938 5435 1078 5492 mss.
1098 5407 1405 5492 actipnibus
1435 5420 1563 5484 tuis,
1610 5421 1661 5474 in
1694 5422 1948 5492 omnibus
1977 5407 2406 5492 cogitationibus
2424 5418 2553 5492 tuis,
2577 5413 2717 5492 scias
2888 5407 3180 5492 Proicere)
3213 5424 3427 5492 selltpet‘
3461 5407 3605 5492 dups
3632 5426 3773 5492 tua.

494 5488 743 5561 omittunt
776 5504 995 5561 semper
1066 5488 1346 5561 f'f.\'anis
1370 5479 1792 5561 cogita-tionibus
1830 5508 1971 5561 mss._
1990 5479 2256 5559 vanisque
2292 5479 2858 5561 cogitationibus“m
2892 5481 3043 5561 Unde
3071 5480 3244 5536 valeat
3274 5496 3400 5561 mss.
3443 5479 3591 5561 unde
3625 5490 3681 5536 te
3709 5495 3804 5561 v3-

494 5555 608 5608 leat
781 5550 1033 5632 cogitata
1062 5559 1265 5627 injuste
1293 5578 1419 5614 nus.
1439 5550 1678 5632 I'Ogitata
1704 5562 1872 5616 etiam
1903 5559 2100 5628 injuste
2126 5631 2132 5632 γ
2170 5550 2255 5632 ῖδδΑ
2275 5550 2441 5632 Αᾼιξδῖ
2473 5554 2940 5632 aliquos_illo_rum
2973 5550 3156 5620 aliquo
3186 5566 3312 5632 mss.
3345 5558 3401 5603 et
3429 5550 3652 5632 si'jll‘os
3694 5550 3803 5631 ali:

496 5639 608 5693 quo
680 5626 755 5659 ⁸³⁸
788 5616 939 5683 υηῖιυ
971 5645 1101 5683 vero
1119 5616 1276 5683 'unde
1326 5648 1455 5683 mss.
1491 5616 1632 5686 u‘nde
1680 5649 1812 5687 vero
1868 5616 1997 5695 illis,
2030 5631 2173 5686 unde
2246 5630 2311 5663 “7
2346 5628 2403 5682 Si
2443 5616 2646 5681 terram
2682 5623 2994 5695 desiderare
3032 5616 3158 5695 nias.
3205 5617 3439 5695 Vica-ct
3488 5616 3715 5695 [al-fug
3756 5619 3803 5673 si

500 5704 718 5751 terrena
746 5698 1064 5755 desiderare

490 5762 599 5822 fle.
629 5766 757 5839 quia
788 5768 953 5821 variis

1141 5700 1207 5731 "’8
1232 5700 1288 5757 Si
1313 5700 1494 5755 anima
1519 5717 1644 5759 mss.
1688 5701 1819 5757 l'ict.
1851 5711 1898 5757 ct
1942 5687 2157 5757 Viri-(uc
2182 5702 2240 5757 fit
2268 5707 2445 5757 autem
2468 5698 2649 5753 anima
2712 5695 2790 5776 .‘3’
2812 5694 2942 5760 Qua:
2968 5691 3132 5749 variis
3163 5705 3288 5745 mss.
3328 5687 3464 5745 Viri.
3493 5690 3530 5745 ’ἃ
3567 5701 3618 5745 et
3673 5689 3804 5745 ναι.
