  <div class='ocr_page' id='page_1' title='image "/cluster/home/n/w/nwhite01/storage/ocr_20150623/158/hvd.32044024236689/422.png"; bbox 0 0 4060 6292; ppageno 0'>
   <div class='ocr_carea' id='block_1_1' title="bbox 238 382 333 441">
    <p class='ocr_par' dir='ltr' id='par_1_1' title="bbox 238 382 333 441">
     <span class='ocr_line' id='line_1_1' title="bbox 238 382 333 441; baseline -0.011 0"><span class='ocrx_word' id='word_1_1' title='bbox 238 382 333 441; x_wconf 73' lang='lat'><strong>733</strong></span> 
     </span>
    </p>
   </div>
   <div class='ocr_carea' id='block_1_2' title="bbox 1560 376 2094 444">
    <p class='ocr_par' dir='ltr' id='par_1_2' title="bbox 1560 376 2094 444">
     <span class='ocr_line' id='line_1_2' title="bbox 1560 376 2094 444; baseline 0.002 -3"><span class='ocrx_word' id='word_1_2' title='bbox 1560 376 2094 444; x_wconf 20' lang='lat' dir='ltr'><strong>‘MEDITATIONES.</strong></span> 
     </span>
    </p>
   </div>
   <div class='ocr_carea' id='block_1_3' title="bbox 3380 387 3486 445">
    <p class='ocr_par' dir='ltr' id='par_1_3' title="bbox 3380 387 3486 445">
     <span class='ocr_line' id='line_1_3' title="bbox 3380 387 3486 445; baseline 0.038 -4"><span class='ocrx_word' id='word_1_3' title='bbox 3380 387 3486 445; x_wconf 70' lang='lat'><strong>73$</strong></span> 
     </span>
    </p>
   </div>
   <div class='ocr_carea' id='block_1_4' title="bbox 234 492 3489 573">
    <p class='ocr_par' dir='ltr' id='par_1_4' title="bbox 234 492 3489 573">
     <span class='ocr_line' id='line_1_4' title="bbox 234 492 3489 573; baseline 0.001 -19"><span class='ocrx_word' id='word_1_4' title='bbox 234 492 458 561; x_wconf 77' lang='lat' dir='ltr'><strong>Interim,</strong></span> <span class='ocrx_word' id='word_1_5' title='bbox 483 495 607 551; x_wconf 88' lang='lat' dir='ltr'><strong>dum</strong></span> <span class='ocrx_word' id='word_1_6' title='bbox 628 496 679 552; x_wconf 90' lang='lat' dir='ltr'><strong>in</strong></span> <span class='ocrx_word' id='word_1_7' title='bbox 704 496 864 552; x_wconf 80' lang='lat' dir='ltr'><strong>terris</strong></span> <span class='ocrx_word' id='word_1_8' title='bbox 883 505 1255 563; x_wconf 84' lang='lat' dir='ltr'><strong>conversatur,</strong></span> <span class='ocrx_word' id='word_1_9' title='bbox 1282 506 1361 554; x_wconf 87' lang='lat' dir='ltr'><strong>cst</strong></span> <span class='ocrx_word' id='word_1_10' title='bbox 1382 499 1653 569; x_wconf 88' lang='lat' dir='ltr'><strong>copulata.</strong></span> <span class='ocrx_word' id='word_1_11' title='bbox 1678 500 1795 556; x_wconf 75' lang='lat' dir='ltr'><strong>Non</strong></span> <span class='ocrx_word' id='word_1_12' title='bbox 1826 508 1875 564; x_wconf 69' lang='grc' dir='ltr'><strong>Α</strong></span> <span class='ocrx_word' id='word_1_13' title='bbox 1903 502 2025 556; x_wconf 84' lang='lat' dir='ltr'><strong>Cor.</strong></span> <span class='ocrx_word' id='word_1_14' title='bbox 2056 518 2125 567; x_wconf 80' lang='grc' dir='ltr'><strong>γι,</strong></span> <span class='ocrx_word' id='word_1_15' title='bbox 2162 501 2234 573; x_wconf 85' lang='grc'><strong>1),</strong></span> <span class='ocrx_word' id='word_1_16' title='bbox 2268 500 2357 571; x_wconf 94' lang='lat' dir='ltr'><strong>qui</strong></span> <span class='ocrx_word' id='word_1_17' title='bbox 2377 500 2478 557; x_wconf 88' lang='lat' dir='ltr'><strong>etsi</strong></span> <span class='ocrx_word' id='word_1_18' title='bbox 2515 500 2676 556; x_wconf 86' lang='lat' dir='ltr'><strong>modo</strong></span> <span class='ocrx_word' id='word_1_19' title='bbox 2705 499 2870 556; x_wconf 88' lang='lat' dir='ltr'><strong>multa</strong></span> <span class='ocrx_word' id='word_1_20' title='bbox 2900 501 3106 572; x_wconf 88' lang='lat' dir='ltr'><strong>patitur</strong></span> <span class='ocrx_word' id='word_1_21' title='bbox 3137 500 3252 556; x_wconf 88' lang='lat' dir='ltr'><strong>fieri</strong></span> <span class='ocrx_word' id='word_1_22' title='bbox 3278 516 3306 555; x_wconf 90' lang='lat' dir='ltr'><strong>a</strong></span> <span class='ocrx_word' id='word_1_23' title='bbox 3329 501 3489 557; x_wconf 81' lang='lat' dir='ltr'><strong>vobis</strong></span> 
     </span>
    </p>
   </div>
   <div class='ocr_carea' id='block_1_5' title="bbox 232 587 1797 661">
    <p class='ocr_par' dir='ltr' id='par_1_5' title="bbox 232 587 1797 661">
     <span class='ocr_line' id='line_1_5' title="bbox 232 587 1797 661; baseline 0.001 -16"><span class='ocrx_word' id='word_1_24' title='bbox 232 589 359 645; x_wconf 84' lang='lat' dir='ltr'><strong>satis</strong></span> <span class='ocrx_word' id='word_1_25' title='bbox 388 587 490 643; x_wconf 89' lang='lat' dir='ltr'><strong>fuit</strong></span> <span class='ocrx_word' id='word_1_26' title='bbox 508 588 750 644; x_wconf 74' lang='lat' dir='ltr'><strong>Creatori</strong></span> <span class='ocrx_word' id='word_1_27' title='bbox 778 597 967 644; x_wconf 87' lang='lat' dir='ltr'><strong>nostro</strong></span> <span class='ocrx_word' id='word_1_28' title='bbox 1003 604 1102 644; x_wconf 87' lang='lat' dir='ltr'><strong>nos</strong></span> <span class='ocrx_word' id='word_1_29' title='bbox 1124 604 1334 656; x_wconf 86' lang='lat' dir='ltr'><strong>creare,</strong></span> <span class='ocrx_word' id='word_1_30' title='bbox 1365 601 1578 646; x_wconf 87' lang='lat' dir='ltr'><strong>creatos</strong></span> <span class='ocrx_word' id='word_1_31' title='bbox 1601 594 1797 661; x_wconf 79' lang='lat' dir='ltr'><strong>guber-</strong></span> 
     </span>
    </p>
   </div>
   <div class='ocr_carea' id='block_1_6' title="bbox 232 682 1796 755">
    <p class='ocr_par' dir='ltr' id='par_1_6' title="bbox 232 682 1796 755">
     <span class='ocr_line' id='line_1_6' title="bbox 232 682 1796 755; baseline -0.001 -17"><span class='ocrx_word' id='word_1_32' title='bbox 232 698 373 749; x_wconf 75' lang='lat' dir='ltr'><strong>nare,</strong></span> <span class='ocrx_word' id='word_1_33' title='bbox 412 691 465 737; x_wconf 92' lang='lat' dir='ltr'><strong>et</strong></span> <span class='ocrx_word' id='word_1_34' title='bbox 500 682 723 753; x_wconf 88' lang='lat' dir='ltr'><strong>angelos</strong></span> <span class='ocrx_word' id='word_1_35' title='bbox 751 697 899 748; x_wconf 90' lang='lat' dir='ltr'><strong>suos,</strong></span> <span class='ocrx_word' id='word_1_36' title='bbox 929 683 1141 752; x_wconf 88' lang='lat' dir='ltr'><strong>quoties</strong></span> <span class='ocrx_word' id='word_1_37' title='bbox 1184 683 1341 739; x_wconf 90' lang='lat' dir='ltr'><strong>nobis</strong></span> <span class='ocrx_word' id='word_1_38' title='bbox 1384 699 1520 755; x_wconf 88' lang='lat' dir='ltr'><strong>opus</strong></span> <span class='ocrx_word' id='word_1_39' title='bbox 1564 693 1700 749; x_wconf 90' lang='lat' dir='ltr'><strong>erat,</strong></span> <span class='ocrx_word' id='word_1_40' title='bbox 1729 684 1796 738; x_wconf 80' lang='lat' dir='ltr'><strong>ad</strong></span> 
     </span>
    </p>
   </div>
   <div class='ocr_carea' id='block_1_7' title="bbox 231 773 1795 846">
    <p class='ocr_par' dir='ltr' id='par_1_7' title="bbox 231 773 1795 846">
     <span class='ocr_line' id='line_1_7' title="bbox 231 773 1795 846; baseline 0.002 -19"><span class='ocrx_word' id='word_1_41' title='bbox 231 773 581 831; x_wconf 79' lang='lat' dir='ltr'><strong>defensionem</strong></span> <span class='ocrx_word' id='word_1_42' title='bbox 606 781 847 829; x_wconf 90' lang='lat' dir='ltr'><strong>nostram</strong></span> <span class='ocrx_word' id='word_1_43' title='bbox 872 775 1114 842; x_wconf 89' lang='lat' dir='ltr'><strong>mittere;</strong></span> <span class='ocrx_word' id='word_1_44' title='bbox 1157 776 1251 831; x_wconf 91' lang='lat' dir='ltr'><strong>sed</strong></span> <span class='ocrx_word' id='word_1_45' title='bbox 1275 776 1389 846; x_wconf 82' lang='lat' dir='ltr'><strong>ipse</strong></span> <span class='ocrx_word' id='word_1_46' title='bbox 1417 791 1515 843; x_wconf 87' lang='lat' dir='ltr'><strong>per</strong></span> <span class='ocrx_word' id='word_1_47' title='bbox 1535 776 1795 845; x_wconf 76' lang='lat' dir='ltr'><strong>semetip-</strong></span> 
     </span>
    </p>
   </div>
   <div class='ocr_carea' id='block_1_8' title="bbox 229 862 1796 936">
    <p class='ocr_par' dir='ltr' id='par_1_8' title="bbox 229 862 1796 936">
     <span class='ocr_line' id='line_1_8' title="bbox 229 862 1796 936; baseline 0.003 -18"><span class='ocrx_word' id='word_1_48' title='bbox 229 878 359 930; x_wconf 86' lang='lat' dir='ltr'><strong>sum,</strong></span> <span class='ocrx_word' id='word_1_49' title='bbox 387 872 660 934; x_wconf 90' lang='lat' dir='ltr'><strong>assumpta</strong></span> <span class='ocrx_word' id='word_1_50' title='bbox 694 862 867 919; x_wconf 89' lang='lat' dir='ltr'><strong>forma</strong></span> <span class='ocrx_word' id='word_1_51' title='bbox 910 875 1120 928; x_wconf 90' lang='lat' dir='ltr'><strong>nostra,</strong></span> <span class='ocrx_word' id='word_1_52' title='bbox 1155 875 1431 936; x_wconf 81' lang='lat' dir='ltr'><strong>assumpta</strong></span> <span class='ocrx_word' id='word_1_53' title='bbox 1472 876 1665 921; x_wconf 91' lang='lat' dir='ltr'><strong>natura</strong></span> <span class='ocrx_word' id='word_1_54' title='bbox 1696 881 1796 921; x_wconf 92' lang='lat' dir='ltr'><strong>no-</strong></span> 
     </span>
    </p>
   </div>
   <div class='ocr_carea' id='block_1_9' title="bbox 227 955 1797 1025">
    <p class='ocr_par' dir='ltr' id='par_1_9' title="bbox 227 955 1797 1025">
     <span class='ocr_line' id='line_1_9' title="bbox 227 955 1797 1025; baseline 0.001 -15"><span class='ocrx_word' id='word_1_55' title='bbox 227 965 348 1019; x_wconf 88' lang='lat' dir='ltr'><strong>stra,</strong></span> <span class='ocrx_word' id='word_1_56' title='bbox 379 955 583 1010; x_wconf 80' lang='lat' dir='ltr'><strong>habens</strong></span> <span class='ocrx_word' id='word_1_57' title='bbox 611 956 866 1025; x_wconf 88' lang='lat' dir='ltr'><strong>pietatem</strong></span> <span class='ocrx_word' id='word_1_58' title='bbox 905 957 972 1012; x_wconf 91' lang='lat' dir='ltr'><strong>de</strong></span> <span class='ocrx_word' id='word_1_59' title='bbox 1019 967 1266 1012; x_wconf 81' lang='lat' dir='ltr'><strong>creatura</strong></span> <span class='ocrx_word' id='word_1_60' title='bbox 1306 973 1427 1021; x_wconf 90' lang='lat' dir='ltr'><strong>sua,</strong></span> <span class='ocrx_word' id='word_1_61' title='bbox 1463 957 1530 1011; x_wconf 92' lang='lat' dir='ltr'><strong>ad</strong></span> <span class='ocrx_word' id='word_1_62' title='bbox 1578 973 1676 1012; x_wconf 87' lang='lat' dir='ltr'><strong>nos</strong></span> <span class='ocrx_word' id='word_1_63' title='bbox 1703 958 1797 1011; x_wconf 88' lang='lat' dir='ltr'><strong>dc-</strong></span> 
     </span>
    </p>
   </div>
   <div class='ocr_carea' id='block_1_10' title="bbox 226 1043 1795 1115">
    <p class='ocr_par' dir='ltr' id='par_1_10' title="bbox 226 1043 1795 1115">
     <span class='ocr_line' id='line_1_10' title="bbox 226 1043 1795 1115; baseline -0.001 -17"><span class='ocrx_word' id='word_1_64' title='bbox 226 1043 443 1110; x_wconf 84' lang='lat' dir='ltr'><strong>sceudit,</strong></span> <span class='ocrx_word' id='word_1_65' title='bbox 469 1043 692 1099; x_wconf 86' lang='lat' dir='ltr'><strong>vulnera</strong></span> <span class='ocrx_word' id='word_1_66' title='bbox 727 1053 911 1099; x_wconf 88' lang='lat' dir='ltr'><strong>nostra</strong></span> <span class='ocrx_word' id='word_1_67' title='bbox 939 1053 995 1099; x_wconf 87' lang='lat' dir='ltr'><strong>et</strong></span> <span class='ocrx_word' id='word_1_68' title='bbox 1024 1053 1251 1099; x_wconf 91' lang='lat' dir='ltr'><strong>mortem</strong></span> <span class='ocrx_word' id='word_1_69' title='bbox 1282 1043 1573 1115; x_wconf 91' lang='lat' dir='ltr'><strong>diligenter</strong></span> <span class='ocrx_word' id='word_1_70' title='bbox 1610 1044 1795 1114; x_wconf 78' lang='lat' dir='ltr'><strong>inSpe-</strong></span> 
     </span>
    </p>
   </div>
   <div class='ocr_carea' id='block_1_11' title="bbox 225 1134 1798 1207">
    <p class='ocr_par' dir='ltr' id='par_1_11' title="bbox 225 1134 1798 1207">
     <span class='ocr_line' id='line_1_11' title="bbox 225 1134 1798 1207; baseline 0.001 -18"><span class='ocrx_word' id='word_1_71' title='bbox 225 1134 316 1199; x_wconf 78' lang='lat' dir='ltr'><strong>xit,</strong></span> <span class='ocrx_word' id='word_1_72' title='bbox 342 1134 635 1204; x_wconf 90' lang='lat' dir='ltr'><strong>inspiciens</strong></span> <span class='ocrx_word' id='word_1_73' title='bbox 664 1134 924 1206; x_wconf 80' lang='lat' dir='ltr'><strong>palpavit,</strong></span> <span class='ocrx_word' id='word_1_74' title='bbox 958 1135 1164 1207; x_wconf 81' lang='lat' dir='ltr'><strong>tetigit;</strong></span> <span class='ocrx_word' id='word_1_75' title='bbox 1192 1136 1394 1206; x_wconf 84' lang='lat' dir='ltr'><strong>pietate</strong></span> <span class='ocrx_word' id='word_1_76' title='bbox 1430 1146 1608 1192; x_wconf 92' lang='lat' dir='ltr'><strong>motus</strong></span> <span class='ocrx_word' id='word_1_77' title='bbox 1632 1151 1798 1205; x_wconf 86' lang='lat' dir='ltr'><strong>super</strong></span> 
     </span>
    </p>
   </div>
   <div class='ocr_carea' id='block_1_12' title="bbox 224 1225 1800 1300">
    <p class='ocr_par' dir='ltr' id='par_1_12' title="bbox 224 1225 1800 1300">
     <span class='ocr_line' id='line_1_12' title="bbox 224 1225 1800 1300; baseline 0.004 -22"><span class='ocrx_word' id='word_1_78' title='bbox 224 1225 485 1280; x_wconf 84' lang='lat' dir='ltr'><strong>miseriam</strong></span> <span class='ocrx_word' id='word_1_79' title='bbox 524 1242 688 1297; x_wconf 89' lang='lat' dir='ltr'><strong>quam</strong></span> <span class='ocrx_word' id='word_1_80' title='bbox 719 1242 816 1282; x_wconf 91' lang='lat' dir='ltr'><strong>nos</strong></span> <span class='ocrx_word' id='word_1_81' title='bbox 850 1229 1049 1284; x_wconf 89' lang='lat' dir='ltr'><strong>habere</strong></span> <span class='ocrx_word' id='word_1_82' title='bbox 1079 1229 1233 1296; x_wconf 88' lang='lat' dir='ltr'><strong>vidit,</strong></span> <span class='ocrx_word' id='word_1_83' title='bbox 1272 1230 1611 1286; x_wconf 90' lang='lat' dir='ltr'><strong>condolendo</strong></span> <span class='ocrx_word' id='word_1_84' title='bbox 1650 1230 1800 1300; x_wconf 86' lang='lat' dir='ltr'><strong>inge-</strong></span> 
     </span>
    </p>
   </div>
   <div class='ocr_carea' id='block_1_13' title="bbox 223 1316 1798 1393">
    <p class='ocr_par' dir='ltr' id='par_1_13' title="bbox 223 1316 1798 1393">
     <span class='ocr_line' id='line_1_13' title="bbox 223 1316 1798 1393; baseline 0.004 -22"><span class='ocrx_word' id='word_1_85' title='bbox 223 1317 365 1371; x_wconf 82' lang='lat' dir='ltr'><strong>mult.</strong></span> <span class='ocrx_word' id='word_1_86' title='bbox 384 1316 451 1372; x_wconf 78' lang='lat' dir='ltr'><strong>Et</strong></span> <span class='ocrx_word' id='word_1_87' title='bbox 471 1328 594 1387; x_wconf 91' lang='lat' dir='ltr'><strong>post</strong></span> <span class='ocrx_word' id='word_1_88' title='bbox 620 1317 755 1385; x_wconf 84' lang='lat' dir='ltr'><strong>haec,</strong></span> <span class='ocrx_word' id='word_1_89' title='bbox 787 1319 852 1374; x_wconf 89' lang='lat' dir='ltr'><strong>de</strong></span> <span class='ocrx_word' id='word_1_90' title='bbox 876 1320 989 1390; x_wconf 91' lang='lat' dir='ltr'><strong>ipsa</strong></span> <span class='ocrx_word' id='word_1_91' title='bbox 1008 1324 1179 1393; x_wconf 73' lang='lat' dir='ltr'><strong>earne</strong></span> <span class='ocrx_word' id='word_1_92' title='bbox 1203 1336 1303 1377; x_wconf 87' lang='lat' dir='ltr'><strong>sua</strong></span> <span class='ocrx_word' id='word_1_93' title='bbox 1327 1336 1491 1393; x_wconf 90' lang='lat' dir='ltr'><strong>quam</strong></span> <span class='ocrx_word' id='word_1_94' title='bbox 1519 1336 1618 1391; x_wconf 92' lang='lat' dir='ltr'><strong>pro</strong></span> <span class='ocrx_word' id='word_1_95' title='bbox 1641 1322 1798 1377; x_wconf 90' lang='lat' dir='ltr'><strong>nobis</strong></span> 
     </span>
    </p>
   </div>
   <div class='ocr_carea' id='block_1_14' title="bbox 223 1410 1796 1483">
    <p class='ocr_par' dir='ltr' id='par_1_14' title="bbox 223 1410 1796 1483">
     <span class='ocr_line' id='line_1_14' title="bbox 223 1410 1796 1483; baseline 0.006 -24"><span class='ocrx_word' id='word_1_96' title='bbox 223 1417 600 1477; x_wconf 72' lang='lat' dir='ltr'><strong>assumpscrat,</strong></span> <span class='ocrx_word' id='word_1_97' title='bbox 639 1410 795 1481; x_wconf 89' lang='lat' dir='ltr'><strong>quasi</strong></span> <span class='ocrx_word' id='word_1_98' title='bbox 827 1411 1181 1481; x_wconf 90' lang='lat' dir='ltr'><strong>emplastrum</strong></span> <span class='ocrx_word' id='word_1_99' title='bbox 1218 1412 1796 1483; x_wconf 77' lang='lat' dir='ltr'><strong>faciens,&#39;nostrisque</strong></span> 
     </span>
    </p>
   </div>
   <div class='ocr_carea' id='block_1_15' title="bbox 222 1495 1797 1576">
    <p class='ocr_par' dir='ltr' id='par_1_15' title="bbox 222 1495 1797 1576">
     <span class='ocr_line' id='line_1_15' title="bbox 222 1495 1797 1576; baseline 0.006 -25"><span class='ocrx_word' id='word_1_100' title='bbox 222 1495 481 1553; x_wconf 82' lang='lat' dir='ltr'><strong>doloribus</strong></span> <span class='ocrx_word' id='word_1_101' title='bbox 535 1516 853 1571; x_wconf 89' lang='lat' dir='ltr'><strong>apponens,</strong></span> <span class='ocrx_word' id='word_1_102' title='bbox 905 1512 1073 1558; x_wconf 91' lang='lat' dir='ltr'><strong>totam</strong></span> <span class='ocrx_word' id='word_1_103' title='bbox 1125 1519 1194 1559; x_wconf 78' lang='lat' dir='ltr'><strong>ex</strong></span> <span class='ocrx_word' id='word_1_104' title='bbox 1247 1505 1459 1576; x_wconf 90' lang='lat' dir='ltr'><strong>integro</strong></span> <span class='ocrx_word' id='word_1_105' title='bbox 1508 1505 1797 1561; x_wconf 88' lang='lat' dir='ltr'><strong>infirmita-</strong></span> 
     </span>
    </p>
   </div>
   <div class='ocr_carea' id='block_1_16' title="bbox 223 1593 1797 1667">
    <p class='ocr_par' dir='ltr' id='par_1_16' title="bbox 223 1593 1797 1667">
     <span class='ocr_line' id='line_1_16' title="bbox 223 1593 1797 1667; baseline 0.006 -25"><span class='ocrx_word' id='word_1_106' title='bbox 223 1597 318 1644; x_wconf 89' lang='lat' dir='ltr'><strong>tem</strong></span> <span class='ocrx_word' id='word_1_107' title='bbox 347 1599 588 1646; x_wconf 90' lang='lat' dir='ltr'><strong>nostram</strong></span> <span class='ocrx_word' id='word_1_108' title='bbox 617 1593 847 1648; x_wconf 84' lang='lat' dir='ltr'><strong>sanavit.</strong></span> <span class='ocrx_word' id='word_1_109' title='bbox 880 1594 948 1648; x_wconf 86' lang='lat' dir='ltr'><strong>Et</strong></span> <span class='ocrx_word' id='word_1_110' title='bbox 990 1594 1125 1650; x_wconf 91' lang='lat' dir='ltr'><strong>utin</strong></span> <span class='ocrx_word' id='word_1_111' title='bbox 1156 1596 1257 1651; x_wconf 87' lang='lat' dir='ltr'><strong>hoc</strong></span> <span class='ocrx_word' id='word_1_112' title='bbox 1284 1597 1593 1652; x_wconf 85' lang='lat' dir='ltr'><strong>ostenderet</strong></span> <span class='ocrx_word' id='word_1_113' title='bbox 1621 1612 1797 1667; x_wconf 88' lang='lat' dir='ltr'><strong>quan-</strong></span> 
     </span>
    </p>
   </div>
   <div class='ocr_carea' id='block_1_17' title="bbox 220 1681 1795 1756">
    <p class='ocr_par' dir='ltr' id='par_1_17' title="bbox 220 1681 1795 1756">
     <span class='ocr_line' id='line_1_17' title="bbox 220 1681 1795 1756; baseline 0.007 -26"><span class='ocrx_word' id='word_1_114' title='bbox 220 1687 323 1733; x_wconf 89' lang='lat' dir='ltr'><strong>tum</strong></span> <span class='ocrx_word' id='word_1_115' title='bbox 363 1693 462 1735; x_wconf 91' lang='lat' dir='ltr'><strong>nos</strong></span> <span class='ocrx_word' id='word_1_116' title='bbox 507 1681 774 1753; x_wconf 78' lang='lat' dir='ltr'><strong>diligeret,</strong></span> <span class='ocrx_word' id='word_1_117' title='bbox 820 1682 989 1753; x_wconf 86' lang='lat' dir='ltr'><strong>ipsam</strong></span> <span class='ocrx_word' id='word_1_118' title='bbox 1019 1699 1258 1749; x_wconf 90' lang='lat' dir='ltr'><strong>carnem,</strong></span> <span class='ocrx_word' id='word_1_119' title='bbox 1298 1701 1461 1755; x_wconf 89' lang='lat' dir='ltr'><strong>quam</strong></span> <span class='ocrx_word' id='word_1_120' title='bbox 1501 1701 1601 1756; x_wconf 92' lang='lat' dir='ltr'><strong>pro</strong></span> <span class='ocrx_word' id='word_1_121' title='bbox 1638 1687 1795 1743; x_wconf 90' lang='lat' dir='ltr'><strong>nobis</strong></span> 
     </span>
    </p>
   </div>
   <div class='ocr_carea' id='block_1_18' title="bbox 218 1776 1792 1848">
    <p class='ocr_par' dir='ltr' id='par_1_18' title="bbox 218 1776 1792 1848">
     <span class='ocr_line' id='line_1_18' title="bbox 218 1776 1792 1848; baseline 0.007 -23"><span class='ocrx_word' id='word_1_122' title='bbox 218 1782 565 1842; x_wconf 78' lang='lat' dir='ltr'><strong>susceperat,</strong></span> <span class='ocrx_word' id='word_1_123' title='bbox 623 1776 779 1831; x_wconf 89' lang='lat' dir='ltr'><strong>nobis</strong></span> <span class='ocrx_word' id='word_1_124' title='bbox 839 1778 909 1831; x_wconf 88' lang='lat' dir='ltr'><strong>ad</strong></span> <span class='ocrx_word' id='word_1_125' title='bbox 969 1778 1402 1835; x_wconf 86' lang='lat' dir='ltr'><strong>manducandum</strong></span> <span class='ocrx_word' id='word_1_126' title='bbox 1464 1779 1663 1848; x_wconf 85' lang='lat' dir='ltr'><strong>dedit;</strong></span> <span class='ocrx_word' id='word_1_127' title='bbox 1737 1789 1792 1836; x_wconf 92' lang='lat' dir='ltr'><strong>et</strong></span> 
     </span>
    </p>
   </div>
   <div class='ocr_carea' id='block_1_19' title="bbox 1901 592 3489 665">
    <p class='ocr_par' dir='ltr' id='par_1_19' title="bbox 1901 592 3489 665">
     <span class='ocr_line' id='line_1_19' title="bbox 1901 592 3489 665; baseline 0.003 -20"><span class='ocrx_word' id='word_1_128' title='bbox 1901 606 2021 663; x_wconf 64' lang='lat' dir='ltr'><strong>quae</strong></span> <span class='ocrx_word' id='word_1_129' title='bbox 2068 592 2293 647; x_wconf 89' lang='lat' dir='ltr'><strong>multum</strong></span> <span class='ocrx_word' id='word_1_130' title='bbox 2338 593 2663 664; x_wconf 84' lang='lat' dir='ltr'><strong>displiceant</strong></span> <span class='ocrx_word' id='word_1_131' title='bbox 2706 593 2812 659; x_wconf 91' lang='lat' dir='ltr'><strong>illi;</strong></span> <span class='ocrx_word' id='word_1_132' title='bbox 2870 610 2975 649; x_wconf 89' lang='lat' dir='ltr'><strong>non</strong></span> <span class='ocrx_word' id='word_1_133' title='bbox 3005 610 3220 665; x_wconf 90' lang='lat' dir='ltr'><strong>semper</strong></span> <span class='ocrx_word' id='word_1_134' title='bbox 3254 602 3381 649; x_wconf 83' lang='lat' dir='ltr'><strong>ettm</strong></span> <span class='ocrx_word' id='word_1_135' title='bbox 3411 595 3489 650; x_wconf 80' lang='lat' dir='ltr'><strong>ita</strong></span> 
     </span>
    </p>
   </div>
   <div class='ocr_carea' id='block_1_20' title="bbox 1899 685 3482 757">
    <p class='ocr_par' dir='ltr' id='par_1_20' title="bbox 1899 685 3482 757">
     <span class='ocr_line' id='line_1_20' title="bbox 1899 685 3482 757; baseline 0.001 -19"><span class='ocrx_word' id='word_1_136' title='bbox 1899 686 2005 755; x_wconf 89' lang='lat' dir='ltr'><strong>pati</strong></span> <span class='ocrx_word' id='word_1_137' title='bbox 2031 686 2230 754; x_wconf 90' lang='lat' dir='ltr'><strong>putetis</strong></span> <span class='ocrx_word' id='word_1_138' title='bbox 2253 685 2346 740; x_wconf 73' lang='lat'><strong>&#39;“&#39;.</strong></span> <span class='ocrx_word' id='word_1_139' title='bbox 2372 687 2466 741; x_wconf 86' lang='lat' dir='ltr'><strong>Est</strong></span> <span class='ocrx_word' id='word_1_140' title='bbox 2490 687 2633 741; x_wconf 85' lang='lat' dir='ltr'><strong>enim</strong></span> <span class='ocrx_word' id='word_1_141' title='bbox 2661 688 2777 742; x_wconf 89' lang='lat' dir='ltr'><strong>sine</strong></span> <span class='ocrx_word' id='word_1_142' title='bbox 2801 687 2962 741; x_wconf 83' lang='lat' dir='ltr'><strong>dubio</strong></span> <span class='ocrx_word' id='word_1_143' title='bbox 2984 688 3193 757; x_wconf 86' lang='lat' dir='ltr'><strong>patiens</strong></span> <span class='ocrx_word' id='word_1_144' title='bbox 3221 687 3482 753; x_wconf 79' lang='lat' dir='ltr'><strong>redditur,</strong></span> 
     </span>
    </p>
   </div>
   <div class='ocr_carea' id='block_1_21' title="bbox 1898 775 3487 847">
    <p class='ocr_par' dir='ltr' id='par_1_21' title="bbox 1898 775 3487 847">
     <span class='ocr_line' id='line_1_21' title="bbox 1898 775 3487 847; baseline 0.003 -17"><span class='ocrx_word' id='word_1_145' title='bbox 1898 783 1951 830; x_wconf 90' lang='lat' dir='ltr'><strong>et</strong></span> <span class='ocrx_word' id='word_1_146' title='bbox 1976 775 2202 847; x_wconf 80' lang='lat' dir='ltr'><strong>diligens</strong></span> <span class='ocrx_word' id='word_1_147' title='bbox 2242 778 2419 831; x_wconf 85' lang='lat' dir='ltr'><strong>cordis</strong></span> <span class='ocrx_word' id='word_1_148' title='bbox 2447 787 2501 833; x_wconf 90' lang='lat' dir='ltr'><strong>et</strong></span> <span class='ocrx_word' id='word_1_149' title='bbox 2531 793 2721 832; x_wconf 85' lang='lat' dir='ltr'><strong>renum</strong></span> <span class='ocrx_word' id='word_1_150' title='bbox 2758 788 3046 834; x_wconf 88' lang='lat' dir='ltr'><strong>scrutator.</strong></span> <span class='ocrx_word' id='word_1_151' title='bbox 3088 779 3298 834; x_wconf 87' lang='lat' dir='ltr'><strong>Patitur</strong></span> <span class='ocrx_word' id='word_1_152' title='bbox 3326 781 3487 834; x_wconf 89' lang='lat' dir='ltr'><strong>modo</strong></span> 
     </span>
    </p>
   </div>
   <div class='ocr_carea' id='block_1_22' title="bbox 1900 854 3489 937">
    <p class='ocr_par' dir='ltr' id='par_1_22' title="bbox 1900 854 3489 937">
     <span class='ocr_line' id='line_1_22' title="bbox 1900 854 3489 937; baseline 0.004 -18"><span class='ocrx_word' id='word_1_153' title='bbox 1900 866 2088 929; x_wconf 84' lang='lat' dir='ltr'><strong>qulta,</strong></span> <span class='ocrx_word' id='word_1_154' title='bbox 2124 876 2451 934; x_wconf 80' lang='lat' dir='ltr'><strong>exspectans</strong></span> <span class='ocrx_word' id='word_1_155' title='bbox 2497 882 2735 923; x_wconf 87' lang='lat' dir='ltr'><strong>nostram</strong></span> <span class='ocrx_word' id='word_1_156' title='bbox 2778 871 3191 937; x_wconf 87' lang='lat' dir='ltr'><strong>correctionem,</strong></span> <span class='ocrx_word' id='word_1_157' title='bbox 3238 872 3386 926; x_wconf 88' lang='lat' dir='ltr'><strong>velut</strong></span> <span class='ocrx_word' id='word_1_158' title='bbox 3413 854 3489 904; x_wconf 62' lang='grc' dir='ltr'><strong>υθέ</strong></span> 
     </span>
    </p>
   </div>
   <div class='ocr_carea' id='block_1_23' title="bbox 1899 960 3481 1034">
    <p class='ocr_par' dir='ltr' id='par_1_23' title="bbox 1899 960 3481 1034">
     <span class='ocr_line' id='line_1_23' title="bbox 1899 960 3481 1034; baseline 0.004 -23"><span class='ocrx_word' id='word_1_159' title='bbox 1899 960 2366 1016; x_wconf 86' lang='lat' dir='ltr'><strong>mansuetissimus</strong></span> <span class='ocrx_word' id='word_1_160' title='bbox 2402 978 2414 1015; x_wconf 95' lang='lat'>:</span> <span class='ocrx_word' id='word_1_161' title='bbox 2453 962 2549 1015; x_wconf 88' lang='lat' dir='ltr'><strong>sed</strong></span> <span class='ocrx_word' id='word_1_162' title='bbox 2594 964 2638 1015; x_wconf 91' lang='lat' dir='ltr'><strong>si</strong></span> <span class='ocrx_word' id='word_1_163' title='bbox 2683 963 2839 1017; x_wconf 90' lang='lat' dir='ltr'><strong>modo</strong></span> <span class='ocrx_word' id='word_1_164' title='bbox 2878 979 2975 1017; x_wconf 90' lang='lat' dir='ltr'><strong>nos</strong></span> <span class='ocrx_word' id='word_1_165' title='bbox 3006 980 3110 1017; x_wconf 91' lang='lat' dir='ltr'><strong>non</strong></span> <span class='ocrx_word' id='word_1_166' title='bbox 3138 965 3481 1034; x_wconf 84' lang='lat' dir='ltr'><strong>corrigimus.</strong></span> 
     </span>
    </p>
   </div>
   <div class='ocr_carea' id='block_1_24' title="bbox 1898 1048 3483 1122">
    <p class='ocr_par' dir='ltr' id='par_1_24' title="bbox 1898 1048 3483 1122">
     <span class='ocr_line' id='line_1_24' title="bbox 1898 1048 3483 1122; baseline 0.003 -19"><span class='ocrx_word' id='word_1_167' title='bbox 1898 1048 2176 1104; x_wconf 82' lang='lat' dir='ltr'><strong>damnabit</strong></span> <span class='ocrx_word' id='word_1_168' title='bbox 2205 1066 2322 1114; x_wconf 89' lang='lat' dir='ltr'><strong>nos,</strong></span> <span class='ocrx_word' id='word_1_169' title='bbox 2356 1051 2496 1105; x_wconf 85' lang='lat' dir='ltr'><strong>sicut</strong></span> <span class='ocrx_word' id='word_1_170' title='bbox 2520 1049 2856 1118; x_wconf 74' lang='lat' dir='ltr'><strong>iustissimus</strong></span> <span class='ocrx_word' id='word_1_171' title='bbox 2904 1070 2917 1106; x_wconf 91' lang='lat'><strong>:</strong></span> <span class='ocrx_word' id='word_1_172' title='bbox 2965 1062 3017 1106; x_wconf 90' lang='lat' dir='ltr'><strong>et</strong></span> <span class='ocrx_word' id='word_1_173' title='bbox 3055 1054 3146 1122; x_wconf 94' lang='lat' dir='ltr'><strong>qui</strong></span> <span class='ocrx_word' id='word_1_174' title='bbox 3185 1054 3344 1107; x_wconf 90' lang='lat' dir='ltr'><strong>modo</strong></span> <span class='ocrx_word' id='word_1_175' title='bbox 3370 1062 3483 1107; x_wconf 90' lang='lat' dir='ltr'><strong>tam</strong></span> 
     </span>
    </p>
   </div>
   <div class='ocr_carea' id='block_1_25' title="bbox 1898 1137 3481 1206">
    <p class='ocr_par' dir='ltr' id='par_1_25' title="bbox 1898 1137 3481 1206">
     <span class='ocr_line' id='line_1_25' title="bbox 1898 1137 3481 1206; baseline 0.003 -15"><span class='ocrx_word' id='word_1_176' title='bbox 1898 1137 2069 1194; x_wconf 87' lang='lat' dir='ltr'><strong>dulcis</strong></span> <span class='ocrx_word' id='word_1_177' title='bbox 2097 1148 2179 1194; x_wconf 90' lang='lat' dir='ltr'><strong>est</strong></span> <span class='ocrx_word' id='word_1_178' title='bbox 2209 1141 2385 1206; x_wconf 88' lang='lat' dir='ltr'><strong>nobis,</strong></span> <span class='ocrx_word' id='word_1_179' title='bbox 2421 1148 2476 1194; x_wconf 91' lang='lat' dir='ltr'><strong>ut</strong></span> <span class='ocrx_word' id='word_1_180' title='bbox 2501 1156 2598 1195; x_wconf 90' lang='lat' dir='ltr'><strong>nos</strong></span> <span class='ocrx_word' id='word_1_181' title='bbox 2626 1156 2752 1195; x_wconf 91' lang='lat' dir='ltr'><strong>suos</strong></span> <span class='ocrx_word' id='word_1_182' title='bbox 2780 1141 2976 1195; x_wconf 88' lang='lat' dir='ltr'><strong>fratres</strong></span> <span class='ocrx_word' id='word_1_183' title='bbox 2996 1151 3153 1196; x_wconf 89' lang='lat' dir='ltr'><strong>vocet</strong></span> <span class='ocrx_word' id='word_1_184' title='bbox 3177 1150 3229 1196; x_wconf 90' lang='lat' dir='ltr'><strong>et</strong></span> <span class='ocrx_word' id='word_1_185' title='bbox 3255 1143 3481 1205; x_wconf 88' lang='lat' dir='ltr'><strong>amicos,</strong></span> 
     </span>
    </p>
   </div>
   <div class='ocr_carea' id='block_1_26' title="bbox 1899 1230 3483 1303">
    <p class='ocr_par' dir='ltr' id='par_1_26' title="bbox 1899 1230 3483 1303">
     <span class='ocr_line' id='line_1_26' title="bbox 1899 1230 3483 1303; baseline 0.003 -21"><span class='ocrx_word' id='word_1_186' title='bbox 1899 1237 2027 1284; x_wconf 89' lang='lat' dir='ltr'><strong>tunc</strong></span> <span class='ocrx_word' id='word_1_187' title='bbox 2078 1230 2130 1284; x_wconf 92' lang='lat' dir='ltr'><strong>in</strong></span> <span class='ocrx_word' id='word_1_188' title='bbox 2170 1241 2411 1286; x_wconf 77' lang='lat' dir='ltr'><strong>extrema</strong></span> <span class='ocrx_word' id='word_1_189' title='bbox 2453 1232 2789 1286; x_wconf 79' lang='lat' dir='ltr'><strong>disrnssione</strong></span> <span class='ocrx_word' id='word_1_190' title='bbox 2837 1233 3115 1303; x_wconf 79' lang='lat' dir='ltr'><strong>ignoratus</strong></span> <span class='ocrx_word' id='word_1_191' title='bbox 3151 1232 3243 1298; x_wconf 64' lang='lat'><strong>&quot;&quot;,</strong></span> <span class='ocrx_word' id='word_1_192' title='bbox 3283 1242 3338 1287; x_wconf 90' lang='lat' dir='ltr'><strong>et</strong></span> <span class='ocrx_word' id='word_1_193' title='bbox 3376 1249 3483 1287; x_wconf 88' lang='lat' dir='ltr'><strong>non</strong></span> 
     </span>
    </p>
   </div>
   <div class='ocr_carea' id='block_1_27' title="bbox 1897 1322 3483 1393">
    <p class='ocr_par' dir='ltr' id='par_1_27' title="bbox 1897 1322 3483 1393">
     <span class='ocr_line' id='line_1_27' title="bbox 1897 1322 3483 1393; baseline 0.002 -18"><span class='ocrx_word' id='word_1_194' title='bbox 1897 1322 1997 1376; x_wconf 91' lang='lat' dir='ltr'><strong>sibi</strong></span> <span class='ocrx_word' id='word_1_195' title='bbox 2031 1339 2126 1391; x_wconf 89' lang='lat' dir='ltr'><strong>per</strong></span> <span class='ocrx_word' id='word_1_196' title='bbox 2165 1324 2304 1379; x_wconf 90' lang='lat' dir='ltr'><strong>bona</strong></span> <span class='ocrx_word' id='word_1_197' title='bbox 2336 1339 2501 1393; x_wconf 75' lang='lat' dir='ltr'><strong>opera</strong></span> <span class='ocrx_word' id='word_1_198' title='bbox 2531 1334 2708 1392; x_wconf 89' lang='lat' dir='ltr'><strong>notos,</strong></span> <span class='ocrx_word' id='word_1_199' title='bbox 2759 1324 2926 1379; x_wconf 90' lang='lat' dir='ltr'><strong>veluti</strong></span> <span class='ocrx_word' id='word_1_200' title='bbox 2958 1324 3208 1379; x_wconf 91' lang='lat' dir='ltr'><strong>inimicos</strong></span> <span class='ocrx_word' id='word_1_201' title='bbox 3249 1339 3376 1379; x_wconf 91' lang='lat' dir='ltr'><strong>suos</strong></span> <span class='ocrx_word' id='word_1_202' title='bbox 3405 1340 3483 1378; x_wconf 91' lang='lat' dir='ltr'><strong>re-</strong></span> 
     </span>
    </p>
   </div>
   <div class='ocr_carea' id='block_1_28' title="bbox 1898 1413 2251 1482">
    <p class='ocr_par' dir='ltr' id='par_1_28' title="bbox 1898 1413 2251 1482">
     <span class='ocr_line' id='line_1_28' title="bbox 1898 1413 2251 1482; baseline 0.017 -18"><span class='ocrx_word' id='word_1_203' title='bbox 1898 1413 2106 1482; x_wconf 86' lang='lat' dir='ltr'><strong>putabit</strong></span> <span class='ocrx_word' id='word_1_204' title='bbox 2132 1430 2251 1470; x_wconf 90' lang='lat' dir='ltr'><strong>nos.</strong></span> 
     </span>
    </p>
   </div>
   <div class='ocr_carea' id='block_1_29' title="bbox 1970 1502 3479 1578">
    <p class='ocr_par' dir='ltr' id='par_1_29' title="bbox 1970 1502 3479 1578">
     <span class='ocr_line' id='line_1_29' title="bbox 1970 1502 3479 1578; baseline 0.003 -25"><span class='ocrx_word' id='word_1_205' title='bbox 1970 1502 2157 1554; x_wconf 74' lang='lat' dir='ltr'><strong>Anima</strong></span> <span class='ocrx_word' id='word_1_206' title='bbox 2192 1517 2308 1578; x_wconf 87' lang='lat' dir='ltr'><strong>mea</strong></span> <span class='ocrx_word' id='word_1_207' title='bbox 2338 1511 2392 1556; x_wconf 90' lang='lat' dir='ltr'><strong>et</strong></span> <span class='ocrx_word' id='word_1_208' title='bbox 2434 1517 2564 1555; x_wconf 86' lang='lat' dir='ltr'><strong>caro</strong></span> <span class='ocrx_word' id='word_1_209' title='bbox 2606 1517 2746 1567; x_wconf 82' lang='lat' dir='ltr'><strong>mea,</strong></span> <span class='ocrx_word' id='word_1_210' title='bbox 2780 1503 2891 1573; x_wconf 89' lang='lat' dir='ltr'><strong>jam</strong></span> <span class='ocrx_word' id='word_1_211' title='bbox 2930 1505 3147 1559; x_wconf 87' lang='lat' dir='ltr'><strong>tandem</strong></span> <span class='ocrx_word' id='word_1_212' title='bbox 3184 1504 3479 1575; x_wconf 82' lang='lat' dir='ltr'><strong>evigiletis,</strong></span> 
     </span>
    </p>
   </div>
   <div class='ocr_carea' id='block_1_30' title="bbox 1897 1591 3477 1663">
    <p class='ocr_par' dir='ltr' id='par_1_30' title="bbox 1897 1591 3477 1663">
     <span class='ocr_line' id='line_1_30' title="bbox 1897 1591 3477 1663; baseline 0.005 -18"><span class='ocrx_word' id='word_1_213' title='bbox 1897 1605 2113 1663; x_wconf 78' lang='lat' dir='ltr'><strong>semper</strong></span> <span class='ocrx_word' id='word_1_214' title='bbox 2158 1600 2214 1646; x_wconf 89' lang='lat' dir='ltr'><strong>et</strong></span> <span class='ocrx_word' id='word_1_215' title='bbox 2252 1591 2449 1661; x_wconf 87' lang='lat' dir='ltr'><strong>ubique</strong></span> <span class='ocrx_word' id='word_1_216' title='bbox 2478 1593 2783 1661; x_wconf 78' lang='lat' dir='ltr'><strong>cogitantes</strong></span> <span class='ocrx_word' id='word_1_217' title='bbox 2824 1594 2889 1648; x_wconf 91' lang='lat' dir='ltr'><strong>de</strong></span> <span class='ocrx_word' id='word_1_218' title='bbox 2920 1596 3231 1650; x_wconf 81' lang='lat' dir='ltr'><strong>novissimis</strong></span> <span class='ocrx_word' id='word_1_219' title='bbox 3260 1600 3477 1653; x_wconf 74' lang='lat' dir='ltr'><strong>vestris.</strong></span> 
     </span>
    </p>
   </div>
   <div class='ocr_carea' id='block_1_31' title="bbox 1896 1681 3481 1757">
    <p class='ocr_par' dir='ltr' id='par_1_31' title="bbox 1896 1681 3481 1757">
     <span class='ocr_line' id='line_1_31' title="bbox 1896 1681 3481 1757; baseline 0.007 -22"><span class='ocrx_word' id='word_1_220' title='bbox 1896 1681 2144 1737; x_wconf 84' lang='lat' dir='ltr'><strong>Forsitan</strong></span> <span class='ocrx_word' id='word_1_221' title='bbox 2193 1683 2239 1738; x_wconf 90' lang='lat' dir='ltr'><strong>si</strong></span> <span class='ocrx_word' id='word_1_222' title='bbox 2286 1684 2388 1738; x_wconf 87' lang='lat' dir='ltr'><strong>hoc</strong></span> <span class='ocrx_word' id='word_1_223' title='bbox 2445 1685 2644 1750; x_wconf 87' lang='lat' dir='ltr'><strong>facitis,</strong></span> <span class='ocrx_word' id='word_1_224' title='bbox 2695 1701 2802 1739; x_wconf 89' lang='lat' dir='ltr'><strong>non</strong></span> <span class='ocrx_word' id='word_1_225' title='bbox 2843 1685 2999 1741; x_wconf 81' lang='lat' dir='ltr'><strong>facile</strong></span> <span class='ocrx_word' id='word_1_226' title='bbox 3050 1691 3365 1757; x_wconf 87' lang='lat' dir='ltr'><strong>peccabitis.</strong></span> <span class='ocrx_word' id='word_1_227' title='bbox 3421 1691 3481 1746; x_wconf 92' lang='lat' dir='ltr'><strong>Si</strong></span> 
     </span>
    </p>
   </div>
   <div class='ocr_carea' id='block_1_32' title="bbox 1895 1772 3477 1850">
    <p class='ocr_par' dir='ltr' id='par_1_32' title="bbox 1895 1772 3477 1850">
     <span class='ocr_line' id='line_1_32' title="bbox 1895 1772 3477 1850; baseline 0.007 -26"><span class='ocrx_word' id='word_1_228' title='bbox 1895 1772 2074 1837; x_wconf 89' lang='lat' dir='ltr'><strong>modo,</strong></span> <span class='ocrx_word' id='word_1_229' title='bbox 2120 1773 2262 1828; x_wconf 82' lang='lat' dir='ltr'><strong>sicut</strong></span> <span class='ocrx_word' id='word_1_230' title='bbox 2305 1788 2519 1839; x_wconf 90' lang='lat' dir='ltr'><strong>moneo,</strong></span> <span class='ocrx_word' id='word_1_231' title='bbox 2554 1774 2752 1842; x_wconf 90' lang='lat' dir='ltr'><strong>facitis,</strong></span> <span class='ocrx_word' id='word_1_232' title='bbox 2781 1790 2989 1831; x_wconf 69' lang='lat' dir='ltr'><strong>secura:</strong></span> <span class='ocrx_word' id='word_1_233' title='bbox 3009 1778 3162 1843; x_wconf 90' lang='lat' dir='ltr'><strong>sitis;</strong></span> <span class='ocrx_word' id='word_1_234' title='bbox 3202 1780 3324 1850; x_wconf 85' lang='lat' dir='ltr'><strong>quia</strong></span> <span class='ocrx_word' id='word_1_235' title='bbox 3354 1797 3477 1836; x_wconf 88' lang='lat' dir='ltr'><strong>cum</strong></span> 
     </span>
    </p>
   </div>
   <div class='ocr_carea' id='block_1_33' title="bbox 218 1857 3479 1942">
    <p class='ocr_par' dir='ltr' id='par_1_33' title="bbox 218 1857 3479 1942">
     <span class='ocr_line' id='line_1_33' title="bbox 218 1857 3479 1942; baseline 0.005 -32"><span class='ocrx_word' id='word_1_236' title='bbox 218 1861 380 1918; x_wconf 81' lang='lat' dir='ltr'><strong>adhuc</strong></span> <span class='ocrx_word' id='word_1_237' title='bbox 435 1863 492 1920; x_wconf 81' lang='lat' dir='ltr'><strong>in</strong></span> <span class='ocrx_word' id='word_1_238' title='bbox 547 1865 814 1922; x_wconf 74' lang='lat' dir='ltr'><strong>sacriﬁcio</strong></span> <span class='ocrx_word' id='word_1_239' title='bbox 890 1867 974 1923; x_wconf 81' lang='lat' dir='ltr'><strong>sui</strong></span> <span class='ocrx_word' id='word_1_240' title='bbox 1039 1867 1226 1927; x_wconf 72' lang='lat' dir='ltr'><strong>altaris</strong></span> <span class='ocrx_word' id='word_1_241' title='bbox 1298 1870 1611 1928; x_wconf 61' lang='lat' dir='ltr'><strong>ministrare</strong></span> <span class='ocrx_word' id='word_1_242' title='bbox 1682 1888 1789 1927; x_wconf 77' lang='grc' dir='ltr'><strong>ηοη</strong></span> <span class='ocrx_word' id='word_1_243' title='bbox 1824 1857 1867 1915; x_wconf 83' lang='grc' dir='ltr'><strong>Β</strong></span> <span class='ocrx_word' id='word_1_244' title='bbox 1897 1862 2047 1916; x_wconf 87' lang='lat' dir='ltr'><strong>multi</strong></span> <span class='ocrx_word' id='word_1_245' title='bbox 2077 1863 2351 1929; x_wconf 85' lang='lat' dir='ltr'><strong>dolebunt,</strong></span> <span class='ocrx_word' id='word_1_246' title='bbox 2380 1866 2471 1935; x_wconf 87' lang='lat' dir='ltr'><strong>qui</strong></span> <span class='ocrx_word' id='word_1_247' title='bbox 2506 1868 2666 1920; x_wconf 89' lang='lat' dir='ltr'><strong>modo</strong></span> <span class='ocrx_word' id='word_1_248' title='bbox 2696 1867 2892 1922; x_wconf 88' lang='lat' dir='ltr'><strong>misere</strong></span> <span class='ocrx_word' id='word_1_249' title='bbox 2925 1869 3102 1924; x_wconf 85' lang='lat' dir='ltr'><strong>rident</strong></span> <span class='ocrx_word' id='word_1_250' title='bbox 3128 1879 3182 1925; x_wconf 89' lang='lat' dir='ltr'><strong>et</strong></span> <span class='ocrx_word' id='word_1_251' title='bbox 3209 1872 3479 1942; x_wconf 84' lang='lat' dir='ltr'><strong>gaudent,</strong></span> 
     </span>
    </p>
   </div>
   <div class='ocr_carea' id='block_1_34' title="bbox 220 1949 425 2006">
    <p class='ocr_par' dir='ltr' id='par_1_34' title="bbox 220 1949 425 2006">
     <span class='ocr_line' id='line_1_34' title="bbox 220 1949 425 2006; baseline 0.024 -5"><span class='ocrx_word' id='word_1_252' title='bbox 220 1949 425 2006; x_wconf 89' lang='lat' dir='ltr'><strong>desiuit.</strong></span> 
     </span>
    </p>
   </div>
   <div class='ocr_carea' id='block_1_35' title="bbox 277 2039 1795 2113">
    <p class='ocr_par' dir='ltr' id='par_1_35' title="bbox 277 2039 1795 2113">
     <span class='ocr_line' id='line_1_35' title="bbox 277 2039 1795 2113; baseline 0.011 -21"><span class='ocrx_word' id='word_1_253' title='bbox 277 2039 351 2094; x_wconf 90' lang='lat' dir='ltr'><strong>Tu</strong></span> <span class='ocrx_word' id='word_1_254' title='bbox 391 2057 543 2109; x_wconf 86' lang='lat' dir='ltr'><strong>vero,</strong></span> <span class='ocrx_word' id='word_1_255' title='bbox 593 2044 775 2101; x_wconf 87' lang='lat' dir='ltr'><strong>anima</strong></span> <span class='ocrx_word' id='word_1_256' title='bbox 821 2062 964 2113; x_wconf 89' lang='lat' dir='ltr'><strong>mea,</strong></span> <span class='ocrx_word' id='word_1_257' title='bbox 996 2047 1189 2103; x_wconf 91' lang='lat' dir='ltr'><strong>horum</strong></span> <span class='ocrx_word' id='word_1_258' title='bbox 1221 2050 1460 2105; x_wconf 92' lang='lat' dir='ltr'><strong>omnium</strong></span> <span class='ocrx_word' id='word_1_259' title='bbox 1506 2051 1648 2107; x_wconf 91' lang='lat' dir='ltr'><strong>dulci</strong></span> <span class='ocrx_word' id='word_1_260' title='bbox 1704 2068 1795 2108; x_wconf 90' lang='lat' dir='ltr'><strong>re-</strong></span> 
     </span>
    </p>
   </div>
   <div class='ocr_carea' id='block_1_36' title="bbox 216 2134 1786 2208">
    <p class='ocr_par' dir='ltr' id='par_1_36' title="bbox 216 2134 1786 2208">
     <span class='ocr_line' id='line_1_36' title="bbox 216 2134 1786 2208; baseline 0.008 -22"><span class='ocrx_word' id='word_1_261' title='bbox 216 2134 516 2190; x_wconf 86' lang='lat' dir='ltr'><strong>cordatione</strong></span> <span class='ocrx_word' id='word_1_262' title='bbox 561 2137 799 2193; x_wconf 90' lang='lat' dir='ltr'><strong>animata</strong></span> <span class='ocrx_word' id='word_1_263' title='bbox 863 2148 917 2195; x_wconf 91' lang='lat' dir='ltr'><strong>et</strong></span> <span class='ocrx_word' id='word_1_264' title='bbox 970 2141 1287 2208; x_wconf 88' lang='lat' dir='ltr'><strong>consolata,</strong></span> <span class='ocrx_word' id='word_1_265' title='bbox 1347 2158 1443 2197; x_wconf 90' lang='lat' dir='ltr'><strong>ora</strong></span> <span class='ocrx_word' id='word_1_266' title='bbox 1496 2144 1786 2199; x_wconf 85' lang='lat' dir='ltr'><strong>Dominum</strong></span> 
     </span>
    </p>
   </div>
   <div class='ocr_carea' id='block_1_37' title="bbox 218 2229 1790 2301">
    <p class='ocr_par' dir='ltr' id='par_1_37' title="bbox 218 2229 1790 2301">
     <span class='ocr_line' id='line_1_37' title="bbox 218 2229 1790 2301; baseline 0.01 -26"><span class='ocrx_word' id='word_1_267' title='bbox 218 2232 372 2290; x_wconf 89' lang='lat' dir='ltr'><strong>tuum,</strong></span> <span class='ocrx_word' id='word_1_268' title='bbox 406 2241 506 2281; x_wconf 86' lang='lat' dir='ltr'><strong>ora</strong></span> <span class='ocrx_word' id='word_1_269' title='bbox 548 2229 861 2301; x_wconf 80' lang='lat' dir='ltr'><strong>Creatorem</strong></span> <span class='ocrx_word' id='word_1_270' title='bbox 908 2240 1078 2296; x_wconf 91' lang='lat' dir='ltr'><strong>tuum,</strong></span> <span class='ocrx_word' id='word_1_271' title='bbox 1112 2232 1305 2288; x_wconf 88' lang='lat' dir='ltr'><strong>invoca</strong></span> <span class='ocrx_word' id='word_1_272' title='bbox 1340 2250 1529 2289; x_wconf 90' lang='lat' dir='ltr'><strong>omnes</strong></span> <span class='ocrx_word' id='word_1_273' title='bbox 1569 2245 1790 2291; x_wconf 90' lang='lat' dir='ltr'><strong>sanctos</strong></span> 
     </span>
    </p>
   </div>
   <div class='ocr_carea' id='block_1_38' title="bbox 213 2312 1787 2393">
    <p class='ocr_par' dir='ltr' id='par_1_38' title="bbox 213 2312 1787 2393">
     <span class='ocr_line' id='line_1_38' title="bbox 213 2312 1787 2393; baseline 0.008 -26"><span class='ocrx_word' id='word_1_274' title='bbox 213 2312 335 2383; x_wconf 73' lang='lat' dir='ltr'><strong>ejus,</strong></span> <span class='ocrx_word' id='word_1_275' title='bbox 382 2325 444 2371; x_wconf 93' lang='lat' dir='ltr'><strong>ut</strong></span> <span class='ocrx_word' id='word_1_276' title='bbox 474 2316 570 2372; x_wconf 91' lang='lat' dir='ltr'><strong>tibi</strong></span> <span class='ocrx_word' id='word_1_277' title='bbox 600 2319 710 2374; x_wconf 84' lang='lat' dir='ltr'><strong>sint</strong></span> <span class='ocrx_word' id='word_1_278' title='bbox 750 2318 805 2374; x_wconf 92' lang='lat' dir='ltr'><strong>in</strong></span> <span class='ocrx_word' id='word_1_279' title='bbox 846 2320 1129 2385; x_wconf 72' lang='lat' dir='ltr'><strong>auxilium,</strong></span> <span class='ocrx_word' id='word_1_280' title='bbox 1173 2329 1440 2391; x_wconf 81' lang='lat' dir='ltr'><strong>quatenus</strong></span> <span class='ocrx_word' id='word_1_281' title='bbox 1477 2338 1573 2393; x_wconf 88' lang='lat' dir='ltr'><strong>per</strong></span> <span class='ocrx_word' id='word_1_282' title='bbox 1598 2340 1787 2380; x_wconf 91' lang='lat' dir='ltr'><strong>eorum</strong></span> 
     </span>
    </p>
   </div>
   <div class='ocr_carea' id='block_1_39' title="bbox 214 2405 1787 2481">
    <p class='ocr_par' dir='ltr' id='par_1_39' title="bbox 214 2405 1787 2481">
     <span class='ocr_line' id='line_1_39' title="bbox 214 2405 1787 2481; baseline 0.007 -21"><span class='ocrx_word' id='word_1_283' title='bbox 214 2405 656 2465; x_wconf 86' lang='lat' dir='ltr'><strong>intercessionem</strong></span> <span class='ocrx_word' id='word_1_284' title='bbox 711 2411 894 2481; x_wconf 90' lang='lat' dir='ltr'><strong>adjuta</strong></span> <span class='ocrx_word' id='word_1_285' title='bbox 950 2420 1004 2467; x_wconf 94' lang='lat' dir='ltr'><strong>et</strong></span> <span class='ocrx_word' id='word_1_286' title='bbox 1072 2413 1390 2481; x_wconf 89' lang='lat' dir='ltr'><strong>consolata,</strong></span> <span class='ocrx_word' id='word_1_287' title='bbox 1441 2415 1521 2470; x_wconf 91' lang='lat' dir='ltr'><strong>sic</strong></span> <span class='ocrx_word' id='word_1_288' title='bbox 1571 2414 1664 2470; x_wconf 92' lang='lat' dir='ltr'><strong>tibi</strong></span> <span class='ocrx_word' id='word_1_289' title='bbox 1734 2418 1787 2471; x_wconf 91' lang='lat' dir='ltr'><strong>in</strong></span> 
     </span>
    </p>
   </div>
   <div class='ocr_carea' id='block_1_40' title="bbox 213 2497 1783 2571">
    <p class='ocr_par' dir='ltr' id='par_1_40' title="bbox 213 2497 1783 2571">
     <span class='ocr_line' id='line_1_40' title="bbox 213 2497 1783 2571; baseline 0.006 -21"><span class='ocrx_word' id='word_1_290' title='bbox 213 2497 455 2562; x_wconf 72' lang='lat' dir='ltr'><strong>pnesenti</strong></span> <span class='ocrx_word' id='word_1_291' title='bbox 513 2500 926 2555; x_wconf 80' lang='lat' dir='ltr'><strong>conversatione</strong></span> <span class='ocrx_word' id='word_1_292' title='bbox 963 2501 1054 2571; x_wconf 87' lang='lat' dir='ltr'><strong>qui</strong></span> <span class='ocrx_word' id='word_1_293' title='bbox 1103 2511 1157 2557; x_wconf 89' lang='lat' dir='ltr'><strong>te</strong></span> <span class='ocrx_word' id='word_1_294' title='bbox 1210 2501 1339 2559; x_wconf 91' lang='lat' dir='ltr'><strong>fecit</strong></span> <span class='ocrx_word' id='word_1_295' title='bbox 1389 2506 1655 2561; x_wconf 89' lang='lat' dir='ltr'><strong>concedat</strong></span> <span class='ocrx_word' id='word_1_296' title='bbox 1701 2507 1783 2560; x_wconf 87' lang='lat' dir='ltr'><strong>vi-</strong></span> 
     </span>
    </p>
   </div>
   <div class='ocr_carea' id='block_1_41' title="bbox 213 2585 1786 2663">
    <p class='ocr_par' dir='ltr' id='par_1_41' title="bbox 213 2585 1786 2663">
     <span class='ocr_line' id='line_1_41' title="bbox 213 2585 1786 2663; baseline 0.011 -29"><span class='ocrx_word' id='word_1_297' title='bbox 213 2596 348 2647; x_wconf 88' lang='lat' dir='ltr'><strong>vere,</strong></span> <span class='ocrx_word' id='word_1_298' title='bbox 404 2592 528 2640; x_wconf 89' lang='lat' dir='ltr'><strong>tuas</strong></span> <span class='ocrx_word' id='word_1_299' title='bbox 566 2585 880 2657; x_wconf 81' lang='lat' dir='ltr'><strong>iniquitates</strong></span> <span class='ocrx_word' id='word_1_300' title='bbox 932 2604 1029 2659; x_wconf 86' lang='lat' dir='ltr'><strong>per</strong></span> <span class='ocrx_word' id='word_1_301' title='bbox 1072 2604 1260 2646; x_wconf 87' lang='lat' dir='ltr'><strong>veram</strong></span> <span class='ocrx_word' id='word_1_302' title='bbox 1304 2592 1677 2663; x_wconf 79' lang='lat' dir='ltr'><strong>pmnitentiam</strong></span> <span class='ocrx_word' id='word_1_303' title='bbox 1729 2604 1786 2651; x_wconf 91' lang='lat' dir='ltr'><strong>et</strong></span> 
     </span>
    </p>
   </div>
   <div class='ocr_carea' id='block_1_42' title="bbox 214 2674 1785 2755">
    <p class='ocr_par' dir='ltr' id='par_1_42' title="bbox 214 2674 1785 2755">
     <span class='ocr_line' id='line_1_42' title="bbox 214 2674 1785 2755; baseline 0.01 -28"><span class='ocrx_word' id='word_1_304' title='bbox 214 2674 598 2731; x_wconf 85' lang='lat' dir='ltr'><strong>confessionem</strong></span> <span class='ocrx_word' id='word_1_305' title='bbox 649 2678 929 2745; x_wconf 84' lang='lat' dir='ltr'><strong>mundare,</strong></span> <span class='ocrx_word' id='word_1_306' title='bbox 978 2691 1038 2735; x_wconf 92' lang='lat' dir='ltr'><strong>ut</strong></span> <span class='ocrx_word' id='word_1_307' title='bbox 1081 2681 1236 2737; x_wconf 87' lang='lat' dir='ltr'><strong>finito</strong></span> <span class='ocrx_word' id='word_1_308' title='bbox 1283 2684 1566 2754; x_wconf 86' lang='lat' dir='ltr'><strong>temporali</strong></span> <span class='ocrx_word' id='word_1_309' title='bbox 1598 2700 1785 2755; x_wconf 90' lang='lat' dir='ltr'><strong>cursu,</strong></span> 
     </span>
    </p>
   </div>
   <div class='ocr_carea' id='block_1_43' title="bbox 216 2765 1787 2847">
    <p class='ocr_par' dir='ltr' id='par_1_43' title="bbox 216 2765 1787 2847">
     <span class='ocr_line' id='line_1_43' title="bbox 216 2765 1787 2847; baseline 0.01 -28"><span class='ocrx_word' id='word_1_310' title='bbox 216 2765 272 2817; x_wconf 83' lang='lat' dir='ltr'><strong>ad</strong></span> <span class='ocrx_word' id='word_1_311' title='bbox 317 2774 520 2822; x_wconf 64' lang='lat' dir='ltr'><strong>aeterna</strong></span> <span class='ocrx_word' id='word_1_312' title='bbox 566 2769 759 2839; x_wconf 88' lang='lat' dir='ltr'><strong>gaudia</strong></span> <span class='ocrx_word' id='word_1_313' title='bbox 813 2771 1075 2828; x_wconf 88' lang='lat' dir='ltr'><strong>merearis</strong></span> <span class='ocrx_word' id='word_1_314' title='bbox 1121 2774 1439 2841; x_wconf 88' lang='lat' dir='ltr'><strong>ascendere,</strong></span> <span class='ocrx_word' id='word_1_315' title='bbox 1491 2787 1787 2847; x_wconf 66' lang='lat' dir='ltr'><strong>prazstante</strong></span> 
     </span>
    </p>
   </div>
   <div class='ocr_carea' id='block_1_44' title="bbox 216 2857 1781 2936">
    <p class='ocr_par' dir='ltr' id='par_1_44' title="bbox 216 2857 1781 2936">
     <span class='ocr_line' id='line_1_44' title="bbox 216 2857 1781 2936; baseline 0.008 -27"><span class='ocrx_word' id='word_1_316' title='bbox 216 2868 273 2908; x_wconf 87' lang='lat' dir='ltr'><strong>eo</strong></span> <span class='ocrx_word' id='word_1_317' title='bbox 315 2857 403 2926; x_wconf 93' lang='lat' dir='ltr'><strong>qui</strong></span> <span class='ocrx_word' id='word_1_318' title='bbox 451 2859 587 2915; x_wconf 86' lang='lat' dir='ltr'><strong>vivit</strong></span> <span class='ocrx_word' id='word_1_319' title='bbox 624 2868 682 2917; x_wconf 93' lang='lat' dir='ltr'><strong>et</strong></span> <span class='ocrx_word' id='word_1_320' title='bbox 732 2871 922 2933; x_wconf 81' lang='lat' dir='ltr'><strong>regnat</strong></span> <span class='ocrx_word' id='word_1_321' title='bbox 969 2863 1115 2920; x_wconf 87' lang='lat' dir='ltr'><strong>Deus</strong></span> <span class='ocrx_word' id='word_1_322' title='bbox 1161 2880 1261 2936; x_wconf 89' lang='lat' dir='ltr'><strong>per</strong></span> <span class='ocrx_word' id='word_1_323' title='bbox 1304 2873 1509 2922; x_wconf 60' lang='lat' dir='ltr'><strong>aeterna</strong></span> <span class='ocrx_word' id='word_1_324' title='bbox 1564 2868 1781 2924; x_wconf 67' lang='lat' dir='ltr'><strong>smcula.</strong></span> 
     </span>
    </p>
   </div>
   <div class='ocr_carea' id='block_1_45' title="bbox 214 2944 390 3003">
    <p class='ocr_par' dir='ltr' id='par_1_45' title="bbox 214 2944 390 3003">
     <span class='ocr_line' id='line_1_45' title="bbox 214 2944 390 3003; baseline 0.023 -4"><span class='ocrx_word' id='word_1_325' title='bbox 214 2944 390 3003; x_wconf 81' lang='lat' dir='ltr'><strong>Amen.</strong></span> 
     </span>
    </p>
   </div>
   <div class='ocr_carea' id='block_1_46' title="bbox 693 3038 1287 3100">
    <p class='ocr_par' dir='ltr' id='par_1_46' title="bbox 693 3038 1287 3100">
     <span class='ocr_line' id='line_1_46' title="bbox 693 3038 1287 3100; baseline 0.01 -5"><span class='ocrx_word' id='word_1_326' title='bbox 693 3038 1067 3100; x_wconf 80' lang='lat' dir='ltr'><strong>MEDITATIO</strong></span> <span class='ocrx_word' id='word_1_327' title='bbox 1115 3045 1156 3100; x_wconf 84' lang='lat' dir='ltr'><strong>V</strong></span> <span class='ocrx_word' id='word_1_328' title='bbox 1197 3044 1287 3100; x_wconf 72' lang='lat'><strong>“°.</strong></span> 
     </span>
    </p>
   </div>
   <div class='ocr_carea' id='block_1_47' title="bbox 218 3142 1781 3228">
    <p class='ocr_par' dir='ltr' id='par_1_47' title="bbox 218 3142 1781 3228">
     <span class='ocr_line' id='line_1_47' title="bbox 218 3142 1781 3228; baseline 0.01 -30"><span class='ocrx_word' id='word_1_329' title='bbox 218 3142 348 3228; x_wconf 66' lang='lat' dir='ltr'><strong>Unde</strong></span> <span class='ocrx_word' id='word_1_330' title='bbox 389 3150 526 3228; x_wconf 71' lang='lat' dir='ltr'><strong>vivat</strong></span> <span class='ocrx_word' id='word_1_331' title='bbox 563 3152 780 3228; x_wconf 50' lang='lat' dir='ltr'><strong>animo,</strong></span> <span class='ocrx_word' id='word_1_332' title='bbox 802 3164 848 3228; x_wconf 71' lang='lat' dir='ltr'><strong>et</strong></span> <span class='ocrx_word' id='word_1_333' title='bbox 876 3156 1013 3228; x_wconf 69' lang='lat' dir='ltr'><strong>unde</strong></span> <span class='ocrx_word' id='word_1_334' title='bbox 1038 3158 1171 3211; x_wconf 82' lang='lat' dir='ltr'><strong>vivat</strong></span> <span class='ocrx_word' id='word_1_335' title='bbox 1208 3174 1330 3228; x_wconf 76' lang='lat' dir='ltr'><strong>curo</strong></span> <span class='ocrx_word' id='word_1_336' title='bbox 1362 3173 1380 3211; x_wconf 91' lang='lat'><strong><em>:</em></strong></span> <span class='ocrx_word' id='word_1_337' title='bbox 1421 3167 1469 3212; x_wconf 85' lang='lat' dir='ltr'><strong>et</strong></span> <span class='ocrx_word' id='word_1_338' title='bbox 1505 3159 1571 3212; x_wconf 83' lang='lat' dir='ltr'><strong>de</strong></span> <span class='ocrx_word' id='word_1_339' title='bbox 1611 3159 1781 3228; x_wconf 82' lang='lat' dir='ltr'><strong>gloria</strong></span> 
     </span>
    </p>
   </div>
   <div class='ocr_carea' id='block_1_48' title="bbox 277 3205 1853 3299">
    <p class='ocr_par' dir='ltr' id='par_1_48' title="bbox 277 3205 1853 3299">
     <span class='ocr_line' id='line_1_48' title="bbox 277 3205 1853 3299; baseline 0.01 -30"><span class='ocrx_word' id='word_1_340' title='bbox 277 3219 414 3272; x_wconf 73' lang='lat' dir='ltr'><strong>bouw</strong></span> <span class='ocrx_word' id='word_1_341' title='bbox 437 3222 654 3299; x_wconf 66' lang='lat' dir='ltr'><strong>animm,</strong></span> <span class='ocrx_word' id='word_1_342' title='bbox 677 3205 816 3279; x_wconf 65' lang='lat' dir='ltr'><strong>etde</strong></span> <span class='ocrx_word' id='word_1_343' title='bbox 832 3205 1323 3294; x_wconf 58' lang='lat' dir='ltr'><strong>&#39;mbiée&#39;</strong></span> <span class='ocrx_word' id='word_1_344' title='bbox 1340 3205 1783 3299; x_wconf 48' lang='lat' dir='ltr'><strong>animt;</strong></span> <span class='ocrx_word' id='word_1_345' title='bbox 1811 3205 1853 3262; x_wconf 65' lang='grc' dir='ltr'><strong>Ο</strong></span> 
     </span>
    </p>
   </div>
   <div class='ocr_carea' id='block_1_49' title="bbox 273 3290 818 3362">
    <p class='ocr_par' dir='ltr' id='par_1_49' title="bbox 273 3290 818 3362">
     <span class='ocr_line' id='line_1_49' title="bbox 273 3290 818 3362; baseline 0.013 -22"><span class='ocrx_word' id='word_1_346' title='bbox 273 3300 447 3343; x_wconf 71' lang='lat' dir='ltr'><strong>exeunt</strong></span> <span class='ocrx_word' id='word_1_347' title='bbox 477 3290 548 3345; x_wconf 87' lang='lat' dir='ltr'><strong>de</strong></span> <span class='ocrx_word' id='word_1_348' title='bbox 581 3307 640 3345; x_wconf 87' lang='lat' dir='ltr'><strong>co</strong></span> <span class='ocrx_word' id='word_1_349' title='bbox 649 3309 818 3362; x_wconf 84' lang='lat' dir='ltr'><strong>rpore.</strong></span> 
     </span>
    </p>
   </div>
   <div class='ocr_carea' id='block_1_50' title="bbox 273 3396 1781 3483">
    <p class='ocr_par' dir='ltr' id='par_1_50' title="bbox 273 3396 1781 3483">
     <span class='ocr_line' id='line_1_50' title="bbox 273 3396 1781 3483; baseline 0.009 -26"><span class='ocrx_word' id='word_1_350' title='bbox 273 3404 395 3462; x_wconf 85' lang='lat' dir='ltr'><strong>Dum</strong></span> <span class='ocrx_word' id='word_1_351' title='bbox 434 3396 621 3464; x_wconf 82' lang='lat' dir='ltr'><strong>anima</strong></span> <span class='ocrx_word' id='word_1_352' title='bbox 648 3420 830 3467; x_wconf 87' lang='lat' dir='ltr'><strong>manet</strong></span> <span class='ocrx_word' id='word_1_353' title='bbox 862 3410 932 3443; x_wconf 67' lang='grc'><strong>⁸⁵⁸</strong></span> <span class='ocrx_word' id='word_1_354' title='bbox 965 3412 1017 3466; x_wconf 92' lang='lat' dir='ltr'><strong>in</strong></span> <span class='ocrx_word' id='word_1_355' title='bbox 1046 3427 1295 3483; x_wconf 90' lang='lat' dir='ltr'><strong>corpore,</strong></span> <span class='ocrx_word' id='word_1_356' title='bbox 1327 3414 1460 3469; x_wconf 86' lang='lat' dir='ltr'><strong>vivit</strong></span> <span class='ocrx_word' id='word_1_357' title='bbox 1499 3415 1661 3469; x_wconf 89' lang='lat' dir='ltr'><strong>homo</strong></span> <span class='ocrx_word' id='word_1_358' title='bbox 1691 3431 1781 3470; x_wconf 90' lang='lat' dir='ltr'><strong>se-</strong></span> 
     </span>
    </p>
   </div>
   <div class='ocr_carea' id='block_1_51' title="bbox 212 3497 1779 3572">
    <p class='ocr_par' dir='ltr' id='par_1_51' title="bbox 212 3497 1779 3572">
     <span class='ocr_line' id='line_1_51' title="bbox 212 3497 1779 3572; baseline 0.008 -24"><span class='ocrx_word' id='word_1_359' title='bbox 212 3497 422 3554; x_wconf 83' lang='lat' dir='ltr'><strong>cundum</strong></span> <span class='ocrx_word' id='word_1_360' title='bbox 450 3515 678 3557; x_wconf 87' lang='lat' dir='ltr'><strong>carnem</strong></span> <span class='ocrx_word' id='word_1_361' title='bbox 712 3518 725 3557; x_wconf 86' lang='lat'><strong>:</strong></span> <span class='ocrx_word' id='word_1_362' title='bbox 755 3517 860 3572; x_wconf 90' lang='lat' dir='ltr'><strong>qua</strong></span> <span class='ocrx_word' id='word_1_363' title='bbox 890 3518 1107 3559; x_wconf 90' lang='lat' dir='ltr'><strong>carnem</strong></span> <span class='ocrx_word' id='word_1_364' title='bbox 1134 3505 1435 3569; x_wconf 85' lang='lat' dir='ltr'><strong>deserente,</strong></span> <span class='ocrx_word' id='word_1_365' title='bbox 1461 3507 1692 3561; x_wconf 89' lang='lat' dir='ltr'><strong>moritur</strong></span> <span class='ocrx_word' id='word_1_366' title='bbox 1711 3508 1779 3540; x_wconf 69' lang='grc'><strong>⁵³⁸</strong></span> 
     </span>
    </p>
   </div>
   <div class='ocr_carea' id='block_1_52' title="bbox 211 3592 1774 3660">
    <p class='ocr_par' dir='ltr' id='par_1_52' title="bbox 211 3592 1774 3660">
     <span class='ocr_line' id='line_1_52' title="bbox 211 3592 1774 3660; baseline 0.009 -21"><span class='ocrx_word' id='word_1_367' title='bbox 211 3592 479 3647; x_wconf 87' lang='lat' dir='ltr'><strong>secundum</strong></span> <span class='ocrx_word' id='word_1_368' title='bbox 513 3593 767 3648; x_wconf 90' lang='lat' dir='ltr'><strong>eamdem</strong></span> <span class='ocrx_word' id='word_1_369' title='bbox 792 3609 1033 3649; x_wconf 90' lang='lat' dir='ltr'><strong>carnem.</strong></span> <span class='ocrx_word' id='word_1_370' title='bbox 1066 3595 1193 3660; x_wconf 89' lang='lat' dir='ltr'><strong>Sed,</strong></span> <span class='ocrx_word' id='word_1_371' title='bbox 1225 3597 1364 3652; x_wconf 89' lang='lat' dir='ltr'><strong>sicut</strong></span> <span class='ocrx_word' id='word_1_372' title='bbox 1394 3598 1576 3653; x_wconf 88' lang='lat' dir='ltr'><strong>anima</strong></span> <span class='ocrx_word' id='word_1_373' title='bbox 1606 3599 1774 3653; x_wconf 88' lang='lat' dir='ltr'><strong>vitam</strong></span> 
     </span>
    </p>
   </div>
   <div class='ocr_carea' id='block_1_53' title="bbox 210 3681 1776 3758">
    <p class='ocr_par' dir='ltr' id='par_1_53' title="bbox 210 3681 1776 3758">
     <span class='ocr_line' id='line_1_53' title="bbox 210 3681 1776 3758; baseline 0.01 -29"><span class='ocrx_word' id='word_1_374' title='bbox 210 3681 339 3735; x_wconf 85' lang='lat' dir='ltr'><strong>carni</strong></span> <span class='ocrx_word' id='word_1_375' title='bbox 379 3683 594 3748; x_wconf 89' lang='lat' dir='ltr'><strong>tribuit,</strong></span> <span class='ocrx_word' id='word_1_376' title='bbox 642 3685 768 3738; x_wconf 92' lang='lat' dir='ltr'><strong>dum</strong></span> <span class='ocrx_word' id='word_1_377' title='bbox 809 3685 925 3755; x_wconf 88' lang='lat' dir='ltr'><strong>ipsa</strong></span> <span class='ocrx_word' id='word_1_378' title='bbox 963 3696 1146 3740; x_wconf 90' lang='lat' dir='ltr'><strong>manet</strong></span> <span class='ocrx_word' id='word_1_379' title='bbox 1184 3688 1237 3741; x_wconf 91' lang='lat' dir='ltr'><strong>in</strong></span> <span class='ocrx_word' id='word_1_380' title='bbox 1282 3703 1447 3743; x_wconf 90' lang='lat' dir='ltr'><strong>carne</strong></span> <span class='ocrx_word' id='word_1_381' title='bbox 1472 3730 1487 3754; x_wconf 93' lang='lat'><strong>,</strong></span> <span class='ocrx_word' id='word_1_382' title='bbox 1536 3690 1613 3744; x_wconf 90' lang='lat' dir='ltr'><strong>sic</strong></span> <span class='ocrx_word' id='word_1_383' title='bbox 1663 3690 1776 3758; x_wconf 88' lang='lat' dir='ltr'><strong>ipsa</strong></span> 
     </span>
    </p>
   </div>
   <div class='ocr_carea' id='block_1_54' title="bbox 211 3772 1775 3849">
    <p class='ocr_par' dir='ltr' id='par_1_54' title="bbox 211 3772 1775 3849">
     <span class='ocr_line' id='line_1_54' title="bbox 211 3772 1775 3849; baseline 0.01 -29"><span class='ocrx_word' id='word_1_384' title='bbox 211 3782 323 3824; x_wconf 84' lang='lat' dir='ltr'><strong>caro</strong></span> <span class='ocrx_word' id='word_1_385' title='bbox 350 3772 510 3829; x_wconf 90' lang='lat' dir='ltr'><strong>vitam</strong></span> <span class='ocrx_word' id='word_1_386' title='bbox 544 3772 732 3829; x_wconf 88' lang='lat' dir='ltr'><strong>tribuit</strong></span> <span class='ocrx_word' id='word_1_387' title='bbox 760 3776 972 3839; x_wconf 68' lang='lat' dir='ltr'><strong>animae,</strong></span> <span class='ocrx_word' id='word_1_388' title='bbox 997 3777 1122 3831; x_wconf 89' lang='lat' dir='ltr'><strong>dum</strong></span> <span class='ocrx_word' id='word_1_389' title='bbox 1153 3776 1266 3846; x_wconf 89' lang='lat' dir='ltr'><strong>ipsa</strong></span> <span class='ocrx_word' id='word_1_390' title='bbox 1293 3793 1423 3833; x_wconf 91' lang='lat' dir='ltr'><strong>caro</strong></span> <span class='ocrx_word' id='word_1_391' title='bbox 1452 3778 1582 3834; x_wconf 91' lang='lat' dir='ltr'><strong>facit</strong></span> <span class='ocrx_word' id='word_1_392' title='bbox 1609 3794 1775 3849; x_wconf 87' lang='lat' dir='ltr'><strong>opera</strong></span> 
     </span>
    </p>
   </div>
   <div class='ocr_carea' id='block_1_55' title="bbox 203 3856 1777 3936">
    <p class='ocr_par' dir='ltr' id='par_1_55' title="bbox 203 3856 1777 3936">
     <span class='ocr_line' id='line_1_55' title="bbox 203 3856 1777 3936; baseline 0.008 -24"><span class='ocrx_word' id='word_1_393' title='bbox 203 3856 417 3924; x_wconf 76' lang='lat' dir='ltr'><strong>iustitiae.</strong></span> <span class='ocrx_word' id='word_1_394' title='bbox 452 3865 602 3936; x_wconf 85' lang='lat' dir='ltr'><strong>Ergo</strong></span> <span class='ocrx_word' id='word_1_395' title='bbox 651 3867 753 3921; x_wconf 86' lang='lat' dir='ltr'><strong>hoc</strong></span> <span class='ocrx_word' id='word_1_396' title='bbox 790 3868 950 3923; x_wconf 93' lang='lat' dir='ltr'><strong>modo</strong></span> <span class='ocrx_word' id='word_1_397' title='bbox 990 3868 1091 3922; x_wconf 91' lang='lat' dir='ltr'><strong>sibi</strong></span> <span class='ocrx_word' id='word_1_398' title='bbox 1137 3868 1364 3923; x_wconf 89' lang='lat' dir='ltr'><strong>invicem</strong></span> <span class='ocrx_word' id='word_1_399' title='bbox 1401 3869 1653 3924; x_wconf 89' lang='lat' dir='ltr'><strong>videntur</strong></span> <span class='ocrx_word' id='word_1_400' title='bbox 1680 3872 1777 3925; x_wconf 90' lang='lat' dir='ltr'><strong>tri-</strong></span> 
     </span>
    </p>
   </div>
   <div class='ocr_carea' id='block_1_56' title="bbox 209 3948 1773 4024">
    <p class='ocr_par' dir='ltr' id='par_1_56' title="bbox 209 3948 1773 4024">
     <span class='ocr_line' id='line_1_56' title="bbox 209 3948 1773 4024; baseline 0.01 -24"><span class='ocrx_word' id='word_1_401' title='bbox 209 3948 371 4019; x_wconf 88' lang='lat' dir='ltr'><strong>buere,</strong></span> <span class='ocrx_word' id='word_1_402' title='bbox 402 3967 454 4011; x_wconf 91' lang='lat' dir='ltr'><strong>et</strong></span> <span class='ocrx_word' id='word_1_403' title='bbox 482 3957 671 4012; x_wconf 87' lang='lat' dir='ltr'><strong>anima</strong></span> <span class='ocrx_word' id='word_1_404' title='bbox 702 3959 877 4024; x_wconf 90' lang='lat' dir='ltr'><strong>carni,</strong></span> <span class='ocrx_word' id='word_1_405' title='bbox 910 3966 965 4014; x_wconf 91' lang='lat' dir='ltr'><strong>et</strong></span> <span class='ocrx_word' id='word_1_406' title='bbox 984 3974 1114 4013; x_wconf 86' lang='lat' dir='ltr'><strong>caro</strong></span> <span class='ocrx_word' id='word_1_407' title='bbox 1140 3959 1369 4024; x_wconf 77' lang='lat' dir='ltr'><strong>animae;</strong></span> <span class='ocrx_word' id='word_1_408' title='bbox 1401 3968 1456 4013; x_wconf 93' lang='lat' dir='ltr'><strong>et</strong></span> <span class='ocrx_word' id='word_1_409' title='bbox 1484 3959 1564 4014; x_wconf 91' lang='lat' dir='ltr'><strong>sic</strong></span> <span class='ocrx_word' id='word_1_410' title='bbox 1592 3962 1773 4016; x_wconf 86' lang='lat' dir='ltr'><strong>anima</strong></span> 
     </span>
    </p>
   </div>
   <div class='ocr_carea' id='block_1_57' title="bbox 208 4049 1772 4119">
    <p class='ocr_par' dir='ltr' id='par_1_57' title="bbox 208 4049 1772 4119">
     <span class='ocr_line' id='line_1_57' title="bbox 208 4049 1772 4119; baseline 0.007 -24"><span class='ocrx_word' id='word_1_411' title='bbox 208 4052 312 4095; x_wconf 78' lang='lat' dir='ltr'><strong>cum</strong></span> <span class='ocrx_word' id='word_1_412' title='bbox 340 4060 498 4102; x_wconf 89' lang='lat' dir='ltr'><strong>carne</strong></span> <span class='ocrx_word' id='word_1_413' title='bbox 547 4057 830 4117; x_wconf 90' lang='lat' dir='ltr'><strong>operante,</strong></span> <span class='ocrx_word' id='word_1_414' title='bbox 866 4049 1157 4119; x_wconf 87' lang='lat' dir='ltr'><strong>acquirunt</strong></span> <span class='ocrx_word' id='word_1_415' title='bbox 1197 4049 1300 4104; x_wconf 89' lang='lat' dir='ltr'><strong>sibi</strong></span> <span class='ocrx_word' id='word_1_416' title='bbox 1332 4049 1561 4105; x_wconf 92' lang='lat' dir='ltr'><strong>invicem</strong></span> <span class='ocrx_word' id='word_1_417' title='bbox 1606 4052 1772 4106; x_wconf 90' lang='lat' dir='ltr'><strong>vitam</strong></span> 
     </span>
    </p>
   </div>
   <div class='ocr_carea' id='block_1_58' title="bbox 206 4143 1771 4216">
    <p class='ocr_par' dir='ltr' id='par_1_58' title="bbox 206 4143 1771 4216">
     <span class='ocr_line' id='line_1_58' title="bbox 206 4143 1771 4216; baseline 0.003 -17"><span class='ocrx_word' id='word_1_418' title='bbox 206 4145 449 4207; x_wconf 69' lang='lat' dir='ltr'><strong>Perpetua:</strong></span> <span class='ocrx_word' id='word_1_419' title='bbox 477 4144 629 4198; x_wconf 63' lang='lat' dir='ltr'><strong>vitaz.</strong></span> <span class='ocrx_word' id='word_1_420' title='bbox 666 4143 772 4199; x_wconf 85' lang='lat' dir='ltr'><strong>Sed</strong></span> <span class='ocrx_word' id='word_1_421' title='bbox 802 4144 945 4200; x_wconf 86' lang='lat' dir='ltr'><strong>illam</strong></span> <span class='ocrx_word' id='word_1_422' title='bbox 972 4146 1139 4201; x_wconf 91' lang='lat' dir='ltr'><strong>vitam</strong></span> <span class='ocrx_word' id='word_1_423' title='bbox 1178 4160 1301 4201; x_wconf 79' lang='lat' dir='ltr'><strong>mox</strong></span> <span class='ocrx_word' id='word_1_424' title='bbox 1336 4146 1565 4216; x_wconf 91' lang='lat' dir='ltr'><strong>percipit</strong></span> <span class='ocrx_word' id='word_1_425' title='bbox 1590 4148 1771 4203; x_wconf 90' lang='lat' dir='ltr'><strong>anima</strong></span> 
     </span>
    </p>
   </div>
   <div class='ocr_carea' id='block_1_59' title="bbox 206 4237 1769 4309">
    <p class='ocr_par' dir='ltr' id='par_1_59' title="bbox 206 4237 1769 4309">
     <span class='ocr_line' id='line_1_59' title="bbox 206 4237 1769 4309; baseline 0.011 -32"><span class='ocrx_word' id='word_1_426' title='bbox 206 4237 343 4284; x_wconf 76' lang='lat' dir='ltr'><strong>exuta</strong></span> <span class='ocrx_word' id='word_1_427' title='bbox 363 4248 550 4303; x_wconf 83' lang='lat' dir='ltr'><strong>carne,</strong></span> <span class='ocrx_word' id='word_1_428' title='bbox 576 4252 739 4306; x_wconf 86' lang='lat' dir='ltr'><strong>quam</strong></span> <span class='ocrx_word' id='word_1_429' title='bbox 762 4252 890 4292; x_wconf 92' lang='lat' dir='ltr'><strong>caro</strong></span> <span class='ocrx_word' id='word_1_430' title='bbox 912 4253 1033 4293; x_wconf 92' lang='lat' dir='ltr'><strong>cum</strong></span> <span class='ocrx_word' id='word_1_431' title='bbox 1058 4238 1238 4293; x_wconf 89' lang='lat' dir='ltr'><strong>anima</strong></span> <span class='ocrx_word' id='word_1_432' title='bbox 1262 4247 1581 4309; x_wconf 86' lang='lat' dir='ltr'><strong>perceptura</strong></span> <span class='ocrx_word' id='word_1_433' title='bbox 1609 4248 1693 4294; x_wconf 90' lang='lat' dir='ltr'><strong>est</strong></span> <span class='ocrx_word' id='word_1_434' title='bbox 1718 4241 1769 4294; x_wconf 92' lang='lat' dir='ltr'><strong>in</strong></span> 
     </span>
    </p>
   </div>
   <div class='ocr_carea' id='block_1_60' title="bbox 208 4326 1773 4397">
    <p class='ocr_par' dir='ltr' id='par_1_60' title="bbox 208 4326 1773 4397">
     <span class='ocr_line' id='line_1_60' title="bbox 208 4326 1773 4397; baseline 0.012 -30"><span class='ocrx_word' id='word_1_435' title='bbox 208 4326 587 4381; x_wconf 89' lang='lat' dir='ltr'><strong>resurrectione</strong></span> <span class='ocrx_word' id='word_1_436' title='bbox 617 4326 670 4380; x_wconf 92' lang='lat' dir='ltr'><strong>in</strong></span> <span class='ocrx_word' id='word_1_437' title='bbox 701 4327 994 4381; x_wconf 89' lang='lat' dir='ltr'><strong>novissimo</strong></span> <span class='ocrx_word' id='word_1_438' title='bbox 1017 4328 1123 4382; x_wconf 91' lang='lat' dir='ltr'><strong>die.</strong></span> <span class='ocrx_word' id='word_1_439' title='bbox 1154 4327 1320 4397; x_wconf 87' lang='lat' dir='ltr'><strong>Ergo,</strong></span> <span class='ocrx_word' id='word_1_440' title='bbox 1347 4329 1527 4383; x_wconf 89' lang='lat' dir='ltr'><strong>anima</strong></span> <span class='ocrx_word' id='word_1_441' title='bbox 1555 4344 1695 4390; x_wconf 89' lang='lat' dir='ltr'><strong>mea.</strong></span> <span class='ocrx_word' id='word_1_442' title='bbox 1717 4340 1773 4385; x_wconf 92' lang='lat' dir='ltr'><strong>ct</strong></span> 
     </span>
    </p>
   </div>
   <div class='ocr_carea' id='block_1_61' title="bbox 207 4416 1766 4489">
    <p class='ocr_par' dir='ltr' id='par_1_61' title="bbox 207 4416 1766 4489">
     <span class='ocr_line' id='line_1_61' title="bbox 207 4416 1766 4489; baseline 0.008 -27"><span class='ocrx_word' id='word_1_443' title='bbox 207 4417 333 4473; x_wconf 76' lang='lat' dir='ltr'><strong>caro,</strong></span> <span class='ocrx_word' id='word_1_444' title='bbox 362 4417 632 4471; x_wconf 83' lang='lat' dir='ltr'><strong>exsultate</strong></span> <span class='ocrx_word' id='word_1_445' title='bbox 660 4416 713 4471; x_wconf 93' lang='lat' dir='ltr'><strong>in</strong></span> <span class='ocrx_word' id='word_1_446' title='bbox 737 4416 811 4447; x_wconf 77' lang='lat'><strong>“&#39;</strong></span> <span class='ocrx_word' id='word_1_447' title='bbox 840 4417 1008 4471; x_wconf 89' lang='lat' dir='ltr'><strong>Deum</strong></span> <span class='ocrx_word' id='word_1_448' title='bbox 1034 4417 1213 4471; x_wconf 91' lang='lat' dir='ltr'><strong>vivum</strong></span> <span class='ocrx_word' id='word_1_449' title='bbox 1240 4417 1413 4489; x_wconf 83' lang='lat' dir='ltr'><strong>(Psal.</strong></span> <span class='ocrx_word' id='word_1_450' title='bbox 1440 4434 1669 4483; x_wconf 78' lang='lat' dir='ltr'><strong>Lxxxm,</strong></span> <span class='ocrx_word' id='word_1_451' title='bbox 1689 4420 1766 4488; x_wconf 84' lang='lat'><strong>&#39;5),</strong></span> 
     </span>
    </p>
   </div>
   <div class='ocr_carea' id='block_1_62' title="bbox 206 4502 1766 4574">
    <p class='ocr_par' dir='ltr' id='par_1_62' title="bbox 206 4502 1766 4574">
     <span class='ocr_line' id='line_1_62' title="bbox 206 4502 1766 4574; baseline 0.009 -22"><span class='ocrx_word' id='word_1_452' title='bbox 206 4502 419 4559; x_wconf 74' lang='lat' dir='ltr'><strong>accedite</strong></span> <span class='ocrx_word' id='word_1_453' title='bbox 451 4508 515 4561; x_wconf 90' lang='lat' dir='ltr'><strong>ad</strong></span> <span class='ocrx_word' id='word_1_454' title='bbox 563 4507 730 4563; x_wconf 87' lang='lat' dir='ltr'><strong>Deum</strong></span> <span class='ocrx_word' id='word_1_455' title='bbox 776 4508 1090 4564; x_wconf 88' lang='lat' dir='ltr'><strong>Creatorem</strong></span> <span class='ocrx_word' id='word_1_456' title='bbox 1124 4518 1385 4574; x_wconf 75' lang='lat' dir='ltr'><strong>vostrum,</strong></span> <span class='ocrx_word' id='word_1_457' title='bbox 1426 4511 1669 4567; x_wconf 88' lang='lat' dir='ltr'><strong>accedite</strong></span> <span class='ocrx_word' id='word_1_458' title='bbox 1711 4521 1766 4566; x_wconf 94' lang='lat' dir='ltr'><strong>ct</strong></span> 
     </span>
    </p>
   </div>
   <div class='ocr_carea' id='block_1_63' title="bbox 206 4584 1761 4668">
    <p class='ocr_par' dir='ltr' id='par_1_63' title="bbox 206 4584 1761 4668">
     <span class='ocr_line' id='line_1_63' title="bbox 206 4584 1761 4668; baseline 0.01 -29"><span class='ocrx_word' id='word_1_459' title='bbox 206 4584 559 4651; x_wconf 88' lang='lat' dir='ltr'><strong>illuminamini</strong></span> <span class='ocrx_word' id='word_1_460' title='bbox 603 4596 775 4668; x_wconf 84' lang='lat' dir='ltr'><strong>(Psal.</strong></span> <span class='ocrx_word' id='word_1_461' title='bbox 809 4614 1004 4663; x_wconf 66' lang='grc' dir='ltr'>χχχιιι,</span> <span class='ocrx_word' id='word_1_462' title='bbox 1044 4598 1122 4667; x_wconf 84' lang='grc'><strong>6),</strong></span> <span class='ocrx_word' id='word_1_463' title='bbox 1168 4597 1362 4663; x_wconf 75' lang='lat' dir='ltr'><strong>etiam</strong></span> <span class='ocrx_word' id='word_1_464' title='bbox 1393 4599 1625 4668; x_wconf 86' lang='lat' dir='ltr'><strong>amplius</strong></span> <span class='ocrx_word' id='word_1_465' title='bbox 1655 4617 1761 4655; x_wconf 92' lang='lat' dir='ltr'><strong>non</strong></span> 
     </span>
    </p>
   </div>
   <div class='ocr_carea' id='block_1_64' title="bbox 206 4673 1762 4757">
    <p class='ocr_par' dir='ltr' id='par_1_64' title="bbox 206 4673 1762 4757">
     <span class='ocr_line' id='line_1_64' title="bbox 206 4673 1762 4757; baseline 0.009 -28"><span class='ocrx_word' id='word_1_466' title='bbox 206 4673 395 4738; x_wconf 83' lang='lat' dir='ltr'><strong>faciatis</strong></span> <span class='ocrx_word' id='word_1_467' title='bbox 421 4686 564 4740; x_wconf 91' lang='lat' dir='ltr'><strong>unde</strong></span> <span class='ocrx_word' id='word_1_468' title='bbox 589 4687 956 4755; x_wconf 88' lang='lat' dir='ltr'><strong>erubescatis;</strong></span> <span class='ocrx_word' id='word_1_469' title='bbox 983 4688 1076 4743; x_wconf 93' lang='lat' dir='ltr'><strong>sed</strong></span> <span class='ocrx_word' id='word_1_470' title='bbox 1098 4701 1316 4752; x_wconf 89' lang='lat' dir='ltr'><strong>semper</strong></span> <span class='ocrx_word' id='word_1_471' title='bbox 1338 4702 1502 4757; x_wconf 87' lang='lat' dir='ltr'><strong>agere</strong></span> <span class='ocrx_word' id='word_1_472' title='bbox 1525 4688 1762 4750; x_wconf 85' lang='lat' dir='ltr'><strong>studcte,</strong></span> 
     </span>
    </p>
   </div>
   <div class='ocr_carea' id='block_1_65' title="bbox 208 4771 1765 4850">
    <p class='ocr_par' dir='ltr' id='par_1_65' title="bbox 208 4771 1765 4850">
     <span class='ocr_line' id='line_1_65' title="bbox 208 4771 1765 4850; baseline 0.01 -31"><span class='ocrx_word' id='word_1_473' title='bbox 208 4771 329 4829; x_wconf 88' lang='lat' dir='ltr'><strong>unde</strong></span> <span class='ocrx_word' id='word_1_474' title='bbox 349 4774 402 4830; x_wconf 89' lang='lat' dir='ltr'><strong>in</strong></span> <span class='ocrx_word' id='word_1_475' title='bbox 420 4788 741 4848; x_wconf 89' lang='lat' dir='ltr'><strong>perpetuum</strong></span> <span class='ocrx_word' id='word_1_476' title='bbox 768 4779 838 4812; x_wconf 70' lang='grc'><strong>⁸⁸⁵</strong></span> <span class='ocrx_word' id='word_1_477' title='bbox 863 4780 1166 4850; x_wconf 88' lang='lat' dir='ltr'><strong>gaudeatis.</strong></span> <span class='ocrx_word' id='word_1_478' title='bbox 1200 4778 1400 4835; x_wconf 85' lang='lat' dir='ltr'><strong>Hortor</strong></span> <span class='ocrx_word' id='word_1_479' title='bbox 1421 4794 1536 4845; x_wconf 91' lang='lat' dir='ltr'><strong>vos,</strong></span> <span class='ocrx_word' id='word_1_480' title='bbox 1571 4794 1765 4834; x_wconf 88' lang='lat' dir='ltr'><strong>moneo</strong></span> 
     </span>
    </p>
   </div>
   <div class='ocr_carea' id='block_1_66' title="bbox 206 4869 1759 4946">
    <p class='ocr_par' dir='ltr' id='par_1_66' title="bbox 206 4869 1759 4946">
     <span class='ocr_line' id='line_1_66' title="bbox 206 4869 1759 4946; baseline 0.01 -35"><span class='ocrx_word' id='word_1_481' title='bbox 206 4873 305 4929; x_wconf 86' lang='lat' dir='ltr'><strong>vos,</strong></span> <span class='ocrx_word' id='word_1_482' title='bbox 340 4882 402 4922; x_wconf 92' lang='lat' dir='ltr'><strong>ne</strong></span> <span class='ocrx_word' id='word_1_483' title='bbox 427 4869 481 4924; x_wconf 91' lang='lat' dir='ltr'><strong>in</strong></span> <span class='ocrx_word' id='word_1_484' title='bbox 512 4886 742 4926; x_wconf 89' lang='lat' dir='ltr'><strong>vacuum</strong></span> <span class='ocrx_word' id='word_1_485' title='bbox 773 4872 1003 4946; x_wconf 78' lang='lat' dir='ltr'><strong>gratiam</strong></span> <span class='ocrx_word' id='word_1_486' title='bbox 1041 4872 1133 4928; x_wconf 90' lang='lat' dir='ltr'><strong>Dei</strong></span> <span class='ocrx_word' id='word_1_487' title='bbox 1167 4871 1329 4928; x_wconf 89' lang='lat' dir='ltr'><strong>modo</strong></span> <span class='ocrx_word' id='word_1_488' title='bbox 1368 4872 1642 4942; x_wconf 86' lang='lat' dir='ltr'><strong>recipiatis</strong></span> <span class='ocrx_word' id='word_1_489' title='bbox 1676 4873 1759 4943; x_wconf 89' lang='lat' dir='ltr'><strong>(II</strong></span> 
     </span>
    </p>
   </div>
   <div class='ocr_carea' id='block_1_67' title="bbox 1893 1956 3473 2033">
    <p class='ocr_par' dir='ltr' id='par_1_67' title="bbox 1893 1956 3473 2033">
     <span class='ocr_line' id='line_1_67' title="bbox 1893 1956 3473 2033; baseline 0.005 -24"><span class='ocrx_word' id='word_1_490' title='bbox 1893 1971 1990 2011; x_wconf 89' lang='lat' dir='ltr'><strong>vos</strong></span> <span class='ocrx_word' id='word_1_491' title='bbox 2009 1956 2192 2013; x_wconf 79' lang='lat' dir='ltr'><strong>laetitia</strong></span> <span class='ocrx_word' id='word_1_492' title='bbox 2232 1958 2583 2014; x_wconf 90' lang='lat' dir='ltr'><strong>inenarrabili</strong></span> <span class='ocrx_word' id='word_1_493' title='bbox 2608 1960 2951 2018; x_wconf 81' lang='lat' dir='ltr'><strong>exsultabitis</strong></span> <span class='ocrx_word' id='word_1_494' title='bbox 2978 1971 3032 2017; x_wconf 91' lang='lat' dir='ltr'><strong>et</strong></span> <span class='ocrx_word' id='word_1_495' title='bbox 3060 1964 3383 2033; x_wconf 85' lang='lat' dir='ltr'><strong>gaudebitis.</strong></span> <span class='ocrx_word' id='word_1_496' title='bbox 3418 1966 3473 2018; x_wconf 90' lang='lat' dir='ltr'><strong>lu</strong></span> 
     </span>
    </p>
   </div>
   <div class='ocr_carea' id='block_1_68' title="bbox 1895 2046 3471 2119">
    <p class='ocr_par' dir='ltr' id='par_1_68' title="bbox 1895 2046 3471 2119">
     <span class='ocr_line' id='line_1_68' title="bbox 1895 2046 3471 2119; baseline 0.006 -21"><span class='ocrx_word' id='word_1_497' title='bbox 1895 2046 2027 2115; x_wconf 89' lang='lat' dir='ltr'><strong>ipsis</strong></span> <span class='ocrx_word' id='word_1_498' title='bbox 2063 2048 2319 2117; x_wconf 83' lang='lat' dir='ltr'><strong>Operibus</strong></span> <span class='ocrx_word' id='word_1_499' title='bbox 2344 2049 2541 2103; x_wconf 90' lang='lat' dir='ltr'><strong>vestris</strong></span> <span class='ocrx_word' id='word_1_500' title='bbox 2579 2049 2650 2082; x_wconf 68' lang='grc'><strong>⁸⁵⁵⁸</strong></span> <span class='ocrx_word' id='word_1_501' title='bbox 2679 2049 2967 2119; x_wconf 83' lang='lat' dir='ltr'><strong>diligenter</strong></span> <span class='ocrx_word' id='word_1_502' title='bbox 2994 2052 3257 2107; x_wconf 89' lang='lat' dir='ltr'><strong>intendite</strong></span> <span class='ocrx_word' id='word_1_503' title='bbox 3293 2052 3383 2106; x_wconf 66' lang='lat'><strong>“9.</strong></span> <span class='ocrx_word' id='word_1_504' title='bbox 3412 2052 3471 2108; x_wconf 92' lang='lat' dir='ltr'><strong>Si</strong></span> 
     </span>
    </p>
   </div>
   <div class='ocr_carea' id='block_1_69' title="bbox 1891 2127 3482 2211">
    <p class='ocr_par' dir='ltr' id='par_1_69' title="bbox 1891 2127 3482 2211">
     <span class='ocr_line' id='line_1_69' title="bbox 1891 2127 3482 2211; baseline 0.004 -21"><span class='ocrx_word' id='word_1_505' title='bbox 1891 2150 2039 2190; x_wconf 85' lang='lat' dir='ltr'><strong>reeta</strong></span> <span class='ocrx_word' id='word_1_506' title='bbox 2066 2145 2193 2191; x_wconf 90' lang='lat' dir='ltr'><strong>sunt</strong></span> <span class='ocrx_word' id='word_1_507' title='bbox 2215 2145 2270 2191; x_wconf 88' lang='lat' dir='ltr'><strong>et</strong></span> <span class='ocrx_word' id='word_1_508' title='bbox 2301 2138 2409 2192; x_wconf 85' lang='lat' dir='ltr'><strong>Deo</strong></span> <span class='ocrx_word' id='word_1_509' title='bbox 2440 2138 2659 2208; x_wconf 91' lang='lat' dir='ltr'><strong>placita,</strong></span> <span class='ocrx_word' id='word_1_510' title='bbox 2704 2127 2966 2211; x_wconf 84' lang='lat' dir='ltr'><strong>gaudete;</strong></span> <span class='ocrx_word' id='word_1_511' title='bbox 3002 2140 3045 2194; x_wconf 89' lang='lat' dir='ltr'><strong>si</strong></span> <span class='ocrx_word' id='word_1_512' title='bbox 3076 2156 3238 2209; x_wconf 90' lang='lat' dir='ltr'><strong>prava</strong></span> <span class='ocrx_word' id='word_1_513' title='bbox 3275 2150 3327 2196; x_wconf 90' lang='lat' dir='ltr'><strong>et</strong></span> <span class='ocrx_word' id='word_1_514' title='bbox 3370 2142 3482 2197; x_wconf 90' lang='lat' dir='ltr'><strong>Deo</strong></span> 
     </span>
    </p>
   </div>
   <div class='ocr_carea' id='block_1_70' title="bbox 1892 2228 3477 2299">
    <p class='ocr_par' dir='ltr' id='par_1_70' title="bbox 1892 2228 3477 2299">
     <span class='ocr_line' id='line_1_70' title="bbox 1892 2228 3477 2299; baseline 0.004 -19"><span class='ocrx_word' id='word_1_515' title='bbox 1892 2241 1999 2281; x_wconf 89' lang='lat' dir='ltr'><strong>non</strong></span> <span class='ocrx_word' id='word_1_516' title='bbox 2032 2237 2274 2299; x_wconf 88' lang='lat' dir='ltr'><strong>accepta,</strong></span> <span class='ocrx_word' id='word_1_517' title='bbox 2316 2229 2476 2285; x_wconf 89' lang='lat' dir='ltr'><strong>citius</strong></span> <span class='ocrx_word' id='word_1_518' title='bbox 2514 2230 2788 2299; x_wconf 76' lang='lat' dir='ltr'><strong>corrigite.</strong></span> <span class='ocrx_word' id='word_1_519' title='bbox 2837 2228 2953 2284; x_wconf 84' lang='lat' dir='ltr'><strong>Non</strong></span> <span class='ocrx_word' id='word_1_520' title='bbox 3000 2231 3293 2287; x_wconf 91' lang='lat' dir='ltr'><strong>dormitent</strong></span> <span class='ocrx_word' id='word_1_521' title='bbox 3336 2234 3477 2288; x_wconf 91' lang='lat' dir='ltr'><strong>oculi</strong></span> 
     </span>
    </p>
   </div>
   <div class='ocr_carea' id='block_1_71' title="bbox 1889 2309 3480 2394">
    <p class='ocr_par' dir='ltr' id='par_1_71' title="bbox 1889 2309 3480 2394">
     <span class='ocr_line' id='line_1_71' title="bbox 1889 2309 3480 2394; baseline 0.004 -21"><span class='ocrx_word' id='word_1_522' title='bbox 1889 2320 2077 2383; x_wconf 86' lang='lat' dir='ltr'><strong>vestri,</strong></span> <span class='ocrx_word' id='word_1_523' title='bbox 2122 2334 2227 2373; x_wconf 91' lang='lat' dir='ltr'><strong>non</strong></span> <span class='ocrx_word' id='word_1_524' title='bbox 2277 2321 2549 2376; x_wconf 90' lang='lat' dir='ltr'><strong>dormiant</strong></span> <span class='ocrx_word' id='word_1_525' title='bbox 2587 2322 2857 2392; x_wconf 71' lang='lat' dir='ltr'><strong>palpebrae</strong></span> <span class='ocrx_word' id='word_1_526' title='bbox 2885 2309 3100 2378; x_wconf 71' lang='lat' dir='ltr'><strong>vestrm.</strong></span> <span class='ocrx_word' id='word_1_527' title='bbox 3151 2323 3351 2394; x_wconf 83' lang='lat' dir='ltr'><strong>Aperta</strong></span> <span class='ocrx_word' id='word_1_528' title='bbox 3398 2336 3480 2380; x_wconf 85' lang='lat' dir='ltr'><strong>est</strong></span> 
     </span>
    </p>
   </div>
   <div class='ocr_carea' id='block_1_72' title="bbox 1891 2406 3474 2482">
    <p class='ocr_par' dir='ltr' id='par_1_72' title="bbox 1891 2406 3474 2482">
     <span class='ocr_line' id='line_1_72' title="bbox 1891 2406 3474 2482; baseline 0.004 -21"><span class='ocrx_word' id='word_1_529' title='bbox 1891 2406 2044 2462; x_wconf 86' lang='lat' dir='ltr'><strong>fovea</strong></span> <span class='ocrx_word' id='word_1_530' title='bbox 2092 2409 2416 2477; x_wconf 84' lang='lat' dir='ltr'><strong>perditionis</strong></span> <span class='ocrx_word' id='word_1_531' title='bbox 2465 2425 2480 2464; x_wconf 90' lang='lat'><strong>:</strong></span> <span class='ocrx_word' id='word_1_532' title='bbox 2533 2410 2690 2464; x_wconf 88' lang='lat' dir='ltr'><strong>facile</strong></span> <span class='ocrx_word' id='word_1_533' title='bbox 2745 2411 2873 2466; x_wconf 92' lang='lat' dir='ltr'><strong>illuc</strong></span> <span class='ocrx_word' id='word_1_534' title='bbox 2912 2411 3134 2477; x_wconf 88' lang='lat' dir='ltr'><strong>labitur,</strong></span> <span class='ocrx_word' id='word_1_535' title='bbox 3180 2414 3270 2482; x_wconf 88' lang='lat' dir='ltr'><strong>qui</strong></span> <span class='ocrx_word' id='word_1_536' title='bbox 3312 2415 3474 2468; x_wconf 87' lang='lat' dir='ltr'><strong>modo</strong></span> 
     </span>
    </p>
   </div>
   <div class='ocr_carea' id='block_1_73' title="bbox 1888 2500 3479 2571">
    <p class='ocr_par' dir='ltr' id='par_1_73' title="bbox 1888 2500 3479 2571">
     <span class='ocr_line' id='line_1_73' title="bbox 1888 2500 3479 2571; baseline 0.002 -17"><span class='ocrx_word' id='word_1_537' title='bbox 1888 2508 2048 2554; x_wconf 88' lang='lat' dir='ltr'><strong>caute</strong></span> <span class='ocrx_word' id='word_1_538' title='bbox 2081 2514 2140 2554; x_wconf 90' lang='lat' dir='ltr'><strong>se</strong></span> <span class='ocrx_word' id='word_1_539' title='bbox 2172 2514 2276 2553; x_wconf 92' lang='lat' dir='ltr'><strong>non</strong></span> <span class='ocrx_word' id='word_1_540' title='bbox 2319 2500 2573 2554; x_wconf 91' lang='lat' dir='ltr'><strong>custodit.</strong></span> <span class='ocrx_word' id='word_1_541' title='bbox 2605 2500 2894 2555; x_wconf 80' lang='lat' dir='ltr'><strong>Peccatum</strong></span> <span class='ocrx_word' id='word_1_542' title='bbox 2935 2512 2991 2556; x_wconf 91' lang='lat' dir='ltr'><strong>et</strong></span> <span class='ocrx_word' id='word_1_543' title='bbox 3029 2503 3307 2571; x_wconf 82' lang='lat' dir='ltr'><strong>iniquitas,</strong></span> <span class='ocrx_word' id='word_1_544' title='bbox 3343 2504 3479 2558; x_wconf 84' lang='lat' dir='ltr'><strong>stul-</strong></span> 
     </span>
    </p>
   </div>
   <div class='ocr_carea' id='block_1_74' title="bbox 1890 2588 3476 2661">
    <p class='ocr_par' dir='ltr' id='par_1_74' title="bbox 1890 2588 3476 2661">
     <span class='ocr_line' id='line_1_74' title="bbox 1890 2588 3476 2661; baseline 0.003 -18"><span class='ocrx_word' id='word_1_545' title='bbox 1890 2598 2002 2644; x_wconf 90' lang='lat' dir='ltr'><strong>tum</strong></span> <span class='ocrx_word' id='word_1_546' title='bbox 2047 2598 2102 2643; x_wconf 88' lang='lat' dir='ltr'><strong>et</strong></span> <span class='ocrx_word' id='word_1_547' title='bbox 2130 2604 2351 2653; x_wconf 89' lang='lat' dir='ltr'><strong>vanum,</strong></span> <span class='ocrx_word' id='word_1_548' title='bbox 2384 2588 2541 2643; x_wconf 87' lang='lat' dir='ltr'><strong>facile</strong></span> <span class='ocrx_word' id='word_1_549' title='bbox 2571 2588 2730 2644; x_wconf 89' lang='lat' dir='ltr'><strong>modo</strong></span> <span class='ocrx_word' id='word_1_550' title='bbox 2770 2589 2893 2645; x_wconf 87' lang='lat' dir='ltr'><strong>illuc</strong></span> <span class='ocrx_word' id='word_1_551' title='bbox 2924 2589 3237 2660; x_wconf 90' lang='lat' dir='ltr'><strong>impellunt;</strong></span> <span class='ocrx_word' id='word_1_552' title='bbox 3284 2592 3335 2645; x_wconf 91' lang='lat' dir='ltr'><strong>in</strong></span> <span class='ocrx_word' id='word_1_553' title='bbox 3364 2608 3476 2661; x_wconf 91' lang='lat' dir='ltr'><strong>quo</strong></span> 
     </span>
    </p>
   </div>
   <div class='ocr_carea' id='block_1_75' title="bbox 1888 2677 3472 2749">
    <p class='ocr_par' dir='ltr' id='par_1_75' title="bbox 1888 2677 3472 2749">
     <span class='ocr_line' id='line_1_75' title="bbox 1888 2677 3472 2749; baseline 0.002 -16"><span class='ocrx_word' id='word_1_554' title='bbox 1888 2678 2055 2734; x_wconf 90' lang='lat' dir='ltr'><strong>semel</strong></span> <span class='ocrx_word' id='word_1_555' title='bbox 2101 2678 2341 2733; x_wconf 89' lang='lat' dir='ltr'><strong>immersi</strong></span> <span class='ocrx_word' id='word_1_556' title='bbox 2386 2677 2500 2747; x_wconf 89' lang='lat' dir='ltr'><strong>jam</strong></span> <span class='ocrx_word' id='word_1_557' title='bbox 2543 2693 2647 2731; x_wconf 91' lang='lat' dir='ltr'><strong>non</strong></span> <span class='ocrx_word' id='word_1_558' title='bbox 2693 2687 2986 2749; x_wconf 89' lang='lat' dir='ltr'><strong>resurgunt</strong></span> <span class='ocrx_word' id='word_1_559' title='bbox 3030 2679 3083 2733; x_wconf 91' lang='lat' dir='ltr'><strong>in</strong></span> <span class='ocrx_word' id='word_1_560' title='bbox 3127 2690 3472 2749; x_wconf 90' lang='lat' dir='ltr'><strong>perpetuum.</strong></span> 
     </span>
    </p>
   </div>
   <div class='ocr_carea' id='block_1_76' title="bbox 1890 2769 3477 2841">
    <p class='ocr_par' dir='ltr' id='par_1_76' title="bbox 1890 2769 3477 2841">
     <span class='ocr_line' id='line_1_76' title="bbox 1890 2769 3477 2841; baseline 0.002 -16"><span class='ocrx_word' id='word_1_561' title='bbox 1890 2770 2043 2825; x_wconf 87' lang='lat' dir='ltr'><strong>Sicut</strong></span> <span class='ocrx_word' id='word_1_562' title='bbox 2068 2770 2253 2840; x_wconf 89' lang='lat' dir='ltr'><strong>pravis</strong></span> <span class='ocrx_word' id='word_1_563' title='bbox 2282 2778 2338 2825; x_wconf 91' lang='lat' dir='ltr'><strong>et</strong></span> <span class='ocrx_word' id='word_1_564' title='bbox 2379 2769 2519 2823; x_wconf 88' lang='lat' dir='ltr'><strong>mala</strong></span> <span class='ocrx_word' id='word_1_565' title='bbox 2549 2769 2620 2801; x_wconf 73' lang='lat'><strong>”°</strong></span> <span class='ocrx_word' id='word_1_566' title='bbox 2641 2784 2857 2838; x_wconf 89' lang='lat' dir='ltr'><strong>semper</strong></span> <span class='ocrx_word' id='word_1_567' title='bbox 2877 2769 3223 2837; x_wconf 82' lang='lat' dir='ltr'><strong>facientibus,</strong></span> <span class='ocrx_word' id='word_1_568' title='bbox 3256 2781 3477 2841; x_wconf 89' lang='lat' dir='ltr'><strong>apertus</strong></span> 
     </span>
    </p>
   </div>
   <div class='ocr_carea' id='block_1_77' title="bbox 1888 2860 3477 2933">
    <p class='ocr_par' dir='ltr' id='par_1_77' title="bbox 1888 2860 3477 2933">
     <span class='ocr_line' id='line_1_77' title="bbox 1888 2860 3477 2933; baseline 0.004 -18"><span class='ocrx_word' id='word_1_569' title='bbox 1888 2870 1973 2915; x_wconf 91' lang='lat' dir='ltr'><strong>est</strong></span> <span class='ocrx_word' id='word_1_570' title='bbox 2000 2870 2236 2916; x_wconf 62' lang='lat' dir='ltr'><strong>internus</strong></span> <span class='ocrx_word' id='word_1_571' title='bbox 2260 2861 2543 2925; x_wconf 89' lang='lat' dir='ltr'><strong>interitus;</strong></span> <span class='ocrx_word' id='word_1_572' title='bbox 2570 2861 2651 2917; x_wconf 91' lang='lat' dir='ltr'><strong>sic</strong></span> <span class='ocrx_word' id='word_1_573' title='bbox 2680 2860 2859 2925; x_wconf 89' lang='lat' dir='ltr'><strong>bonis,</strong></span> <span class='ocrx_word' id='word_1_574' title='bbox 2885 2870 2942 2915; x_wconf 92' lang='lat' dir='ltr'><strong>et</strong></span> <span class='ocrx_word' id='word_1_575' title='bbox 2966 2862 3018 2916; x_wconf 94' lang='lat' dir='ltr'><strong>iu</strong></span> <span class='ocrx_word' id='word_1_576' title='bbox 3042 2863 3199 2918; x_wconf 88' lang='lat' dir='ltr'><strong>bonis</strong></span> <span class='ocrx_word' id='word_1_577' title='bbox 3221 2864 3477 2933; x_wconf 87' lang='lat' dir='ltr'><strong>operibus</strong></span> 
     </span>
    </p>
   </div>
   <div class='ocr_carea' id='block_1_78' title="bbox 1887 2953 3470 3023">
    <p class='ocr_par' dir='ltr' id='par_1_78' title="bbox 1887 2953 3470 3023">
     <span class='ocr_line' id='line_1_78' title="bbox 1887 2953 3470 3023; baseline 0.002 -16"><span class='ocrx_word' id='word_1_578' title='bbox 1887 2953 2381 3020; x_wconf 86' lang='lat' dir='ltr'><strong>perseverantibus,</strong></span> <span class='ocrx_word' id='word_1_579' title='bbox 2422 2962 2643 3023; x_wconf 90' lang='lat' dir='ltr'><strong>apertus</strong></span> <span class='ocrx_word' id='word_1_580' title='bbox 2683 2961 2769 3008; x_wconf 89' lang='lat' dir='ltr'><strong>est</strong></span> <span class='ocrx_word' id='word_1_581' title='bbox 2812 2953 3047 3023; x_wconf 88' lang='lat' dir='ltr'><strong>paradisi</strong></span> <span class='ocrx_word' id='word_1_582' title='bbox 3094 2955 3367 3019; x_wconf 89' lang='lat' dir='ltr'><strong>introitus,</strong></span> <span class='ocrx_word' id='word_1_583' title='bbox 3413 2957 3470 3011; x_wconf 90' lang='lat' dir='ltr'><strong>in</strong></span> 
     </span>
    </p>
   </div>
   <div class='ocr_carea' id='block_1_79' title="bbox 1886 3044 3476 3116">
    <p class='ocr_par' dir='ltr' id='par_1_79' title="bbox 1886 3044 3476 3116">
     <span class='ocr_line' id='line_1_79' title="bbox 1886 3044 3476 3116; baseline 0.003 -18"><span class='ocrx_word' id='word_1_584' title='bbox 1886 3060 1992 3115; x_wconf 88' lang='lat' dir='ltr'><strong>quo</strong></span> <span class='ocrx_word' id='word_1_585' title='bbox 2032 3045 2155 3114; x_wconf 85' lang='lat' dir='ltr'><strong>quis</strong></span> <span class='ocrx_word' id='word_1_586' title='bbox 2184 3045 2349 3099; x_wconf 91' lang='lat' dir='ltr'><strong>semel</strong></span> <span class='ocrx_word' id='word_1_587' title='bbox 2392 3044 2934 3116; x_wconf 72' lang='lat' dir='ltr'><strong>susceptusLsemper</strong></span> <span class='ocrx_word' id='word_1_588' title='bbox 2970 3054 3027 3101; x_wconf 90' lang='lat' dir='ltr'><strong>et</strong></span> <span class='ocrx_word' id='word_1_589' title='bbox 3071 3046 3125 3099; x_wconf 87' lang='lat' dir='ltr'><strong>iu</strong></span> <span class='ocrx_word' id='word_1_590' title='bbox 3158 3055 3476 3115; x_wconf 84' lang='lat' dir='ltr'><strong>perpetuum</strong></span> 
     </span>
    </p>
   </div>
   <div class='ocr_carea' id='block_1_80' title="bbox 1886 3133 3474 3206">
    <p class='ocr_par' dir='ltr' id='par_1_80' title="bbox 1886 3133 3474 3206">
     <span class='ocr_line' id='line_1_80' title="bbox 1886 3133 3474 3206; baseline 0.003 -19"><span class='ocrx_word' id='word_1_591' title='bbox 1886 3135 2127 3190; x_wconf 90' lang='lat' dir='ltr'><strong>manebit</strong></span> <span class='ocrx_word' id='word_1_592' title='bbox 2172 3134 2412 3206; x_wconf 89' lang='lat' dir='ltr'><strong>gaudens</strong></span> <span class='ocrx_word' id='word_1_593' title='bbox 2447 3143 2505 3189; x_wconf 90' lang='lat' dir='ltr'><strong>et</strong></span> <span class='ocrx_word' id='word_1_594' title='bbox 2549 3134 2724 3189; x_wconf 69' lang='lat' dir='ltr'><strong>laetus.</strong></span> <span class='ocrx_word' id='word_1_595' title='bbox 2776 3133 2891 3189; x_wconf 87' lang='lat' dir='ltr'><strong>Hoc</strong></span> <span class='ocrx_word' id='word_1_596' title='bbox 2935 3134 3093 3190; x_wconf 88' lang='lat' dir='ltr'><strong>modo</strong></span> <span class='ocrx_word' id='word_1_597' title='bbox 3128 3135 3199 3167; x_wconf 66' lang='lat' dir='ltr'><strong>m</strong></span> <span class='ocrx_word' id='word_1_598' title='bbox 3238 3145 3293 3190; x_wconf 90' lang='lat' dir='ltr'><strong>et</strong></span> <span class='ocrx_word' id='word_1_599' title='bbox 3335 3139 3474 3192; x_wconf 88' lang='lat' dir='ltr'><strong>bona</strong></span> 
     </span>
    </p>
   </div>
   <div class='ocr_carea' id='block_1_81' title="bbox 1884 3225 3472 3296">
    <p class='ocr_par' dir='ltr' id='par_1_81' title="bbox 1884 3225 3472 3296">
     <span class='ocr_line' id='line_1_81' title="bbox 1884 3225 3472 3296; baseline 0.002 -16"><span class='ocrx_word' id='word_1_600' title='bbox 1884 3238 2049 3296; x_wconf 88' lang='lat' dir='ltr'><strong>opera</strong></span> <span class='ocrx_word' id='word_1_601' title='bbox 2096 3226 2296 3280; x_wconf 90' lang='lat' dir='ltr'><strong>bonum</strong></span> <span class='ocrx_word' id='word_1_602' title='bbox 2347 3225 2564 3280; x_wconf 88' lang='lat' dir='ltr'><strong>elevant</strong></span> <span class='ocrx_word' id='word_1_603' title='bbox 2627 3241 2842 3281; x_wconf 91' lang='lat' dir='ltr'><strong>sursum</strong></span> <span class='ocrx_word' id='word_1_604' title='bbox 2896 3227 2949 3280; x_wconf 92' lang='lat' dir='ltr'><strong>in</strong></span> <span class='ocrx_word' id='word_1_605' title='bbox 3000 3226 3278 3281; x_wconf 84' lang='lat' dir='ltr'><strong>excelsum</strong></span> <span class='ocrx_word' id='word_1_606' title='bbox 3332 3230 3401 3260; x_wconf 66' lang='lat' dir='ltr'><strong><em>m</em></strong></span> <span class='ocrx_word' id='word_1_607' title='bbox 3454 3245 3472 3283; x_wconf 90' lang='lat'><strong>:</strong></span> 
     </span>
    </p>
   </div>
   <div class='ocr_carea' id='block_1_82' title="bbox 1885 3316 3472 3389">
    <p class='ocr_par' dir='ltr' id='par_1_82' title="bbox 1885 3316 3472 3389">
     <span class='ocr_line' id='line_1_82' title="bbox 1885 3316 3472 3389; baseline 0.003 -18"><span class='ocrx_word' id='word_1_608' title='bbox 1885 3326 1938 3372; x_wconf 90' lang='lat' dir='ltr'><strong>et</strong></span> <span class='ocrx_word' id='word_1_609' title='bbox 1995 3317 2133 3371; x_wconf 90' lang='lat' dir='ltr'><strong>mala</strong></span> <span class='ocrx_word' id='word_1_610' title='bbox 2185 3330 2351 3387; x_wconf 84' lang='lat' dir='ltr'><strong>Opera</strong></span> <span class='ocrx_word' id='word_1_611' title='bbox 2401 3316 2601 3370; x_wconf 91' lang='lat' dir='ltr'><strong>malum</strong></span> <span class='ocrx_word' id='word_1_612' title='bbox 2646 3316 2972 3387; x_wconf 88' lang='lat' dir='ltr'><strong>demergunt</strong></span> <span class='ocrx_word' id='word_1_613' title='bbox 3027 3318 3080 3373; x_wconf 91' lang='lat' dir='ltr'><strong>in</strong></span> <span class='ocrx_word' id='word_1_614' title='bbox 3144 3318 3472 3389; x_wconf 82' lang='lat' dir='ltr'><strong>profundum</strong></span> 
     </span>
    </p>
   </div>
   <div class='ocr_carea' id='block_1_83' title="bbox 1884 3408 2163 3462">
    <p class='ocr_par' dir='ltr' id='par_1_83' title="bbox 1884 3408 2163 3462">
     <span class='ocr_line' id='line_1_83' title="bbox 1884 3408 2163 3462; baseline 0 -1"><span class='ocrx_word' id='word_1_615' title='bbox 1884 3408 2163 3462; x_wconf 88' lang='lat' dir='ltr'><strong>deorsum.</strong></span> 
     </span>
    </p>
   </div>
   <div class='ocr_carea' id='block_1_84' title="bbox 1954 3495 3472 3570">
    <p class='ocr_par' dir='ltr' id='par_1_84' title="bbox 1954 3495 3472 3570">
     <span class='ocr_line' id='line_1_84' title="bbox 1954 3495 3472 3570; baseline 0.003 -18"><span class='ocrx_word' id='word_1_616' title='bbox 1954 3498 2060 3553; x_wconf 87' lang='lat' dir='ltr'><strong>Sed</strong></span> <span class='ocrx_word' id='word_1_617' title='bbox 2082 3495 2196 3565; x_wconf 85' lang='lat' dir='ltr'><strong>jam</strong></span> <span class='ocrx_word' id='word_1_618' title='bbox 2228 3512 2371 3553; x_wconf 90' lang='lat' dir='ltr'><strong>nunc</strong></span> <span class='ocrx_word' id='word_1_619' title='bbox 2417 3496 2709 3567; x_wconf 86' lang='lat' dir='ltr'><strong>diligenter</strong></span> <span class='ocrx_word' id='word_1_620' title='bbox 2739 3499 3041 3566; x_wconf 86' lang='lat' dir='ltr'><strong>videamus,</strong></span> <span class='ocrx_word' id='word_1_621' title='bbox 3082 3500 3127 3556; x_wconf 89' lang='lat' dir='ltr'><strong>si</strong></span> <span class='ocrx_word' id='word_1_622' title='bbox 3151 3498 3472 3570; x_wconf 84' lang='lat' dir='ltr'><strong>possumus,</strong></span> 
     </span>
    </p>
   </div>
   <div class='ocr_carea' id='block_1_85' title="bbox 1879 3587 3467 3663">
    <p class='ocr_par' dir='ltr' id='par_1_85' title="bbox 1879 3587 3467 3663">
     <span class='ocr_line' id='line_1_85' title="bbox 1879 3587 3467 3663; baseline 0.005 -22"><span class='ocrx_word' id='word_1_623' title='bbox 1879 3604 1988 3658; x_wconf 93' lang='lat' dir='ltr'><strong>quo</strong></span> <span class='ocrx_word' id='word_1_624' title='bbox 2005 3589 2194 3643; x_wconf 86' lang='lat' dir='ltr'><strong>ordine</strong></span> <span class='ocrx_word' id='word_1_625' title='bbox 2216 3587 2538 3659; x_wconf 78' lang='lat' dir='ltr'><strong>bona&#39;opera</strong></span> <span class='ocrx_word' id='word_1_626' title='bbox 2562 3590 2797 3644; x_wconf 88' lang='lat' dir='ltr'><strong>animam</strong></span> <span class='ocrx_word' id='word_1_627' title='bbox 2825 3591 2965 3647; x_wconf 92' lang='lat' dir='ltr'><strong>illius</strong></span> <span class='ocrx_word' id='word_1_628' title='bbox 3014 3592 3105 3663; x_wconf 91' lang='lat' dir='ltr'><strong>qui</strong></span> <span class='ocrx_word' id='word_1_629' title='bbox 3137 3593 3274 3649; x_wconf 88' lang='lat' dir='ltr'><strong>bene</strong></span> <span class='ocrx_word' id='word_1_630' title='bbox 3331 3595 3467 3649; x_wconf 76' lang='lat' dir='ltr'><strong>vixit</strong></span> 
     </span>
    </p>
   </div>
   <div class='ocr_carea' id='block_1_86' title="bbox 1879 3678 3465 3753">
    <p class='ocr_par' dir='ltr' id='par_1_86' title="bbox 1879 3678 3465 3753">
     <span class='ocr_line' id='line_1_86' title="bbox 1879 3678 3465 3753; baseline 0.004 -18"><span class='ocrx_word' id='word_1_631' title='bbox 1879 3681 2078 3735; x_wconf 90' lang='lat' dir='ltr'><strong>ducant</strong></span> <span class='ocrx_word' id='word_1_632' title='bbox 2106 3679 2159 3734; x_wconf 92' lang='lat' dir='ltr'><strong>in</strong></span> <span class='ocrx_word' id='word_1_633' title='bbox 2188 3678 2406 3747; x_wconf 74' lang='lat' dir='ltr'><strong>cmlum,</strong></span> <span class='ocrx_word' id='word_1_634' title='bbox 2432 3688 2486 3735; x_wconf 93' lang='lat' dir='ltr'><strong>et</strong></span> <span class='ocrx_word' id='word_1_635' title='bbox 2518 3680 2655 3735; x_wconf 89' lang='lat' dir='ltr'><strong>mala</strong></span> <span class='ocrx_word' id='word_1_636' title='bbox 2680 3696 2843 3752; x_wconf 81' lang='lat' dir='ltr'><strong>Opera</strong></span> <span class='ocrx_word' id='word_1_637' title='bbox 2887 3683 3125 3737; x_wconf 88' lang='lat' dir='ltr'><strong>animam</strong></span> <span class='ocrx_word' id='word_1_638' title='bbox 3156 3686 3465 3753; x_wconf 85' lang='lat' dir='ltr'><strong>peccatoris</strong></span> 
     </span>
    </p>
   </div>
   <div class='ocr_carea' id='block_1_87' title="bbox 1879 3772 3466 3845">
    <p class='ocr_par' dir='ltr' id='par_1_87' title="bbox 1879 3772 3466 3845">
     <span class='ocr_line' id='line_1_87' title="bbox 1879 3772 3466 3845; baseline 0.003 -19"><span class='ocrx_word' id='word_1_639' title='bbox 1879 3773 2099 3828; x_wconf 81' lang='lat' dir='ltr'><strong>trahant</strong></span> <span class='ocrx_word' id='word_1_640' title='bbox 2128 3772 2183 3827; x_wconf 89' lang='lat' dir='ltr'><strong>in</strong></span> <span class='ocrx_word' id='word_1_641' title='bbox 2215 3772 2505 3828; x_wconf 84' lang='lat' dir='ltr'><strong>infernum.</strong></span> <span class='ocrx_word' id='word_1_642' title='bbox 2541 3773 2736 3828; x_wconf 84' lang='lat' dir='ltr'><strong>Anima</strong></span> <span class='ocrx_word' id='word_1_643' title='bbox 2765 3790 2921 3845; x_wconf 89' lang='lat' dir='ltr'><strong>pura,</strong></span> <span class='ocrx_word' id='word_1_644' title='bbox 2942 3791 3065 3830; x_wconf 81' lang='lat' dir='ltr'><strong>mox</strong></span> <span class='ocrx_word' id='word_1_645' title='bbox 3089 3786 3147 3830; x_wconf 92' lang='lat' dir='ltr'><strong>ut</strong></span> <span class='ocrx_word' id='word_1_646' title='bbox 3167 3776 3401 3831; x_wconf 89' lang='lat' dir='ltr'><strong>discedit</strong></span> <span class='ocrx_word' id='word_1_647' title='bbox 3436 3792 3466 3830; x_wconf 94' lang='lat' dir='ltr'><strong>a</strong></span> 
     </span>
    </p>
   </div>
   <div class='ocr_carea' id='block_1_88' title="bbox 1876 3863 3462 3934">
    <p class='ocr_par' dir='ltr' id='par_1_88' title="bbox 1876 3863 3462 3934">
     <span class='ocr_line' id='line_1_88' title="bbox 1876 3863 3462 3934; baseline 0.003 -17"><span class='ocrx_word' id='word_1_648' title='bbox 1876 3879 2123 3932; x_wconf 85' lang='lat' dir='ltr'><strong>corpore,</strong></span> <span class='ocrx_word' id='word_1_649' title='bbox 2152 3864 2298 3918; x_wconf 87' lang='lat' dir='ltr'><strong>videt</strong></span> <span class='ocrx_word' id='word_1_650' title='bbox 2323 3863 2504 3918; x_wconf 90' lang='lat' dir='ltr'><strong>omnia</strong></span> <span class='ocrx_word' id='word_1_651' title='bbox 2531 3878 2695 3933; x_wconf 91' lang='lat' dir='ltr'><strong>opera</strong></span> <span class='ocrx_word' id='word_1_652' title='bbox 2716 3880 2809 3919; x_wconf 89' lang='lat' dir='ltr'><strong>sua</strong></span> <span class='ocrx_word' id='word_1_653' title='bbox 2833 3882 2848 3930; x_wconf 90' lang='lat'><strong>;</strong></span> <span class='ocrx_word' id='word_1_654' title='bbox 2882 3876 2935 3919; x_wconf 92' lang='lat' dir='ltr'><strong>et</strong></span> <span class='ocrx_word' id='word_1_655' title='bbox 2964 3867 3089 3934; x_wconf 91' lang='lat' dir='ltr'><strong>quia</strong></span> <span class='ocrx_word' id='word_1_656' title='bbox 3113 3868 3294 3921; x_wconf 83' lang='lat' dir='ltr'><strong>omnia</strong></span> <span class='ocrx_word' id='word_1_657' title='bbox 3317 3868 3462 3922; x_wconf 89' lang='lat' dir='ltr'><strong>bona</strong></span> 
     </span>
    </p>
   </div>
   <div class='ocr_carea' id='block_1_89' title="bbox 1875 3953 3461 4025">
    <p class='ocr_par' dir='ltr' id='par_1_89' title="bbox 1875 3953 3461 4025">
     <span class='ocr_line' id='line_1_89' title="bbox 1875 3953 3461 4025; baseline 0.003 -19"><span class='ocrx_word' id='word_1_658' title='bbox 1875 3953 2041 4018; x_wconf 88' lang='lat' dir='ltr'><strong>videt,</strong></span> <span class='ocrx_word' id='word_1_659' title='bbox 2071 3954 2266 4024; x_wconf 85' lang='lat' dir='ltr'><strong>gaudet</strong></span> <span class='ocrx_word' id='word_1_660' title='bbox 2306 3954 2657 4007; x_wconf 90' lang='lat' dir='ltr'><strong>inenarrabili</strong></span> <span class='ocrx_word' id='word_1_661' title='bbox 2702 3953 2908 4007; x_wconf 67' lang='lat' dir='ltr'><strong>laetitia.</strong></span> <span class='ocrx_word' id='word_1_662' title='bbox 2948 3954 3070 4008; x_wconf 78' lang='lat' dir='ltr'><strong>Mox</strong></span> <span class='ocrx_word' id='word_1_663' title='bbox 3100 3956 3299 4025; x_wconf 88' lang='lat' dir='ltr'><strong>accipit</strong></span> <span class='ocrx_word' id='word_1_664' title='bbox 3337 3972 3461 4010; x_wconf 91' lang='lat' dir='ltr'><strong>eam</strong></span> 
     </span>
    </p>
   </div>
   <div class='ocr_carea' id='block_1_90' title="bbox 1874 4041 3465 4113">
    <p class='ocr_par' dir='ltr' id='par_1_90' title="bbox 1874 4041 3465 4113">
     <span class='ocr_line' id='line_1_90' title="bbox 1874 4041 3465 4113; baseline 0.001 -15"><span class='ocrx_word' id='word_1_665' title='bbox 1874 4043 2122 4113; x_wconf 88' lang='lat' dir='ltr'><strong>angelus,</strong></span> <span class='ocrx_word' id='word_1_666' title='bbox 2151 4052 2206 4097; x_wconf 93' lang='lat' dir='ltr'><strong>et</strong></span> <span class='ocrx_word' id='word_1_667' title='bbox 2234 4044 2324 4112; x_wconf 92' lang='lat' dir='ltr'><strong>qui</strong></span> <span class='ocrx_word' id='word_1_668' title='bbox 2346 4043 2535 4097; x_wconf 90' lang='lat' dir='ltr'><strong>oculos</strong></span> <span class='ocrx_word' id='word_1_669' title='bbox 2562 4041 2679 4109; x_wconf 78' lang='lat' dir='ltr'><strong>ejus</strong></span> <span class='ocrx_word' id='word_1_670' title='bbox 2710 4044 2881 4097; x_wconf 91' lang='lat' dir='ltr'><strong>tenuit</strong></span> <span class='ocrx_word' id='word_1_671' title='bbox 2906 4059 2972 4098; x_wconf 91' lang='lat' dir='ltr'><strong>ne</strong></span> <span class='ocrx_word' id='word_1_672' title='bbox 3005 4044 3215 4098; x_wconf 89' lang='lat' dir='ltr'><strong>videret</strong></span> <span class='ocrx_word' id='word_1_673' title='bbox 3255 4045 3465 4099; x_wconf 89' lang='lat' dir='ltr'><strong>vanita-</strong></span> 
     </span>
    </p>
   </div>
   <div class='ocr_carea' id='block_1_91' title="bbox 1874 4132 3457 4203">
    <p class='ocr_par' dir='ltr' id='par_1_91' title="bbox 1874 4132 3457 4203">
     <span class='ocr_line' id='line_1_91' title="bbox 1874 4132 3457 4203; baseline 0.001 -15"><span class='ocrx_word' id='word_1_674' title='bbox 1874 4143 1980 4190; x_wconf 88' lang='lat' dir='ltr'><strong>tem</strong></span> <span class='ocrx_word' id='word_1_675' title='bbox 2006 4133 2098 4198; x_wconf 66' lang='lat'><strong>“3;</strong></span> <span class='ocrx_word' id='word_1_676' title='bbox 2128 4132 2470 4202; x_wconf 90' lang='lat' dir='ltr'><strong>amplectitur</strong></span> <span class='ocrx_word' id='word_1_677' title='bbox 2508 4147 2653 4198; x_wconf 89' lang='lat' dir='ltr'><strong>eam,</strong></span> <span class='ocrx_word' id='word_1_678' title='bbox 2693 4132 2784 4203; x_wconf 89' lang='lat' dir='ltr'><strong>qui</strong></span> <span class='ocrx_word' id='word_1_679' title='bbox 2814 4132 3090 4187; x_wconf 91' lang='lat' dir='ltr'><strong>obturavit</strong></span> <span class='ocrx_word' id='word_1_680' title='bbox 3130 4148 3293 4188; x_wconf 88' lang='lat' dir='ltr'><strong>aures</strong></span> <span class='ocrx_word' id='word_1_681' title='bbox 3336 4132 3457 4203; x_wconf 88' lang='lat' dir='ltr'><strong>ejus</strong></span> 
     </span>
    </p>
   </div>
   <div class='ocr_carea' id='block_1_92' title="bbox 1873 4223 3457 4294">
    <p class='ocr_par' dir='ltr' id='par_1_92' title="bbox 1873 4223 3457 4294">
     <span class='ocr_line' id='line_1_92' title="bbox 1873 4223 3457 4294; baseline -0.001 -14"><span class='ocrx_word' id='word_1_682' title='bbox 1873 4242 1939 4281; x_wconf 90' lang='lat' dir='ltr'><strong>ne</strong></span> <span class='ocrx_word' id='word_1_683' title='bbox 1971 4223 2184 4280; x_wconf 89' lang='lat' dir='ltr'><strong>audiret</strong></span> <span class='ocrx_word' id='word_1_684' title='bbox 2207 4223 2277 4256; x_wconf 64' lang='lat' dir='ltr'><em>m</em></span> <span class='ocrx_word' id='word_1_685' title='bbox 2304 4223 2675 4294; x_wconf 83' lang='lat' dir='ltr'><strong>iniquitatem;</strong></span> <span class='ocrx_word' id='word_1_686' title='bbox 2710 4224 2944 4294; x_wconf 83' lang='lat' dir='ltr'><strong>protegit</strong></span> <span class='ocrx_word' id='word_1_687' title='bbox 2965 4238 3107 4287; x_wconf 91' lang='lat' dir='ltr'><strong>eam,</strong></span> <span class='ocrx_word' id='word_1_688' title='bbox 3140 4224 3229 4293; x_wconf 91' lang='lat' dir='ltr'><strong>qui</strong></span> <span class='ocrx_word' id='word_1_689' title='bbox 3260 4234 3457 4279; x_wconf 71' lang='lat' dir='ltr'><strong>custo-</strong></span> 
     </span>
    </p>
   </div>
   <div class='ocr_carea' id='block_1_93' title="bbox 1871 4314 3461 4386">
    <p class='ocr_par' dir='ltr' id='par_1_93' title="bbox 1871 4314 3461 4386">
     <span class='ocr_line' id='line_1_93' title="bbox 1871 4314 3461 4386; baseline 0 -15"><span class='ocrx_word' id='word_1_690' title='bbox 1871 4317 2004 4371; x_wconf 87' lang='lat' dir='ltr'><strong>divit</strong></span> <span class='ocrx_word' id='word_1_691' title='bbox 2043 4331 2106 4370; x_wconf 90' lang='lat' dir='ltr'><strong>os</strong></span> <span class='ocrx_word' id='word_1_692' title='bbox 2143 4316 2280 4386; x_wconf 88' lang='lat' dir='ltr'><strong>ejus,</strong></span> <span class='ocrx_word' id='word_1_693' title='bbox 2321 4332 2389 4369; x_wconf 90' lang='lat' dir='ltr'><strong>ne</strong></span> <span class='ocrx_word' id='word_1_694' title='bbox 2436 4315 2749 4383; x_wconf 87' lang='lat' dir='ltr'><strong>loqueretur</strong></span> <span class='ocrx_word' id='word_1_695' title='bbox 2782 4314 3159 4380; x_wconf 89' lang='lat' dir='ltr'><strong>mendacium;</strong></span> <span class='ocrx_word' id='word_1_696' title='bbox 3190 4316 3461 4386; x_wconf 88' lang='lat' dir='ltr'><strong>aggaudet</strong></span> 
     </span>
    </p>
   </div>
   <div class='ocr_carea' id='block_1_94' title="bbox 1868 4405 3462 4480">
    <p class='ocr_par' dir='ltr' id='par_1_94' title="bbox 1868 4405 3462 4480">
     <span class='ocr_line' id='line_1_94' title="bbox 1868 4405 3462 4480; baseline -0.001 -16"><span class='ocrx_word' id='word_1_697' title='bbox 1868 4409 1941 4474; x_wconf 89' lang='lat' dir='ltr'><strong>ei,</strong></span> <span class='ocrx_word' id='word_1_698' title='bbox 1966 4408 2058 4480; x_wconf 92' lang='lat' dir='ltr'><strong>qui</strong></span> <span class='ocrx_word' id='word_1_699' title='bbox 2088 4424 2207 4463; x_wconf 87' lang='lat' dir='ltr'><strong>eam</strong></span> <span class='ocrx_word' id='word_1_700' title='bbox 2237 4405 2475 4478; x_wconf 86' lang='lat' dir='ltr'><strong>protexit</strong></span> <span class='ocrx_word' id='word_1_701' title='bbox 2507 4421 2572 4460; x_wconf 87' lang='lat' dir='ltr'><strong>ne</strong></span> <span class='ocrx_word' id='word_1_702' title='bbox 2600 4414 2847 4477; x_wconf 90' lang='lat' dir='ltr'><strong>peccaret</strong></span> <span class='ocrx_word' id='word_1_703' title='bbox 2883 4406 2935 4460; x_wconf 92' lang='lat' dir='ltr'><strong>in</strong></span> <span class='ocrx_word' id='word_1_704' title='bbox 2966 4421 3129 4461; x_wconf 90' lang='lat' dir='ltr'><strong>sensu</strong></span> <span class='ocrx_word' id='word_1_705' title='bbox 3171 4407 3462 4463; x_wconf 82' lang='lat' dir='ltr'><strong>olfaciendi</strong></span> 
     </span>
    </p>
   </div>
   <div class='ocr_carea' id='block_1_95' title="bbox 1873 4500 3463 4572">
    <p class='ocr_par' dir='ltr' id='par_1_95' title="bbox 1873 4500 3463 4572">
     <span class='ocr_line' id='line_1_95' title="bbox 1873 4500 3463 4572; baseline 0 -15"><span class='ocrx_word' id='word_1_706' title='bbox 1873 4504 1988 4558; x_wconf 91' lang='lat' dir='ltr'><strong>sive</strong></span> <span class='ocrx_word' id='word_1_707' title='bbox 2017 4502 2308 4572; x_wconf 84' lang='lat' dir='ltr'><strong>tangendi;</strong></span> <span class='ocrx_word' id='word_1_708' title='bbox 2355 4510 2411 4555; x_wconf 89' lang='lat' dir='ltr'><strong>et</strong></span> <span class='ocrx_word' id='word_1_709' title='bbox 2454 4500 2533 4555; x_wconf 90' lang='lat' dir='ltr'><strong>sic</strong></span> <span class='ocrx_word' id='word_1_710' title='bbox 2560 4516 2682 4554; x_wconf 87' lang='lat' dir='ltr'><strong>eam</strong></span> <span class='ocrx_word' id='word_1_711' title='bbox 2721 4515 2787 4553; x_wconf 81' lang='lat' dir='ltr'><strong>ex</strong></span> <span class='ocrx_word' id='word_1_712' title='bbox 2832 4500 2978 4554; x_wconf 89' lang='lat' dir='ltr'><strong>omni</strong></span> <span class='ocrx_word' id='word_1_713' title='bbox 3025 4511 3180 4571; x_wconf 89' lang='lat' dir='ltr'><strong>parte</strong></span> <span class='ocrx_word' id='word_1_714' title='bbox 3220 4502 3375 4557; x_wconf 51' lang='lat' dir='ltr'><strong>latus</strong></span> <span class='ocrx_word' id='word_1_715' title='bbox 3405 4512 3463 4557; x_wconf 85' lang='lat' dir='ltr'><strong>et</strong></span> 
     </span>
    </p>
   </div>
   <div class='ocr_carea' id='block_1_96' title="bbox 1874 4592 3454 4657">
    <p class='ocr_par' dir='ltr' id='par_1_96' title="bbox 1874 4592 3454 4657">
     <span class='ocr_line' id='line_1_96' title="bbox 1874 4592 3454 4657; baseline -0.001 -8"><span class='ocrx_word' id='word_1_716' title='bbox 1874 4594 2061 4649; x_wconf 81' lang='lat' dir='ltr'><strong>hilaris</strong></span> <span class='ocrx_word' id='word_1_717' title='bbox 2083 4593 2405 4654; x_wconf 87' lang='lat' dir='ltr'><strong>circumdat,</strong></span> <span class='ocrx_word' id='word_1_718' title='bbox 2425 4600 2479 4645; x_wconf 86' lang='lat' dir='ltr'><strong>et</strong></span> <span class='ocrx_word' id='word_1_719' title='bbox 2500 4600 2627 4646; x_wconf 89' lang='lat' dir='ltr'><strong>ante</strong></span> <span class='ocrx_word' id='word_1_720' title='bbox 2653 4592 2909 4645; x_wconf 86' lang='lat' dir='ltr'><strong>thronum</strong></span> <span class='ocrx_word' id='word_1_721' title='bbox 2934 4592 3198 4647; x_wconf 81' lang='lat' dir='ltr'><strong>claritatis</strong></span> <span class='ocrx_word' id='word_1_722' title='bbox 3225 4594 3454 4657; x_wconf 68' lang='lat' dir='ltr'><strong>divinas,</strong></span> 
     </span>
    </p>
   </div>
   <div class='ocr_carea' id='block_1_97' title="bbox 1871 4683 3453 4756">
    <p class='ocr_par' dir='ltr' id='par_1_97' title="bbox 1871 4683 3453 4756">
     <span class='ocr_line' id='line_1_97' title="bbox 1871 4683 3453 4756; baseline -0.002 -14"><span class='ocrx_word' id='word_1_723' title='bbox 1871 4688 1960 4742; x_wconf 90' lang='lat' dir='ltr'><strong>ubi</strong></span> <span class='ocrx_word' id='word_1_724' title='bbox 1987 4687 2104 4741; x_wconf 84' lang='lat' dir='ltr'><strong>sine</strong></span> <span class='ocrx_word' id='word_1_725' title='bbox 2129 4686 2236 4740; x_wconf 84' lang='lat' dir='ltr'><strong>line</strong></span> <span class='ocrx_word' id='word_1_726' title='bbox 2258 4685 2510 4756; x_wconf 87' lang='lat' dir='ltr'><strong>gaudeat,</strong></span> <span class='ocrx_word' id='word_1_727' title='bbox 2538 4684 2698 4739; x_wconf 85' lang='lat' dir='ltr'><strong>locat.</strong></span> <span class='ocrx_word' id='word_1_728' title='bbox 2728 4683 3038 4739; x_wconf 91' lang='lat' dir='ltr'><strong>Occurrunt</strong></span> <span class='ocrx_word' id='word_1_729' title='bbox 3061 4686 3107 4740; x_wconf 90' lang='lat' dir='ltr'><strong>ei</strong></span> <span class='ocrx_word' id='word_1_730' title='bbox 3139 4686 3228 4740; x_wconf 91' lang='lat' dir='ltr'><strong>alii</strong></span> <span class='ocrx_word' id='word_1_731' title='bbox 3255 4686 3453 4752; x_wconf 86' lang='lat' dir='ltr'><strong>angeli,</strong></span> 
     </span>
    </p>
   </div>
   <div class='ocr_carea' id='block_1_98' title="bbox 1871 4772 3455 4842">
    <p class='ocr_par' dir='ltr' id='par_1_98' title="bbox 1871 4772 3455 4842">
     <span class='ocr_line' id='line_1_98' title="bbox 1871 4772 3455 4842; baseline -0.001 -12"><span class='ocrx_word' id='word_1_732' title='bbox 1871 4774 1926 4830; x_wconf 83' lang='lat' dir='ltr'><strong>et</strong></span> <span class='ocrx_word' id='word_1_733' title='bbox 1967 4776 2057 4830; x_wconf 91' lang='lat' dir='ltr'><strong>alii</strong></span> <span class='ocrx_word' id='word_1_734' title='bbox 2108 4775 2302 4839; x_wconf 88' lang='lat' dir='ltr'><strong>sancti,</strong></span> <span class='ocrx_word' id='word_1_735' title='bbox 2356 4774 2449 4842; x_wconf 89' lang='lat' dir='ltr'><strong>qui</strong></span> <span class='ocrx_word' id='word_1_736' title='bbox 2493 4773 2565 4827; x_wconf 91' lang='lat' dir='ltr'><strong>ibi</strong></span> <span class='ocrx_word' id='word_1_737' title='bbox 2612 4772 2876 4827; x_wconf 87' lang='lat' dir='ltr'><strong>assistunt</strong></span> <span class='ocrx_word' id='word_1_738' title='bbox 2923 4782 3051 4828; x_wconf 88' lang='lat' dir='ltr'><strong>ante</strong></span> <span class='ocrx_word' id='word_1_739' title='bbox 3102 4772 3455 4842; x_wconf 74' lang='lat' dir='ltr'><strong>conspectum</strong></span> 
     </span>
    </p>
   </div>
   <div class='ocr_carea' id='block_1_99' title="bbox 1871 4863 3454 4936">
    <p class='ocr_par' dir='ltr' id='par_1_99' title="bbox 1871 4863 3454 4936">
     <span class='ocr_line' id='line_1_99' title="bbox 1871 4863 3454 4936; baseline -0.003 -13"><span class='ocrx_word' id='word_1_740' title='bbox 1871 4868 2067 4923; x_wconf 66' lang='lat' dir='ltr'><strong>divina:</strong></span> <span class='ocrx_word' id='word_1_741' title='bbox 2105 4864 2437 4936; x_wconf 71' lang='lat' dir='ltr'><strong>maiestatis;</strong></span> <span class='ocrx_word' id='word_1_742' title='bbox 2477 4872 2533 4919; x_wconf 91' lang='lat' dir='ltr'><strong>et</strong></span> <span class='ocrx_word' id='word_1_743' title='bbox 2572 4878 2738 4933; x_wconf 91' lang='lat' dir='ltr'><strong>quam</strong></span> <span class='ocrx_word' id='word_1_744' title='bbox 2785 4863 2991 4920; x_wconf 89' lang='lat' dir='ltr'><strong>sociam</strong></span> <span class='ocrx_word' id='word_1_745' title='bbox 3034 4863 3138 4919; x_wconf 80' lang='lat' dir='ltr'><strong>sibi</strong></span> <span class='ocrx_word' id='word_1_746' title='bbox 3179 4878 3276 4932; x_wconf 90' lang='lat' dir='ltr'><strong>per</strong></span> <span class='ocrx_word' id='word_1_747' title='bbox 3313 4864 3454 4919; x_wconf 87' lang='lat' dir='ltr'><strong>bona</strong></span> 
     </span>
    </p>
   </div>
   <div class='ocr_carea' id='block_1_100' title="bbox 1470 5017 2169 5077">
    <p class='ocr_par' dir='ltr' id='par_1_100' title="bbox 1470 5017 2169 5077">
     <span class='ocr_line' id='line_1_100' title="bbox 1470 5017 2169 5077; baseline -0.006 0"><span class='ocrx_word' id='word_1_748' title='bbox 1470 5034 1473 5037; x_wconf 87' lang='lat'>&#39;</span> <span class='ocrx_word' id='word_1_749' title='bbox 1499 5021 1727 5077; x_wconf 64' lang='lat' dir='ltr'><strong>VARIIE</strong></span> <span class='ocrx_word' id='word_1_750' title='bbox 1770 5017 2169 5077; x_wconf 83' lang='lat' dir='ltr'><strong>LECTIONES.</strong></span> 
     </span>
    </p>
   </div>
   <div class='ocr_carea' id='block_1_101' title="bbox 264 5168 3448 5236">
    <p class='ocr_par' dir='ltr' id='par_1_101' title="bbox 264 5168 3448 5236">
     <span class='ocr_line' id='line_1_101' title="bbox 264 5168 3448 5236; baseline -0.002 -8"><span class='ocrx_word' id='word_1_751' title='bbox 264 5169 323 5202; x_wconf 64' lang='grc' dir='ltr'><strong>’Μ</strong></span> <span class='ocrx_word' id='word_1_752' title='bbox 367 5171 570 5232; x_wconf 79' lang='lat' dir='ltr'><strong>Collata</strong></span> <span class='ocrx_word' id='word_1_753' title='bbox 622 5185 697 5232; x_wconf 84' lang='lat' dir='ltr'><strong>est</strong></span> <span class='ocrx_word' id='word_1_754' title='bbox 741 5192 859 5231; x_wconf 82' lang='lat' dir='ltr'><strong>cum</strong></span> <span class='ocrx_word' id='word_1_755' title='bbox 910 5176 1040 5232; x_wconf 76' lang='lat' dir='ltr'><strong>Mss.</strong></span> <span class='ocrx_word' id='word_1_756' title='bbox 1072 5175 1206 5231; x_wconf 82' lang='lat' dir='ltr'><strong>Vict.</strong></span> <span class='ocrx_word' id='word_1_757' title='bbox 1279 5175 1402 5231; x_wconf 85' lang='lat' dir='ltr'><strong>KK.</strong></span> <span class='ocrx_word' id='word_1_758' title='bbox 1430 5175 1518 5231; x_wconf 76' lang='grc'><strong>16.</strong></span> <span class='ocrx_word' id='word_1_759' title='bbox 1565 5173 1721 5231; x_wconf 87' lang='lat' dir='ltr'><strong>Corb.</strong></span> <span class='ocrx_word' id='word_1_760' title='bbox 1772 5174 1898 5231; x_wconf 78' lang='grc'><strong>160.</strong></span> <span class='ocrx_word' id='word_1_761' title='bbox 1936 5172 2172 5228; x_wconf 82' lang='lat' dir='ltr'><strong>Val-(uc.</strong></span> <span class='ocrx_word' id='word_1_762' title='bbox 2204 5183 2252 5229; x_wconf 80' lang='lat' dir='ltr'><strong>et</strong></span> <span class='ocrx_word' id='word_1_763' title='bbox 2285 5172 2613 5226; x_wconf 84' lang='lat' dir='ltr'><strong>Floriacens.</strong></span> <span class='ocrx_word' id='word_1_764' title='bbox 2680 5168 2746 5223; x_wconf 83' lang='lat' dir='ltr'><strong>In</strong></span> <span class='ocrx_word' id='word_1_765' title='bbox 2800 5169 2922 5223; x_wconf 83' lang='lat' dir='ltr'><strong>aliis</strong></span> <span class='ocrx_word' id='word_1_766' title='bbox 2966 5168 3095 5223; x_wconf 78' lang='lat' dir='ltr'><strong>Mss.</strong></span> <span class='ocrx_word' id='word_1_767' title='bbox 3146 5186 3252 5223; x_wconf 80' lang='lat' dir='ltr'><strong>non</strong></span> <span class='ocrx_word' id='word_1_768' title='bbox 3300 5186 3448 5236; x_wconf 72' lang='lat' dir='ltr'><strong>repe-</strong></span> 
     </span>
    </p>
   </div>
   <div class='ocr_carea' id='block_1_102' title="bbox 205 5237 3440 5322">
    <p class='ocr_par' dir='ltr' id='par_1_102' title="bbox 205 5237 3440 5322">
     <span class='ocr_line' id='line_1_102' title="bbox 205 5237 3440 5322; baseline -0.003 -22"><span class='ocrx_word' id='word_1_769' title='bbox 205 5237 339 5322; x_wconf 57' lang='grc' dir='ltr'><strong>ζξιυτε</strong></span> <span class='ocrx_word' id='word_1_770' title='bbox 396 5244 544 5322; x_wconf 67' lang='lat' dir='ltr'><strong>dee</strong></span> <span class='ocrx_word' id='word_1_771' title='bbox 602 5249 790 5322; x_wconf 81' lang='lat' dir='ltr'><strong>vivant</strong></span> <span class='ocrx_word' id='word_1_772' title='bbox 816 5245 1040 5322; x_wconf 57' lang='lat' dir='ltr'><strong>anima”</strong></span> <span class='ocrx_word' id='word_1_773' title='bbox 1091 5255 1291 5322; x_wconf 75' lang='lat' dir='ltr'><strong>exeunt</strong></span> <span class='ocrx_word' id='word_1_774' title='bbox 1338 5247 1404 5302; x_wconf 90' lang='lat' dir='ltr'><strong>de</strong></span> <span class='ocrx_word' id='word_1_775' title='bbox 1452 5262 1852 5322; x_wconf 68' lang='lat' dir='ltr'><strong>corpore_mss.</strong></span> <span class='ocrx_word' id='word_1_776' title='bbox 1894 5246 2034 5322; x_wconf 74' lang='lat' dir='ltr'><strong>unde</strong></span> <span class='ocrx_word' id='word_1_777' title='bbox 2064 5245 2702 5322; x_wconf 41' lang='lat' dir='ltr'><strong>vivat_anima...e§e_nnt</strong></span> <span class='ocrx_word' id='word_1_778' title='bbox 2729 5253 2759 5322; x_wconf 84' lang='lat' dir='ltr'><strong>a</strong></span> <span class='ocrx_word' id='word_1_779' title='bbox 2788 5254 3036 5322; x_wconf 75' lang='lat' dir='ltr'><strong>corpore.</strong></span> <span class='ocrx_word' id='word_1_780' title='bbox 3067 5254 3171 5321; x_wconf 37' lang='grc' dir='ltr'><strong>συιδ.</strong></span> <span class='ocrx_word' id='word_1_781' title='bbox 3210 5237 3440 5322; x_wconf 75' lang='grc' dir='ltr'><strong>ναι-[υς.</strong></span> 
     </span>
    </p>
   </div>
   <div class='ocr_carea' id='block_1_103' title="bbox 204 5303 3447 5387">
    <p class='ocr_par' dir='ltr' id='par_1_103' title="bbox 204 5303 3447 5387">
     <span class='ocr_line' id='line_1_103' title="bbox 204 5303 3447 5387; baseline 0.005 -30"><span class='ocrx_word' id='word_1_782' title='bbox 204 5303 386 5368; x_wconf 86' lang='lat' dir='ltr'><strong>Oratio.</strong></span> <span class='ocrx_word' id='word_1_783' title='bbox 414 5315 567 5373; x_wconf 91' lang='lat' dir='ltr'><strong>Unde</strong></span> <span class='ocrx_word' id='word_1_784' title='bbox 592 5317 742 5372; x_wconf 91' lang='lat' dir='ltr'><strong>vivat</strong></span> <span class='ocrx_word' id='word_1_785' title='bbox 767 5310 971 5387; x_wconf 84' lang='lat' dir='ltr'><strong>aniina,</strong></span> <span class='ocrx_word' id='word_1_786' title='bbox 998 5325 1050 5371; x_wconf 91' lang='lat' dir='ltr'><strong>et</strong></span> <span class='ocrx_word' id='word_1_787' title='bbox 1078 5318 1219 5387; x_wconf 87' lang='lat' dir='ltr'><strong>unde</strong></span> <span class='ocrx_word' id='word_1_788' title='bbox 1243 5316 1388 5370; x_wconf 83' lang='lat' dir='ltr'><strong>vivat</strong></span> <span class='ocrx_word' id='word_1_789' title='bbox 1418 5303 1569 5378; x_wconf 60' lang='lat' dir='ltr'><strong>caro:</strong></span> <span class='ocrx_word' id='word_1_790' title='bbox 1597 5326 1652 5371; x_wconf 92' lang='lat' dir='ltr'><strong>et</strong></span> <span class='ocrx_word' id='word_1_791' title='bbox 1680 5318 1746 5371; x_wconf 89' lang='lat' dir='ltr'><strong>de</strong></span> <span class='ocrx_word' id='word_1_792' title='bbox 1773 5316 1940 5387; x_wconf 87' lang='lat' dir='ltr'><strong>gloria</strong></span> <span class='ocrx_word' id='word_1_793' title='bbox 1966 5315 2120 5370; x_wconf 73' lang='lat' dir='ltr'><strong>bona:</strong></span> <span class='ocrx_word' id='word_1_794' title='bbox 2150 5316 2446 5387; x_wconf 49' lang='lat' dir='ltr'><strong>animae}</strong></span> <span class='ocrx_word' id='word_1_795' title='bbox 2476 5309 2790 5387; x_wconf 65' lang='grc' dir='ltr'><strong>ΨΐυΙίοἰιειιθ</strong></span> <span class='ocrx_word' id='word_1_796' title='bbox 2817 5303 2973 5387; x_wconf 52' lang='lat' dir='ltr'><strong>nulla?</strong></span> <span class='ocrx_word' id='word_1_797' title='bbox 2992 5309 3205 5372; x_wconf 71' lang='grc' dir='ltr'><strong>εηὶιηεες</strong></span> <span class='ocrx_word' id='word_1_798' title='bbox 3230 5311 3447 5387; x_wconf 66' lang='lat' dir='ltr'><strong>quando</strong></span> 
     </span>
    </p>
   </div>
   <div class='ocr_carea' id='block_1_104' title="bbox 208 5380 3446 5462">
    <p class='ocr_par' dir='ltr' id='par_1_104' title="bbox 208 5380 3446 5462">
     <span class='ocr_line' id='line_1_104' title="bbox 208 5380 3446 5462; baseline 0.004 -35"><span class='ocrx_word' id='word_1_799' title='bbox 208 5388 393 5462; x_wconf 55' lang='lat' dir='ltr'><strong>exeunt</strong></span> <span class='ocrx_word' id='word_1_800' title='bbox 421 5387 486 5443; x_wconf 89' lang='lat' dir='ltr'><strong>de</strong></span> <span class='ocrx_word' id='word_1_801' title='bbox 506 5402 740 5457; x_wconf 90' lang='lat' dir='ltr'><strong>corpore</strong></span> <span class='ocrx_word' id='word_1_802' title='bbox 812 5386 880 5419; x_wconf 63' lang='grc'><strong>⁸⁵⁸</strong></span> <span class='ocrx_word' id='word_1_803' title='bbox 905 5386 1098 5440; x_wconf 86' lang='lat' dir='ltr'><strong>Anima</strong></span> <span class='ocrx_word' id='word_1_804' title='bbox 1135 5386 1367 5462; x_wconf 80' lang='lat' dir='ltr'><strong>hominis</strong></span> <span class='ocrx_word' id='word_1_805' title='bbox 1398 5394 1582 5462; x_wconf 75' lang='lat' dir='ltr'><strong>manet</strong></span> <span class='ocrx_word' id='word_1_806' title='bbox 1621 5404 1747 5462; x_wconf 70' lang='lat' dir='ltr'><strong>mss.</strong></span> <span class='ocrx_word' id='word_1_807' title='bbox 1774 5380 2033 5462; x_wconf 59' lang='lat' dir='ltr'><strong>&#39;omittunt</strong></span> <span class='ocrx_word' id='word_1_808' title='bbox 2064 5385 2299 5462; x_wconf 79' lang='lat' dir='ltr'><strong>hominis</strong></span> <span class='ocrx_word' id='word_1_809' title='bbox 2372 5381 2441 5462; x_wconf 49' lang='grc' dir='ltr'><strong>δέ’</strong></span> <span class='ocrx_word' id='word_1_810' title='bbox 2474 5380 3172 5462; x_wconf 28' lang='lat' dir='ltr'><strong>Q‘It&#39;tqcarllenl‘deserenle</strong></span> <span class='ocrx_word' id='word_1_811' title='bbox 3208 5384 3446 5462; x_wconf 40' lang='lat' dir='ltr'><strong>.IIIOI‘llﬂl&#39;</strong></span> 
     </span>
    </p>
   </div>
   <div class='ocr_carea' id='block_1_105' title="bbox 205 5448 3447 5531">
    <p class='ocr_par' dir='ltr' id='par_1_105' title="bbox 205 5448 3447 5531">
     <span class='ocr_line' id='line_1_105' title="bbox 205 5448 3447 5531; baseline 0.002 -32"><span class='ocrx_word' id='word_1_812' title='bbox 205 5457 295 5531; x_wconf 64' lang='lat' dir='ltr'><strong>tus.</strong></span> <span class='ocrx_word' id='word_1_813' title='bbox 327 5449 456 5531; x_wconf 60' lang='lat' dir='ltr'><strong>Vict:</strong></span> <span class='ocrx_word' id='word_1_814' title='bbox 480 5448 801 5531; x_wconf 63' lang='lat' dir='ltr'><strong>quaa&#39;carne</strong></span> <span class='ocrx_word' id='word_1_815' title='bbox 829 5458 1111 5512; x_wconf 88' lang='lat' dir='ltr'><strong>deserente</strong></span> <span class='ocrx_word' id='word_1_816' title='bbox 1143 5456 1373 5531; x_wconf 72' lang='lat' dir='ltr'><strong>moritur</strong></span> <span class='ocrx_word' id='word_1_817' title='bbox 1444 5456 1514 5531; x_wconf 63' lang='lat' dir='ltr'><strong>“f</strong></span> <span class='ocrx_word' id='word_1_818' title='bbox 1538 5456 1859 5531; x_wconf 44' lang='lat' dir='ltr'><strong>Exsultantes</strong></span> <span class='ocrx_word' id='word_1_819' title='bbox 1890 5457 1940 5531; x_wconf 85' lang='lat' dir='ltr'><strong>iu</strong></span> <span class='ocrx_word' id='word_1_820' title='bbox 1969 5472 2099 5531; x_wconf 86' lang='lat' dir='ltr'><strong>mss.</strong></span> <span class='ocrx_word' id='word_1_821' title='bbox 2122 5454 2357 5531; x_wconf 69' lang='lat' dir='ltr'><strong>exultatc</strong></span> <span class='ocrx_word' id='word_1_822' title='bbox 2388 5452 2439 5505; x_wconf 89' lang='lat' dir='ltr'><strong>in</strong></span> <span class='ocrx_word' id='word_1_823' title='bbox 2515 5449 2584 5481; x_wconf 69' lang='lat' dir='ltr'><strong>W‘</strong></span> <span class='ocrx_word' id='word_1_824' title='bbox 2610 5448 2679 5531; x_wconf 44' lang='lat' dir='ltr'><strong>In.</strong></span> <span class='ocrx_word' id='word_1_825' title='bbox 2701 5458 3017 5531; x_wconf 78' lang='lat' dir='ltr'><strong>perpetuum</strong></span> <span class='ocrx_word' id='word_1_826' title='bbox 3046 5466 3169 5504; x_wconf 82' lang='lat' dir='ltr'><strong>mss.</strong></span> <span class='ocrx_word' id='word_1_827' title='bbox 3190 5450 3260 5531; x_wconf 56' lang='lat' dir='ltr'><strong>in</strong></span> <span class='ocrx_word' id='word_1_828' title='bbox 3285 5458 3447 5531; x_wconf 67' lang='lat' dir='ltr'><strong>aeter-</strong></span> 
     </span>
    </p>
   </div>
   <div class='ocr_carea' id='block_1_106' title="bbox 203 5519 3444 5601">
    <p class='ocr_par' dir='ltr' id='par_1_106' title="bbox 203 5519 3444 5601">
     <span class='ocr_line' id='line_1_106' title="bbox 203 5519 3444 5601; baseline -0.001 -23"><span class='ocrx_word' id='word_1_829' title='bbox 203 5525 315 5601; x_wconf 55' lang='lat' dir='ltr'><strong>ljllfn</strong></span> <span class='ocrx_word' id='word_1_830' title='bbox 383 5522 452 5555; x_wconf 71' lang='grc'><strong>⁸⁵⁵</strong></span> <span class='ocrx_word' id='word_1_831' title='bbox 478 5519 569 5601; x_wconf 55' lang='lat' dir='ltr'><strong>ita</strong></span> <span class='ocrx_word' id='word_1_832' title='bbox 604 5529 941 5601; x_wconf 71' lang='lat' dir='ltr'><strong>patiputetis</strong></span> <span class='ocrx_word' id='word_1_833' title='bbox 972 5544 1114 5601; x_wconf 79' lang='lat' dir='ltr'><strong>mss_._</strong></span> <span class='ocrx_word' id='word_1_834' title='bbox 1134 5527 1378 5601; x_wconf 74' lang='lat' dir='ltr'><strong>omittunt</strong></span> <span class='ocrx_word' id='word_1_835' title='bbox 1399 5525 1507 5595; x_wconf 89' lang='lat' dir='ltr'><strong>pati</strong></span> <span class='ocrx_word' id='word_1_836' title='bbox 1560 5524 2258 5601; x_wconf 60' lang='lat' dir='ltr'><strong>_ff°_Correctionemvelut</strong></span> <span class='ocrx_word' id='word_1_837' title='bbox 2283 5539 2409 5601; x_wconf 77' lang='lat' dir='ltr'><strong>mss.</strong></span> <span class='ocrx_word' id='word_1_838' title='bbox 2448 5520 3121 5601; x_wconf 56' lang='lat' dir='ltr'><strong>correctionemnostrain</strong></span> <span class='ocrx_word' id='word_1_839' title='bbox 3188 5519 3257 5552; x_wconf 74' lang='grc'><strong>⁸⁸⁷</strong></span> <span class='ocrx_word' id='word_1_840' title='bbox 3291 5520 3444 5601; x_wconf 76' lang='lat' dir='ltr'><strong>Igno-</strong></span> 
     </span>
    </p>
   </div>
   <div class='ocr_carea' id='block_1_107' title="bbox 213 5589 3441 5665">
    <p class='ocr_par' dir='ltr' id='par_1_107' title="bbox 213 5589 3441 5665">
     <span class='ocr_line' id='line_1_107' title="bbox 213 5589 3441 5665; baseline -0.001 -20"><span class='ocrx_word' id='word_1_841' title='bbox 213 5594 344 5665; x_wconf 56' lang='grc' dir='ltr'>Γειρξ</span> <span class='ocrx_word' id='word_1_842' title='bbox 373 5608 491 5665; x_wconf 77' lang='lat' dir='ltr'><strong>mss.</strong></span> <span class='ocrx_word' id='word_1_843' title='bbox 527 5589 663 5651; x_wconf 71' lang='lat' dir='ltr'><strong>Vict.</strong></span> <span class='ocrx_word' id='word_1_844' title='bbox 697 5589 940 5652; x_wconf 66' lang='lat' dir='ltr'><strong>Val-lue.</strong></span> <span class='ocrx_word' id='word_1_845' title='bbox 971 5606 1019 5650; x_wconf 76' lang='lat' dir='ltr'><strong>et</strong></span> <span class='ocrx_word' id='word_1_846' title='bbox 1043 5594 1196 5651; x_wconf 85' lang='lat' dir='ltr'><strong>Flor.</strong></span> <span class='ocrx_word' id='word_1_847' title='bbox 1228 5589 1484 5665; x_wconf 79' lang='lat' dir='ltr'><strong>ignorans</strong></span> <span class='ocrx_word' id='word_1_848' title='bbox 1557 5595 1628 5629; x_wconf 67' lang='grc'><strong>⁸⁸⁸</strong></span> <span class='ocrx_word' id='word_1_849' title='bbox 1662 5597 1868 5652; x_wconf 80' lang='lat' dir='ltr'><strong>Vestris</strong></span> <span class='ocrx_word' id='word_1_850' title='bbox 1916 5610 2060 5651; x_wconf 90' lang='lat' dir='ltr'><strong>nunc</strong></span> <span class='ocrx_word' id='word_1_851' title='bbox 2102 5612 2230 5649; x_wconf 84' lang='lat' dir='ltr'><strong>mss.</strong></span> <span class='ocrx_word' id='word_1_852' title='bbox 2274 5594 2546 5665; x_wconf 57' lang='lat' dir='ltr'><strong>omittunt</strong></span> <span class='ocrx_word' id='word_1_853' title='bbox 2576 5606 2749 5665; x_wconf 79' lang='lat' dir='ltr'><strong>nunc_</strong></span> <span class='ocrx_word' id='word_1_854' title='bbox 2789 5589 2860 5665; x_wconf 54' lang='grc' dir='ltr'><strong>ιζ’</strong></span> <span class='ocrx_word' id='word_1_855' title='bbox 2884 5589 3161 5665; x_wconf 83' lang='lat' dir='ltr'><strong>Attendite</strong></span> <span class='ocrx_word' id='word_1_856' title='bbox 3203 5589 3336 5665; x_wconf 62' lang='lat' dir='ltr'><strong>mss:</strong></span> <span class='ocrx_word' id='word_1_857' title='bbox 3359 5592 3441 5644; x_wconf 85' lang='lat' dir='ltr'><strong>in-</strong></span> 
     </span>
    </p>
   </div>
   <div class='ocr_carea' id='block_1_108' title="bbox 208 5658 1598 5722">
    <p class='ocr_par' dir='ltr' id='par_1_108' title="bbox 208 5658 1598 5722">
     <span class='ocr_line' id='line_1_108' title="bbox 208 5658 1598 5722; baseline 0.011 -17"><span class='ocrx_word' id='word_1_858' title='bbox 208 5658 394 5717; x_wconf 90' lang='lat' dir='ltr'><strong>tendite</strong></span> <span class='ocrx_word' id='word_1_859' title='bbox 460 5663 529 5697; x_wconf 70' lang='grc'><strong>⁵⁸⁸</strong></span> <span class='ocrx_word' id='word_1_860' title='bbox 552 5666 724 5722; x_wconf 86' lang='lat' dir='ltr'><strong>Prava</strong></span> <span class='ocrx_word' id='word_1_861' title='bbox 760 5674 814 5722; x_wconf 84' lang='lat' dir='ltr'><strong>et</strong></span> <span class='ocrx_word' id='word_1_862' title='bbox 844 5665 987 5722; x_wconf 89' lang='lat' dir='ltr'><strong>mala</strong></span> <span class='ocrx_word' id='word_1_863' title='bbox 1015 5658 1353 5722; x_wconf 53' lang='lat' dir='ltr'><strong>mssuora&#39;vis</strong></span> <span class='ocrx_word' id='word_1_864' title='bbox 1376 5675 1430 5719; x_wconf 91' lang='lat' dir='ltr'><strong>ct</strong></span> <span class='ocrx_word' id='word_1_865' title='bbox 1454 5665 1598 5720; x_wconf 91' lang='lat' dir='ltr'><strong>mala</strong></span> 
     </span>
    </p>
   </div>
   <div class='ocr_carea' id='block_1_109' title="bbox 202 5727 1102 5795">
    <p class='ocr_par' dir='ltr' id='par_1_109' title="bbox 202 5727 1102 5795">
     <span class='ocr_line' id='line_1_109' title="bbox 202 5727 1102 5795; baseline 0.019 -21"><span class='ocrx_word' id='word_1_866' title='bbox 202 5733 287 5777; x_wconf 82' lang='lat' dir='ltr'><strong>tm.</strong></span> <span class='ocrx_word' id='word_1_867' title='bbox 316 5727 422 5785; x_wconf 83' lang='lat' dir='ltr'><strong>Vict</strong></span> <span class='ocrx_word' id='word_1_868' title='bbox 444 5734 479 5789; x_wconf 76' lang='grc'>5</span> <span class='ocrx_word' id='word_1_869' title='bbox 507 5738 695 5794; x_wconf 82' lang='lat' dir='ltr'><strong>omittit</strong></span> <span class='ocrx_word' id='word_1_870' title='bbox 740 5738 793 5795; x_wconf 93' lang='lat' dir='ltr'><strong>in</strong></span> <span class='ocrx_word' id='word_1_871' title='bbox 829 5735 1102 5794; x_wconf 82' lang='lat' dir='ltr'><strong>excelsum</strong></span> 
     </span>
    </p>
   </div>
   <div class='ocr_carea' id='block_1_110' title="bbox 204 5801 497 5860">
    <p class='ocr_par' dir='ltr' id='par_1_110' title="bbox 204 5801 497 5860">
     <span class='ocr_line' id='line_1_110' title="bbox 204 5801 497 5860; baseline 0.027 -8"><span class='ocrx_word' id='word_1_872' title='bbox 204 5804 261 5845; x_wconf 76' lang='lat' dir='ltr'><strong>ne</strong></span> <span class='ocrx_word' id='word_1_873' title='bbox 297 5801 497 5860; x_wconf 81' lang='lat' dir='ltr'><strong>audiret</strong></span> 
     </span>
    </p>
   </div>
   <div class='ocr_carea' id='block_1_111' title="bbox 1710 5660 3441 5723">
    <p class='ocr_par' dir='ltr' id='par_1_111' title="bbox 1710 5660 3441 5723">
     <span class='ocr_line' id='line_1_111' title="bbox 1710 5660 3441 5723; baseline -0.005 -1"><span class='ocrx_word' id='word_1_874' title='bbox 1710 5666 1777 5699; x_wconf 77' lang='lat'><strong>&quot;&#39;</strong></span> <span class='ocrx_word' id='word_1_875' title='bbox 1816 5666 1929 5723; x_wconf 83' lang='lat' dir='ltr'><strong>Hoc</strong></span> <span class='ocrx_word' id='word_1_876' title='bbox 1958 5666 2116 5720; x_wconf 92' lang='lat' dir='ltr'><strong>modo</strong></span> <span class='ocrx_word' id='word_1_877' title='bbox 2138 5681 2236 5718; x_wconf 86' lang='lat' dir='ltr'><strong>ms.</strong></span> <span class='ocrx_word' id='word_1_878' title='bbox 2265 5662 2413 5717; x_wconf 83' lang='lat' dir='ltr'><strong>Flor.</strong></span> <span class='ocrx_word' id='word_1_879' title='bbox 2443 5661 2633 5715; x_wconf 83' lang='lat' dir='ltr'><strong>omittit</strong></span> <span class='ocrx_word' id='word_1_880' title='bbox 2706 5660 2774 5695; x_wconf 70' lang='grc' dir='ltr'><strong>δ”</strong></span> <span class='ocrx_word' id='word_1_881' title='bbox 2815 5661 3041 5715; x_wconf 90' lang='lat' dir='ltr'><strong>Sursum</strong></span> <span class='ocrx_word' id='word_1_882' title='bbox 3084 5661 3136 5714; x_wconf 91' lang='lat' dir='ltr'><strong>in</strong></span> <span class='ocrx_word' id='word_1_883' title='bbox 3165 5661 3441 5715; x_wconf 81' lang='lat' dir='ltr'><strong>excelsum</strong></span> 
     </span>
    </p>
   </div>
   <div class='ocr_carea' id='block_1_112' title="bbox 1199 5731 3438 5793">
    <p class='ocr_par' dir='ltr' id='par_1_112' title="bbox 1199 5731 3438 5793">
     <span class='ocr_line' id='line_1_112' title="bbox 1199 5731 3438 5793; baseline -0.003 -3"><span class='ocrx_word' id='word_1_884' title='bbox 1199 5736 1245 5769; x_wconf 69' lang='grc'><strong>⁵³</strong></span> <span class='ocrx_word' id='word_1_885' title='bbox 1280 5734 1354 5792; x_wconf 84' lang='lat' dir='ltr'><strong>Nc</strong></span> <span class='ocrx_word' id='word_1_886' title='bbox 1376 5736 1621 5793; x_wconf 84' lang='lat' dir='ltr'><strong>viderent</strong></span> <span class='ocrx_word' id='word_1_887' title='bbox 1648 5738 1938 5793; x_wconf 83' lang='lat' dir='ltr'><strong>vanitatem</strong></span> <span class='ocrx_word' id='word_1_888' title='bbox 1969 5752 2090 5790; x_wconf 74' lang='lat' dir='ltr'><strong>mss.</strong></span> <span class='ocrx_word' id='word_1_889' title='bbox 2126 5750 2193 5790; x_wconf 84' lang='lat' dir='ltr'><strong>ne</strong></span> <span class='ocrx_word' id='word_1_890' title='bbox 2224 5734 2427 5789; x_wconf 72' lang='lat' dir='ltr'><strong>videret</strong></span> <span class='ocrx_word' id='word_1_891' title='bbox 2456 5731 2745 5787; x_wconf 79' lang='lat' dir='ltr'><strong>vanitatem</strong></span> <span class='ocrx_word' id='word_1_892' title='bbox 2821 5731 2890 5765; x_wconf 63' lang='grc'><strong>⁸⁸⁵</strong></span> <span class='ocrx_word' id='word_1_893' title='bbox 2916 5732 2993 5789; x_wconf 83' lang='lat' dir='ltr'><strong>Nc</strong></span> <span class='ocrx_word' id='word_1_894' title='bbox 3027 5732 3276 5788; x_wconf 82' lang='lat' dir='ltr'><strong>audirent</strong></span> <span class='ocrx_word' id='word_1_895' title='bbox 3314 5748 3438 5785; x_wconf 75' lang='lat' dir='ltr'><strong>mss.</strong></span> 
     </span>
    </p>
   </div>
  </div>
