4060 6292
570 347 675 409 T55

911 348 971 405 S.
1010 346 1309 404 ANSELSII
1342 343 1696 403 CANTUAR.
1736 339 2055 398 ARCIIIEP.
2087 336 2240 396 OPP.
2275 334 2454 392 PARS
2492 328 2557 389 ll.
2600 365 2670 376 —
2706 330 3077 388 PAIUENET.
3119 330 3207 388 ET
3248 329 3499 390 ASCET.

3737 333 3852 392 755

569 482 740 540 Opera
768 475 823 523 et
851 466 1082 535 amicam
1120 470 1369 525 noscunt,
1406 463 1458 517 in
1496 460 1737 516 brachiis
1767 457 2147 515 sincerissima":

2257 450 2433 521 pientc
2488 449 2870 519 expetendum,
2925 462 3089 517 quam
3135 447 3263 503 illud
3297 448 3532 518 bonum,
3581 455 3650 509 ad
3699 459 3849 533 quod

569 557 851 616 cbaritatis
889 546 1186 630 gaudenter
1219 540 1529 624 excipiunt;
1573 552 1857 622 taliterquc
1903 548 2152 616 affantcs,

569 652 724 722 quasi
759 649 970 720 singula
1012 647 1207 716 gaudia
1251 646 1494 701 omnium
1534 646 1604 700 ibi
1633 642 2062 701 cohabitantium
2099 640 2150 695 ei

565 743 881 800 ostendunt.
911 740 1074 805 Ecce,
1109 740 1285 795 amica
1330 749 1535 803 nostra,
1580 752 1729 801 ecce,
1770 737 1918 793 socia
1942 744 2149 820 nostra,

565 835 694 906 quia
719 834 950 891 ﬁdeliter
964 834 1073 889 Deo
1095 834 1333 898 serviSti,
1358 831 1582 902 ejusque
1609 840 1877 901 pnncepta
1899 828 2150 884 faciendo

564 925 803 981 viriliter
827 925 1108 991 laborasti,
1146 924 1261 996 jam
1290 926 1507 979 tandem
1537 940 1566 978 a
1600 924 1786 980 labore
1816 923 2059 993 quiesce.
2097 931 2155 978 et

565 1014 786 1072 aeternis
811 1016 1024 1087 gaudiis
1051 1015 1246 1071 amotio
1276 1023 1330 1071 et
1360 1029 1531 1085 usque
1560 1013 1613 1068 in
1642 1013 2033 1084 sempiternum
2058 1026 2155 1068 no-

566 1104 603 1160 b
624 1118 778 1163 suum
801 1107 1002 1163 fruere.
1482 1110 1489 1118 ’
1571 1095 1574 1099 ’

634 1196 725 1262 At,
758 1198 1165 1264 contra,anima
1207 1197 1509 1268 peccatoris
1537 1212 1661 1253 cum
1698 1197 1908 1268 cngitur
1934 1196 1999 1252 de
2025 1210 2152 1251 cor-

565 1302 699 1357 pore
723 1287 897 1355 exire,
924 1305 1048 1344 mox
1070 1290 1352 1359 excipiunt
1371 1304 1491 1345 eam
1517 1288 1695 1360 angeli
1725 1287 1963 1354 Satanzc,
1986 1301 2150 1358 quam

565 1380 744 1449 igneis
782 1381 993 1437 catenis
1024 1380 1239 1437 fortiter
1262 1382 1716 1453 constringentes,
1755 1380 2057 1446 fortiusque
2083 1395 2152 1435 cx

565 1470 711 1525 omni
734 1481 891 1541 parte
908 1473 1267 1547 propellentes
1290 1473 1356 1528 ad
1381 1480 1651 1529 tormenta
1676 1473 1874 1528 inferni
1910 1473 2149 1542 rapiunt,

566 1560 658 1616 ubi
697 1562 812 1633 ipse
842 1561 1072 1619 Satanas
1115 1580 1326 1621 mersus
1363 1564 1417 1619 in
1458 1563 1786 1634 profundum
1811 1564 1958 1634 jacet
1986 1564 2150 1618 deer-

564 1665 708 1706 sum.
745 1650 821 1707 ibi
846 1661 929 1710 est
956 1653 1134 1718 fletus,
1175 1664 1232 1710 et
1269 1656 1473 1710 stridor
1502 1656 1745 1711 dentium
1774 1655 1994 1724 (Matth.
2023 1670 2150 1720 vm,

564 1739 686 1806 12);
739 1740 809 1796 ibi
844 1742 1004 1814 ignis,
1055 1744 1304 1817 laqueus,
1350 1746 1578 1817 spiritus
1619 1746 1976 1817 procellarum
2024 1762 2150 1818 pars

2258 557 2366 596 non
2420 548 2598 611 potest
2653 539 2913 595 accedere
2962 538 3127 593 ullum
3178 540 3403 596 malum.
3465 541 3579 599 lloc
3638 546 3850 602 bonum

2256 646 2340 692 est
2368 634 2483 707 ipse
2527 633 2756 689 Creator
2804 643 3013 699 noster,
3054 633 3153 703 qui
3196 649 3471 705 nunquam
3517 638 3621 692 nisi
3670 640 3851 696 bonus

2255 735 2359 784 est.
2415 726 2568 795 Quod
2618 725 2818 782 bonum
2873 725 2941 789 si,
2992 723 3112 793 ejus
3160 727 3333 796 gratia
3390 726 3697 799 largiente,
3750 731 3853 787 ha-

2256 821 2385 875 bere
2414 818 2696 890 poteritis,
2725 808 2905 870 Omnia
2950 816 3057 871 alia
3105 815 3247 872 bona
3295 817 3350 872 in
3400 817 3494 873 illo
3536 820 3840 879 habebitis.

2257 913 2312 969 Si
2349 928 2477 968 vero
2506 912 2608 968 alia
2650 912 2787 965 bona
2839 909 3129 976 habentes,
3173 909 3323 966 illmn
3366 911 3540 968 solum
3590 929 3701 969 non
3752 915 3853 971 ha-

2253 1005 2424 1071 betis;
2469 1005 2522 1060 in
2568 1019 2766 1058 vanum
2815 1002 3096 1069 laboratis,
3143 1010 3474 1076 ventumque
3521 1006 3851 1064 stultissime

2255 1106 2565 1167 sequentes,
2592 1096 2648 1152 in
2669 1094 2929 1152 extremis
2952 1111 3070 1151 non.
3087 1097 3398 1164 veritatem,
3421 1097 3516 1154 sed
3545 1100 3849 1157 vanitatem

2256 1188 2561 1244 invenietis.

2325 1279 2419 1335 Est
2448 1281 3033 1349 autem,sicutvidetis,
3058 1281 3102 1338 si
3129 1293 3275 1340 recte
3294 1286 3680 1357 consideratis,
3706 1305 3848 1363 pra-

2254 1385 2382 1425 seus
2406 1369 2603 1439 gloria,
2634 1371 2789 1440 quasi
2820 1372 3000 1428 vesica
3029 1382 3192 1429 vento
3224 1373 3411 1444 plena;
3454 1384 3576 1449 quae
3604 1382 3737 1436 dum
3764 1381 3851 1439 sic

2253 1460 2409 1532 plena
2458 1469 2670 1516 tenetur
2715 1463 2769 1518 in
2810 1464 3087 1530 manibus,
3127 1466 3464 1537 conSpicitur
3498 1471 3754 1539 speciosa
3792 1485 3855 1531 et

2254 1552 2427 1619 clara;
2454 1554 2540 1609 cui
2564 1554 2609 1611 si
2649 1554 2874 1610 fertuito
2910 1565 3146 1627 punctus
3170 1559 3513 1629 permodicus
3558 1562 3851 1634 imprima-

2256 1654 2361 1711 tur,
2390 1662 2495 1702 non
2531 1647 2775 1714 claritas,
2809 1649 2904 1704 sed
2936 1648 3191 1715 inanitas,
3220 1659 3275 1706 et
3296 1661 3488 1709 ventus
3514 1667 3768 1713 remanet
3792 1658 3848 1715 in

2254 1739 2525 1795 manibus.
2554 1739 2986 1796 Animadvertite
3008 1755 3168 1811 ergo;
3207 1750 3282 1808 et,
3314 1743 3457 1799 sicut
3488 1744 3540 1799 in
3565 1746 3846 1818 principio

562 1805 751 1885 caliCis
774 1805 946 1900 (Ρεῖιιο
989 1805 1047 1899 ᾗ,
1086 1805 1144 1905 7i
1178 1805 1546 1906 peccatorum.
1582 1805 1735 1892 T-une
1771 1838 1888 1909 ipse
1918 1805 2155 1894 Satanas
2183 1805 2226 1867 Β
2255 1829 2415 1899 hujus
2438 1830 2804 1886 meditationis
2835 1847 2931 1887 vos
2962 1833 3168 1899 monui,
3201 1833 3268 1888 de
3305 1834 3615 1893 novissimis
3646 1840 3849 1896 vestris

563 1920 782 1990 rapiens
816 1938 937 1979 eam
970 1927 1038 1980 ad
1073 1940 1153 1991 se,
1185 1942 1562 1999 exSpuensque
1590 1929 1644 1984 in
1684 1943 1803 1984 eam
1834 1929 2012 2001 ignem
2041 1929 2152 2001 ple-

560 2026 692 2065 num
733 2014 806 2046 ⁸⁸³
834 2024 1049 2084 putore,
1071 2015 1229 2086 jubet
1255 2034 1285 2075 a
1311 2020 1425 2075 suis
1452 2021 1716 2076 ministris
1740 2036 1860 2077 eam
1903 2006 1969 2077 ex
2002 2022 2150 2077 omni

558 2114 714 2172 parze
742 2107 963 2169 arctari.
992 2118 1046 2163 et
1069 2109 1149 2165 sic
1175 2119 1439 2167 arctatam
1472 2113 1524 2167 in
1555 2114 1686 2184 ipsis
1709 2115 2144 2185 tormentispro—

552 2193 670 2266 jici,
715 2193 803 2250 ubi
827 2197 947 2253 sine
977 2197 1083 2254 fine
1110 2216 1232 2255 cum
1263 2201 1368 2257 illis
1397 2212 1779 2270 tormentetur,
1811 2217 1866 2261 et
1896 2207 2014 2263 sine
2039 2208 2149 2283 fine

557 2285 613 2340 in
641 2285 771 2357 ipsis
808 2287 1086 2359 doloribus
1113 2292 1427 2351 indeiiciens
1456 2296 1741 2353 moriatur.
1773 2298 1926 2356 Tunc
1957 2299 2143 2356 infelix

557 2379 738 2447 anima
763 2379 816 2435 in
844 2376 974 2452 ipsis
997 2384 1174 2457 poenis
1200 2392 1544 2452 tormentata,
1570 2389 1700 2460 ipsis
1724 2389 1880 2448 furiis
1906 2391 2145 2448 inferna-

559 2468 699 2527 libus
744 2473 984 2545 undique
1023 2488 1398 2550 coangustata,
1441 2482 1655 2537 tandem
1695 2482 1761 2537 ad
1799 2499 1859 2559 se
1898 2484 2159 2553 reducta,

558 2575 790 2644 cernens
813 2566 995 2621 omnia
1024 2567 1166 2623 mala
1186 2584 1309 2640 quae
1333 2569 1482 2641 fecit,
1510 2570 1799 2629 infeliciter
1824 2574 2140 2644 proclamat:

558 2651 674 2708 lleu
714 2656 935 2721 misera,
982 2659 1210 2717 misera!
1249 2678 1351 2719 cur
1393 2678 1632 2734 unquam
1680 2665 1734 2719 in
1784 2665 1952 2721 vitam
1998 2667 2142 2730 veni.

558 2747 756 2804 misera
789 2749 880 2817 Ψ,
908 2767 1029 2821 qua:
1057 2755 1220 2811 tantis
1249 2765 1640 2813 tormentorum
1672 2758 1960 2835 generibus
1990 2759 2147 2814 undi-

456 2848 466 2856 ‘
557 2854 665 2910 que
707 2844 994 2901 excrucior
1041 2846 1276 2903 misera?
1328 2847 1574 2914 Vertncs,
1622 2865 1857 2913 vermes,
1900 2853 1992 2920 qui
2037 2859 2146 2905 tam

557 2932 855 2987 crudeliter
907 2934 995 2989 me
1032 2937 1343 3002 corroditis,
1384 2939 1614 3008 parcite,
1665 2955 1883 3011 quaeso;
1939 2941 2147 3010 parcite

560 3021 692 3076 mihi
724 3023 958 3091 miserae,
1000 3034 1078 3081 tot
1106 3037 1163 3083 et
1193 3038 1300 3083 tam
1328 3029 1583 3085 immania
1611 3030 1715 3085 alia
1745 3039 2013 3087 tormenta
2048 3048 2146 3102 pa-

559 3111 733 3168 tienti.
765 3113 879 3170 Heu
910 3115 1126 3183 misera,
1151 3118 1378 3176 misera!
1410 3130 1468 3177 et
1507 3122 1671 3193 212
1707 3122 1843 3177 mari
1871 3121 1941 3155 “7
1964 3123 2144 3194 cupio,

556 3210 612 3258 et
639 3210 819 3261 tamen
848 3194 1092 3264 moriens
1117 3210 1255 3265 mori
1282 3225 1514 3283 nequeo.
1540 3211 1698 3269 Nunc
1734 3212 1935 3269 misera
1997 3214 2147 3270 reci-

555 3293 648 3362 pio
667 3295 926 3374 quidquid
947 3301 1291 3376 peccaviper
1315 3302 1513 3372 visum,
1537 3319 1637 3375 per
1661 3313 1898 3383 gustum,
1925 3319 2022 3376 per
2046 3320 2147 3361 au-

553 3389 751 3458 ditum,
794 3406 892 3462 per
915 3392 1221 3461 odoratum,
1254 3410 1351 3465 per
1381 3405 1606 3452 tactum.
1639 3396 1752 3452 Non
1789 3405 1968 3453 tamen
2005 3399 2149 3455 valet

556 3480 758 3538 infelici
797 3484 992 3541 animae
1033 3495 1140 3542 tam
1179 3488 1378 3544 misere
1404 3487 1627 3556 dolenti,
1663 3499 1773 3545 tam
1804 3505 1928 3546 sero
1967 3491 2146 3562 paeni-

557 3574 714 3639 tenti,
743 3584 852 3632 tam
889 3576 1181 3636 infeliciter
1204 3581 1565 3650 proclamanti
1598 3623 1613 3649 ,
1638 3584 1784 3652 quod
1819 3594 1947 3639 tunc
1988 3593 2145 3638 tanta

555 3663 1057 3723 tristitiaseaiiicit.
1082 3667 1191 3724 Sed
1216 3671 1380 3739 quod,
1403 3671 1530 3725 dum
1549 3669 1602 3725 in
1633 3670 1743 3725 vita
1767 3671 1899 3738 fuit,
1931 3686 2151 3742 prome-

554 3753 686 3819 ruit,
723 3770 868 3812 nnnc
923 3756 977 3812 in
1020 3757 1151 3828 ipsis
1181 3757 1456 3815 doloribus
1497 3760 1567 3793 ’⁸⁸³
1606 3759 1824 3829 inferni,
1866 3761 2062 3819 misera
2093 3771 2148 3818 et

554 3845 840 3915 peccatrix.
870 3846 1079 3918 recipit.

627 3935 771 3992 Ecce
796 3937 977 3994 anima
995 3953 1114 3996 mea
1137 3948 1193 3996 et
1220 3955 1350 3996 caro
1372 3957 1514 4006 mea,
1541 3942 1829 4014 diligenter
1849 3942 2142 4009 intendite;

557 4027 905 4085 intendentes
927 4039 1110 4086 autem
1140 4046 1331 4086 verum
1350 4030 1614 4111 jpdicium
1633 4032 1904 4104 judicate;
1930 4044 1988 4091 ct
2017 4035 2146 4104 quid

553 4118 627 4174 sit
646 4120 863 4187 melius,
899 4122 1030 4194 quid
1056 4122 1245 4179 utilius
1292 4125 1625 4195 sequendum
1655 4127 1971 4185 discernite.
2001 4129 2145 4185 Bene

554 4212 736 4270 facere
753 4225 813 4270 et
837 4216 977 4272 bona
997 4216 1276 4287 recipere?
1302 4230 1370 4273 an
1393 4217 1537 4272 mala
1561 4232 1722 4289 agere
1740 4259 1755 4282 ,
1777 4229 1833 4274 et
1858 4219 1997 4276 mala
2029 4236 2147 4291 per-

554 4304 770 4373 cipere?
788 4304 901 4362 Nisi
923 4307 1172 4363 insanum
1194 4307 1446 4378 sapiatis,
1469 4307 1603 4363 nihil
1624 4308 1769 4364 aliud
1794 4309 2145 4380 respondebi-

557 4392 648 4458 tis,
674 4393 804 4459 nisi,
841 4394 977 4451 bene
1012 4395 1193 4452 facere
1217 4405 1273 4452 et
1314 4398 1514 4453 bonum
1540 4397 1743 4454 habere
1769 4398 1860 4454 ⁸⁸³.
1898 4398 2037 4471 Ergo
2062 4397 2145 4454 fa-

2256 1938 2470 1995 semper
2499 1924 2781 1995 cogitetis;
2814 1925 2940 1995 quia
2961 1924 3042 1981 sic
3069 1920 3390 1996 cogitantes,
3424 1942 3755 2000 semperque
3782 1932 3850 1988 de

2251 2016 2397 2073 exitu
2441 2025 2625 2073 vestro
2656 2026 2957 2073 metuentes
2997 2034 3104 2073 non
3135 2017 3290 2074 facile
3319 2020 3615 2090 peccabitis
3645 2022 3743 2088 κθ.
3792 2033 3856 2080 et

2252 2107 2335 2164 sic
2363 2118 2533 2179 usque
2560 2108 2613 2163 in
2640 2117 2943 2164 extremum
2965 2109 3228 2176 viventes,
3260 2105 3409 2165 finita
3438 2113 3726 2183 temporali
3748 2114 3846 2171 ιω.

2249 2197 2389 2265 titia,
2429 2213 2550 2269 quae
2583 2197 2709 2254 dum
2753 2199 2833 2254 sic
2869 2198 3161 2266 timebatis,
3203 2200 3353 2255 eirea
3396 2201 3586 2258 oculos
3629 2213 3848 2263 vestros

2249 2288 2406 2359 quasi
2438 2300 2632 2346 ventus
2662 2290 2899 2356 volabat,
2929 2306 3035 2346 non
3062 2291 3382 2357 vanitatem,
3406 2292 3499 2347 sed
3527 2294 3844 2366 veritatem,

2246 2395 2367 2451 qua:
2391 2380 2642 2438 Christus
2669 2390 2771 2447 est,
2802 2381 3111 2449 invenietis,
3159 2381 3227 2437 ad
3252 2394 3422 2452 quam
3452 2396 3551 2439 vos
3579 2387 3850 2456 perducat

2248 2472 2348 2542 qui
2375 2488 2470 2529 vos
2496 2474 2723 2529 creavit.
2752 2475 2945 2530 Amen.
3156 2532 3161 2541 ,
3320 2470 3321 2473 “

2725 2585 3102 2644 MEDITATIO
3139 2585 3209 2641 Vl
3243 2585 3334 2641 “'.

2245 2704 2328 2758 Ad
2357 2703 2708 2776 roborandam
2729 2704 2983 2776 'spirilunt
3012 2719 3075 2757 ne
3103 2703 3466 2772 desperemus;
3506 2706 3634 2776 quia
3666 2706 3717 2761 si
3754 2724 3850 2765 tte-

2320 2791 2436 2827 ram
2490 2775 2843 2838 paenitentiam
2891 2774 3142 2843 agimus,
3196 2789 3368 2828 verum
3424 2774 3849 2834 miscricordiam

2316 2844 2428 2926 sine
2480 2844 2638 2898 dubio
2701 2844 2766 2897 de
2833 2845 3070 2898 omnibus
3135 2843 3360 2914 peccatis
3434 2851 3631 2921 nostris
3696 2848 3849 2904 iure-

2320 2929 2540 2969 menius.

2317 3026 2453 3080 Cum
2482 3027 2549 3079 ad
2585 3014 2810 3095 peccata
2845 3041 2965 3096 qua:
2988 3025 3088 3082 feci
3119 3026 3190 3060 ⁸⁸³
3220 3030 3471 3101 respicio,
3500 3040 3557 3088 et
3578 3046 3775 3103 poenas
3792 3040 3849 3088 et

2251 3122 2515 3170 tormenta
2545 3114 2802 3186 intelligo,
2835 3131 2956 3186 qua:
2989 3130 3087 3186 pro
3112 3114 3178 3172 iis
3206 3119 3316 3187 pati
3346 3119 3539 3187 debeo,
3574 3135 3685 3175 non
3713 3136 3844 3191 par-

2249 3226 2375 3265 vum
2407 3211 2655 3265 timorem
2687 3210 2881 3264 habeo.
2912 3209 3099 3280 itaque
3122 3210 3351 3267 multum
3392 3213 3590 3268 anxius
3615 3224 3675 3269 et
3701 3215 3846 3270 mni.-

2251 3311 2363 3357 tnm
2392 3301 2611 3356 timidus
2643 3301 2711 3356 de
2748 3301 3055 3370 perditione
3084 3317 3228 3366 mea,
3256 3303 3300 3358 si
3334 3302 3474 3360 forte
3503 3304 3702 3361 alicubi
3745 3308 3847 3361 ali-

2250 3407 2413 3461 quant
2443 3390 2872 3447 consolationem
2901 3391 3171 3447 inveniam
3194 3392 3268 3425 ⁸⁵³
3307 3394 3553 3464 requiro;
3595 3394 3709 3452 Sed
3739 3397 3843 3451 heu

2247 3482 2319 3517 ⁴⁶⁸
2344 3484 2537 3538 miser!
2563 3482 2763 3538 nullam
2793 3484 3006 3539 invenio
3024 3501 3039 3550 ;
3057 3484 3185 3555 quia
3214 3498 3318 3539 non
3334 3484 3506 3541 solum
3522 3486 3844 3545 Creatorem

2248 3591 2450 3640 meum,
2483 3576 2654 3632 sedet
2684 3574 2855 3641 illmn,
2878 3585 2930 3634 et
2961 3591 3178 3633 omnem
3205 3588 3516 3634 creaturam
3549 3579 3673 3649 ejus
3695 3597 3728 3637 a
3757 3598 3843 3637 me

2250 3667 2512 3725 offensam
2542 3664 2663 3723 esse
2685 3677 2869 3725 certus
2891 3669 2961 3709 “3
2984 3670 3182 3727 csisto.
3213 3670 3441 3727 Creator
3472 3672 3661 3742 itaque
3683 3689 3838 3729 meus

2248 3774 2370 3815 eum
2402 3757 2551 3813 omni
2569 3767 2821 3815 creatura
2846 3775 2967 3826 sua,
2997 3763 3236 3832 peccatis
3253 3762 3390 3819 meis
3410 3762 3656 3834 graviter
3675 3763 3847 3821 offen-

2248 3866 2359 3914 sus,
2386 3865 2472 3905 me
2502 3851 2753 3918 damnat;
2788 3867 2909 3907 mea
2933 3853 3268 3911 conscientia
3302 3864 3451 3909 certa
3488 3855 3556 3910 de
3580 3856 3701 3912 suis
3726 3872 3844 3912 ma-

2248 3945 2314 4001 lis
2342 3944 2615 4015 operibus,
2642 3961 2708 4000 ex
2739 3944 2885 4002 omni
2911 3953 3063 4016 parte
3090 3959 3183 4001 me
3217 3954 3459 4001 aecus-it.
3501 3946 3570 4001 Et
3596 3946 3673 4002 ita
3717 3949 3839 4004 nul-

2248 4038 2353 4092 lam
2380 4038 2804 4093 consolationem
2835 4036 3073 4103 invenio,
3104 4051 3206 4092 nec
3234 4037 3304 4092 ab
3333 4035 3441 4092 ullo
3464 4036 3535 4068 “⁸
3565 4035 3733 4095 facile
3756 4054 3842 4095 me

2247 4139 2373 4201 puto
2401 4130 2618 4187 habere.
2655 4130 2788 4197 Quid
2822 4126 2959 4202 ergo
2997 4129 3226 4185 faciam?
3250 4144 3359 4199 quo
3403 4142 3489 4184 me
3519 4141 3843 4186 convertam

2245 4221 2324 4277 sic
2354 4221 2646 4287 desolatus,
2669 4221 2748 4287 sic
2777 4234 3124 4293 peccatorum
3156 4234 3399 4276 meorum
3430 4219 3660 4278 malitiis
3688 4222 3843 4277 invo-

2245 4312 2424 4368 lutus?
2453 4312 2509 4369 Sf
2545 4315 2612 4368 ad
2657 4313 2806 4367 illum
2840 4313 2933 4380 “7,
2972 4314 3064 4384 qui
3103 4327 3189 4367 me
3225 4322 3431 4369 rectum
3464 4311 3621 4380 fecit,
3664 4308 3877 4370 redire.

2246 4400 2391 4467 volo,
2411 4399 2635 4483 ejusque
2666 4399 2990 4456 ineffabilem
3022 4400 3306 4471 pietatem,
3338 4407 3401 4454 ut
3425 4398 3494 4455 de
3519 4415 3611 4454 me
3635 4399 3845 4455 miseri-

553 4485 663 4543 cite
689 4487 914 4552 bonum,
935 4497 998 4545 ut
1017 4488 1148 4544 illud
1174 4490 1394 4559 possitis
1411 4490 1613 4545 habere
1630 4494 1854 4557 bonum,
1877 4506 1907 4546 a
1929 4507 2038 4562 quo
2057 4500 2142 4548 est
2170 4525 2220 4585 ι)
2245 4491 2482 4546 cordiam
2509 4490 2726 4558 habeat,
2758 4491 3047 4562 deprecor;
3075 4504 3179 4545 non
3207 4503 3398 4559 parum
3429 4488 3603 4585 timeo
3645 4503 3841 4585 nepro

555 4593 717 4633 omne
741 4578 964 4644 bonum,
993 4579 1201 4635 scilicet
1228 4583 1407 4637 omnis
1435 4581 1561 4637 boni
1592 4583 1814 4649 bonum,
1844 4581 1990 4653 quod
2032 4598 2140 4639 non

554 4660 736 4740 potest
759 4684 881 4726 esse
907 4671 1015 4726 nisi
1046 4671 1264 4727 bonum.
1306 4671 1472 4729 Multa
1517 4674 1658 4730 bona
1693 4673 1925 4731 Creator
1963 4684 2149 4735 noster

556 4758 704 4819 dedit
728 4763 905 4830 nobis,
937 4762 1106 4819 multa
1138 4764 1191 4819 in
1226 4773 1495 4835 potestate
1528 4775 1713 4822 nostra
1755 4767 2007 4833 tradidit;
2043 4768 2140 4824 sed

558 4854 762 4911 nullum
795 4856 1003 4919 bonum
1022 4864 1109 4912 est
1137 4864 1246 4911 tam
1272 4856 1593 4927 pretiosum,
1642 4865 1751 4912 tam
1777 4859 1846 4914 ab
1874 4858 2021 4914 omni
2054 4872 2140 4913 sa-

2248 4591 2397 4638 tanta
2424 4582 2727 4638 temeritate
2750 4582 2923 4652 magis
2953 4595 3077 4636 emn
3111 4593 3358 4634 moveam
3397 4578 3467 4632 ad
3496 4579 3843 4635 iracundiam

2250 4678 2538 4736 adversum
2566 4689 2672 4740 me,
2697 4683 2752 4728 et
2778 4688 2874 4744 pro
2901 4675 3004 4730 hoc
3026 4674 3245 4745 gravius
3271 4690 3335 4731 se
3351 4674 3599 4729 vindicet
3623 4672 3695 4728 de
3722 4686 3844 4727 sce~

2253 4769 2456 4824 Ictibus
2489 4768 2648 4830 meis,
2681 4767 2877 4834 quibus
2896 4780 3003 4820 non
3035 4765 3190 4820 timui
3215 4765 3333 4832 ejus
3361 4764 3845 4843 mansuetudinem

2246 4873 2591 4930 exasperare.
2617 4856 2756 4925 Quid
2777 4855 2941 4927 ergo?
2976 4854 3288 4913 llemanebo
3317 4854 3475 4930 quasi
3517 4854 3848 4925 desperatus

1865 4996 1955 5051 VA
1964 4997 2103 5053 ΒΙΑΣ
2141 4993 2548 5053 LECTiONES.

634 5148 708 5182 ⁸⁸⁸
736 5147 794 5205 ln
827 5165 948 5207 eam
986 5148 1201 5231 plenam
1233 5167 1361 5205 mss.
1392 5150 1447 5231 in
1471 5164 1590 5204 eam
1618 5150 1814 5231 ignem.
1842 5150 2069 5231 Plenum
2144 5151 2216 5184 ⁸⁵⁸
2244 5150 2377 5207 Veni
2410 5150 2633 5231 misera,
2661 5162 2849 5230 ventes
2883 5164 3011 5201 mss.
3041 5146 3178 5231 .veni
3230 5161 3453 5231 misera,
3508 5162 3638 5216 qua:
3678 5144 3852 5228 tantis

555 5225 955 5275 tormentorum
984 5215 1275 5290 generibus
1299 5221 1539 5290 undique
1567 5215 1855 5276 excrucior
1878 5223 2101 5286 misera,
2133 5236 2347 5277 vermes
2418 5221 2489 5254 ⁸⁸⁷
2527 5219 2723 5274 Misera
2755 5219 2963 5290 misera
2983 5215 3182 5290 misera
3215 5224 3268 5272 et
3296 5217 3431 5290 mori
3461 5215 3590 5271 mss.
3621 5217 3852 5290 misera,

552 5289 785 5369 misera...
804 5300 859 5345 et
889 5282 1024 5369 mori
1100 5290 1172 5369 δίε
1198 5289 1350 5346 Nttttc
1372 5282 1486 5369 ipsa
1510 5291 1563 5346 in
1595 5290 1873 5369 doloribus
1899 5282 2276 5369 mss._nu_nc_in
2308 5290 2437 5369 ipsis
2463 5289 2739 5369 doloribus
2813 5289 2916 5369 ’.δ”
2935 5288 3077 5342 Bene
3103 5286 3284 5369 facere
3312 5282 3608 5369 et.bonum
3637 5286 3854 5369 habet}:

554 5375 682 5414 mss.
722 5359 858 5414 Vict.
889 5361 1092 5416 bonum
1129 5361 1311 5417 facere
1332 5355 1619 5417 et'bonum
1652 5361 1856 5419 habere
1884 5380 1984 5417 ms.
2012 5362 2168 5417 (ἔστι).
2199 5355 2339 5416 bona
2371 5359 2549 5417 facere
2577 5368 2632 5413 et
2662 5361 2800 5414 bona
2830 5358 3033 5413 habere
3064 5355 3178 5427 77"”
3208 5355 3392 5427 Facile
3435 5371 3551 5427 non
3595 5355 3855 5427 peccabi-

555 5429 634 5512 lis
651 5447 752 5512 ius.
786 5447 891 5486 non
926 5431 1085 5486 facile
1107 5432 1419 5512 peccabitis'
1464 5431 1545 5512 ,δτι
1579 5431 1791 5512 Cotlan
1819 5450 1941 5487 cum
1963 5433 2106 5512 _Mss.
2138 5431 2275 5487 Vict.
2310 5431 2437 5512 ΚΚ2
2463 5432 2540 5512 16.
2562 5428 2721 5485 Corb.
2780 5428 2903 5512 liii).
2949 5438 3001 5511 et
3060 5426 3293 5512 lini-Inc.
3475 5425 3854 5512 roborandam

551 5500 805 5580 spiritum
832 5512 935 5558 etc.
962 5518 1092 5561 mss.
1109 5497 1262 5581 Vict:
1287 5512 1335 5556 et
1380 5499 1610 5581 Val-luo.
1641 5501 1917 5581 Oratione
1944 5502 2474 5581 tlcsperemtts,__qttia
2497 5501 2541 5556 si
2570 5514 2751 5554 veram
2770 5509 2912 5581 etc,
2942 5498 2999 5581 in
3020 5498 3104 5552 edi
3114 5499 3191 5581 {is
3203 5514 3302 5581 mis.
3324 5497 3857 5581 Corbulionsidera-

553 5563 645 5651 ιῖο.
670 5580 1020 5657 ιζοεερθιοηιξῑι
1051 5572 1197 5657 lende
1219 5573 1610 5657 tinctum:
1642 5584 1699 5657 et
1722 5573 1790 5657 de
1817 5572 1965 5657 tanta
2001 5563 2713 5657 ιπίίερτίεοτέιίτὲηηιξητιιξθξξτ
2737 5569 3064 5657 ,ιίρθοίεεξιὲὶ
3081 5565 3214 5657 ,ξῗὶ
3239 5568 3361 5657 99°
3388 5567 3522 5657 ,εφὶ
3553 5563 3854 5657 "tt-13:

554 5639 647 5704 qui
678 5637 781 5694 feci
807 5656 935 5696 mss.
963 5641 1121 5697 (ἐστι).
1151 5651 1201 5697 et
1243 5641 1485 5696 Val-lue.
1513 5658 1634 5712 qua:
1665 5642 1767 5701 feci
1844 5644 1912 5676 ⁸⁸³
1938 5645 2213 5702 Inveniam
2238 5660 2363 5698 mss.
2401 5640 2535 5697 Vict.
2567 5637 2617 5696 et
2654 5639 2884 5696 Val-Inc.
2914 5638 3219 5694 inVeuirem
3254 5654 3357 5719 ius."
3386 5637 3548 5692 Corb.
3594 5637 3860 5692 invenire

553 5705 626 5741 ⁸³⁵
662 5708 770 5764 Sed
796 5710 899 5762 heu
948 5728 1074 5771 mss.
1123 5721 1179 5766 cl
1225 5712 1327 5769 ben
1406 5713 1471 5744 ⁸⁸⁸
1502 5713 1774 5769 Otfensam
1815 5729 1997 5774 certus
2019 5734 2143 5772 mss.
2174 5713 2435 5774 oilensam
2464 5728 2584 5769 esse
2613 5719 2794 5771 certus
2866 5712 2936 5744 ⁸⁸⁸
2973 5709 3081 5768 Nec.
3104 5709 3171 5765 ab
3201 5710 3308 5765 a'to
3341 5724 3439 5765 tm.
3475 5723 3575 5767 nec
3608 5707 3682 5764 ab
3738 5705 3859 5763 ullo

552 5775 621 5810 ⁸⁵⁷
650 5778 705 5834 Si
741 5779 807 5834 ad
845 5779 990 5834 illum
1017 5797 1113 5836 ms.
1163 5781 1292 5837 Vict.
1340 5783 1432 5839 seti
1475 5785 1541 5839 ad
1567 5783 1715 5838 illum
1862 5780 1869 5789 ’“

1178 5941 1290 5957 MA
