4060 6292
227 338 317 410 πυτ

1591 333 2122 395 MENTATIONES.
2164 325 2169 328 ’

3360 342 3468 405 m

224 436 336 518 Sine
368 450 752 521 oonsilio,_sine
779 448 1080 520 adiutorio?
1124 448 1314 505 Adhuc
1351 447 1579 505 Creator
1626 459 1777 505 meus
1808 461 1854 517 Α
1883 450 2014 504 toris
2044 449 2149 514 sui,
2181 457 2460 519 exuperant
2499 457 2555 505 et
2582 448 2683 521 ipsi
2708 449 2958 507 certatim
2988 451 3056 508 ad
3085 450 3293 510 fontem
3323 469 3457 512 cur-

232 564 307 608 me
331 546 521 619 patitur
545 545 726 601 vivere
750 561 764 598 :
792 543 969 599 adhuc
993 557 1099 599 non
1126 542 1352 598 dimittit
1380 542 1511 597 mihi
1552 556 1637 606 ea,
1659 557 1782 612 qua:

229 649 341 698 sum
364 636 661 693 necessaria
705 634 771 690 ad
795 636 1241 691 sustentationem
1271 635 1428 707 hujus
1458 634 1602 701 vitae,
1623 634 1784 688 mini-

230 734 407 788 strare.
443 727 526 791 Et,
559 727 703 782 sicut
730 727 892 781 rebus
921 726 1053 795 ipsis
1090 725 1364 795 experior,
1407 734 1626 795 peccata
1665 738 1783 778 mea

228 838 320 877 non
359 829 581 891 possunt
606 816 688 849 “‘3
713 817 830 887 ejus
871 816 1168 871 bonitatem
1211 816 1450 877 vincere,
1489 823 1548 868 ut
1607 814 1786 869 adhuc

228 911 367 975 velit,
395 909 533 965 sicut
552 907 666 977 jam
687 908 980 978 promerui,
1011 907 1363 971 confundere,
1393 915 1448 961 et
1466 920 1533 960 ex
1556 914 1670 960 toto
1692 906 1785 960 de-

224 1012 436 1057 struere.
472 1001 848 1057 Certissimum
878 1007 961 1054 est
991 1013 1120 1069 ergo
1150 999 1296 1054 illum
1332 1013 1456 1054 esse
1481 998 1627 1068 pium
1656 1011 1785 1068 erga

226 1105 323 1157 nte,
368 1090 455 1161 qui
495 1099 648 1144 tanta
691 1089 833 1145 bona
881 1088 1009 1143 mihi
1060 1088 1310 1159 largitur,
1360 1102 1461 1143 nec
1498 1086 1676 1143 adhuc
1717 1087 1786 1142 de

222 1184 345 1237 meis
369 1180 741 1250 iniquitatibus
761 1195 819 1235 se
843 1178 1038 1250 qumrit
1069 1179 1365 1251 vindicare.

282 1273 569 1336 Audivi,.et
598 1272 738 1327 sicut
784 1272 884 1343 ipsi
916 1279 1246 1327 attestautur
1268 1273 1361 1341 qui
1388 1270 1599 1343 experti
1637 1278 1784 1336 sunt,

220 1382 391 1423 verum
423 1367 667 1437 estqqu
696 1367 898 1433 audivi,
928 1367 1053 1436 quia
1084 1366 1198 1437 ipse
1218 1364 1339 1421 fons
1367 1365 1750 1421 misericordia
1770 1403 1786 1429 ,

222 1461 301 1530 qui
349 1460 412 1516 ab
458 1460 614 1515 initio
668 1453 853 1514 mundi
899 1473 1125 1514 currere
1168 1458 1353 1529 erepit,
1387 1457 1565 1512 adhuc
1594 1455 1786 1512 currit.

222 1553 331 1609 Fuit
358 1563 536 1610 autem
592 1554 817 1610 multum
861 1552 942 1621 (ut
990 1553 1162 1624 aiunt)
1203 1548 1515 1608 misericors
1566 1546 1620 1608 et
1666 1551 1789 1623 pius

221 1659 335 1716 erga
391 1646 622 1716 primum
684 1636 965 1718 parentem
1029 1655 1272 1701 nostrmn
1304 1646 1512 1713 Adam,
1573 1645 1789 1716 quando

224 1736 340 1792 illud
366 1750 646 1808 peccatum
677 1740 744 1795 de
772 1739 946 1795 lructu
990 1739 1156 1794 vetito
1186 1739 1481 1804 commisit,
1510 1738 1653 1809 quod
1680 1752 1787 1793 non

1888 557 2008 597 rere
2035 540 2439 609 misericordiae,
2463 541 2533 597 ad
2557 541 2757 599 fontem
2782 544 3019 615 pietatis,
3042 557 3091 600 et
3117 557 3336 615 peccata
3367 562 3463 604 sua

1888 633 1940 688 in
1968 647 2034 688 eo
2063 633 2263 689 lavare.
2299 635 2475 705 Coepit
2505 644 2683 692 autem
2709 647 2766 693 et
2806 639 2922 709 ipse
2945 636 3067 694 fons
3097 640 3316 710 pietatis
3341 657 3466 697 cum

1886 723 2264 793 peccatoribus
2290 727 2563 792 convesei,
2589 728 2755 798 coepit
2785 729 2865 794 eis
2891 732 3101 802 aperire
3125 744 3467 788 sacramenta

1889 812 2247 869 confessionis
2266 822 2491 883 sanctae,
2518 832 2617 888 per
2641 833 2803 891 quam
2833 821 3115 877 alleviatur
3143 838 3306 881 omne
3327 840 3469 879 onus

1887 891 2127 975 peccati;
2172 906 2297 976 quia
2341 906 2394 961 in
2425 921 2555 964 vera
2584 909 2928 968 confessione
2971 915 3261 969 mandatur
3292 917 3472 971 omnis

1891 997 2100 1051 macula
2130 995 2332 1053 delicti.

1961 1088 2089 1144 Post
2117 1090 2231 1145 haec
2259 1091 2724 1162 appmpinquante
2748 1101 3008 1164 tempore,
3038 1088 3147 1166 quo
3174 1090 3284 1168 pati
3311 1098 3472 1155 debe-

1892 1186 1975 1235 ret
2001 1195 2100 1250 pro
2130 1181 2499 1253 redemptione
2528 1193 2896 1254 peccatorum,
2924 1184 3117 1253 Judaei,
3144 1204 3212 1245 ex
3240 1207 3473 1260 quorum

1893 1271 2059 1341 stirpe
2089 1274 2380 1329 secundum
2412 1290 2633 1331 carnem
2659 1280 2815 1331 ortus
2848 1287 2955 1342 est,
2987 1278 3133 1334 ducti
3164 1281 3383 1347 invidia,
3409 1282 3476 1338 il-

1894 1362 2030 1430 l.un,
2046 1379 2144 1435 pro
2163 1378 2227 1420 eo
2245 1366 2367 1435 quia
2386 1381 2434 1422 et
2449 1378 2497 1422 at
2516 1368 2637 1435 pius
2656 1378 2707 1423 et
2721 1356 3473 1440 misericors,crucifiiterunt.

1895 1455 1996 1522 Qui
2055 1465 2232 1510 tamen
2270 1464 2326 1511 ct.
2356 1451 2407 1511 in
2442 1458 2556 1528 ipsa
2595 1468 2768 1513 morte
2789 1475 2894 1514 non
2941 1460 3226 1517 immemor
3258 1463 3478 1533 pietatis

1895 1560 2027 1613 suae,
2057 1561 2154 1616 pro
2181 1546 2621 1604 interfectoribus
2651 1548 2770 1604 Suis
2795 1549 3012 1607 Patrem
3042 1556 3198 1608 suum
3230 1546 3474 1624 rcgahat,

1895 1648 1953 1692 ιιι
1967 1638 2258 1694 diu.itterct
2278 1639 2383 1695 illis
2403 1641 2505 1696 hoc
2523 1652 2803 1711 peccatum
2829 1660 2842 1696 :
2874 1641 2997 1697 Non
3017 1646 3154 1699 enim
3176 1648 3369 1716 sciunt,
3394 1649 3477 1704 in-

1897 1731 2059 1802 213
2083 1731 2221 1801 quit,
2249 1732 2372 1803 quid
2392 1733 2594 1802 faciunt
2620 1733 2942 1805 rLuc.xxm,
2960 1738 3073 1803 34).
3099 1739 3326 1796 Excusat
3356 1741 3477 1797 illos

221 1830 392 1884 Statim
429 1846 574 1896 eum,
600 1823 765 1887 sicut
792 1840 1187 1901 promerueral,
1234 1840 1436 1887 aeterna
1481 1830 1788 1900 perditione
1821 1818 1865 1879 Β
1892 1823 2202 1879 dulcissima
2231 1824 2442 1880 Domini
2483 1826 2676 1894 pietas,
2706 1828 2799 1899 qui
2834 1845 2938 1883 non
2967 1831 3072 1884 vult
3107 1842 3325 1887 mortem
3353 1851 3478 1905 pec-

220 1919 513 1989 damnavit;
556 1924 647 1979 sed
682 1924 1116 1979 emendationem
1148 1924 1265 1995 ejus
1296 1924 1568 1993 patienter
1595 1938 1790 1994 exspe-

220 2013 393 2078 ctavit,
422 2022 478 2068 et
503 2024 559 2069 ut
583 2014 649 2069 ad
676 2017 903 2086 gratiam
935 2011 1052 2083 ejus
1078 2028 1241 2085 quem
1267 2004 1575 2069 offenderat
1606 2013 1784 2086 relire

218 2112 406 2172 posset,
459 2106 884 2161 misericorditer
933 2105 1160 2176 adjuvit.
1212 2104 1359 2160 Misit
1401 2120 1530 2160 vero
1575 2103 1642 2159 ad
1690 2105 1792 2160 hoc

218 2208 342 2263 opus
379 2195 481 2263 illi,
527 2206 581 2254 et
623 2198 875 2253 omnibus
918 2197 1023 2253 illis
1061 2197 1152 2268 qui
1201 2213 1266 2254 ex
1307 2194 1401 2253 illo
1434 2199 1609 2254 exorti
1646 2206 1790 2264 sunt,

216 2285 402 2354 sacpius
431 2302 561 2342 suos
589 2287 829 2359 angelos,
871 2270 1098 2361 monens
1136 2288 1193 2344 ut
1235 2289 1496 2353 redirent,
1530 2296 1586 2345 et
1605 2289 1791 2360 pomi-

215 2377 431 2431 teutiam
455 2392 556 2446 pro
584 2379 696 2434 suis
719 2378 1095 2448 iniquitatibus
1120 2391 1376 2451 agerent;
1407 2381 1533 2451 quia
1565 2381 1679 2451 ipse
1700 2394 1795 2437 eos
1824 2450 1829 2454 δ

215 2464 383 2520 adhuc
416 2465 649 2521 libenter
673 2468 958 2537 reciperet,
997 2471 1039 2522 si
1075 2468 1141 2524 de
1170 2470 1410 2539 peccatis
1436 2471 1548 2526 suis
1581 2486 1647 2527 ex
1678 2480 1794 2529 toto

214 2554 370 2610 corde
418 2550 767 2626 poeniterent.
810 2557 915 2614 Sed
965 2559 1064 2630 ipsi
1112 2561 1291 2617 adhuc
1332 2562 1385 2616 in
1414 2563 1653 2633 peccatis
1681 2564 1794 2619 suis

215 2648 588 2715 perdurantes,
621 2638 846 2720 ejusque
868 2652 1073 2706 rnorrita
1101 2662 1439 2723 spernentes,
1467 2655 1793 2711 addiderunt

215 2748 428 2805 peccata
455 2743 716 2810 peccatis,
739 2751 792 2797 et
817 2743 969 2813 quasi
1010 2743 1181 2799 insani
1214 2756 1269 2801 et
1302 2742 1693 2803 abominabiles
1739 2747 1792 2802 in

218 2831 321 2886 suis
344 2831 720 2903 iniquitatibus
763 2830 1062 2901 facti,e‘um
1106 2837 1159 2892 in
1204 2838 1410 2894 honore
1457 2838 1583 2894 facti
1611 2832 1795 2895 essent

218 2931 427 2992 propter
453 2924 859 2981 similitudinem
908 2924 1025 2993 Dei,
1056 2936 1339 2998 cmperuut
1375 2943 1556 2984 mores
1585 2928 1793 2985 bestia-

220 3025 328 3067 rum
354 3024 545 3070 contra
573 3024 823 3072 naturam
858 3016 1084 3073 imitari.

280 3102 422 3161 Misit
446 3116 714 3177 praeterea
746 3108 1108 3179 patriarchas,
1139 3109 1291 3165 misit
1332 3110 1660 3191 prophetas;
1698 3109 1793 3167 sed

219 3207 308 3249 nec
331 3195 411 3251 sic
445 3196 521 3252 illi
549 3197 835 3255 voluerunt
863 3197 1176 3269 relinquere
1213 3201 1329 3255 vias
1370 3216 1499 3256 suas
1535 3211 1708 3256 tortas
1737 3210 1794 3256 et

216 3299 490 3354 perversae
511 3307 529 3344 :
559 3291 654 3345 sed
685 3289 947 3362 quosdam
977 3291 1209 3355 illorum,
1239 3293 1330 3362 qui
1365 3292 1446 3348 eis
1471 3293 1674 3347 monita
1706 3308 1796 3348 sa-

219 3373 335 3432 lutis
371 3378 598 3445 dabant,
633 3379 1061 3447 interliciebant;
1102 3382 1238 3439 alios
1264 3383 1429 3439 variis
1455 3393 1511 3438 et
1540 3383 1796 3440 inauditis

218 3470 491 3525 tormentis
548 3470 889 3526 cruciat-ant.
948 3470 1262 3544 Castigabat
1309 3482 1489 3528 tamen
1544 3487 1640 3530 eos
1700 3472 1799 3528 ali-

217 3560 441 3628 quando,
476 3569 545 3618 ιιι
568 3561 876 3618 misericors
905 3573 1080 3635 pater,
1118 3580 1224 3621 non
1265 3575 1326 3621 ut
1360 3566 1605 3622 irritatus
1636 3567 1796 3623 malis

218 3651 454 3720 operibus
500 3653 722 3709 illorum
751 3667 810 3709 se
840 3653 907 3710 de
957 3655 1319 3723 contumeliis,
1353 3673 1501 3727 quas
1533 3659 1585 3715 ei
1633 3660 1799 3716 facie-

218 3741 357 3811 bant,
385 3748 723 3815 vindicaret;
751 3749 847 3805 sed
871 3756 929 3802 ιιι
951 3751 1180 3805 correcti
1213 3752 1280 3807 ad
1310 3752 1453 3810 illius
1490 3754 1798 3812 misericor-

219 3832 349 3891 diam
382 3840 654 3907 redirent,
678 3838 937 3911 quinullo
962 3841 1121 3896 modo
1144 3840 1255 3895 vult
1279 3840 1517 3909 illorum,
1543 3860 1680 3915 quos
1702 3846 1797 3901 bo-

219 3927 375 3985 nitate
402 3945 499 3987 sua
529 3933 762 3999 ereavit,
788 3933 1168 4005 perditionem.
1198 3932 1306 3990 Sed
1336 3950 1458 3990 cum
1485 3952 1585 3992 nec
1614 3938 1801 3993 admo-

219 4018 409 4078 nitione
441 4063 457 4091 ,
522 4040 632 4080 nec
675 4025 1013 4082 correctione
1080 4026 1278 4098 smpius
1332 4027 1402 4083 ab
1456 4042 1523 4083 eo
1588 4029 1799 4085 visitati

219 4123 638 4183 reverterentur,
672 4131 778 4173 non
807 4132 868 4174 se
893 4118 1067 4189 potuit
1095 4118 1213 4174 fons
1238 4117 1459 4190 pietatis
1492 4118 1632 4175 ultra
1663 4120 1796 4176 reti-

218 4214 363 4270 nere;
401 4207 496 4261 sed
525 4206 601 4262 de
629 4206 749 4264 sinu
774 4208 951 4264 Patris
991 4209 1350 4275 descendens,
1375 4217 1648 4282 assumpta
1672 4224 1800 4266 vera

218 4291 575 4362 humanitate,
603 4308 880 4368 assumpta
914 4309 1263 4371 peccatorum
1285 4301 1662 4371 similitudine,
1689 4319 1801 4360 ete-

220 4385 289 4455 pit
308 4403 398 4445 eos
409 4390 651 4464 dulciter
675 4393 1297 4459 monere,utsalutarem
1321 4403 1449 4450 tunc
1472 4395 1540 4451 de
1563 4396 1801 4467 peccatis

1893 1916 2218 1981 catoris,scd
2260 1926 2316 1971 ut
2360 1926 2704 1985 convertatur,
2751 1930 2799 1974 et
2833 1921 2965 1975 rivat
3012 1919 3230 1993 (Eur/1.
3281 1942 3477 1994 xum,

1895 2006 2004 2077 il).
2029 2005 2194 2076 Cujus
2239 2022 2368 2077 ergo
2408 2024 2503 2064 cor
2549 2018 2656 2064 tam
2693 2012 2907 2075 durum,
2941 2022 3160 2084 tamque
3209 2016 3478 2088 lapideum

1894 2114 2001 2153 non
2032 2100 2278 2155 emollire
2306 2102 2477 2171 possit
2502 2111 2647 2156 tanta
2679 2106 3037 2160 mansuetudo
3066 2104 3343 2163 Creatoris
3368 2094 3482 2164 iuo-

1896 2190 2035 2247 Stri?
2064 2182 2232 2259 Quem
2275 2208 2397 2248 cum
2443 2192 2497 2248 in
2543 2194 2724 2249 multis
2745 2205 2992 2251 creatura
3040 2212 3163 2263 sua,
3198 2215 3362 2270 quam
3410 2200 3481 2256 ad

1897 2281 2184 2353 imaginem
2216 2292 2270 2338 et
2296 2284 2703 2342 similitudinem
2732 2304 2886 2342 suam
2913 2288 2983 2325 ⁸⁷⁸
3015 2291 3082 2344 de
3125 2290 3294 2347 nihilo
3324 2307 3479 2348 crea-

1895 2372 1992 2437 vit,
2029 2372 2435 2434 dehonestaret,
2466 2391 2570 2429 non
2620 2391 2679 2431 se
2723 2378 3048 2446 vindicavit,
3083 2381 3179 2438 sed
3239 2382 3482 2440 dehone-

1897 2458 2093 2530 st'atus,
2111 2475 2162 2520 et
2186 2465 2368 2521 multis
2396 2465 2551 2522 malis
2578 2454 2832 2539 Operibus
2862 2470 3075 2527 illorqu
3105 2474 3368 2543 irritatus,
3388 2488 3484 2549 pa-

1898 2558 2093 2611 tienter
2116 2556 2257 2617 tulit,
2280 2566 2332 2612 et
2353 2564 2411 2611 ut
2435 2558 2500 2611 ad
2529 2557 2676 2612 illum
2705 2560 2822 2614 sine
2845 2562 3182 2621 hmsitatione
3209 2568 3477 2635 redirent,

1897 2646 2128 2702 dulciter
2167 2647 2466 2728 admonuit.
2529 2646 2659 2703 Pius
2707 2650 2838 2721 ergo
2889 2661 2944 2707 et
2992 2652 3164 2710 dulcis
3219 2656 3482 2717 Dominus

1897 2744 2083 2791 noster
2117 2735 2274 2793 Jesus
2301 2736 2551 2793 Christus
2569 2779 2584 2804 ,
2626 2738 2765 2794 sicut
2787 2756 2884 2811 per
2910 2737 3229 2813 prophetam
3257 2749 3476 2817 dicitur,

1897 2841 2003 2880 non
2030 2824 2135 2880 vult
2163 2835 2382 2879 mortem
2403 2828 2712 2897 peccatoris,
2737 2839 2830 2883 sed
2849 2840 2903 2885 ut
2934 2833 3189 2905 relinquat
3216 2837 3324 2894 vias
3354 2857 3481 2896 suas

1897 2916 2067 2971 malas
2101 2915 2318 2987 (Ezech.
2347 2934 2503 2984 xvm,
2540 2917 2665 2991 25),
2695 2930 2752 2975 et
2792 2921 2871 2977 sic
2914 2924 3284 2994 paenitentiam
3316 2947 3483 3000 agens

1897 3007 1965 3062 de
2015 3006 2390 3077 iniquitatibus
2441 3008 2937 3075 suis,'revertatur
2985 3015 3053 3070 ad
3105 3019 3336 3088 gratiam
3395 3022 3480 3077 sui

1897 3098 2390 3166 Creatoris.Qttam
2432 3100 2746 3159 misericors
2774 3104 2939 3159 etiam
2972 3107 3044 3163 sit
3065 3123 3191 3181 erga
3216 3115 3482 3181 peccatri-

1898 3190 2017 3245 cem
2046 3190 2307 3255 animam,
2342 3189 2475 3246 dicit
2502 3200 2596 3261 p‘er
2622 3192 2785 3249 alium
2816 3197 3156 3267 prophetam,
3187 3203 3483 3261 exhortans

1897 3297 2017 3337 eam
2046 3293 2105 3337 ut
2149 3284 2313 3338 etiam
2349 3292 2473 3356 post
2517 3298 2795 3355 peccatum
2825 3302 3131 3346 revertatur
3165 3295 3232 3347 ad
3256 3310 3399 3362 eum,
3425 3308 3483 3353 et

1899 3370 2174 3429 i'uvenient
2220 3375 2290 3408 ⁵⁷¹
2348 3377 2801 3435 misericordiam.
2838 3381 2915 3436 Tu
2957 3395 3153 3450 autem,
3209 3386 3477 3458 inquiens,

1898 3465 2159 3537 fornicata
2197 3485 2251 3523 es
2297 3487 2415 3524 cum
2456 3473 2779 3527 amatoribus
2827 3473 3006 3529 multis
3045 3472 3184 3548 (Jer.
3213 3494 3362 3547 xxxi,
3396 3482 3473 3551 1),

1900 3558 1951 3617 id
1981 3568 2089 3626 est,
2115 3570 2169 3615 tu
2196 3576 2315 3630 quae
2344 3561 2397 3616 in
2426 3562 2746 3633 baptismate
2779 3565 2912 3621 mihi
2936 3564 3095 3622 [idem
3125 3571 3475 3639 promiseras,

1899 3660 2045 3708 tuam
2091 3656 2396 3710 castitatem
2428 3667 2549 3711 cum
2579 3658 2912 3716 amatoribus
2943 3646 3125 3717 multis
3166 3672 3477 3720 commacu-

1896 3745 2019 3802 lans
2040 3745 2111 3779 ‘7‘
2137 3746 2370 3814 violasti,
2403 3757 2584 3804 tamen
2627 3749 3001 3820 paenitentiam
3050 3768 3170 3824 age,
3196 3764 3251 3811 et
3290 3752 3477 3811 rever-

1900 3846 2013 3893 tere
2043 3839 2110 3893 ad
2138 3854 2244 3906 me,
2274 3849 2329 3896 et
2378 3840 2670 3912 suscipiam
2703 3852 2773 3897 te.
2812 3842 3002 3899 Nullus
3042 3859 3173 3915 ergo
3224 3857 3485 3915 peccator

1899 3931 2166 4000 desperet,
2194 3934 2411 4002 quando
2452 3933 2714 4000 fornicata
2738 3934 2809 3967 δ”
2829 3949 2951 3989 eum
2991 3935 3175 3995 multis
3215 3937 3477 3993 amatori-

1897 4021 1999 4077 bus
2048 4023 2322 4093 recipitur,
2382 4025 2510 4094 quia
2557 4023 2680 4079 l’ons
2743 4024 2961 4095 pictatis
2989 4033 3046 4080 et
3095 4025 3481 4084 nrisericordia:

1897 4112 2057 4171 Jesus
2076 4115 2327 4172 Christus
2366 4117 2565 4173 nullius
2600 4104 2976 4187 iiiiqttitatibus
2997 4117 3336 4182 exhauritur,
3362 4120 3485 4174 nul-

1898 4202 2006 4259 lius
2052 4202 2355 4261 sceleribus
2382 4204 2454 4238 ’τι
2483 4205 2766 4278 polluitur,
2816 4206 2909 4261 sed
2948 4221 3164 4277 semper
3209 4223 3397 4278 purus,
3427 4218 3485 4263 et

1899 4297 2181 4353 abundans
2213 4297 2385 4369 gratia
2412 4297 2743 4365 dulcedinis,
2774 4313 2962 4355 omnes
3006 4300 3074 4353 ad
3106 4314 3164 4354 se
3196 4309 3481 4355 reverten-

1900 4391 1983 4441 tes
2032 4385 2274 4441 infirmos
2315 4395 2372 4441 et
2413 4398 2727 4457 peccatores
2749 4389 2960 4459 recipit,
2986 4399 3043 4445 et
3070 4389 3484 4461 quibuscunque

217 4479 322 4535 suis
351 4484 739 4553 paenitentiam
765 4493 1008 4556 agerent,
1031 4494 1088 4540 et
1113 4485 1287 4556 ipsum
1321 4501 1442 4542 esse
1467 4485 1664 4543 Filium
1695 4488 1790 4544 Dei
1821 4505 1874 4568 ι)
1900 4483 2137 4555 peccatis
2161 4486 2269 4538 sint
2292 4480 2566 4547 maculati,
2591 4482 2777 4538 abluit.
2801 4481 2867 4537 Et
2897 4492 2954 4536 ut
2986 4483 3118 4537 certi
3155 4484 3266 4540 sint
3291 4497 3487 4539 omnes

219 4581 621 4640 cognoscerent.
659 4574 766 4631 Pro
805 4575 1017 4632 illorum
1061 4578 1206 4634 enim
1251 4578 1425 4634 salute
1463 4589 1712 4647 venerat,
1743 4590 1800 4637 et

216 4665 427 4731 propter
446 4665 578 4735 hoc,
602 4681 712 4722 non
741 4665 1131 4736 desperarent:
1159 4667 1253 4722 sed
1286 4667 1591 4725 certissime
1619 4670 1798 4725 adhuc

222 4748 283 4804 de
306 4756 559 4813 omnibus
585 4757 824 4830 peccatis
866 4758 979 4814 suis
1011 4759 1222 4841 veniam
1263 4756 1465 4816 habere
1507 4773 1566 4816 se
1611 4761 1794 4817 crede-

223 4853 354 4910 rent,
383 4847 428 4902 si
462 4851 679 4905 tantum
718 4849 786 4882 “'
840 4850 931 4906 illa
963 4851 1317 4917 dimitterent,
1341 4861 1393 4907 et
1424 4852 1797 4923 paenitentiam

225 4947 455 5006 agerent.
486 4942 708 4998 Nullum
727 4950 811 4999 est
836 4943 979 4999 enim
1003 4952 1111 5000 tam
1135 4961 1298 5016 grave
1324 4954 1625 5016 peccatum,
1654 4946 1798 5017 quod

224 5038 323 5082 non
349 5033 522 5100 possit
562 5048 661 5105 per
689 5033 1064 5104 paenitentiam
1093 5034 1326 5102 aboleri;
1362 5036 1439 5090 ita
1474 5043 1535 5091 ut
1563 5051 1664 5092 nec
1686 5037 1799 5105 jam

224 5119 446 5190 amplius
491 5124 581 5180 vel
627 5125 742 5196 ipse
787 5124 1035 5181 diabolus
1064 5125 1130 5180 de
1168 5139 1236 5180 eo
1276 5126 1456 5181 valeat
1491 5127 1790 5183 reminisci.

223 5207 513 5274 Cernentes
538 5233 671 5289 ergo
693 5225 1006 5290 peccatores
1032 5226 1240 5273 tantam
1275 5218 1613 5275 dulcedinem
1636 5217 1800 5275 Crea-

1899 4587 2212 4648 peccatores
2258 4583 2313 4631 et
2342 4574 2510 4644 iniqui
2555 4590 2613 4630 se
2634 4577 2845 4631 veniam
2885 4584 3234 4649 peccatorum
3261 4591 3484 4632 suorum

1900 4670 2171 4740 accipere,
2221 4668 2266 4724 si
2308 4669 2423 4740 ipsa
2473 4676 2692 4739 peccata
2720 4683 2819 4723 sua
2864 4677 3059 4724 curant
3106 4668 3402 4736 dimittere,
3430 4677 3487 4723 et

1901 4756 2278 4831 paenitentiam
2321 4774 2507 4829 agere,
2550 4759 2665 4828 ipse
2703 4756 2825 4813 fons
2855 4756 3112 4827 pietatis,
3150 4770 3249 4828 pro
3301 4770 3488 4811 amore

1901 4868 2063 4923 quem
2115 4867 2242 4924 erga
2266 4867 2362 4908 eos
2382 4850 2453 4884 ⁸⁷⁸
2485 4851 2738 4915 habebat,
2764 4849 3008 4906 eamdem
3059 4860 3284 4904 carnem
3317 4859 3482 4916 quam

1902 4958 2001 5015 pro
2019 4945 2098 4999 eis
2124 4943 2528 5014 sumpsit,sicut
2556 4943 2805 5012 superius
2826 4940 3070 5010 exposui,
3107 4936 3330 5009 pertulit
3356 4951 3482 4991 cru-

1900 5034 2068 5104 cifigi,
2094 5043 2155 5088 ut
2181 5034 2271 5104 qui
2315 5042 2471 5088 erant
2500 5032 2742 5103 peccatis
2788 5032 3007 5096 mortui,
3052 5045 3154 5084 nec
3202 5027 3362 5082 aliter
3410 5024 3480 5081 ad

1900 5126 2067 5180 vitam
2124 5126 2303 5182 redire
2343 5134 2616 5195 poterant,
2655 5123 2754 5179 nisi
2799 5123 2974 5193 pretio
3024 5118 3307 5192 sanguinis
3363 5114 3483 5186 ejus

1908 5218 2212 5290 redempti,
2275 5216 2423 5274 nullo
2489 5214 2650 5271 modo
2712 5214 2998 5286 desperent
3049 5211 3154 5279 ⁸⁷⁸,
3202 5208 3490 5267 cernentes

1520 5326 1756 5384 VARle
1790 5327 2197 5384 LECTIONES.

289 5434 362 5471 ⁸⁸³
403 5438 826 5519 Ιξθοςξξιιῑεηιηθίε
847 5456 954 5497 non
985 5456 1215 5519 possum
1239 5459 1366 5499 mss.
1392 5453 1616 5519 peccata
1626 5458 1756 5519 mea
1785 5458 1890 5498 non
1925 5451 2200 5519 possunt__
2234 5440 2338 5519 _'_'"_
2351 5439 2459 5496 Sed
2491 5447 2700 5519 tantum
2750 5453 2887 5519 mss._
2928 5436 2974 5491 si
3022 5444 3273 5519 t_at_ttdtp__

224 5517 377 5561 suam
402 5511 827 5582 similitudinem
866 5505 1003 5582 mss:
1053 5512 1340 5582 imaginem
1367 5505 1422 5567 εἰ
1474 5513 1887 5569 similitudinem
1910 5505 2063 5569 suam
2135 5513 2203 5546 δ⁷¹
2234 5512 2299 5567 Ει
2327 5509 2567 5582 invepiat
2610 5526 2734 5582 mss.
2763 5518 2833 5582 _e_t
2873 5507 3134 5582 inveniet_
3202 5506 3273 5582 δίη
3301 5505 3489 5582 Multis

227 5581 625 5650 Quintaculans
647 5598 747 5636 ms.
788 5580 924 5636 Vict.
951 5581 985 5635 '5
1021 5577 1212 5636 omittit
1233 5584 1638 5640 commaculans
1667 5584 1738 5616 ⁴⁷³
1762 5584 1990 5650 Quando
2029 5584 2253 5638 formica
2273 5598 2400 5637 nm.
2431 5577 2586 5650 Garb.
2611 5577 2907 5647 etVal-tuc.

2996 5577 3173 5631 uando
3214 5577 3486 5634 fornicata

227 5642 294 5676 ⁸⁷⁸
324 5645 497 5706 Nullis
528 5652 964 5730 iniquitatibus...
990 5653 1149 5707 nullis
1169 5652 1466 5730 sceleribus
1504 5671 1631 5712 mss.
1664 5642 1862 5711 nullius
1912 5652 2333 5730 iniquitatibus.,
2374 5648 2574 5708 nullius
2602 5642 2897 5719 sceleribus
2976 5642 3046 5684 ⁸⁷⁵
3072 5649 3215 5720 Ergo
3236 5663 3333 5705 nos
3361 5664 3487 5703 mss.

227 5729 350 5787 erga
380 5734 475 5774 eos
575 5721 647 5774 ιτς
676 5722 1040 5794 Desperarent
1084 5740 1208 5780 mss.
1237 5724 1530 5793 desperent
1588 5772 1589 5775 η
