4060 6292
538 317 650 377 7'59

884 320 942 376 S.
981 319 1282 375 ANSELMI
1309 316 1657 376 CANTUr‘tB.
1700 312 2020 370 ARClllEP.
2060 310 2208 368 0W.
2251 310 2429 367 PARS
2468 310 2532 366 ll.
2566 342 2634 350 —-
2664 305 3043 366 ΡΛΒΔΕΝΕΤ.
3085 309 3171 365 ΕΤ
3201 309 3439 367 ASCET.

3722 310 3845 371 740i

542 435 779 505 pretium
840 434 983 504 quod
1040 443 1133 488 est.
1172 434 1240 464 “'
1301 431 1486 486 datum
1548 444 1649 499 pro
1708 427 1946 497 peccatis
2004 425 2135 481 suis.
2169 428 2216 483 Α
2243 425 2477 488 intrasti,
2505 438 2725 479 carnem
2747 439 2814 478 ex
2844 438 2906 479 ea
2933 438 3115 480 veram
3145 425 3507 495 assumpsiSti,
3540 426 3595 481 in
3625 430 3835 487 mundo

612 528 746 580 Cum
779 526 961 595 itaque
993 524 1203 578 videam
1239 532 1443 577 tantam
1484 523 1742 591 pietatem
1773 518 1985 574 Domini
2017 518 2125 571 mei

541 615 669 672 Jesu
700 614 923 678 Christi,
967 623 1152 683 totque
1177 620 1512 683 peccatores
1551 621 1606 666 et
1647 610 1862 679 iniquos
1904 621 2129 662 currere

542 708 610 762 ad
643 706 843 761 fontem
872 705 1110 775 pietatis,
1131 704 1334 759 nullout
1358 703 1578 758 excludi
1605 716 1905 771 omnesque
1928 699 2125 769 recipi,

539 797 710 852 debeo
748 810 850 865 ego
896 795 1043 851 solus
1081 796 1374 866 desperare
1406 798 1547 864 quod
1593 792 1710 864 ipse
1746 791 1866 846 fons
1891 792 2125 861 pietatis.

536 888 629 957 qui
664 887 799 942 alios
825 886 1019 953 abluit,
1049 902 1167 942 mea
1215 897 1436 955 peccata
1487 899 1593 939 non
1653 882 1827 953 possit
1872 880 2127 936 abluere?

538 977 685 1040 Scio,
712 985 862 1031 certo
897 977 1033 1041 scio,
1061 985 1115 1030 et
1138 990 1262 1030 vere
1284 976 1448 1030 credo
1473 975 1597 1044 quia
1629 973 1721 1040 qui
1751 972 1886 1025 alios
1932 970 2125 1035 abluit,

537 1083 623 1123 me
650 1083 867 1137 quoque
889 1076 1069 1137 potest
1104 1068 1346 1133 abluere,
1376 1076 1431 1121 et
1463 1066 1618 1130 mibi,
1641 1064 1686 1119 si
1716 1063 1848 1127 vult,
1875 1062 1998 1132 quia
2027 1077 2123 1130 po-

534 1158 876 1212 tentissimus
898 1166 1000 1221 est,
1032 1158 1213 1211 omnia
1253 1166 1473 1226 peccata
1515 1170 1634 1209 mea
1680 1155 1977 1208 dimittere.
2018 1152 2124 1206 Sed

534 1247 675 1300 inter
703 1254 1048 1315 peccatorcm
1079 1256 1133 1299 et
1158 1257 1496 1314 peccatorem
1528 1252 1611 1298 est
1642 1258 1835 1313 magna
1870 1239 2121 1296 differen-

537 1340 634 1403 tia,
664 1339 720 1393 id
767 1347 852 1393 est
881 1338 1023 1393 inter
1069 1338 1216 1392 illum
1249 1338 1338 1408 qui
1374 1337 1492 1406 plus
1534 1344 1747 1411 peccat,
1776 1344 1829 1390 et
1859 1350 1981 1390 eum
2029 1333 2120 1403 qui

533 1432 716 1485 minus
745 1438 960 1507 peccat.
1002 1428 1155 1485 Unde
1176 1444 1277 1499 ego
1303 1428 1654 1482 considerans
1691 1434 1952 1496 quantum
1996 1439 2122 1494 pce-

531 1520 674 1585 cavi,
729 1519 1052 1588 quantisque
1102 1518 1480 1587 iniquitatibus
1536 1515 1720 1571 infelix
1770 1514 1951 1569 anima
1999 1528 2117 1567 mea

531 1612 730 1682 polluta
777 1612 869 1677 sit,
914 1610 1152 1680 intelligo
1181 1625 1265 1664 me
1313 1624 1418 1663 non
1470 1608 1643 1663 solum
1684 1606 1944 1676 aequalem
1997 1620 2119 1659 cum

529 1704 652 1758 aliis
675 1704 1078 1774 peccatoribus,
1111 1703 1206 1757 sed
1235 1701 1357 1771 plus
1382 1716 1544 1771 quam
1575 1700 1741 1754 ullum
1768 1699 1838 1731 ⁵⁷⁸
1864 1707 2118 1769 peccato-

2228 533 2559 577 conversaus
2613 532 2803 572 omnes
2858 525 3172 586 peceatores
3218 517 3287 572 ad
3322 518 3700 587 penitentiam
3730 536 3833 576 vo-

2230 612 2388 675 casti,
2428 610 2495 665 ad
2534 610 2806 671 ultimum,
2832 608 3011 664 crucis
3032 609 3333 678 patibulum
3368 617 3467 680 pro
3498 612 3604 666 illis
3634 622 3833 682 pertu-

2229 703 2359 771 listi,
2391 711 2446 758 et
2472 703 2552 757 sic
2580 709 2824 755 mortuus
2845 699 3144 755 secundum
3171 714 3417 762 carnem.
3450 702 3618 757 vitam
3650 718 3828 773 quam

2221 796 2365 865 iuste
2411 810 2509 867 pro
2545 794 2659 848 suis
2696 792 2935 862 peccatis
2972 791 3339 862 perdiderant,-
3372 792 3479 849 illis
3511 795 3825 851 reddidisti.

2227 886 2413 955 Itaque
2448 899 2572 938 cum
2599 882 2670 937 ⁸⁸³
2701 881 2934 953 respicio
2980 881 3067 935 ad
3095 881 3236 935 ma’a
3273 897 3437 952 opera
3474 896 3596 954 qua:
3625 898 3827 955 opera-

2230 984 2316 1030 tus
2340 990 2484 1039 sum,
2531 973 2577 1027 si
2620 988 2706 1028 me
2747 972 2993 1042 judicare
3040 971 3120 1026 vis
3166 974 3462 1027 secundum
3501 974 3647 1043 qum!
3706 990 3831 1029 me-

2229 1066 2331 1128 rui,
2371 1071 2555 1119 certus
2589 1078 2708 1118 sum
2740 1062 2809 1117 de
2843 1060 3144 1132 perditione
3193 1075 3336 1127 mea,
3395 1076 3520 1117 eum
3561 1078 3696 1119 vero
3734 1080 3828 1119 rc-

2225 1156 2395 1225 Spieio
2420 1154 2486 1209 al
2519 1162 2745 1210 mortem
2775 1160 2941 1231 tuam,
2961 1165 3122 1219 quam
3148 1166 3249 1221 pro
3282 1150 3652 1221 redemptione
3696 1167 3829 1224 pcc~

2225 1256 2472 1301 calorum
2530 1259 2726 1316 passus
2760 1258 2845 1310 es,
2883 1259 2990 1297 non
3050 1244 3277 1312 despero
3330 1243 3397 1297 de
3444 1245 3827 1300 misericordia

2227 1347 2338 1393 tua.
2376 1338 2537 1391 Latro
2566 1350 2699 1393 vero
2734 1333 2845 1402 ille,
2876 1334 2967 1404 qui
3010 1348 3108 1403 pro
3152 1333 3265 1388 suis
3301 1333 3603 1389 sceleribus
3642 1343 3824 1390 tecum

2222 1427 2517 1484 crucifixus
2568 1436 2675 1493 est,
2713 1440 2889 1496 usque
2930 1425 2998 1480 ad
3052 1424 3222 1495 ipsius
3258 1425 3451 1481 animm
3507 1426 3722 1480 exitum
3749 1426 3825 1459 ⁸⁸⁸

2223 1534 2438 1587 δθῐὶερἻ’
2467 1518 2518 1572 in
2548 1516 2784 1587 peccatis
2810 1515 2933 1583 fuit,
2957 1516 3052 1572 sed
3082 1526 3262 1571 tamen
3293 1515 3347 1570 in
3377 1514 3497 1586 ipsa
3530 1516 3667 1571 hora
3705 1531 3824 1572 sua

2221 1611 2589 1682 expirationis,
2615 1609 2743 1679 quia
2757 1624 2854 1664 sua
2877 1608 3021 1663 mala
3049 1607 3332 1665 confessus
3357 1616 3464 1674 est,
3519 1617 3579 1663 et
3598 1608 3823 1678 culpam

2222 1702 2497 1768 clamavit,
2528 1700 2959 1757 misericordiam
2983 1700 3210 1767 invenit,
3239 1710 3296 1756 et
3318 1692 3500 1757 tecum
3552 1701 3675 1771 ipso
3735 1702 3827 1760 die

529 1810 667 1860 rem,
712 1804 766 1849 et
805 1796 944 1849 ultra
982 1809 1170 1849 omnes
1225 1802 1568 1871 peccatores,
1596 1808 1717 1848 esse
1744 1800 2107 1862 peccatorem.
2146 1792 2187 1850 lt
2216 1795 2270 1850 in
2301 1796 2550 1865 paradiso
2579 1793 2681 1849 fuit
2703 1793 2854 1865 (Luc.
2885 1809 3043 1858 χχιιι,
3075 1792 3187 1859 45).
3217 1793 3461 1849 Cernens
3486 1809 3617 1864 ergo
3644 1803 3699 1849 te
3721 1809 3825 1865 pro

529 1876 719 1943 Plures
742 1887 886 1942 enim
913 1894 1298 1957 peccaverunt,
1339 1894 1393 1939 et
1418 1895 1545 1939 tunc
1572 1891 1957 1948 cessaverunt;
1995 1882 2116 1952 qui-

529 1977 685 2044 dam,
740 1978 843 2032 etsi
908 1977 1107 2047 saepius
1157 1976 1532 2047 peccaverint,
1591 1984 1768 2029 tamen
1825 1974 2143 2043 aliquando-

529 2068 642 2123 suis
695 2068 918 2123 malitiis
947 2068 1105 2123 tinem
1156 2067 1552 2137 imposuerunt.
1586 2066 1717 2121 Item
1759 2067 1851 2120 alii
1895 2066 2019 2121 etsi
2045 2065 2114 2097 ⁸⁷³

529 2161 699 2215 multa
732 2160 871 2215 mala
918 2160 1188 2225 fecerunt,
1222 2160 1389 2214 multa
1417 2160 1581 2214 etiam
1617 2160 1757 2213 bona
1793 2158 1974 2213 facere
2009 2174 2114 2213 non

525 2250 849 2313 emiserunt,
878 2250 1074 2319 quibus
1097 2248 1180 2319 vel
1236 2260 1295 2304 ut
1321 2266 1387 2305 ex
1420 2259 1532 2304 toto
1559 2249 1671 2319 ipsa
1716 2248 1853 2303 mala
1880 2250 2115 2303 dimitte—

527 2350 718 2395 rentur
753 2341 845 2405 '9“,
878 2348 1321 2411 promcrueruut,
1352 2340 1431 2395 vel
1481 2350 1539 2394 ut
1570 2339 1987 2395 tolerabiliorem
2037 2342 2118 2409 ip-

524 2443 638 2482 sam
689 2444 905 2500 pinnam
956 2430 1218 2500 gehennae
1255 2428 1519 2483 baberent
1570 2428 1674 2483 sibi
1724 2426 2112 2497 acquisierunt.

530 2522 642 2593 Ego
667 2531 846 2577 autem
876 2521 1065 2589 miser,
1095 2530 1152 2577 et
1189 2536 1352 2591 super
1377 2535 1566 2575 omnes
1592 2520 1820 2575 miseros
1851 2527 1907 2573 et
1928 2534 2116 2589 pecca-

522 2621 667 2667 tores
710 2620 964 2682 peccator
1010 2622 1065 2667 ct
1117 2613 1306 2678 miser,
1336 2612 1641 2683 intelligens
1692 2620 1748 2666 et
1814 2611 1993 2667 sciens
2045 2611 2114 2667 ad

520 2714 778 2773 quantam
806 2703 1168 2773 perditionem
1200 2705 1559 2759 metraberet
1587 2700 1891 2774 peceatum,
1910 2712 1963 2758 et
1990 2718 2114 2774 pec-

520 2797 627 2851 cati
655 2795 959 2859 delectatio,
1008 2812 1038 2850 a
1092 2796 1329 2867 peccatis
1386 2804 1442 2851 et
1489 2795 2112 2865 malefactisnunquam

525 2902 743 2941 cessare
767 2888 974 2953 curavi,
1010 2888 1105 2942 sed
1133 2904 1348 2957 semper
1371 2889 1495 2942 auxi
1525 2898 1744 2957 peccata
1766 2889 2027 2957 peccatis,
2057 2896 2114 2942 et

522 2979 595 3031 ita
637 2987 807 3032 totum
861 2979 1033 3033 libens
1066 2989 1124 3034 et
1171 2980 1359 3036 volens
1401 2981 1453 3035 in
1490 2981 1850 3051 perditionem
1896 2981 2109 3051 peccati

524 3088 611 3127 me
656 3073 840 3127 infelix
870 3072 1141 3139 imntersi,
1171 3082 1227 3129 et
1273 3075 1376 3130 nisi
1414 3076 1677 3131 immensa
1710 3075 1920 3130 Domini
1959 3077 2113 3132 boni-

2220 1887 2587 1956 redemptione
2615 1893 2960 1955 peccatorum
2986 1897 3109 1939 esse
3156 1892 3453 1948 mortuum,
3477 1898 3677 1939 manus
3700 1893 3826 1941 ιω

2218 1990 2272 2035 et
2295 1978 2457 2049 pedes
2483 1978 2653 2033 clavis
2696 1978 2964 2041 conﬁxus,
3013 1976 3156 2030 latus
3186 1984 3334 2029 tuum
3391 1974 3582 2030 lancea
3628 1975 3831 2033 militis

2218 2080 2486 2140 apertum,
2514 2070 2715 2124 undam
2745 2067 3025 2138 sanguinis
3053 2076 3110 2123 et
3162 2082 3317 2136 aqua:
3374 2067 3442 2121 de
3475 2066 3675 2122 eodem
3727 2076 3827 2129 tuo

2217 2161 2386 2217 latere
2407 2171 2733 2227 currentem,
2765 2160 3060 2230 desperare
3106 2158 3314 2214 debeo?
3350 2156 3527 2214 Unum
3580 2167 3827 2213 tantum-

2220 2254 2379 2309 modo
2405 2253 2652 2323 estquod
2683 2254 2785 2318 vis,
2815 2253 2934 2308 sine
2956 2267 3064 2321 quo
3113 2250 3292 2307 nullus
3333 2260 3592 2322 peccator
3636 2261 3826 2322 potest

2217 2347 2436 2416 salvari,
2465 2348 2691 2415 scilicet,
2719 2356 2778 2402 ut
2808 2348 2874 2402 de
2899 2346 3055 2401 malis
3092 2346 3294 2403 nostris
3328 2346 3716 2417 pteniteamus,
3741 2357 3821 2409 et,

2219 2440 2272 2495 in
2312 2450 2572 2509 quantum
2619 2452 2923 2510 possumus,
2971 2436 3264 2492 emendare
3311 2451 3587 2492 curemus.
3628 2436 3744 2491 Hoc
3772 2437 3822 2491 si

2220 2532 2529 2596 fecerimus,
2562 2530 2736 2587 securi
2765 2543 2954 2585 sumus
2980 2526 3051 2559 “'
3078 2529 3227 2596 quia,
3253 2527 3297 2582 si
3320 2542 3418 2582 nos
3447 2526 3526 2582 sic
3549 2526 3825 2583 facientes

2218 2622 2485 2678 invenerit
2512 2604 2628 2677 dies
2653 2620 2873 2674 ultimus
2900 2617 3359 2688 (quandoquidem
3402 2626 3460 2672 et
3502 2616 3823 2687 exemplum

2217 2711 2468 2777 latronis,
2505 2711 2597 2782 qui
2627 2710 2785 2766 sicin
2810 2709 3000 2765 ultima
3032 2709 3163 2764 hora
3201 2708 3403 2778 meruit
3447 2706 3674 2773 salvari,
3712 2708 3822 2762 ba-

2215 2804 2446 2874 bemus),
2480 2804 2813 2860 confidentes
2836 2803 2902 2858 de
2928 2799 3184 2869 ineffabili
3211 2800 3413 2871 pietate
3456 2799 3675 2881 Domini
3720 2814 3824 2855 no-

2215 2897 2312 2952 stri
2339 2895 2465 2952 Jesu
2493 2895 2720 2960 Christi,
2744 2894 3151 2950 accusationem
3202 2892 3410 2948 inimici
3463 2900 3559 2946 aut
3594 2908 3821 2961 parum.

2214 2998 2307 3042 aut
2328 2987 2460 3041 nihil
2482 2986 2704 3041 omnino
2753 2985 2945 3041 timere
2999 2998 3308 3056 possumus.
3366 2981 3644 3038 Habentes
3686 2995 3825 3054 ergo

2216 3088 2341 3135 ante
2367 3080 2556 3136 oculos
2604 3087 2819 3133 nostros
2868 3077 3101 3149 pretium
3153 3084 3351 3131 nostra:
3398 3075 3823 3147 redemptionis,

520 3173 605 3219 tas
654 3178 741 3217 me
799 3164 974 3219 adhuc
1013 3172 1309 3239 pateretur,
1326 3163 1447 3233 'jam
1476 3165 1566 3221 diu
1615 3175 1700 3221 cst
1727 3167 1869 3235 quod
1894 3166 1962 3221 ab
1996 3166 2110 3236 ipsa
2140 3166 2187 3229 C
2217 3180 2448 3226 mortem
2499 3169 2749 3223 videlicet
2767 3176 2823 3222 et
2848 3166 3163 3235 sanguinem
3200 3165 3582 3235 Redemptoris
3616 3167 3820 3229 nostri,

524 3257 771 3327 gebcnua
802 3255 1107 3311 debuissem
1142 3272 1263 3312 esse
1289 3257 1600 3314 devoratus.
1634 3257 1734 3333 Qui
1785 3274 1913 3329 ergo
1937 3259 2007 3291 ⁸⁸¹
2038 3273 2113 3315 ta-

518 3348 642 3402 liter
665 3348 795 3413 vixi,
828 3347 918 3416 qui
954 3356 1100 3402 tanta
1131 3349 1271 3402 mala
1299 3350 1569 3414 commisi,
1597 3351 1688 3421 qui
1729 3351 1892 3406 tantis
1917 3351 2111 3421 iniqui-

520 3439 723 3493 tatibus
755 3455 839 3494 me
870 3439 1091 3504 involvi,
1128 3440 1397 3509 quomodo
1427 3441 1637 3496 audebo
1673 3457 1797 3497 cum
1832 3434 1955 3499 aliis
1985 3460 2111 3512 pec-

518 3534 793 3587 catoribus
822 3534 913 3613 qui
945 3543 1093 3588 tanta
1142 3535 1283 3588 mala
1312 3552 1419 3591 non
1469 3534 1735 3602 fecerunt,
1768 3551 1987 3591 currere
2042 3537 2111 3592 ad

520 3622 721 3676 fontem
751 3622 1164 3689 misericordizc;
1194 3640 1259 3678 ne
1287 3634 1506 3695 pr0pter
1546 3624 1797 3690 fetorem,
1845 3627 2110 3683 scclermn

522 3725 766 3764 meorum
800 3727 887 3766 me
915 3712 1048 3767 nolit
1069 3712 1159 3779 ⁸⁸⁸,
1191 3715 1335 3779 sicut
1355 3714 1492 3770 alios
1518 3724 1850 3786 peccatores,
1874 3735 2108 3787 quorum

523 3802 667 3857 fetor
696 3803 1031 3859 tolerabilior
1054 3815 1160 3872 est,
1188 3807 1441 3871 abluere?
1466 3807 1672 3876 Adjuva
1705 3823 1854 3880 ergo,
1888 3810 2110 3866 Domine

522 3894 654 3965 Jesu
683 3893 916 3961 Christe,
944 3896 1136 3964 adjuva
1172 3908 1478 3953 creaturam
1520 3909 1685 3965 tuam,
1717 3910 1772 3955 et
1816 3902 1859 3956 si
1898 3906 2109 3973 magni-

526 3989 710 4044 tudine
732 3998 1077 4059 peccatorum
1107 3991 1388 4060 obrutam;
1413 4009 1444 4048 a
1471 4002 1521 4051 te
1546 4004 1725 4049 tamen
1749 3997 1937 4052 videns
1956 4012 2110 4052 crea-

523 4088 655 4147 tam,
691 4080 885 4149 adjuva
937 4097 1005 4136 ne
1060 4080 1334 4152 desperet,
1368 4084 1547 4153 ‘quia,
1614 4085 1756 4141 sicut
1806 4088 2106 4153 credimus,

524 4172 669 4225 nulla
700 4172 999 4227 enormitas
1024 4173 1290 4228 scelerum
1326 4183 1379 4229 te
1404 4175 1626 4230 vincere
1649 4185 1828 4245 potest
1861 4217 1876 4238 ,
1904 4178 1949 4232 si
1985 4187 2107 4231 tan-

524 4271 637 4316 tum
664 4252 913 4331 peccator
936 4265 999 4332 de
1029 4274 1116 4318 tua
1155 4265 1525 4321 misericordia
1560 4281 1664 4321 non
1697 4268 1964 4337 desperet.

594 4350 784 4406 Patere
831 4368 961 4422 ergo
1018 4369 1123 4418 me,
1176 4354 1403 4423 Domine
1448 4354 1576 4411 Jesu
1628 4357 1868 4425 Christe,
1925 4369 2108 4428 patere

523 4449 671 4494 tuam
698 4441 1018 4498 ineﬂabilem
1057 4445 1313 4513 pietatem
1341 4445 1631 4517 inspicere,
1660 4455 1716 4501 ct
1740 4462 1902 4517 quam
1934 4449 2108 4504 dulcis

521 4540 576 4593 et
614 4531 785 4584 bonus
815 4532 888 4586 sis
938 4548 1063 4603 erga
1106 4543 1421 4605 peccatores
1450 4544 1508 4606 et,
1545 4537 1794 4603 miseros,
1824 4553 2103 4592 enarrare.
2134 4514 2184 4573 Ῑ)

524 4619 636 4697 lloc
663 4622 802 4676 idem
852 4626 1101 4692 superius
1146 4627 1281 4692 dixi,
1316 4627 1409 4682 sed
1465 4628 1692 4683 multum
1722 4643 1807 4683 me
1849 4629 2104 4695 delectat,

520 4713 734 4782 quoties
763 4715 979 4769 occasio
1022 4725 1146 4786 apta
1173 4733 1231 4773 se
1284 4718 1468 4784 oﬂ‘ert,
1500 4720 1777 4776 reminisci
1804 4730 2006 4791 quanta
2033 4724 2110 4781 sit

519 4819 650 4876 erga
684 4800 996 4877 peccatores
1026 4810 1199 4878 gratia
1253 4820 1359 4864 tuae
1399 4811 1722 4869 dulcedinis.
1771 4813 1876 4869 Pro
1918 4831 2104 4871 amore

519 4896 662 4950 enim
708 4905 764 4951 et
808 4898 1180 4968 redemptione
1218 4910 1588 4970 peccatorum,
1628 4919 1736 4958 non
1778 4904 1949 4959 solum
1990 4906 2107 4961 illo-

520 5004 638 5042 rum
671 4990 762 5059 qui
790 4991 967 5045 minus
994 4992 1076 5045 vel
1098 4992 1217 5060 plus
1274 5003 1521 5062 peccant,
1548 4996 1646 5049 sed
1694 4996 1859 5050 etiam
1886 4998 2102 5053 illorum

519 5079 610 5151 qui
652 5081 789 5135 ultra
823 5084 1042 5137 modmn
1090 5093 1337 5153 peccant,
1367 5085 1410 5138 si
1449 5093 1659 5139 tantum
1717 5087 1876 5142 modo
1924 5090 2104 5158 poeni-

523 5179 690 5241 teaut,
721 5174 787 5229 de
842 5176 964 5231 sinu
1017 5165 1203 5231 Patris
1237 5177 1586 5245 descendisti,
1614 5178 1852 5250 Virginis
1886 5190 2099 5237 uterum

2214 3262 2305 3335 qui
2330 3264 2383 3317 in
2415 3260 2787 3317 remissionem
2828 3257 3030 3313 effusus
3071 3267 3155 3313 est
3181 3257 3250 3289 ⁸⁸⁸
3276 3272 3376 3327 pro
3422 3255 3673 3326 peccatis
3722 3272 3825 3313 no-

2212 3354 2361 3427 stris,
2401 3354 2663 3406 habentes
2687 3350 2851 3404 etiam
2876 3348 3182 3417 exemplum
3213 3346 3461 3414 latronis,
3508 3357 3565 3402 et
3617 3347 3823 3403 multo-

2213 3464 2330 3502 rum
2357 3447 2446 3516 qui
2474 3446 2525 3499 in
2556 3443 2740 3499 multis
2763 3451 2817 3499 et
2846 3442 3057 3513 magnis
3083 3440 3322 3510 peccatis
3370 3448 3529 3496 erant
3561 3442 3819 3506 involuti,

2212 3542 2486 3610 quosipse
2510 3538 2630 3591 fons
2666 3535 2881 3606 pietatis
2906 3532 3066 3589 Jesus
3096 3532 3346 3588 Christus
3375 3531 3822 3587 misericorditer

2213 3629 2470 3695 absolvit,
2507 3643 2613 3682 non
2647 3628 3016 3695 desperemus,
3070 3625 3162 3678 sed
3195 3638 3485 3678 curramus
3531 3624 3720 3677 securi
3754 3622 3823 3677 de

2213 3716 2530 3773 remissione
2552 3726 2899 3786 peccat-orum
2929 3715 2996 3768 ad
3026 3714 3201 3784 ipsum
3232 3713 3436 3768 fontem
3483 3711 3733 3783 pietatis,
3768 3715 3822 3767 in

2211 3824 2318 3879 quo
2337 3809 2452 3877 jam
2478 3815 2578 3875 tot,
2609 3815 2664 3861 et
2688 3815 2797 3861 tam
2824 3820 3048 3876 magnos
3070 3813 3387 3876 peccatores
3418 3803 3640 3859 ablutos
3668 3804 3740 3836 ⁸⁸⁷
3765 3812 3823 3859 et

2211 3903 2476 3967 videmus,
2505 3910 2560 3956 et
2585 3900 2952 3971 agnoscimus,
2979 3907 3035 3954 et
3069 3898 3204 3954 certi
3227 3886 3398 3952 simus
3429 3910 3528 3950 nos
3554 3896 3824 3951 similiter

2211 3993 2505 4051 abluendos
2529 3993 2599 4047 ab
2625 3992 2814 4057 eodem
2842 3990 2992 4045 fonte
3022 3972 3425 4052 misericordiae,
3458 3986 3503 4039 si
3530 3987 3823 4041 abstinra.

2211 4102 2332 4141 mus
2365 4101 2395 4138 a
2434 4083 2660 4139 malitiis
2688 4090 2745 4136 et
2775 4097 2804 4135 a
2830 4080 3070 4151 peccatis
3096 4078 3318 4141 nostris,
3347 4085 3422 4143 et,
3457 4075 3510 4130 in
3539 4089 3821 4145 quauzum

2209 4191 2518 4246 possumus,
2561 4189 2813 4229 curemus
2838 4172 3094 4240 deinceps
3122 4172 3264 4226 bona
3291 4168 3527 4239 operari.
3581 4166 3658 4223 Ut
3684 4181 3822 4222 vero

2212 4285 2241 4323 a
2267 4269 2419 4323 malis
2454 4267 2846 4332 abstineamus,
2875 4274 2931 4319 et
2958 4265 3098 4318 bona
3127 4260 3413 4326 faciamus,
3460 4259 3564 4313 hoc
3623 4268 3821 4313 nostra

2212 4361 2409 4435 virtute
2435 4359 2552 4413 sine
2582 4357 2725 4411 illius
2750 4353 3021 4423 adiutorio
3048 4351 3229 4407 facere
3254 4365 3361 4406 non
3393 4362 3714 4418 possumus.
3758 4348 3823 4401 Il-

2212 4453 2316 4507 lius
2343 4467 2472 4522 ergo
2501 4449 2824 4507 ineffabilem
2848 4447 3283 4505 miscricordiam
3313 4445 3707 4514 deprecemur,
3734 4442 3823 4497 cui

2215 4559 2347 4599 cura
2379 4541 2479 4596 fuit
2508 4556 2606 4596 nos
2638 4539 2839 4603 facere,
2864 4553 2988 4594 cum
3016 4552 3122 4591 non
3145 4549 3412 4598 essemus,
3442 4539 3504 4586 ut
3546 4532 3719 4587 nobis
3743 4531 3825 4587 sic

2214 4634 2479 4691 concedat
2507 4633 2561 4687 in
2589 4633 2691 4687 hac
2717 4631 2849 4694 vita,
2878 4639 3172 4699 antequam
3216 4626 3343 4681 biue
3369 4638 3663 4689 exeamus,
3722 4637 3826 4678 no—

2214 4735 2326 4781 stra
2354 4733 2576 4796 peccata
2605 4722 2920 4785 emendare,
2949 4729 3004 4776 et
3029 4721 3109 4775 sic
3156 4716 3388 4772 assiduis
3432 4715 3830 4783 eompunctio-

2214 4818 2374 4874 nibus
2409 4816 2693 4884 mundare,
2718 4812 2987 4886 quatenus
3013 4813 3119 4867 ista
3177 4810 3353 4874 finita,
3414 4816 3566 4863 recto
3626 4824 3826 4872 cursu,

2216 4911 2362 4966 nullo
2393 4910 2737 4981 impediente,
2783 4908 2849 4962 ad
2885 4921 3009 4962 eum
3068 4903 3344 4958 valeamus
3399 4899 3726 4971 pervenire,
3771 4910 3831 4953 ut

2213 5018 2336 5058 cum
2366 5003 2454 5058 illo
2482 5003 2653 5057 simus
2689 5003 2741 5055 in
2765 5007 3024 5071 perpetua
3043 4995 3294 5051 claritate
3336 4992 3511 5063 juncti
3545 4993 3829 5064 angelicis

2213 5093 2412 5157 eboris,
2454 5102 2510 5147 et
2532 5091 2784 5147 omnibus
2823 5088 3049 5154 sanctis,
3106 5084 3199 5156 qui
3242 5083 3355 5153 jam
3407 5082 3501 5138 illa
3555 5080 3834 5136 fruuntur

2210 5185 2505 5255 gaudentes
2528 5186 2647 5244 siue
2676 5184 2800 5251 fine.

1814 5334 1901 5388 VA
1913 5334 2049 5391 Rl/E
2088 5339 2491 5397 LECTIUNES.

866 5437 995 5526 f§§¢
1017 5439 1289 5522 "vs-Vict-
1408 5450 1457 5526 ξε
1497 5441 1743 5526 γαρ-(κει
1766 5445 1908 5526 quod
1933 5462 2054 5503 esse
2082 5451 2380 5526 θυι-βοή)ἐ
2407 5453 2553 5526 quod
2579 5462 2664 5508 est
2736 5452 2807 5486 ⁵⁷⁸
2833 5453 3126 5526 Plusqttam
3161 5452 3328 5507 ullum
3353 5467 3491 5526 ms_t_._
3521 5450 3833 5526 plusquam

521 5507 684 5609 2111'“
853 5507 2317 5609 i.'.‘.i,f'..'.'.‘...'"::-.£“L‘i‘.3Lfillirﬂecntrejic-
2351 5507 2853 5607 s-mminerew
2906 5507 3106 5591 sum
3429 5507 3570 5606 γεά·
3598 5507 3833 5609 ww

520 5591 650 5646 ergo
739 5579 815 5609 ⁸⁸³
859 5579 1119 5661 Eleorum,
1161 5582 1306 5662 nolit
1346 5598 1474 5663 m_ss.
1505 5599 1773 5651 meorum,
1807 5602 1894 5642 me
1930 5590 2066 5644 nolit
2134 5592 2205 5626 “'
2228 5591 2417 5662 Itaque
2448 5609 2571 5647 cum
2607 5611 2733 5649 mss.
2767 5596 2839 5649 ita
2884 5611 2949 5650 ue
2975 5579 3228 5651 etTcumv
3253 5594 3323 5626 ““
3348 5593 3564 5647 Animae
3593 5579 3829 5661 singul-

522 5655 635 5719 tum
697 5664 793 5701 ms.
835 5648 972 5719 Vict.
1006 5651 1058 5704 3.
1087 5666 1282 5705 annua:
1320 5662 1525 5707 exutum
1600 5654 1671 5686 ⁸⁸⁸
1697 5656 1808 5712 Hoc
1836 5658 1880 5712 si
1911 5658 2223 5719 fecerimus.
2248 5664 2426 5719 securi
2465 5679 2653 5719 sumus
2686 5682 2790 5719 ms.
2838 5612 3071 5719 aut-(uc.
3112 5668 3214 5719 hoc
3270 5665 3316 5719 si
3339 5665 3595 5719 facimus.
3628 5661 3829 5719 seturi

522 5655 635 5726 tum
697 5648 972 5726 ηιελγίσςη.
1006 5651 1058 5704 3.
1087 5652 1282 5705 auium:
1320 5653 1525 5726 exitum
1600 5654 1671 5686 ⁸⁸⁸
1697 5648 1808 5712 Hoc
1836 5658 1880 5712 si
1911 5658 2223 5726 fecerimus,
2248 5648 2426 5719 securi
2465 5679 2653 5719 sumus
2686 5682 2765 5720 ms

2881 5665 3071 5741 al-luc.
3112 5668 3214 5741 hoc
3270 5665 3316 5721 si
3339 5665 3595 5741 facimus,
3628 5661 3835 5719 θείω-ἱ

522 5717 692 5774 situas
734 5802 743 5809 .
873 5718 1111 5777 Effectus
1162 5729 1239 5777 cst
1270 5737 1394 5810 mss.
1431 5722 1633 5781 effusus
1659 5736 1744 5783 est
1812 5728 1882 5820 ξ⁸⁷
1915 5717 2237 5793 Peccatorcs
2272 5717 2485 5793 ablutos
2513 5717 2647 5792 ritas.
2670 5717 3299 5808 p'e’écatdr’c'ssbsaidio;
