4060 6292
579 302 684 383 ita

878 320 936 376 S.
985 315 1286 374 ANSEIMI
1321 310 1669 369 CANTUAR.
1707 305 2024 362 Αῐὶαιιιερζ
2073 302 2151 358 OF

2265 283 2444 364 rans
2486 301 2550 356 ιι.
2608 332 2680 345 .-
2716 300 3082 360 ῐιΑιιΑεΜετ.
3117 307 3204 362 ET
3244 311 3486 368 ascer.

3743 317 3860 376 7H.

581 427 588 434 '
651 438 740 493 ιγ,
788 433 1086 504 [recognitio
1115 426 1538 500 peccari.—Ego
1561 415 1680 477 sum
1723 421 1813 476 ille
1856 421 2018 475 homo
2063 419 2158 473 de-
2193 425 2236 480 Α
2266 416 2575 471 ctoritatem
2607 417 2766 478 donis
2813 420 2943 474 tuis.
2971 420 3112 477 Ecce
3139 433 3225 478 tot
3268 425 3364 483 ltic
3388 427 3704 486 vulneribus
3735 431 3856 504 pla-

578 513 970 589 nientissimus,
1001 536 1160 592 quem
1184 521 1250 574 de
1289 517 1459 572 nihilo
1504 514 1720 575 creasti,
1769 522 1826 565 et
1877 511 2161 610 die-massa

577 617 787 689 peccati
823 626 876 669 et
906 611 1221 681 perditionis
1249 610 1300 662 in
1325 608 1492 661 filium
1521 604 1709 676 gratize
1767 612 1874 656 tua:
1928 600 2160 669 elegisti,

577 709 636 764 ‘et
667 709 718 762 in
747 703 1082 761 coheredem
1111 699 1433 756 charissima
1463 695 1742 765 unigenito
1771 692 1914 747 Filio
1935 700 2026 745 tuo
2053 689 2164 744 Deo

499 788 506 794 l
573 813 632 857 et
676 800 899 855 Domino
921 805 1108 852 nostro
1144 794 1270 849 Jesu
1317 793 1533 848 Christo
1583 791 1965 860 adoptaveras,
2007 792 2060 841 et
2095 786 2162 841 ad

577 892 835 946 honorem
865 897 920 942 et
947 887 1172 957 gloriam
1195 885 1341 954 regni
1371 883 1465 941 tui,
1500 890 1556 934 et
1600 889 1748 934 tanta
1774 888 1880 932 tam
1912 875 2164 930 indebita:

569 982 766 1053 gratia:
803 989 906 1033 tua:
933 979 1183 1047 largitate
1207 992 1292 1030 me
1317 974 1624 1045 implevisti,
1650 973 1740 1041 qui
1767 982 1822 1026 et
1879 969 2161 1024 abundau-

573 1075 706 1127 tiam
735 1071 892 1141 hujus
922 1081 1085 1125 tanta:
1108 1067 1390 1122 suavitatis
1418 1075 1522 1119 tusc
1544 1063 1742 1119 oblitus
1770 1077 1910 1124 sum,
1939 1071 1992 1115 et
2015 1069 2160 1114 tanta

573 1165 711 1220 bona
740 1165 870 1218 mihi
909 1162 1106 1216 tradita
1155 1176 1184 1213 a
1235 1168 1288 1213 te
1329 1157 1683 1228 prospiciens,
1733 1165 1915 1224 spreto
1959 1154 2164 1206 honore

500 1318 503 1320 _
575 1257 725 1328 regni
754 1254 1020 1320 caelestis,
1053 1261 1111 1306 et
1135 1251 1304 1322 gloria
1335 1258 1450 1314 tua,
1482 1263 1566 1302 me
1603 1249 1654 1301 in
1695 1245 1937 1316 spurium
1993 1243 2160 1297 lilium

568 1349 628 1403 'et
657 1349 977 1418 degenerem
1008 1343 1278 1407 converti,
1303 1349 1360 1396 et
1398 1339 1615 1395 diabolo
1663 1335 2017 1392 distrahendo
2065 1349 2163 1404 per

571 1437 911 1508 sterquilinia
941 1437 1174 1490 luxuriae
1202 1444 1256 1488 et
1293 1433 1502 1502 spineta
1538 1431 1800 1496 avaritiaa,
1861 1438 1913 1483 et
1941 1428 2010 1481 ad
2056 1426 2162 1481 illi-

573 1532 806 1586 dendum
831 1529 884 1584 in
915 1527 1185 1583 scandatis
1211 1525 1473 1580 ﬂuctibus
1521 1531 1576 1577 et
1616 1520 1867 1592 procellis
1897 1518 2163 1590 superbia:

574 1636 660 1676 me
688 1621 904 1674 tradidi.
939 1619 1048 1688 Ego
1079 1632 1198 1671 sum
1223 1631 1399 1671 czecus
1437 1623 1712 1668 mercator
1737 1613 1829 1678 qui
1879 1610 2164 1682 pretiosis-

571 1713 724 1768 simis
755 1711 1069 1766 talentorum
1098 1720 1311 1762 tuormn
1333 1707 1534 1761 divitiis
1561 1716 1785 1770 tantam,
1813 1701 2158 1766 miserabilis,

2262 519 2420 580 gates
2445 526 2589 579 smn,
2620 528 2724 568 nec
2752 513 2862 569 ullo
2894 531 3060 571 sensu
3091 517 3294 575 doloris
3335 531 3618 591 torqueor.
3653 523 3760 581 Tot
3803 539 3859 583 et

2265 604 2427 658 tantis
2461 604 2790 662 vulneribus
2828 608 3119 665 confossus
3165 627 3275 667 non
3321 615 3498 670 doleo.
3557 616 3729 674 Video
3769 636 3863 677 me

2261 709 2486 760 caecum,
2517 697 2612 766 qui
2659 705 2738 754 tot
2763 707 2818 752 et
2847 708 3029 756 tantas
3059 702 3424 772 turpitudines
3455 723 3606 764 meas
3647 719 3706 764 et
3751 730 3856 766 nu-

2263 784 2482 839 ditatem
2518 800 2624 841 non
2653 788 2940 844 erubesco.

2277 928 2282 936 ,
2338 875 2472 930 Vere
2501 878 2832 934 insensibilis
2863 897 2984 936 sum
3035 893 3092 938 et
3134 886 3384 956 stupidus
3433 892 3618 959 corde,
3651 895 3748 962 qui
3779 905 3861 950 tot

2261 977 2315 1021 et
2344 978 2490 1024 tanta
2512 971 2707 1026 damna
2734 989 2849 1028 mea
2880 990 2985 1029 non
3015 975 3192 1040 doleo,
3217 988 3273 1034 et
3298 981 3391 1050 qui
3415 993 3648 1038 mortem
3671 1003 3854 1043 nteant

2263 1058 2447 1128 lugere
2495 1076 2603 1114 non
2659 1062 2836 1116 Valeo.
2891 1063 3033 1120 Vere
3083 1068 3248 1122 corde
3303 1069 3521 1139 lapideo
3569 1073 3860 1134 induratus

2231 1167 2405 1215 sum,
2457 1153 2550 1222 qui
2603 1169 2704 1209 nec
2755 1155 3092 1212 imminentia
3149 1160 3280 1214 mihi
3331 1171 3540 1219 aeterna
3590 1167 3860 1237 supplicia

2262 1244 2452 1298 stltem
2483 1261 2588 1299 non
2620 1247 2803 1301 timeo.
2847 1247 3168 1327 Vere‘corde
3194 1254 3660 1324 congelatissimo,
3689 1275 3858 1329 quem

2263 1333 2648 1390 beneficiorum
2693 1339 2941 1394 incendia
2992 1344 3211 1398 admota
3261 1360 3450 1402 amore
3505 1348 3690 1407 Patris
3737 1353 3852 1409 cie.

2264 1425 2586 1481 meutissimi
2621 1428 2924 1485 calefacere
2961 1446 3066 1484 non
3103 1433 3398 1490 subiciunt.
3443 1437 3581 1494 Vere
3625 1440 3860 1512 largiter

2265 1527 2351 1565 me
2399 1515 2757 1582 reprehendo,
2803 1533 2964 1587 quem
3001 1535 3101 1575 nec
3135 1521 3260 1575 tuba
3288 1526 3723 1594 praedicationis.
3753 1547 3860 1588 nec

2264 1605 2746 1662 comminationum
2804 1617 3018 1664 tuarum
3075 1614 3311 1668 tonitrua
3366 1615 3642 1675 sullieiunt
3699 1623 3860 1679 exci-

2266 1704 2402 1750 lare.

571 1803 809 1874 inopiam
833 1807 887 1856 et
915 1801 1215 1856 nuditatem
1237 1809 1291 1854 et
1343 1809 1546 1854 aeterna
1597 1797 1831 1866 suspiria
1885 1803 2160 1849 mercatus
2199 1807 2240 1860 Β
2335 1785 2436 1841 Ubi
2465 1796 2550 1842 est
2592 1789 2747 1844 d0'0l‘
2791 1793 3160 1860 Ρθυθιταῦίίίεν
3189 1794 3346 1851 (10³01⁸
3386 1803 3851 1870 commixtionis.

574 1909 724 1959 sitm;
757 1893 1100 1964 sterquilinio
1145 1892 1370 1946 luxuria:
1425 1891 1844 1945 et-divitiarum
1893 1888 2158 1954 sentibus,

566 1987 1012 2058 jacuudissiinam
1067 1999 1131 2038 ac
1182 1983 1558 2038 suavissimam
1613 1995 1833 2052 pacem;
1878 1980 2162 2035 securissi-

573 2096 721 2135 nnnn
749 2088 984 2149 portum,
1013 2077 1247 2147 procella
1306 2075 1605 2145 superbiaz;
1662 2082 1922 2128 atternam
1958 2073 2158 2140 lucem,

571 2171 888 2227 aeternitatis
911 2169 1172 2234 tenebris;
1190 2179 1387 2222 aeterna
1409 2167 1852 2238 gandia,:eternis
1865 2164 2156 2232 doloribus;

491 2323 494 2326 ,
563 2273 908 2318 ‘etzeternam
940 2262 1192 2332 gloriam,
1219 2270 1424 2315 aeterno
1468 2259 1786 2330 opprobrio;
1835 2267 1891 2313 et
1937 2272 2157 2328 regnum

571 2364 743 2419 tuum,
772 2353 1034 2407 diabolica
1065 2354 1328 2407 servitute
1355 2351 1702 2405 commutavi.

560 2451 572 2460 ‘
644 2445 755 2516 Ego
786 2461 904 2499 sum
933 2442 1332 2498 infirmissimus
1363 2442 1473 2506 ille,
1535 2442 1626 2510 qui
1675 2438 1820 2495 velut
1848 2440 2059 2511 signum
2092 2441 2159 2495 ad

559 2531 820 2604 sagittam
843 2517 1040 2600 jaeulis
1061 2539 1406 2602 peccatorum
1432 2529 1869 2593 confodiendum,
1899 2541 1952 2584 et
1975 2530 2159 2585 vulne-

565 2626 718 2680 ribus
751 2625 1098 2679 laceraudum
1126 2627 1212 2676 me
1239 2621 1484 2692 exposui.
1543 2621 1656 2692 Ego
1696 2636 1814 2676 sum
1860 2621 1949 2676 ille
1997 2623 2158 2677 homo

562 2723 679 2790 qui,
708 2721 853 2776 velut
880 2720 1109 2774 cadaver
1129 2719 1360 2773 canibus
1390 2715 1749 2772 infernalibus
1805 2725 1862 2772 et
1905 2716 2157 2772 omnibus

559 2813 881 2868 volucribus
942 2811 1238 2866 immundis
1283 2809 1663 2864 dissecandum
1715 2817 1769 2866 et
1820 2809 2153 2876 laniandum,

570 2903 846 2972 projectus
872 2917 900 2954 a
923 2901 1141 2955 civitate
1184 2909 1273 2955 tua
1305 2908 1513 2964 sancta,
1567 2914 1686 2968 qua:
1705 2908 1788 2954 est
1843 2909 2155 2956 sanctorum

567 2985 868 3048 amicorum
900 2989 1136 3055 lucrum,
1167 2986 1870 3058 sanctaquejucundissima
1895 2991 2156 3046 Societate

568 3076 882 3140 sanctorum
914 3081 1200 3152 spirituum
1225 3095 1606 3149 supernorum,
1651 3081 1905 3136 vitiorum
1959 3085 2155 3138 vermi—

559 3171 674 3230 "bus
723 3172 1117 3228 comedenddm
1151 3186 1237 3224 me
1290 3169 1508 3224 tradidi.
1568 3170 1740 3236 Quam
1778 3171 2156 3228 abominabilis

554 3271 802 3336 appareo
824 3281 1006 3320 coram
1031 3258 1211 3318 oculis
1234 3263 1440 3318 sanctis
1473 3263 1599 3326 tuis,
1638 3273 1799 3318 caeno
1837 3264 2155 3322 fctidissimo

555 3357 953 3426 'teterrimoque
981 3354 1204 3409 luxuriae
1231 3354 1540 3409 immundus
1569 3369 1632 3409 ac
1653 3355 1981 3421 sordidatus,
2033 3357 2156 3427 igne

561 3447 861 3501 iracundia:
905 3455 959 3500 et
1000 3445 1245 3499 avaritia:
1297 3445 1609 3511 semiustus,
1663 3453 1826 3517 atque
1878 3449 2154 3504 vermibus

550 3537 697 3603 'oilii,
741 3546 794 3590 et
817 3536 1029 3590 invidize
1049 3536 1286 3591 obsessis
1311 3537 1574 3593 membris
1605 3539 1929 3605 meis,vento
1965 3554 2154 3609 super-

558 3615 667 3681 biae
685 3627 938 3691 tumidus,
957 3634 1334 3681 monstruosus
1347 3629 1511 3692 totus,
1527 3625 1829 3694 ulcerosus,
1849 3637 2010 3698 atque
2022 3644 2153 3683 con-

565 3718 765 3781 fossus,
801 3727 879 3773 tot
901 3726 1282 3786 tantorumque
1311 3725 1667 3788 peccatorum
1692 3733 1932 3772 meorum
1966 3720 2152 3776 diabo-

566 3809 681 3864 licae
699 3809 1042 3880 turpitudinis
1063 3808 1330 3880 sigillatus
1350 3809 1779 3865 characteribus.
1811 3811 1955 3874 Scio,
1989 3813 2151 3868 mise-

565 3917 623 3956 ra
634 3913 715 3956 lor
729 3902 977 3968 Domine,
993 3902 1136 3973 quod
1153 3903 1347 3957 merito
1358 3901 1718 3973 etjustissime
1731 3918 1864 3973 nega
1874 3919 1928 3959 re
1941 3920 2026 3960 me
2053 3921 2152 3976 po-

565 4007 667 4060 tes,
695 4007 750 4052 et
770 4014 874 4052 non
891 4014 976 4052 me
989 4012 1373 4070 recognoscere
1385 4014 1490 4052 non
1502 3997 1674 4054 solum
1693 3997 1859 4054 lilium
1873 4001 2149 4062 tuum,sed

551 4102 615 4146 iet
627 4098 931 4146 creaturam
947 4099 1091 4144 tuam
1107 4091 1160 4146 in
1174 4091 1392 4162 ecquod
1419 4091 1542 4146 talis
1555 4106 1698 4146 sum.
1725 4089 1834 4148 Nec
1855 4093 1998 4147 enim
2031 4094 2150 4148 hor-

561 4183 725 4237 renda
740 4181 824 4235 illa
837 4182 1179 4252 omnigenum
1195 4182 1581 4253 turpitudinum
1596 4193 1938 4240 monstruosa
1958 4183 2145 4250 facies,

559 4284 642 4328 est
665 4274 956 4329 creationis
977 4281 1069 4327 aut
1082 4274 1430 4328 recreationis
1445 4281 1566 4338 tum,
1592 4291 1696 4330 non
1710 4285 1790 4330 est
1813 4277 2147 4332 abominatio

561 4360 1009 4430 istaimagotuiet
1031 4357 1325 4440 similitudo
1350 4378 1522 4432 inqua.
1547 4363 1788 4418 Alteram
1813 4381 1898 4420 me
1923 4366 2142 4422 creasti.

2265 1895 2374 1948 quo
2405 1889 2571 1935 totam
2619 1881 2765 1937 illam
2797 1884 3055 1940 duritiam
3101 1888 3424 1946 diabolicam
3465 1904 3764 1952 conterere
3801 1907 3860 1952 et

2264 1972 2484 2029 diruere
2529 1977 2803 2042 deberem,
2833 1987 2888 2034 et
2916 1989 3089 2036 totum
3135 1982 3366 2052 lapidem
3409 1985 3628 2042 duritiae
3671 1990 3855 2045 etob-

2265 2062 2575 2120 stinationis
2603 2066 2747 2122 illius
2785 2070 3202 2127 comminuere?
3233 2073 3334 2129 Ubi
3360 2086 3470 2144 est,
3503 2077 3648 2133 Deus
3675 2097 3848 2147 meus,

2263 2151 2352 2207 ille
2379 2155 2572 2224 pudor,
2619 2172 2727 2226 quo
2772 2168 2902 2214 ante
2932 2162 3166 2217 voceulos
3213 2174 3334 2220 tuos
3362 2175 3417 2223 et
3465 2170 3638 2225 totius
3686 2174 3852 2228 curia

2261 2244 2500 2302 caelestis
2529 2248 2786 2305 confundi
2817 2251 3112 2323 deberem?
3159 2255 3260 2312 Ubi
3306 2269 3390 2314 est
3418 2261 3588 2316 timor
3627 2263 3723 2318 ille
3749 2273 3853 2320 tua;

2263 2336 2534 2408 vindictae,
2571 2357 2680 2412 quo
2711 2351 2856 2400 totus
2892 2358 3020 2402 ante
3050 2351 3400 2420 ebuspeetum
3442 2361 3596 2409 tuum
3632 2367 3851 2412 contre-

2263 2427 2492 2485 miscere
2522 2432 2823 2489 deberem?
2862 2435 2958 2492 Ubi
2989 2448 3074 2494 est
3107 2455 3262 2497 amor
3290 2443 3400 2509 ille,
3433 2454 3489 2500 et
3511 2445 3848 2506 desiderium

2261 2518 2432 2586 pacis,
2455 2523 2678 2589 amoris,
2708 2534 2762 2580 et
2789 2528 2979 2597 gratia:
3007 2540 3112 2586 tua:
3141 2537 3530 2604 recuperanda:
3558 2555 3675 2610 quo
3694 2542 3852 2596 inar-

2261 2609 2484 2666 descere
2514 2613 2802 2672 deberem?
2836 2617 2944 2674 Ubi
2962 2631 3044 2675 est
3079 2630 3294 2680 torrens
3323 2626 3411 2682 ille
3445 2609 3844 2702 lacrvmarum,

2258 2715 2366 2770 quo
2396 2707 2686 2773 spurcitias
2729 2725 2880 2766 meas
2924 2722 3053 2769 ante
3097 2724 3148 2770 te
3179 2716 3362 2774 delere
3407 2721 3666 2778 deberem
3690 2726 3716 2778 ?
3749 2725 3848 2782 Ubi

2257 2803 2351 2849 est
2373 2796 2587 2853 devotio
2617 2803 2902 2870 orationis,
2933 2821 3040 2875 qua
3077 2809 3294 2866 temishi
3328 2814 3602 2880 placatum
3639 2828 3699 2873 et
3728 2835 3852 2889 pr.»-

2261 2886 2451 2956 pitinm
2499 2892 2722 2948 reddere
2751 2895 3046 2953 deberem?
3091 2901 3212 2968 Quo
3245 2917 3332 2959 me
3369 2909 3604 2974 vertam,
3632 2886 3849 2967 miscri-

2258 2991 2382 3034 cors
2403 2989 2458 3035 et
2488 2983 2778 3042 miserator
2812 2988 2996 3055 Pater,
3032 2995 3123 3062 qui
3165 2995 3307 3050 nihil
3340 2997 3565 3068 dignum
3595 3017 3848 3073 respectu

2258 3069 2374 3123 mis
2397 3072 2644 3128 rlcordin
2667 3086 2768 3131 tua:
2789 3078 2958 3133 offero
2988 3083 3259 3154 tnajestati
3280 3089 3435 3143 tua}?
3467 3091 3588 3157 Q..o
3614 3069 3842 3164 fugiam,

2183 3151 2228 3211 C
2259 3163 2502 3231 piissime
2521 3164 2702 3230 Pater,
2727 3169 2819 3238 qui
2847 3185 2966 3227 sum
2994 3189 3198 3232 vacuus
3220 3180 3366 3234 oumi
3401 3181 3568 3247 bono,
3595 3194 3654 3238 et
3679 3187 3843 3243 etiam

2256 3250 2444 3322 plenus
2473 3256 2794 3313 omniman
2838 3276 3075 3331 appareo
3125 3279 3252 3322 ante
3299 3283 3658 3341 conspectum
3712 3292 3841 3332 sano

2256 3353 2466 3402 ctorum
2509 3357 2852 3417 tuorum,.et
2897 3369 3213 3416 sanctarum
3263 3365 3583 3421 militiarum
3631 3373 3839 3427 exerci-

2259 3444 2406 3494 tuum
2429 3441 2730 3499 cmlestium
2752 3445 2776 3500 ?

2327 3530 2474 3597 Scio,
2520 3533 2748 3592 Domine
2790 3539 2950 3607 Deus,
2999 3543 3312 3605 dominator
3338 3551 3464 3609 vitae
3511 3571 3669 3624 mete,
3700 3561 3837 3630 quod

2253 3636 2406 3675 omne
2433 3624 2616 3680 datum
2651 3632 2922 3700 optimum,
2955 3645 3004 3689 et
3037 3654 3190 3693 omne
3216 3641 3412 3698 danunt
3438 3624 3732 3719 perferth
3753 3657 3839 3706 de-

2252 3731 2460 3769 sursum
2493 3729 2591 3782 est,
2639 3723 2952 3782 descendens
3004 3746 3036 3783 η
3082 3730 3246 3787 Patre
3287 3744 3342 3790 et
3385 3738 3537 3795 fonte
3583 3744 3836 3798 lantiunt

2253 3805 2396 3876 (Jac.
2443 3826 2479 3872 ι,
2513 3812 2602 3882 l7)
2636 3815 2792 3870 :seio
2841 3834 2927 3874 me
2972 3822 3104 3877 nihil
3138 3840 3297 3894 posse
3336 3843 3624 3903 acceptum
3651 3836 3838 3892 offerre

2252 3913 2433 3954 coram
2464 3910 2516 3958 te
2544 3913 2599 3958 et
2626 3917 2838 3976 gratum
2869 3912 2972 3967 nisi
3013 3914 3079 3968 de
3107 3915 3256 3973 fonte
3289 3920 3548 3982 bonitatis
3578 3937 3688 3984 tua:
3713 3930 3836 3984 illud

2251 3990 2671 4062 prmhauseritn;
2720 4006 2776 4052 et
2824 3999 2927 4056 hoc
2978 4005 3166 4075 utique
3216 4016 3269 4064 te
3319 4010 3689 4082 liluminante,
3740 4021 3836 4073 do-

2251 4090 2427 4135 cente.
2479 4083 2606 4140 Scio
2659 4087 2800 4144 hauc
2855 4092 3078 4150 arrham
3138 4098 3530 4158 misericordiae
3593 4117 3702 4163 tum
3750 4125 3831 4164 me

2250 4170 2568 4236 prmvenire.
2619 4174 2766 4242 Scio,
2814 4178 3127 4238 dulcissime
3169 4187 3352 4256 Pater,
3381 4193 3524 4260 quod
3573 4195 3718 4252 bona
3751 4207 3832 4252 tua

2248 4261 2384 4316 sicut
2417 4262 2605 4320 fraude
2645 4269 2789 4323 nulla
2819 4272 2915 4326 tibi
2948 4277 3190 4346 arripere
3208 4291 3302 4335 aut
3341 4283 3562 4340 auferre
3586 4302 3826 4356 possum,

2247 4352 2326 4407 sic
2354 4368 2452 4410 uec
2484 4357 2606 4412 ullis
2640 4363 2848 4417 meritis
2883 4364 3130 4424 obtinere
3165 4387 3253 4428 me
3282 4376 3462 4429 omnia
3507 4352 3677 4448 posse
3718 4383 3831 4452 qui-

560 4447 699 4502 Vere
710 4449 1120 4505 similitudoista
1135 4451 1415 4506 diabolicae
1431 4453 1781 4521 turpitudinis
1801 4471 1888 4509 me
1903 4457 2144 4510 ostendit

2252 4441 2347 4498 bus
2376 4445 2442 4500 ad
2474 4457 2525 4504 te
2555 4463 2820 4520 revertar,
2843 4465 2898 4510 et
2920 4461 3312 4529 complaceam.
3358 4465 3499 4533 Quid
3529 4473 3684 4527 eiiim
3730 4490 3831 4528 me-

557 4538 722 4611 215
753 4539 948 4595 diaboli
978 4540 1237 4597 hactenus
1269 4541 1432 4598 fuisse
1459 4545 1647 4610 lilium,
1677 4557 1730 4601 et
1750 4557 2139 4604 tormentorum

558 4629 852 4685 intidelium
882 4629 1175 4686 hzeredem.
1207 4632 1330 4688 Haec
1355 4643 1438 4689 est
1461 4638 1720 4690 mercatio
1759 4646 1816 4694 et
1840 4652 2144 4697 commuta-

557 4723 654 4785 tio,
685 4720 813 4791 quia
841 4735 1016 4776 caecus
1044 4729 1098 4776 et
1119 4723 1552 4780 dementissimus
1606 4743 1708 4798 ego
1739 4737 1842 4784 tua:
1890 4731 2142 4789 similitu-

554 4810 696 4865 diuis
722 4808 948 4880 gloriam
977 4819 1031 4864 et
1055 4811 1314 4866 honorem
1366 4814 1888 4875 abominabilissima
1940 4837 2004 4878 ac
2055 4824 2141 4878 vi-

551 4897 757 4952 lissima
783 4896 1001 4953 feditate
1035 4901 1256 4954 mutavi.

543 5043 548 5048 ,
622 4989 740 5044 Non
779 4987 920 5056 ideo,
949 5001 1137 5046 sancte
1181 4992 1364 5059 Pater,
1397 4994 1632 5062 pretiosa
1678 4997 1766 5055 illa
1807 5001 2010 5058 talenta
2048 5013 2139 5061 tua

553 5084 857 5138 tradideras
903 5083 1036 5138 mihi
1064 5125 1080 5149 ,
1127 5093 1187 5140 ut
1230 5101 1330 5156 pro
1374 5089 1555 5143 usuris
1599 5090 1925 5149 horrendam
1975 5095 2137 5152 istam

537 5175 1010 5230 ‘abomiuationem
1045 5174 1255 5232 faceres
1283 5193 1368 5234 me
1397 5178 1492 5234 tibi
1538 5190 1838 5251 reportare.
1867 5183 1982 5240 Non
2014 5186 2136 5244 ideo

551 5265 682 5318 mihi
711 5274 790 5319 tot
832 5279 898 5320 ac
940 5265 1104 5321 tantis
1146 5265 1426 5326 beneﬁciis
1458 5271 1562 5326 tuis
1605 5271 1801 5330 debitis
1829 5276 2135 5346 seminasti,

532 5362 611 5407 -ut
638 5353 867 5410 fetorem
895 5365 950 5410 et
993 5358 1178 5426 spinas
1208 5367 1265 5414 et
1301 5360 1528 5418 tribulos
1566 5374 1919 5434 peccatorum
1952 5367 2021 5424 de
2048 5385 2136 5426 me

548 5445 850 5516 colligeres.
883 5447 997 5504 Non
1027 5450 1146 5505 ideo
1177 5459 1271 5532 tot,
1304 5462 1360 5509 et
1400 5456 1568 5534 tantis
1596 5457 1878 5515 beneficiis
1917 5473 2006 5516 me
2033 5460 2136 5517 im-

541 5537 760 5607 plevisti
805 5548 861 5594 et
909 5541 1110 5606 ditasti,
1145 5554 1205 5600 ut
1255 5547 1308 5601 in
1365 5552 1820 5620 oppugnationem
1883 5563 2029 5610 tuam
2068 5571 2132 5612 ea

549 5639 941 5686 converterem.
997 5633 1112 5689 Non
1161 5647 1280 5693 erat
1333 5639 1562 5698 intentio
1617 5645 1968 5716 benignitatis
2027 5657 2132 5706 tua:

549 5730 765 5774 armare
794 5734 880 5776 me
925 5733 1114 5782 contra
1148 5735 1220 5805 te,
1269 5742 1369 5786 nec
1408 5745 1624 5789 armare
1673 5735 2000 5794 diabolicam
2035 5755 2132 5796 au-

2249 4536 2368 4592 ritis
2397 4541 2532 4596 meis
2557 4543 2742 4600 deberi
2765 4557 2962 4617 potest,
2995 4552 3100 4606 nisi
3143 4557 3335 4613 mortis
3375 4569 3600 4619 atoma;
3629 4566 3828 4636 suppli-

2247 4625 2435 4682 cium?
2469 4629 2595 4687 Scio
2630 4637 2772 4703 quod
2804 4637 2856 4692 in
2889 4639 3228 4712 beneplacito
3269 4655 3361 4703 tuo
3393 4660 3592 4707 sancto
3629 4625 3718 4710 est
3739 4625 3828 4709 line

2247 4717 2563 4813 disperdere
2632 4727 2930 4783 secundum
3009 4733 3410 4794 multitudinem
3471 4740 3822 4813 flagitiorum,

2244 4806 2570 4878 facinorum,
2600 4823 2656 4869 et
2697 4817 3145 4888 negligentiarnm
3176 4834 3234 4879 et
3271 4806 3641 4887 omissiondm
3690 4806 3826 4890 mea;

2243 4917 2392 4969 rum;
2420 4904 2504 4959 vel
2534 4906 2832 4965 reformare
2858 4927 2966 4979 me,
2995 4914 3078 4968 vel
3104 4914 3282 4973 facere
3319 4937 3405 4975 me
3434 4923 3531 4977 tibi
3573 4937 3821 4996 accepta-

2241 4994 2402 5049 bilem
2429 5001 2723 5054 secundum
2750 5001 2967 5059 divitias
2998 5007 3401 5068 inaestimabiles
3423 4994 3812 5076 misericordia:

2243 5096 2368 5157 tuae,
2407 5092 2501 5159 qui
2536 5093 2684 5149 solus
2718 5110 2780 5151 es
2818 5097 3148 5156 reformator
3181 5117 3453 5162 creatura:
3479 5124 3649 5178 quam
3682 5112 3819 5170 solut

2239 5177 2506 5235 formasti.
3257 5255 3262 5262 .

2309 5269 2484 5339 Nunc,
2515 5275 2828 5334 misericors
2871 5280 3052 5348 Pater,
3100 5285 3168 5339 ad
3220 5293 3277 5340 te
3324 5289 3600 5361 confugio,
3650 5295 3816 5348 sciens

2235 5362 2379 5432 quod
2408 5378 2514 5418 non
2539 5375 2625 5420 est
2648 5367 2781 5423 mihi
2808 5368 2930 5440 fuga
2959 5388 2987 5426 a
3020 5381 3072 5426 te
3095 5374 3202 5444 nisi
3229 5376 3296 5429 ad
3327 5385 3400 5431 te.
3433 5378 3571 5445 Quis
3592 5397 3681 5436 me
3714 5396 3813 5450 po-

2237 5463 2343 5511 test
2372 5455 2607 5512 liberare
2641 5460 2710 5516 de
2745 5463 2997 5518 manibus
3043 5466 3174 5534 tuis,
3211 5470 3314 5524 nisi
3350 5478 3404 5524 tu
3437 5471 3632 5528 solus?
3660 5473 3813 5527 Libe-

2235 5563 2358 5605 rare
2384 5564 2470 5606 me
2504 5559 2681 5622 potest
2713 5554 3083 5612 misericordia
3121 5569 3229 5623 tua,
3261 5577 3422 5632 quam
3461 5570 3540 5618 tot
3564 5575 3618 5619 et
3659 5566 3811 5619 tantis

2235 5643 2610 5714 iniquitatibus
2655 5647 2791 5702 meis
2841 5663 2945 5717 non
2986 5650 3156 5706 solum
3203 5654 3468 5720 demerui,
3518 5659 3615 5712 sed
3653 5657 3808 5710 etiam

2233 5737 2562 5808 impugnari,
2609 5739 2678 5794 ab
2707 5737 3111 5811 irajustissima
3143 5753 3255 5814 tua,
3303 5761 3466 5818 quam
3513 5749 3809 5808 infelicissi-
