4060 6292
255 302 350 370 Vili

1549 310 1559 319 '
1576 308 1585 313 ‘
1601 287 2018 351 MEDITATlliN
2028 289 2129 347 ES.

3387 296 3517 352 755.

255 438 364 482 mus
403 430 456 478 et
502 419 844 493 gratissimus
892 416 1124 472 irritavi.
1179 414 1347 486 igitur
1403 411 1682 482 suscipere
1723 424 1809 467 me
1836 409 1888 471 Α
1914 405 2399 461 misericordiarum
2436 414 2671 474 tuarum,
2707 425 2826 480 qum
2855 426 2888 463 a
2931 411 3125 466 δωριιό
3167 422 3286 466 sunt
3313 411 3489 483 (Psnl.

254 519 475 587 dignare,
507 512 754 575 Domine,
791 517 1155 564 revertentem
1184 506 1251 561 ad
1292 514 1369 560 te.
1402 506 1623 569 Averte,
1652 505 1814 561 obse.

251 622 334 662 cro
383 614 462 671 te,
509 602 699 658 oculos
752 608 972 657 sanctos
1017 599 1089 654 ab
1135 598 1616 669 ingratitudinibus
1676 598 1812 653 meis

251 704 396 767 atqtte
424 694 723 764 spurcitiis.
761 691 844 745 Ad
893 692 1144 760 teipsttm,
1174 689 1423 753 obsecro,
1455 688 1687 757 respice,
1722 688 1809 743 cui

248 798 503 853 nunquam
537 785 655 838 sine
690 783 862 838 venia:
892 796 990 851 spe
1036 781 1392 852 supplicatur.
1425 782 1482 835 In
1522 781 1810 851 temetipso

248 874 472 931 invenies
501 873 641 928 unde
664 884 718 927 et
742 884 961 943 propter
999 873 1143 942 quod
1175 872 1487 928 miserearis
1510 875 1807 933 secundum

242 965 610 1019 abundantiam
639 964 925 1019 suavitatis
947 972 1075 1029 tute,
1107 971 1163 1018 et
1194 963 1615 1017 immensitatem
1647 963 1809 1019 mise-

242 1053 473 1110 l‘lt‘Ol‘dia
504 1063 624 1108 tuae.
668 1052 807 1119 Noli,
835 1055 1082 1120 obsecro,
1117 1055 1185 1108 ad
1216 1069 1305 1110 me
1340 1054 1641 1123 respicere,
1678 1057 1806 1124 quia

243 1146 362 1200 nihil
394 1146 444 1199 in
492 1162 580 1200 tne
619 1146 880 1210 invenies,
929 1146 1032 1201 nisi
1077 1147 1217 1200 unde
1260 1146 1423 1201 irasci
1454 1147 1676 1214 debeas,
1723 1150 1808 1204 vel

237 1238 331 1292 nisi
356 1248 530 1292 morte
556 1250 757 1292 aeterna
787 1237 1189 1307 dignissimum.
1218 1239 1440 1303 Averte,
1474 1238 1702 1294 obsecro
1732 1254 1804 1306 te,

238 1330 471 1394 Domine,
514 1329 700 1385 oculos
740 1338 1124 1385 tuossanctos
1162 1345 1191 1383 a
1237 1340 1530 1401 conspectu
1576 1334 1809 1404 turpitu-

237 1419 408 1473 diuum
451 1431 512 1476 et
565 1421 1027 1477 abominationum
1075 1435 1341 1488 mearum,
1407 1438 1545 1491 quas
1598 1426 1645 1480 si
1705 1443 1807 1498 ego

236 1510 508 1578 perlucide
533 1523 589 1567 et
619 1515 775 1582 plene
808 1513 1181 1582 conspicerem
1207 1521 1263 1568 et
1289 1514 1551 1580 viderem,
1578 1516 1807 1573 horrore

234 1606 390 1660 nimio
434 1621 541 1660 non
582 1608 931 1673 sustinerem,
979 1607 1074 1662 sed
1105 1622 1191 1662 me
1236 1608 1411 1677 ipsqu
1444 1609 1723 1663 horrerem
1750 1619 1806 1665 et

233 1692 484 1764 fugerem.
537 1696 751 1759 Averte,
803 1696 1054 1763 obsecro,
1104 1711 1268 1751 nares
1315 1705 1435 1751 tuas
1478 1713 1510 1751 a
1541 1698 1804 1753 fetoribus

1914 511 2065 562 xxiv,
2103 496 2189 566 6);
2225 507 2281 553 et
2328 502 2548 555 conanti
2599 513 2864 558 creatum
2914 512 3017 560 tute
3063 507 3131 561 ad
3178 516 3232 562 te
3276 509 3492 580 porrige

1913 585 2212 642 dexteram.
2285 589 2487 657 Adjnva
2547 592 2923 649 infirmitatem
2976 599 3229 653 conantis
3287 600 3353 652 ad
3414 610 3489 654 te.

1914 676 2091 737 Trahe
2124 680 2322 749 ipsum,
2350 683 2441 751 qtti
2487 684 2597 739 scis
2641 685 2814 754 ipsum
2845 702 2953 743 non
3000 703 3159 758 posse
3195 691 3260 744 ad
3293 700 3346 745 te
3394 707 3489 745 ve-

1913 767 2051 832 nire,
2080 770 2180 824 nisi
2215 781 2268 825 tu
2297 771 2459 827 Pater
2484 777 2717 831 traxeris
2749 792 2871 831 eum
2898 788 3013 834 ’tuo
3064 795 3248 836 amore
3270 792 3327 836 et
3350 784 3493 838 desi-

1911 859 2061 914 derio
2091 859 2273 931 (locu.
2306 877 2383 928 Vl,
2413 863 2526 931 44).
2555 864 2663 919 Fac
2690 882 2775 921 me
2808 883 3024 923 servum
3050 872 3145 926 tibi
3180 874 3487 941 acceptabi-

1910 949 2013 1005 lem
2043 960 2098 1006 et
2125 950 2404 1023 placitum,
2445 955 2537 1023 qui
2588 957 2697 1011 scis
2744 974 2829 1013 me
2855 976 2960 1014 non
2993 978 3153 1032 posse
3201 965 3361 1019 aliter
3392 966 3489 1021 tibi

1909 1041 2144 1111 placere.
2208 1044 2309 1111 Da,
2372 1046 2633 1114 obsecro,
2689 1050 2830 1106 dona
2887 1052 2976 1108 illa
3030 1066 3241 1122 sancta,
3296 1058 3492 1127 quibus

1911 1133 2039 1188 solis
2069 1134 2162 1189 tibi
2197 1136 2481 1206 placeam;
2515 1140 2608 1210 qui
2656 1141 2753 1196 das
2792 1142 2932 1198 bona
2978 1156 3133 1214 grata
3180 1149 3492 1218 petentibus

1912 1231 1993 1286 te;
2023 1222 2129 1290 fac,
2159 1241 2363 1295 quaeso,
2401 1238 2459 1282 ut
2491 1239 2544 1283 tu
2589 1232 2736 1305 solus
2770 1233 2847 1288 sis
2887 1249 3040 1291 amor
3085 1254 3236 1294 meus
3261 1250 3318 1295 et
3354 1243 3493 1297 desi-

1910 1314 2120 1370 derium
2173 1333 2375 1384 meum,
2411 1329 2467 1374 tu
2514 1323 2664 1378 solus
2713 1325 2789 1379 sis
2836 1342 2991 1382 amor
3031 1330 3197 1402 216
3241 1349 3391 1388 meus
3436 1346 3492 1389 et

1912 1406 2073 1462 timor
2101 1423 2272 1465 meus.
2318 1411 2540 1468 Vindica
2585 1431 2670 1470 me
2720 1427 2891 1473 totum
2925 1421 3018 1474 tibi
3063 1424 3152 1491 qui
3189 1438 3274 1477 me
3321 1435 3490 1480 totum

1906 1498 2052 1567 quod
2079 1516 2221 1568 sum,
2263 1514 2319 1557 et
2359 1514 2528 1559 totum
2570 1508 2714 1576 quod
2755 1511 2805 1562 in
2856 1525 2962 1574 me,
2996 1512 3105 1566 imo
3154 1523 3322 1567 totum
3350 1519 3492 1585 quod

1909 1589 2082 1659 sapio,
2115 1599 2284 1647 totum
2330 1596 2474 1664 quod
2524 1612 2764 1661 moveor.
2816 1600 3012 1656 debere
3063 1603 3157 1657 tibi
3203 1605 3301 1659 soli
3355 1608 3491 1664 scio.

1910 1678 2105 1737 Totum
2133 1698 2221 1739 me
2251 1697 2506 1742 converte
2531 1688 2584 1743 in
2613 1690 2822 1747 laudem
2854 1702 2908 1748 et
2934 1693 3161 1765 gloriam
3194 1706 3365 1762 tuam,
3397 1701 3491 1769 qui

229 1784 391 1850 me“;
426 1793 495 1853 ἴθι
543 1786 609 1841 ad
659 1786 1004 1858 temetipsum
1052 1794 1330 1842 ωηνεηε,
1385 1786 1533 1854 scio,
1579 1789 1804 1846 nomine
1836 1769 1879 1825 Β
1909 1780 2077 1827 totum
2123 1789 2209 1831 me
2237 1775 2409 1833 debeo
2445 1779 2587 1835 laudi
2634 1789 2758 1837 tuae.
2806 1782 2883 1840 Ne
2907 1790 3114 1856 tradas,
3146 1788 3373 1844 obsecro
3417 1800 3490 1854 te,

226 1878 627 1944 misericordire,
664 1882 805 1950 quod
851 1879 1037 1936 mundi
1066 1889 1195 1935 sunt
1231 1880 1374 1935 oculi
1404 1882 1479 1937 tui
1508 1884 1706 1951 sancti,
1750 1894 1806 1940 et

227 1967 501 2025 horrorem
543 1970 904 2027 deformitatis
947 1986 1104 2038 [ηοω.
1159 1970 1263 2026 nisi
1310 1977 1367 2026 tu
1402 1972 1621 2028 dederis
1643 1974 1801 2031 omihi

225 2056 381 2125 bona,
414 2061 611 2131 quibus
648 2062 892 2132 placeam
937 2061 1060 2127 tibi,
1104 2077 1214 2117 non
1246 2071 1493 2134 possunt
1534 2064 1801 2134 aspicere.

221 2146 344 2204 Scio
388 2152 536 2221 quod
562 2161 674 2207 tota
725 2161 816 2206 tua
866 2152 1019 2207 curia
1070 2151 1310 2209 celestis
1362 2153 1565 2208 avertit
1616 2155 1805 2212 oculos

218 2256 364 2311 suos,
405 2257 462 2300 et
506 2260 667 2300 aures
711 2247 955 2312 obturat,
1004 2244 1437 2301 abominationes
1482 2261 1633 2301 meas
1663 2246 1806 2303 ferre

219 2349 321 2389 non
349 2338 650 2392 sustinens.
682 2336 791 2392 Sed
831 2346 909 2398 tu,
952 2336 1262 2392 misericors
1287 2337 1468 2403 Pater,
1498 2340 1565 2391 ad
1598 2339 1801 2394 fontem

216 2423 367 2479 illum
404 2426 791 2482 misericordiae
819 2436 1160 2487 convertere,
1213 2427 1369 2495 cujus
1416 2428 1806 2487 misericordiae

215 2527 318 2566 non
359 2523 447 2568 est
479 2530 734 2569 numerus
769 2531 868 2570 nec
917 2515 1062 2579 linis,
1095 2525 1151 2569 et
1200 2517 1289 2587 pio
1319 2531 1385 2572 ac
1428 2532 1624 2573 sereno
1656 2520 1803 2575 vultu

220 2606 427 2675 respice
457 2621 545 2661 me
573 2616 876 2661 creaturam
906 2616 1075 2661 tuam.
1109 2607 1371 2664 Creatura
1405 2620 1494 2665 tua
1527 2625 1627 2681 ego
1655 2626 1799 2683 sum,

217 2695 464 2764 Domine,
495 2710 551 2753 et
578 2714 713 2768 opus
748 2715 1005 2754 manuum
1039 2710 1278 2755 tuarum.

284 2787 547 2845 Reforma
594 2790 777 2859 igitur,
823 2792 1070 2857 obsecro,
1102 2792 1247 2862 quod
1294 2792 1350 2846 in
1397 2808 1487 2848 me
1527 2793 1805 2863 fecisti,et

214 2875 434 2934 destrue
468 2879 613 2947 quod
655 2894 757 2950 ego
799 2888 989 2934 contra
1041 2881 1295 2936 mandata
1333 2890 1421 2936 tua
1459 2882 1512 2936 in
1547 2899 1635 2939 me
1675 2885 1800 2942 feci.

215 2967 325 3021 lloc
359 2970 532 3041 igitur
562 2972 783 3026 destrue
829 2970 973 3041 quod
1014 2972 1179 3027 odisti
1213 2972 1411 3038 inme,
1444 2982 1500 3028 et
1552 2976 1696 3044 quod
1746 2986 1801 3031 tu

215 3061 399 3131 utique
428 3076 542 3118 non
588 3063 789 3126 fecisti,
819 3065 915 3120 sed
956 3080 1057 3136 ego
1093 3067 1280 3122 miser.
1326 3064 1441 3121 Hoc
1483 3068 1720 3123 reforma
1748 3080 1803 3123 et

212 3152 371 3208 retice
404 3154 555 3224 quod
602 3163 658 3209 tu
704 3155 821 3224 ipse
854 3155 1033 3210 fecisti
1078 3163 1135 3210 et
1180 3155 1452 3211 formasti.
1490 3155 1605 3214 lioc
1651 3157 1797 3212 enim

210 3253 291 3297 cst
320 3253 499 3311 tuum,
536 3247 760 3302 Domine
796 3246 936 3302 Deus
964 3261 1137 3311 meus,
1167 3247 1269 3303 hoc
1297 3258 1383 3303 est
1422 3249 1624 3312 odisse,
1657 3251 1801 3318 quod

212 3346 313 3387 non
370 3349 561 3403 posse.
613 3334 765 3389 Nihil
819 3337 978 3390 odisti
1039 3353 1220 3391 eorum
1263 3354 1380 3408 qua:
1423 3338 1595 3407 fecisti
1647 3339 1799 3409 (Sap.

214 3434 285 3483 XI,
343 3422 460 3495 25).
513 3423 628 3480 Hoc
658 3426 879 3481 destrue
924 3426 979 3480 in
1013 3442 1099 3482 me
1124 3430 1267 3497 quod
1300 3442 1476 3483 meum
1524 3440 1631 3495 est,
1659 3430 1802 3500 quod

211 3512 392 3582 utique
424 3525 480 3569 tu
533 3532 638 3570 non
667 3514 869 3581 fecisti,
908 3517 1012 3572 hoc
1039 3529 1146 3583 est,
1174 3519 1563 3589 turpitudinem
1589 3521 1800 3576 abomi-

208 3606 489 3662 natiouutn
528 3622 796 3664 mearum.
828 3608 907 3665 Ne
939 3625 1025 3663 me
1062 3611 1332 3665 destruas.
1375 3611 1526 3666 lianc
1558 3613 1798 3678 destrue,

208 3694 526 3753 misericors
570 3707 627 3754 et
662 3699 952 3755 miseratur
983 3699 1243 3763 Domine;
1274 3700 1414 3757 hanc
1437 3701 1581 3755 enim
1612 3703 1799 3766 odisti,

206 3792 258 3834 et
285 3784 425 3843 hanc
455 3796 518 3842 ut
542 3788 723 3843 odisse
755 3788 1015 3857 incipiam
1046 3789 1177 3844 mihi
1208 3790 1437 3859 largitus
1465 3804 1548 3844 es.

736 3879 1111 3943 MEDITATIO
1151 3879 1280 3935 VIII.

535 3970 774 4026 Elevatio
812 3972 1106 4041 paenitentis
1136 3972 1205 4025 ad
1238 3968 1481 4025 Patrem.

273 4058 543 4131 Respice,
563 4061 813 4125 obsecro,
838 4069 1024 4116 sancte
1047 4059 1207 4115 Pater
1227 4059 1574 4129 omnipotens
1597 4070 1802 4119 aeterne

203 4147 367 4215 Deus,
400 4153 473 4209 ad
520 4151 670 4207 illam
702 4150 1089 4207 misericordia
1127 4158 1231 4206 tua:
1274 4150 1796 4208 exundantissimam

200 4242 483 4314 abyssum,
516 4260 629 4315 qua
670 4244 817 4303 velut
863 4243 1124 4305 diluvium
1150 4243 1466 4315 {ablutionis
1490 4245 1799 4302 cbarissimi

202 4332 321 4391 Filii
358 4339 438 4393 tui
488 4336 763 4405 unigeniti
794 4335 1251 4407 pretiosissimum
1300 4336 1705 4409 vivilicumque,
1745 4339 1797 4393 in

202 4430 386 4484 mundi
434 4428 833 4485 emundatione
861 4428 1182 4505 exundavit,
1216 4426 1373 4498 cujus
1401 4438 1458 4485 et
1484 4438 1658 4485 morte
1679 4430 1797 4502 pla-
1832 4448 1876 4503 ι)

199 4521 313 4574 cuit
354 4522 596 4591 bonitati
629 4529 732 4575 tute
778 4520 944 4575 etiam
970 4534 1070 4575 nos
1103 4520 1409 4587 vivificare,
1438 4532 1491 4577 et
1522 4522 1639 4591 ejus
1667 4540 1795 4577 san-

197 4611 375 4679 guine
405 4614 620 4681 lavare.
649 4612 750 4678 Qui
788 4612 953 4668 etiam
985 4611 1182 4677 Filium
1230 4623 1380 4667 tuum
1412 4613 1796 4667 charissimqu

201 4705 403 4756 mutulo
428 4712 597 4758 scuto
622 4702 775 4757 bona:
802 4701 1097 4759 voluntatis
1124 4711 1226 4757 tute
1253 4700 1427 4771 (Paul.
1450 4762 1453 4765 λ
1475 4717 1527 4767 v,
1562 4702 1650 4771 l3)
1694 4702 1800 4758 lar-

196 4793 342 4862 gitus
366 4812 453 4859 es,
488 4810 606 4865 quo
645 4812 705 4851 se
731 4796 799 4851 ab
836 4796 915 4850 ira
952 4805 1043 4850 tua
1074 4804 1444 4866 protegerent,
1470 4805 1527 4851 et
1571 4805 1798 4850 mortem

192 4902 362 4955 quant
386 4897 674 4953 metuunt,
716 4888 831 4957 ipse
858 4888 1002 4953 illam
1029 4897 1184 4949 scuto
1220 4889 1448 4959 iustitiae
1478 4898 1583 4944 tuae
1613 4899 1670 4945 et
1706 4890 1797 4962 ju-

198 4979 459 5038 stissima:
509 4980 610 5037 ire
638 4988 743 5034 tuae
783 4977 993 5046 objecto
1033 4979 1330 5049 exciperet.
1380 4978 1505 5045 Ubi,
1537 4989 1796 5050 quantum

198 5086 296 5140 per
349 5082 405 5128 te
452 5072 622 5130 nobis
665 5070 793 5130 Itoni
838 5070 1026 5136 velles,
1076 5071 1367 5127 ostendere
1406 5071 1663 5142 dignatus
1714 5086 1795 5137 es,

188 5166 331 5225 ,dum
359 5164 754 5237 charissimum
803 5161 999 5219 Filium
1034 5170 1207 5226 tuum,
1240 5161 1400 5231 velut.
1434 5171 1673 5228 scutum,
1706 5162 1798 5217 ira:

201 5265 306 5309 tua:
353 5268 645 5326 opponere
682 5253 935 5323 dignatus
965 5267 1045 5307 es.
1099 5252 1168 5306 Et
1195 5252 1370 5322 ipsum
1402 5251 1609 5322 placuit
1637 5254 1797 5307 mise-

198 5344 453 5401 ricordiae
488 5355 598 5399 tute
639 5353 696 5399 et
721 5345 857 5399 iram
888 5352 1037 5398 tuam
1078 5352 1135 5398 et
1165 5352 1396 5398 mortem
1429 5351 1670 5399 nostram
1702 5359 1796 5400 ex-

194 5436 401 5505 cipere,
437 5437 583 5490 iram
628 5432 791 5503 quam
838 5434 1233 5495 merueramus,
1280 5440 1637 5487 etumortem.
1678 5432 1796 5502 Ipse

194 5538 324 5581 vero
357 5522 693 5596 Unigenitus
744 5534 868 5580 tuus
911 5533 1139 5578 mortem
1186 5532 1429 5576 nostram
1478 5522 1627 5592 solus
1662 5537 1794 5593 por-

195 5616 351 5679 tavit.
486 5683 496 5692 ι
598 5684 601 5687 Α

264 5714 634 5770 Reminiscere
683 5714 1076 5769 miserationem
1130 5720 1370 5777 tuarum,
1426 5712 1690 5779 Domine,
1722 5724 1793 5775 ,σι

538 5807 813 5870 Pyram.
869 5801 1139 5865 CLVIII.

1908 1865 2154 1934 Domine,
2192 1868 2440 1926 hostibus
2471 1874 2575 1927 tuis
2616 1884 2919 1931 creaturam
2949 1888 3119 1944 tuam,
3168 1881 3339 1936 retine
3368 1897 3489 1937 eam

1907 1954 2025 2020 tibi,
2057 1955 2210 2025 cujus
2252 1968 2337 2015 est
2364 1960 2531 2016 solius
2558 1961 2891 2032 plenissime,
2935 1978 2990 2022 et
3017 1969 3328 2039 singillatim
3357 1989 3490 2027 con-

1906 2062 2118 2103 summa
2144 2048 2198 2105 in
2216 2042 2467 2123 mequod
2492 2055 2727 2126 coepisti,
2755 2069 2811 2114 et
2838 2059 3102 2115 conﬁrma
3128 2063 3269 2131 quod
3295 2078 3491 2133 opera-

1908 2145 1996 2191 108
2030 2153 2112 2194 es.

1977 2229 2209 2298 Exaudi,
2273 2232 2532 2299 obsecro.
2585 2239 2888 2296 orationem
2947 2258 3165 2309 meam,
3216 2244 3373 2315 cujus
3431 2255 3491 2319 tu

1907 2316 2135 2390 largitor
2167 2332 2222 2379 et
2267 2323 2564 2395 inspiratur
2602 2344 2685 2394 es,
2730 2341 3020 2402 antequam
3072 2336 3382 2392 invocarem
3417 2349 3488 2394 te.

1909 2411 2137 2481 Respice
2182 2417 2576 2487 supplicantem
2624 2421 2740 2488 tibi,
2786 2425 2877 2492 qui
2926 2441 3033 2489 me,
3073 2427 3200 2483 dum
3247 2445 3487 2495 erarem,

1909 2505 2180 2573 respicere
2221 2508 2298 2564 sic
2324 2509 2576 2579 dignatus
2610 2528 2689 2568 es.
2734 2512 2848 2570 Non
2888 2517 2939 2569 in
2980 2533 3235 2584 vacuum,
3267 2522 3494 2578 misera-

1910 2602 1993 2648 tor
2026 2596 2268 2662 Domine,
2299 2601 2601 2656 orationem
2631 2603 2788 2669 istam
2822 2605 3091 2677 inspirare
3128 2610 3380 2681 dignatus
3406 2628 3486 2676 es,

1907 2698 2014 2738 non
2055 2686 2253 2742 frustra
2301 2702 2421 2743 eam
2472 2690 2699 2762 largitus
2740 2710 2799 2750 es
2837 2698 2987 2752 mihi.
3043 2702 3120 2753 Ad
3157 2702 3258 2757 hoc
3306 2705 3490 2774 utique

1908 2776 2040 2830 mihi
2089 2793 2209 2833 eam
2243 2778 2430 2850 largiri
2468 2781 2723 2853 dignatus
2752 2802 2830 2851 es,
2879 2798 2938 2842 ut
2980 2792 3238 2848 exaudias
3277 2810 3379 2848 me.
3410 2797 3491 2850 Ad

1905 2862 2010 2919 hoc
2038 2865 2230 2920 dedisti
2262 2870 2418 2935 mihi,
2468 2881 2521 2923 ut
2552 2874 2912 2943 supplicarem
2953 2879 3045 2933 tibi
3094 2892 3150 2933 ut
3181 2884 3490 2940 miserearis

1906 2955 2036 3009 mihi
2059 2960 2331 3025 peccaturi
2361 2971 2415 3016 et
2456 2963 2543 3017 cui
2568 2964 2680 3034 jam
2706 2968 2924 3021 arrhatn
2973 2972 3357 3029 misericordia:
3386 2987 3490 3032 tua:

1908 3045 2164 3123 tribuisti,
2216 3047 2415 3120 largire
2463 3054 2758 3109 residuum.
2792 3056 3069 3127 llecupera
3121 3078 3226 3128 me,
3265 3063 3490 3121 Domine

1854 3150 1873 3173 ι
1909 3137 2049 3194 Deus
2097 3155 2265 3204 meus,
2317 3152 2373 3198 et
2400 3159 2530 3199 erue
2565 3146 2631 3200 de
2662 3150 2911 3204 manibus
2954 3152 3297 3209 inimicorum
3345 3174 3491 3212 tneo-

1906 3244 2048 3296 rum,
2077 3234 2203 3302 quia
2235 3242 2290 3288 et
2342 3234 2440 3303 ipsi
2495 3237 2569 3289 ttti
2614 3248 2760 3302 sunt,
2814 3252 2869 3293 et
2921 3245 3328 3313 omttipotcntize
3382 3258 3488 3303 tuas

1904 3323 2296 3392 subjiciuntur;
2340 3328 2430 3396 qui
2462 3328 2627 3382 etiam
2673 3330 2805 3384 nihil
2848 3333 3078 3388 oderunt
3127 3336 3180 3390 in
3223 3352 3331 3403 me,
3380 3340 3484 3393 nisi

1904 3412 2047 3483 quod
2094 3416 2286 3471 dedisti
2324 3419 2455 3472 mihi
2490 3419 2542 3472 in
2592 3420 2845 3475 omnibus
2873 3423 3029 3479 bonis
3081 3426 3314 3481 actibus.
3344 3428 3487 3484 Nihil

1904 3509 2135 3563 oderunt
2166 3510 2216 3564 in
2254 3525 2363 3574 me,
2414 3512 2515 3566 nisi
2560 3520 2702 3581 quod
2747 3514 2911 3584 diligo
2961 3526 3030 3572 te.
3084 3516 3197 3573 lloe
3240 3522 3489 3578 omnibus

1900 3586 2097 3652 studiis
2128 3607 2185 3652 et
2226 3599 2431 3655 viribus
2471 3605 2582 3657 suis
2624 3615 2679 3659 et
2726 3615 2834 3660 tota
2876 3606 3064 3664 fraude
3098 3609 3393 3665 moliuntur
3423 3629 3490 3667 ne

1904 3688 2121 3760 diligam
2177 3699 2247 3758 te,
2300 3707 2369 3748 ne
2412 3692 2708 3764 gloriticem
2761 3707 2849 3762 te,
2913 3715 3012 3755 nec
3064 3701 3288 3756 omnino
3343 3718 3489 3773 quac-

1905 3790 2018 3830 ram
2055 3786 2122 3832 te.

1975 3868 2053 3924 Ne
2095 3885 2224 3941 ergo
2261 3874 2589 3942 prtevaleant
2635 3879 2921 3934 adversum
2960 3896 3047 3936 me
3087 3882 3270 3937 hostes
3303 3883 3488 3953 glorise

1907 3962 2138 4026 tute,sed
2163 3966 2336 4034 magis
2362 3966 2766 4023 confundantur
2794 3971 3137 4027 multitudine
3168 3976 3483 4030 misericor-

1904 4052 2005 4108 dia:
2041 4062 2161 4119 tuae,
2197 4055 2441 4111 ridentes
2470 4074 2557 4113 me
2587 4075 2908 4116 conversum
2944 4064 2994 4117 iu
3028 4064 3239 4119 laudem
3270 4076 3325 4120 et
3370 4066 3485 4136 glo-

1904 4144 2039 4198 riam
2081 4156 2225 4200 tuam
2271 4157 2437 4203 totum
2472 4167 2716 4221 quaerere
2756 4169 2946 4224 pacem
2981 4166 3037 4210 et
3074 4156 3301 4227 gloriam
3332 4167 3477 4213 tuam

1902 4247 2090 4291 contra
2143 4238 2483 4306 insidiantes,
2530 4252 2583 4319 et
2618 4244 2771 4313 cujus
2819 4246 3250 4302 immutationem
3302 4250 3485 4304 inten-

1902 4326 2055 4382 dunt.
2086 4328 2162 4385 Ne
2205 4331 2407 4402 expleri
2436 4333 2685 4402 patiaris,
2716 4335 2944 4391 obsecro
2978 4348 3049 4403 te,
3096 4339 3342 4404 Domine,
3376 4350 3485 4396 tam

1903 4420 2160 4491 iniquam,
2210 4433 2318 4478 tam
2370 4427 2759 4481 exsecrabilem
2807 4429 3143 4486 voluntatem
3188 4445 3374 4487 eorum
3416 4434 3485 4491 de

1904 4527 2008 4577 me,
2036 4522 2093 4570 et
2121 4525 2309 4569 contra
2336 4529 2439 4570 me.
2485 4517 2767 4589 Magnifica
2792 4537 2941 4592 ergo,
2978 4523 3119 4580 Deus
3156 4541 3327 4591 meus,
3360 4528 3448 4581 ani
3469 4556 3484 4568 -

1902 4618 2046 4658 mam
2098 4620 2271 4661 meam
2323 4605 2389 4659 ad
2444 4609 2869 4664 annuntianlum
2920 4611 3135 4669 laudem
3192 4626 3372 4682 tuam,
3426 4625 3485 4670 et

1900 4692 2084 4763 gloria:
2116 4704 2218 4750 tua:
2247 4698 2537 4766 praeconia,
2581 4709 2638 4753 ut
2670 4708 2811 4755 totus
2842 4703 2908 4757 de
2955 4714 3152 4758 cmtero
3181 4706 3477 4760 secundum

1900 4786 2320 4856 magnitudinem
2349 4789 2535 4858 gloria:
2568 4800 2672 4847 tua:
2716 4794 2919 4859 vivam,
2970 4804 3186 4864 totaque
3220 4797 3329 4849 vita
3358 4812 3479 4851 mea

1901 4885 1952 4932 te
2004 4876 2289 4946 gloriticet.
2344 4880 2604 4953 Exemplo
2661 4878 2795 4939 meo
2832 4886 2898 4939 ad
2947 4886 3348 4957 glorificandum
3401 4896 3476 4953 te,

1901 4966 2069 5022 invita
2097 4978 2149 5023 et
2178 4966 2407 5040 provoca
2438 4975 2637 5032 multos
2673 4966 3103 5046 praedestinatos.
3154 4978 3476 5047 Abstrahat,
3546 5054 3551 5059 ἰ

1899 5076 2107 5131 quaeso,
2123 5063 2412 5125 vilissimus
2425 5077 2480 5123 et
2500 5068 2963 5123 immundissimos
2979 5068 3476 5141 abominabilesque

1899 5154 2121 5225 Spiritus
2160 5157 2504 5213 tenebrarum
2536 5174 2565 5213 a
2612 5173 2721 5224 me,
2752 5160 3053 5229 prmsentia:
3095 5160 3477 5218 luminositatis

1896 5236 1953 5300 et
1980 5242 2268 5306 suavitatis
2295 5243 2479 5321 gloriae
2508 5259 2632 5315 tuae,
2677 5265 2840 5320 quam
2884 5252 3154 5307 sustinere
3179 5268 3287 5307 non
3337 5268 3465 5323 pos-

1874 5328 2045 5394 sunt.
2074 5340 2331 5409 Dirumpe
2354 5339 2569 5394 vincula
2600 5354 2745 5404 mea,
2784 5350 2841 5400 et
2867 5341 3002 5396 educ
3049 5355 3136 5396 me
3160 5342 3228 5397 de
3255 5344 3479 5398 conclu-

1899 5431 2071 5497 sione,
2098 5431 2265 5491 etde
2307 5445 2529 5487 carcere
2555 5431 2780 5487 horrido
2817 5440 2891 5495 et.
2918 5434 3206 5489 tenebroso
3248 5435 3471 5490 teterri-

1899 5538 2114 5594 moque,
2147 5532 2203 5579 et
2244 5523 2313 5578 de
2341 5523 2464 5579 lacu
2497 5524 2754 5590 miseriae,
2800 5533 2853 5581 et
2899 5525 2966 5582 de
2992 5524 3107 5581 luto
3133 5525 3384 5593 faecis,“
3410 5528 3478 5581 de

1898 5616 2162 5687 profundo
2208 5617 2399 5672 mortis
2453 5626 2507 5671 et
2556 5617 2908 5673 tenebrarum
2958 5618 3012 5674 in
3060 5617 3367 5675 libertatem
3414 5625 3475 5674 et

1917 5724 2072 5775 ucem
2100 5716 2245 5766 tuam
2272 5706 2665 5765 admirabilem.
2762 5776 2767 5781 Α
2822 5780 2824 5783 τ

3006 5757 3159 5860 ἐι
