  <div class='ocr_page' id='page_1' title='image "/cluster/home/n/w/nwhite01/storage/ocr_20150623/158/hvd.32044024236689/429.png"; bbox 0 0 4060 6292; ppageno 0'>
   <div class='ocr_carea' id='block_1_1' title="bbox 565 322 669 378">
    <p class='ocr_par' dir='ltr' id='par_1_1' title="bbox 565 322 669 378">
     <span class='ocr_line' id='line_1_1' title="bbox 565 322 669 378; baseline 0.019 -2"><span class='ocrx_word' id='word_1_1' title='bbox 565 322 669 378; x_wconf 70' lang='grc'><strong>747</strong></span> 
     </span>
    </p>
   </div>
   <div class='ocr_carea' id='block_1_2' title="bbox 923 313 3477 379">
    <p class='ocr_par' dir='ltr' id='par_1_2' title="bbox 923 313 3477 379">
     <span class='ocr_line' id='line_1_2' title="bbox 923 313 3477 379; baseline 0 -2"><span class='ocrx_word' id='word_1_2' title='bbox 923 321 982 377; x_wconf 82' lang='lat' dir='ltr'><strong>S.</strong></span> <span class='ocrx_word' id='word_1_3' title='bbox 1021 319 1317 377; x_wconf 75' lang='lat' dir='ltr'><strong>ANSELMI</strong></span> <span class='ocrx_word' id='word_1_4' title='bbox 1354 319 1702 378; x_wconf 75' lang='lat' dir='ltr'><strong>CANTUAR.</strong></span> <span class='ocrx_word' id='word_1_5' title='bbox 1743 316 2062 376; x_wconf 69' lang='lat' dir='ltr'><strong>ARCHIEP.</strong></span> <span class='ocrx_word' id='word_1_6' title='bbox 2090 313 2239 374; x_wconf 74' lang='lat' dir='ltr'><strong>OPP.</strong></span> <span class='ocrx_word' id='word_1_7' title='bbox 2279 314 2560 372; x_wconf 63' lang='lat' dir='ltr'><strong>PARS“.</strong></span> <span class='ocrx_word' id='word_1_8' title='bbox 2591 347 2662 358; x_wconf 89' lang='lat'><strong><em>—</em></strong></span> <span class='ocrx_word' id='word_1_9' title='bbox 2701 315 3068 376; x_wconf 64' lang='lat' dir='ltr'><strong>PARJENET.</strong></span> <span class='ocrx_word' id='word_1_10' title='bbox 3111 321 3198 377; x_wconf 82' lang='lat' dir='ltr'><strong>ET</strong></span> <span class='ocrx_word' id='word_1_11' title='bbox 3234 322 3477 379; x_wconf 66' lang='lat' dir='ltr'><strong>AFCET.</strong></span> 
     </span>
    </p>
   </div>
   <div class='ocr_carea' id='block_1_3' title="bbox 3753 330 3856 386">
    <p class='ocr_par' dir='ltr' id='par_1_3' title="bbox 3753 330 3856 386">
     <span class='ocr_line' id='line_1_3' title="bbox 3753 330 3856 386; baseline 0.01 -1"><span class='ocrx_word' id='word_1_12' title='bbox 3753 330 3856 386; x_wconf 67' lang='grc'><strong>748</strong></span> 
     </span>
    </p>
   </div>
   <div class='ocr_carea' id='block_1_4' title="bbox 637 429 3850 511">
    <p class='ocr_par' dir='ltr' id='par_1_4' title="bbox 637 429 3850 511">
     <span class='ocr_line' id='line_1_4' title="bbox 637 429 3850 511; baseline 0.002 -22"><span class='ocrx_word' id='word_1_13' title='bbox 637 434 887 491; x_wconf 87' lang='lat' dir='ltr'><strong>lllumiua</strong></span> <span class='ocrx_word' id='word_1_14' title='bbox 916 449 1004 490; x_wconf 93' lang='lat' dir='ltr'><strong>me</strong></span> <span class='ocrx_word' id='word_1_15' title='bbox 1050 434 1154 492; x_wconf 89' lang='lat' dir='ltr'><strong>ﬁde</strong></span> <span class='ocrx_word' id='word_1_16' title='bbox 1183 434 1538 490; x_wconf 86' lang='lat' dir='ltr'><strong>saluberrima</strong></span> <span class='ocrx_word' id='word_1_17' title='bbox 1573 445 1686 501; x_wconf 87' lang='lat' dir='ltr'><strong>tua,</strong></span> <span class='ocrx_word' id='word_1_18' title='bbox 1715 431 1932 490; x_wconf 65' lang='lat' dir='ltr'><strong>laetiﬁca</strong></span> <span class='ocrx_word' id='word_1_19' title='bbox 1975 447 2064 488; x_wconf 91' lang='lat' dir='ltr'><strong>me</strong></span> <span class='ocrx_word' id='word_1_20' title='bbox 2105 441 2159 487; x_wconf 89' lang='lat' dir='ltr'><strong>et</strong></span> <span class='ocrx_word' id='word_1_21' title='bbox 2190 433 2235 491; x_wconf 79' lang='grc' dir='ltr'><strong>Α</strong></span> <span class='ocrx_word' id='word_1_22' title='bbox 2267 430 2433 484; x_wconf 86' lang='lat' dir='ltr'><strong>tantis</strong></span> <span class='ocrx_word' id='word_1_23' title='bbox 2481 429 2799 485; x_wconf 87' lang='lat' dir='ltr'><strong>vulneribus</strong></span> <span class='ocrx_word' id='word_1_24' title='bbox 2853 433 2907 486; x_wconf 83' lang='lat' dir='ltr'><strong>et</strong></span> <span class='ocrx_word' id='word_1_25' title='bbox 2964 435 3379 504; x_wconf 48' lang='lat' dir='ltr'><strong>egritudinibus</strong></span> <span class='ocrx_word' id='word_1_26' title='bbox 3427 447 3482 493; x_wconf 94' lang='lat' dir='ltr'><strong>et</strong></span> <span class='ocrx_word' id='word_1_27' title='bbox 3533 447 3706 495; x_wconf 84' lang='lat' dir='ltr'><strong>morte</strong></span> <span class='ocrx_word' id='word_1_28' title='bbox 3733 441 3850 511; x_wconf 76' lang='lat' dir='ltr'><strong>ipsa</strong></span> 
     </span>
    </p>
   </div>
   <div class='ocr_carea' id='block_1_5' title="bbox 569 525 2160 599">
    <p class='ocr_par' dir='ltr' id='par_1_5' title="bbox 569 525 2160 599">
     <span class='ocr_line' id='line_1_5' title="bbox 569 525 2160 599; baseline -0.001 -17"><span class='ocrx_word' id='word_1_29' title='bbox 569 528 830 583; x_wconf 89' lang='lat' dir='ltr'><strong>conﬁrma</strong></span> <span class='ocrx_word' id='word_1_30' title='bbox 868 543 962 598; x_wconf 88' lang='lat' dir='ltr'><strong>spe</strong></span> <span class='ocrx_word' id='word_1_31' title='bbox 989 528 1384 599; x_wconf 70' lang='lat' dir='ltr'><strong>iucundissima</strong></span> <span class='ocrx_word' id='word_1_32' title='bbox 1417 536 1471 582; x_wconf 92' lang='lat' dir='ltr'><strong>ct</strong></span> <span class='ocrx_word' id='word_1_33' title='bbox 1510 527 1820 583; x_wconf 88' lang='lat' dir='ltr'><strong>certissima</strong></span> <span class='ocrx_word' id='word_1_34' title='bbox 1862 537 1972 580; x_wconf 89' lang='lat' dir='ltr'><strong>tua.</strong></span> <span class='ocrx_word' id='word_1_35' title='bbox 2007 525 2160 580; x_wconf 78' lang='lat' dir='ltr'><strong>Vivi-</strong></span> 
     </span>
    </p>
   </div>
   <div class='ocr_carea' id='block_1_6' title="bbox 571 613 2162 686">
    <p class='ocr_par' dir='ltr' id='par_1_6' title="bbox 571 613 2162 686">
     <span class='ocr_line' id='line_1_6' title="bbox 571 613 2162 686; baseline -0.003 -14"><span class='ocrx_word' id='word_1_36' title='bbox 571 619 675 672; x_wconf 87' lang='lat' dir='ltr'><strong>ﬁca</strong></span> <span class='ocrx_word' id='word_1_37' title='bbox 707 633 792 672; x_wconf 90' lang='lat' dir='ltr'><strong>me</strong></span> <span class='ocrx_word' id='word_1_38' title='bbox 824 618 1116 673; x_wconf 76' lang='lat' dir='ltr'><strong>dilectione</strong></span> <span class='ocrx_word' id='word_1_39' title='bbox 1140 617 1438 672; x_wconf 77' lang='lat' dir='ltr'><strong>fortissima</strong></span> <span class='ocrx_word' id='word_1_40' title='bbox 1475 623 1530 671; x_wconf 91' lang='lat' dir='ltr'><strong>et</strong></span> <span class='ocrx_word' id='word_1_41' title='bbox 1562 615 1868 686; x_wconf 84' lang='lat' dir='ltr'><strong>justissima</strong></span> <span class='ocrx_word' id='word_1_42' title='bbox 1901 625 2011 670; x_wconf 88' lang='lat' dir='ltr'><strong>tua.</strong></span> <span class='ocrx_word' id='word_1_43' title='bbox 2059 613 2162 668; x_wconf 91' lang='lat' dir='ltr'><strong>De-</strong></span> 
     </span>
    </p>
   </div>
   <div class='ocr_carea' id='block_1_7' title="bbox 569 705 2163 782">
    <p class='ocr_par' dir='ltr' id='par_1_7' title="bbox 569 705 2163 782">
     <span class='ocr_line' id='line_1_7' title="bbox 569 705 2163 782; baseline -0.003 -19"><span class='ocrx_word' id='word_1_44' title='bbox 569 711 744 779; x_wconf 89' lang='lat' dir='ltr'><strong>primc</strong></span> <span class='ocrx_word' id='word_1_45' title='bbox 772 726 857 766; x_wconf 93' lang='lat' dir='ltr'><strong>me</strong></span> <span class='ocrx_word' id='word_1_46' title='bbox 894 721 949 764; x_wconf 92' lang='lat' dir='ltr'><strong>et</strong></span> <span class='ocrx_word' id='word_1_47' title='bbox 981 710 1204 782; x_wconf 81' lang='lat' dir='ltr'><strong>humilia</strong></span> <span class='ocrx_word' id='word_1_48' title='bbox 1233 720 1395 780; x_wconf 91' lang='lat' dir='ltr'><strong>atque</strong></span> <span class='ocrx_word' id='word_1_49' title='bbox 1419 709 1629 763; x_wconf 89' lang='lat' dir='ltr'><strong>custodi</strong></span> <span class='ocrx_word' id='word_1_50' title='bbox 1677 721 1765 761; x_wconf 91' lang='lat' dir='ltr'><strong>me</strong></span> <span class='ocrx_word' id='word_1_51' title='bbox 1809 707 2006 762; x_wconf 89' lang='lat' dir='ltr'><strong>timore</strong></span> <span class='ocrx_word' id='word_1_52' title='bbox 2049 705 2163 760; x_wconf 88' lang='lat' dir='ltr'><strong>for-</strong></span> 
     </span>
    </p>
   </div>
   <div class='ocr_carea' id='block_1_8' title="bbox 569 796 2162 864">
    <p class='ocr_par' dir='ltr' id='par_1_8' title="bbox 569 796 2162 864">
     <span class='ocr_line' id='line_1_8' title="bbox 569 796 2162 864; baseline -0.001 -10"><span class='ocrx_word' id='word_1_53' title='bbox 569 800 804 864; x_wconf 88' lang='lat' dir='ltr'><strong>tissimo,</strong></span> <span class='ocrx_word' id='word_1_54' title='bbox 836 802 1190 856; x_wconf 91' lang='lat' dir='ltr'><strong>securissimo</strong></span> <span class='ocrx_word' id='word_1_55' title='bbox 1230 813 1287 856; x_wconf 89' lang='lat' dir='ltr'><strong>et</strong></span> <span class='ocrx_word' id='word_1_56' title='bbox 1344 799 1704 854; x_wconf 89' lang='lat' dir='ltr'><strong>invictissimo</strong></span> <span class='ocrx_word' id='word_1_57' title='bbox 1732 809 1844 851; x_wconf 88' lang='lat' dir='ltr'><strong>tuo.</strong></span> <span class='ocrx_word' id='word_1_58' title='bbox 1877 796 2162 852; x_wconf 85' lang='lat' dir='ltr'><strong>Confunde</strong></span> 
     </span>
    </p>
   </div>
   <div class='ocr_carea' id='block_1_9' title="bbox 568 891 2161 965">
    <p class='ocr_par' dir='ltr' id='par_1_9' title="bbox 568 891 2161 965">
     <span class='ocr_line' id='line_1_9' title="bbox 568 891 2161 965; baseline -0.003 -17"><span class='ocrx_word' id='word_1_59' title='bbox 568 893 861 948; x_wconf 91' lang='lat' dir='ltr'><strong>salubriter</strong></span> <span class='ocrx_word' id='word_1_60' title='bbox 904 909 991 949; x_wconf 92' lang='lat' dir='ltr'><strong>me</strong></span> <span class='ocrx_word' id='word_1_61' title='bbox 1021 895 1228 965; x_wconf 91' lang='lat' dir='ltr'><strong>pudore</strong></span> <span class='ocrx_word' id='word_1_62' title='bbox 1283 893 1654 964; x_wconf 88' lang='lat' dir='ltr'><strong>pulcherrimo</strong></span> <span class='ocrx_word' id='word_1_63' title='bbox 1687 903 1740 947; x_wconf 89' lang='lat' dir='ltr'><strong>ct</strong></span> <span class='ocrx_word' id='word_1_64' title='bbox 1767 891 2161 962; x_wconf 84' lang='lat' dir='ltr'><strong>gloriosissimo</strong></span> 
     </span>
    </p>
   </div>
   <div class='ocr_carea' id='block_1_10' title="bbox 568 983 2162 1056">
    <p class='ocr_par' dir='ltr' id='par_1_10' title="bbox 568 983 2162 1056">
     <span class='ocr_line' id='line_1_10' title="bbox 568 983 2162 1056; baseline -0.002 -16"><span class='ocrx_word' id='word_1_65' title='bbox 568 997 682 1040; x_wconf 91' lang='lat' dir='ltr'><strong>tuo.</strong></span> <span class='ocrx_word' id='word_1_66' title='bbox 735 986 964 1053; x_wconf 85' lang='lat' dir='ltr'><strong>Quoties</strong></span> <span class='ocrx_word' id='word_1_67' title='bbox 1012 997 1137 1042; x_wconf 89' lang='lat' dir='ltr'><strong>ante</strong></span> <span class='ocrx_word' id='word_1_68' title='bbox 1198 987 1385 1043; x_wconf 85' lang='lat' dir='ltr'><strong>oculos</strong></span> <span class='ocrx_word' id='word_1_69' title='bbox 1441 996 1563 1042; x_wconf 88' lang='lat' dir='ltr'><strong>tuos</strong></span> <span class='ocrx_word' id='word_1_70' title='bbox 1611 985 1815 1056; x_wconf 85' lang='lat' dir='ltr'><strong>aliquid</strong></span> <span class='ocrx_word' id='word_1_71' title='bbox 1869 983 2014 1052; x_wconf 84' lang='lat' dir='ltr'><strong>quod</strong></span> <span class='ocrx_word' id='word_1_72' title='bbox 2067 997 2162 1037; x_wconf 89' lang='lat' dir='ltr'><strong>eos</strong></span> 
     </span>
    </p>
   </div>
   <div class='ocr_carea' id='block_1_11' title="bbox 567 1076 2159 1150">
    <p class='ocr_par' dir='ltr' id='par_1_11' title="bbox 567 1076 2159 1150">
     <span class='ocr_line' id='line_1_11' title="bbox 567 1076 2159 1150; baseline -0.002 -19"><span class='ocrx_word' id='word_1_73' title='bbox 567 1077 806 1133; x_wconf 72' lang='lat' dir='ltr'><strong>offendat</strong></span> <span class='ocrx_word' id='word_1_74' title='bbox 840 1078 1028 1146; x_wconf 70' lang='lat' dir='ltr'><strong>affero,</strong></span> <span class='ocrx_word' id='word_1_75' title='bbox 1077 1089 1269 1150; x_wconf 91' lang='lat' dir='ltr'><strong>torque</strong></span> <span class='ocrx_word' id='word_1_76' title='bbox 1313 1095 1421 1145; x_wconf 89' lang='lat' dir='ltr'><strong>me,</strong></span> <span class='ocrx_word' id='word_1_77' title='bbox 1473 1080 1648 1149; x_wconf 81' lang='lat' dir='ltr'><strong>aﬁlige</strong></span> <span class='ocrx_word' id='word_1_78' title='bbox 1695 1092 1781 1132; x_wconf 90' lang='lat' dir='ltr'><strong>me</strong></span> <span class='ocrx_word' id='word_1_79' title='bbox 1820 1076 2005 1132; x_wconf 90' lang='lat' dir='ltr'><strong>dolore</strong></span> <span class='ocrx_word' id='word_1_80' title='bbox 2036 1091 2159 1129; x_wconf 85' lang='lat' dir='ltr'><strong>mu-</strong></span> 
     </span>
    </p>
   </div>
   <div class='ocr_carea' id='block_1_12' title="bbox 567 1167 2159 1240">
    <p class='ocr_par' dir='ltr' id='par_1_12' title="bbox 567 1167 2159 1240">
     <span class='ocr_line' id='line_1_12' title="bbox 567 1167 2159 1240; baseline -0.001 -19"><span class='ocrx_word' id='word_1_81' title='bbox 567 1169 745 1236; x_wconf 87' lang='lat' dir='ltr'><strong>liebri,</strong></span> <span class='ocrx_word' id='word_1_82' title='bbox 780 1180 837 1225; x_wconf 90' lang='lat' dir='ltr'><strong>et</strong></span> <span class='ocrx_word' id='word_1_83' title='bbox 860 1171 1188 1227; x_wconf 88' lang='lat' dir='ltr'><strong>suavissimo</strong></span> <span class='ocrx_word' id='word_1_84' title='bbox 1216 1171 1374 1226; x_wconf 88' lang='lat' dir='ltr'><strong>modo</strong></span> <span class='ocrx_word' id='word_1_85' title='bbox 1407 1169 1845 1240; x_wconf 90' lang='lat' dir='ltr'><strong>compunctionis</strong></span> <span class='ocrx_word' id='word_1_86' title='bbox 1877 1167 2159 1222; x_wconf 73' lang='lat' dir='ltr'><strong>medicina:</strong></span> 
     </span>
    </p>
   </div>
   <div class='ocr_carea' id='block_1_13' title="bbox 567 1259 2158 1329">
    <p class='ocr_par' dir='ltr' id='par_1_13' title="bbox 567 1259 2158 1329">
     <span class='ocr_line' id='line_1_13' title="bbox 567 1259 2158 1329; baseline -0.002 -14"><span class='ocrx_word' id='word_1_87' title='bbox 567 1260 962 1318; x_wconf 73' lang='lat' dir='ltr'><strong>efﬁcacissima:</strong></span> <span class='ocrx_word' id='word_1_88' title='bbox 988 1272 1114 1329; x_wconf 67' lang='lat' dir='ltr'><strong>tum,</strong></span> <span class='ocrx_word' id='word_1_89' title='bbox 1148 1279 1216 1318; x_wconf 90' lang='lat' dir='ltr'><strong>ne</strong></span> <span class='ocrx_word' id='word_1_90' title='bbox 1245 1263 1492 1318; x_wconf 85' lang='lat' dir='ltr'><strong>recedam</strong></span> <span class='ocrx_word' id='word_1_91' title='bbox 1522 1279 1550 1316; x_wconf 90' lang='lat' dir='ltr'><strong>a</strong></span> <span class='ocrx_word' id='word_1_92' title='bbox 1585 1262 1722 1316; x_wconf 83' lang='lat' dir='ltr'><strong>facie</strong></span> <span class='ocrx_word' id='word_1_93' title='bbox 1768 1259 2158 1315; x_wconf 85' lang='lat' dir='ltr'><strong>misericordiae</strong></span> 
     </span>
    </p>
   </div>
   <div class='ocr_carea' id='block_1_14' title="bbox 570 1351 2158 1420">
    <p class='ocr_par' dir='ltr' id='par_1_14' title="bbox 570 1351 2158 1420">
     <span class='ocr_line' id='line_1_14' title="bbox 570 1351 2158 1420; baseline -0.001 -14"><span class='ocrx_word' id='word_1_94' title='bbox 570 1365 674 1407; x_wconf 73' lang='lat' dir='ltr'><strong>tua:</strong></span> <span class='ocrx_word' id='word_1_95' title='bbox 702 1369 904 1409; x_wconf 85' lang='lat' dir='ltr'><strong>vacuus</strong></span> <span class='ocrx_word' id='word_1_96' title='bbox 947 1366 1005 1409; x_wconf 89' lang='lat' dir='ltr'><strong>et</strong></span> <span class='ocrx_word' id='word_1_97' title='bbox 1034 1353 1308 1417; x_wconf 84' lang='lat' dir='ltr'><strong>confusus,</strong></span> <span class='ocrx_word' id='word_1_98' title='bbox 1341 1355 1434 1408; x_wconf 91' lang='lat' dir='ltr'><strong>sed</strong></span> <span class='ocrx_word' id='word_1_99' title='bbox 1474 1352 1747 1406; x_wconf 88' lang='lat' dir='ltr'><strong>obtincam</strong></span> <span class='ocrx_word' id='word_1_100' title='bbox 1785 1351 2070 1420; x_wconf 84' lang='lat' dir='ltr'><strong>quidquid,</strong></span> <span class='ocrx_word' id='word_1_101' title='bbox 2105 1359 2158 1404; x_wconf 93' lang='lat' dir='ltr'><strong>te</strong></span> 
     </span>
    </p>
   </div>
   <div class='ocr_carea' id='block_1_15' title="bbox 561 1445 2158 1517">
    <p class='ocr_par' dir='ltr' id='par_1_15' title="bbox 561 1445 2158 1517">
     <span class='ocr_line' id='line_1_15' title="bbox 561 1445 2158 1517; baseline -0.001 -19"><span class='ocrx_word' id='word_1_102' title='bbox 561 1445 810 1515; x_wconf 89' lang='lat' dir='ltr'><strong>jubeule,</strong></span> <span class='ocrx_word' id='word_1_103' title='bbox 854 1455 906 1500; x_wconf 92' lang='lat' dir='ltr'><strong>te</strong></span> <span class='ocrx_word' id='word_1_104' title='bbox 935 1446 1197 1517; x_wconf 80' lang='lat' dir='ltr'><strong>largiente</strong></span> <span class='ocrx_word' id='word_1_105' title='bbox 1227 1456 1278 1500; x_wconf 90' lang='lat' dir='ltr'><strong>et</strong></span> <span class='ocrx_word' id='word_1_106' title='bbox 1308 1445 1638 1514; x_wconf 67' lang='lat' dir='ltr'><strong>inspirante,</strong></span> <span class='ocrx_word' id='word_1_107' title='bbox 1669 1453 1872 1513; x_wconf 85' lang='lat' dir='ltr'><strong>petam,</strong></span> <span class='ocrx_word' id='word_1_108' title='bbox 1915 1452 1966 1497; x_wconf 87' lang='lat' dir='ltr'><strong>et</strong></span> <span class='ocrx_word' id='word_1_109' title='bbox 2004 1445 2158 1512; x_wconf 87' lang='lat' dir='ltr'><strong>quid-</strong></span> 
     </span>
    </p>
   </div>
   <div class='ocr_carea' id='block_1_16' title="bbox 567 1537 2157 1610">
    <p class='ocr_par' dir='ltr' id='par_1_16' title="bbox 567 1537 2157 1610">
     <span class='ocr_line' id='line_1_16' title="bbox 567 1537 2157 1610; baseline -0.001 -18"><span class='ocrx_word' id='word_1_110' title='bbox 567 1540 698 1608; x_wconf 82' lang='lat' dir='ltr'><strong>quid</strong></span> <span class='ocrx_word' id='word_1_111' title='bbox 739 1551 790 1596; x_wconf 88' lang='lat' dir='ltr'><strong>te</strong></span> <span class='ocrx_word' id='word_1_112' title='bbox 817 1541 1126 1610; x_wconf 87' lang='lat' dir='ltr'><strong>petentibus</strong></span> <span class='ocrx_word' id='word_1_113' title='bbox 1154 1541 1472 1608; x_wconf 85' lang='lat' dir='ltr'><strong>promisisti.</strong></span> <span class='ocrx_word' id='word_1_114' title='bbox 1521 1538 1787 1602; x_wconf 88' lang='lat' dir='ltr'><strong>Sentiam,</strong></span> <span class='ocrx_word' id='word_1_115' title='bbox 1842 1537 2157 1591; x_wconf 81' lang='lat' dir='ltr'><strong>misericors</strong></span> 
     </span>
    </p>
   </div>
   <div class='ocr_carea' id='block_1_17' title="bbox 565 1626 2158 1701">
    <p class='ocr_par' dir='ltr' id='par_1_17' title="bbox 565 1626 2158 1701">
     <span class='ocr_line' id='line_1_17' title="bbox 565 1626 2158 1701; baseline -0.001 -17"><span class='ocrx_word' id='word_1_116' title='bbox 565 1637 622 1684; x_wconf 90' lang='lat' dir='ltr'><strong>et</strong></span> <span class='ocrx_word' id='word_1_117' title='bbox 647 1629 935 1686; x_wconf 89' lang='lat' dir='ltr'><strong>miscrator</strong></span> <span class='ocrx_word' id='word_1_118' title='bbox 965 1629 1214 1693; x_wconf 86' lang='lat' dir='ltr'><strong>Domine,</strong></span> <span class='ocrx_word' id='word_1_119' title='bbox 1246 1631 1389 1701; x_wconf 91' lang='lat' dir='ltr'><strong>quod</strong></span> <span class='ocrx_word' id='word_1_120' title='bbox 1419 1645 1523 1684; x_wconf 92' lang='lat' dir='ltr'><strong>non</strong></span> <span class='ocrx_word' id='word_1_121' title='bbox 1555 1629 1608 1682; x_wconf 90' lang='lat' dir='ltr'><strong>in</strong></span> <span class='ocrx_word' id='word_1_122' title='bbox 1641 1644 1836 1682; x_wconf 91' lang='lat' dir='ltr'><strong>vanum</strong></span> <span class='ocrx_word' id='word_1_123' title='bbox 1879 1627 1944 1681; x_wconf 87' lang='lat' dir='ltr'><strong>ad</strong></span> <span class='ocrx_word' id='word_1_124' title='bbox 1995 1626 2158 1682; x_wconf 80' lang='lat' dir='ltr'><strong>mise-</strong></span> 
     </span>
    </p>
   </div>
   <div class='ocr_carea' id='block_1_18' title="bbox 564 1721 2155 1793">
    <p class='ocr_par' dir='ltr' id='par_1_18' title="bbox 564 1721 2155 1793">
     <span class='ocr_line' id='line_1_18' title="bbox 564 1721 2155 1793; baseline -0.001 -19"><span class='ocrx_word' id='word_1_125' title='bbox 564 1721 854 1778; x_wconf 90' lang='lat' dir='ltr'><strong>ricordiam</strong></span> <span class='ocrx_word' id='word_1_126' title='bbox 904 1731 1050 1777; x_wconf 90' lang='lat' dir='ltr'><strong>tuam</strong></span> <span class='ocrx_word' id='word_1_127' title='bbox 1099 1721 1431 1793; x_wconf 75' lang='lat' dir='ltr'><strong>conﬁngitur,</strong></span> <span class='ocrx_word' id='word_1_128' title='bbox 1485 1730 1540 1776; x_wconf 91' lang='lat' dir='ltr'><strong>et</strong></span> <span class='ocrx_word' id='word_1_129' title='bbox 1588 1730 1788 1791; x_wconf 73' lang='lat' dir='ltr'><strong>praesto</strong></span> <span class='ocrx_word' id='word_1_130' title='bbox 1837 1734 1897 1774; x_wconf 90' lang='lat' dir='ltr'><strong>es</strong></span> <span class='ocrx_word' id='word_1_131' title='bbox 1933 1727 1984 1774; x_wconf 92' lang='lat' dir='ltr'><strong>te</strong></span> <span class='ocrx_word' id='word_1_132' title='bbox 2010 1735 2155 1788; x_wconf 70' lang='lat' dir='ltr'><strong>qua!-</strong></span> 
     </span>
    </p>
   </div>
   <div class='ocr_carea' id='block_1_19' title="bbox 563 1809 2155 1882">
    <p class='ocr_par' dir='ltr' id='par_1_19' title="bbox 563 1809 2155 1882">
     <span class='ocr_line' id='line_1_19' title="bbox 563 1809 2155 1882; baseline -0.002 -15"><span class='ocrx_word' id='word_1_133' title='bbox 563 1814 810 1869; x_wconf 83' lang='lat' dir='ltr'><strong>rentibus</strong></span> <span class='ocrx_word' id='word_1_134' title='bbox 853 1814 919 1868; x_wconf 90' lang='lat' dir='ltr'><strong>ad</strong></span> <span class='ocrx_word' id='word_1_135' title='bbox 972 1813 1354 1868; x_wconf 76' lang='lat' dir='ltr'><strong>inveniendum</strong></span> <span class='ocrx_word' id='word_1_136' title='bbox 1383 1822 1459 1878; x_wconf 89' lang='lat' dir='ltr'><strong>te,</strong></span> <span class='ocrx_word' id='word_1_137' title='bbox 1500 1821 1554 1867; x_wconf 88' lang='lat' dir='ltr'><strong>et</strong></span> <span class='ocrx_word' id='word_1_138' title='bbox 1581 1813 1723 1882; x_wconf 90' lang='lat' dir='ltr'><strong>quod</strong></span> <span class='ocrx_word' id='word_1_139' title='bbox 1771 1827 1876 1865; x_wconf 92' lang='lat' dir='ltr'><strong>non</strong></span> <span class='ocrx_word' id='word_1_140' title='bbox 1907 1809 2155 1865; x_wconf 89' lang='lat' dir='ltr'><strong>deﬁciam</strong></span> 
     </span>
    </p>
   </div>
   <div class='ocr_carea' id='block_1_20' title="bbox 561 1904 2154 1976">
    <p class='ocr_par' dir='ltr' id='par_1_20' title="bbox 561 1904 2154 1976">
     <span class='ocr_line' id='line_1_20' title="bbox 561 1904 2154 1976; baseline -0.001 -18"><span class='ocrx_word' id='word_1_141' title='bbox 561 1907 705 1976; x_wconf 86' lang='lat' dir='ltr'><strong>apud</strong></span> <span class='ocrx_word' id='word_1_142' title='bbox 736 1916 786 1962; x_wconf 90' lang='lat' dir='ltr'><strong>te</strong></span> <span class='ocrx_word' id='word_1_143' title='bbox 819 1907 1022 1961; x_wconf 89' lang='lat' dir='ltr'><strong>fontem</strong></span> <span class='ocrx_word' id='word_1_144' title='bbox 1073 1906 1462 1962; x_wconf 63' lang='lat' dir='ltr'><strong>misericordiae</strong></span> <span class='ocrx_word' id='word_1_145' title='bbox 1495 1915 1618 1968; x_wconf 84' lang='lat' dir='ltr'><strong>tuae,</strong></span> <span class='ocrx_word' id='word_1_146' title='bbox 1667 1905 1758 1975; x_wconf 91' lang='lat' dir='ltr'><strong>qui</strong></span> <span class='ocrx_word' id='word_1_147' title='bbox 1791 1905 1856 1958; x_wconf 89' lang='lat' dir='ltr'><strong>de</strong></span> <span class='ocrx_word' id='word_1_148' title='bbox 1885 1904 2154 1974; x_wconf 80' lang='lat' dir='ltr'><strong>profundo</strong></span> 
     </span>
    </p>
   </div>
   <div class='ocr_carea' id='block_1_21' title="bbox 562 1995 2151 2069">
    <p class='ocr_par' dir='ltr' id='par_1_21' title="bbox 562 1995 2151 2069">
     <span class='ocr_line' id='line_1_21' title="bbox 562 1995 2151 2069; baseline 0 -20"><span class='ocrx_word' id='word_1_149' title='bbox 562 2011 651 2049; x_wconf 89' lang='lat' dir='ltr'><strong>me</strong></span> <span class='ocrx_word' id='word_1_150' title='bbox 689 1997 974 2067; x_wconf 84' lang='lat' dir='ltr'><strong>eripuisti,</strong></span> <span class='ocrx_word' id='word_1_151' title='bbox 1016 2007 1071 2051; x_wconf 91' lang='lat' dir='ltr'><strong>et</strong></span> <span class='ocrx_word' id='word_1_152' title='bbox 1099 2013 1239 2069; x_wconf 61' lang='lat' dir='ltr'><strong>quae,</strong></span> <span class='ocrx_word' id='word_1_153' title='bbox 1271 2006 1326 2052; x_wconf 91' lang='lat' dir='ltr'><strong>et</strong></span> <span class='ocrx_word' id='word_1_154' title='bbox 1351 2005 1578 2068; x_wconf 85' lang='lat' dir='ltr'><strong>quanta.</strong></span> <span class='ocrx_word' id='word_1_155' title='bbox 1621 2003 1677 2051; x_wconf 88' lang='lat' dir='ltr'><strong>et</strong></span> <span class='ocrx_word' id='word_1_156' title='bbox 1705 2006 1838 2067; x_wconf 86' lang='lat' dir='ltr'><strong>quot</strong></span> <span class='ocrx_word' id='word_1_157' title='bbox 1880 1995 2151 2066; x_wconf 81' lang='lat' dir='ltr'><strong>intelligis,</strong></span> 
     </span>
    </p>
   </div>
   <div class='ocr_carea' id='block_1_22' title="bbox 562 2087 2151 2160">
    <p class='ocr_par' dir='ltr' id='par_1_22' title="bbox 562 2087 2151 2160">
     <span class='ocr_line' id='line_1_22' title="bbox 562 2087 2151 2160; baseline 0 -18"><span class='ocrx_word' id='word_1_158' title='bbox 562 2089 861 2143; x_wconf 84' lang='lat' dir='ltr'><strong>contulisti.</strong></span> <span class='ocrx_word' id='word_1_159' title='bbox 918 2089 1117 2145; x_wconf 81' lang='lat' dir='ltr'><strong>Eadem</strong></span> <span class='ocrx_word' id='word_1_160' title='bbox 1170 2091 1372 2160; x_wconf 88' lang='lat' dir='ltr'><strong>quippe</strong></span> <span class='ocrx_word' id='word_1_161' title='bbox 1416 2089 1674 2144; x_wconf 91' lang='lat' dir='ltr'><strong>facultate</strong></span> <span class='ocrx_word' id='word_1_162' title='bbox 1722 2087 2151 2158; x_wconf 61' lang='lat' dir='ltr'><strong>omnipotentiae,</strong></span> 
     </span>
    </p>
   </div>
   <div class='ocr_carea' id='block_1_23' title="bbox 566 2181 2150 2253">
    <p class='ocr_par' dir='ltr' id='par_1_23' title="bbox 566 2181 2150 2253">
     <span class='ocr_line' id='line_1_23' title="bbox 566 2181 2150 2253; baseline 0 -18"><span class='ocrx_word' id='word_1_163' title='bbox 566 2183 848 2252; x_wconf 69' lang='lat' dir='ltr'><strong>sapientiae</strong></span> <span class='ocrx_word' id='word_1_164' title='bbox 873 2192 928 2237; x_wconf 91' lang='lat' dir='ltr'><strong>et</strong></span> <span class='ocrx_word' id='word_1_165' title='bbox 950 2182 1211 2239; x_wconf 88' lang='lat' dir='ltr'><strong>bonitatis</strong></span> <span class='ocrx_word' id='word_1_166' title='bbox 1240 2195 1366 2248; x_wconf 88' lang='lat' dir='ltr'><strong>tuae,</strong></span> <span class='ocrx_word' id='word_1_167' title='bbox 1399 2198 1507 2253; x_wconf 89' lang='lat' dir='ltr'><strong>qua</strong></span> <span class='ocrx_word' id='word_1_168' title='bbox 1544 2183 1732 2238; x_wconf 83' lang='lat' dir='ltr'><strong>dixisti</strong></span> <span class='ocrx_word' id='word_1_169' title='bbox 1760 2191 1816 2237; x_wconf 91' lang='lat' dir='ltr'><strong>et</strong></span> <span class='ocrx_word' id='word_1_170' title='bbox 1850 2181 1994 2236; x_wconf 83' lang='lat' dir='ltr'><strong>facta</strong></span> <span class='ocrx_word' id='word_1_171' title='bbox 2024 2189 2150 2236; x_wconf 89' lang='lat' dir='ltr'><strong>sunt</strong></span> 
     </span>
    </p>
   </div>
   <div class='ocr_carea' id='block_1_24' title="bbox 561 2273 2149 2344">
    <p class='ocr_par' dir='ltr' id='par_1_24' title="bbox 561 2273 2149 2344">
     <span class='ocr_line' id='line_1_24' title="bbox 561 2273 2149 2344; baseline 0 -17"><span class='ocrx_word' id='word_1_172' title='bbox 561 2273 771 2338; x_wconf 91' lang='lat' dir='ltr'><strong>omnia,</strong></span> <span class='ocrx_word' id='word_1_173' title='bbox 803 2289 867 2329; x_wconf 90' lang='lat' dir='ltr'><strong>ea</strong></span> <span class='ocrx_word' id='word_1_174' title='bbox 905 2273 1170 2330; x_wconf 77' lang='lat' dir='ltr'><strong>facilitate</strong></span> <span class='ocrx_word' id='word_1_175' title='bbox 1216 2274 1605 2330; x_wconf 90' lang='lat' dir='ltr'><strong>misericordiae</strong></span> <span class='ocrx_word' id='word_1_176' title='bbox 1634 2283 1738 2329; x_wconf 85' lang='lat' dir='ltr'><strong>tuae</strong></span> <span class='ocrx_word' id='word_1_177' title='bbox 1764 2274 1947 2331; x_wconf 86' lang='lat' dir='ltr'><strong>dicere</strong></span> <span class='ocrx_word' id='word_1_178' title='bbox 1969 2285 2149 2344; x_wconf 81' lang='lat' dir='ltr'><strong>potes,</strong></span> 
     </span>
    </p>
   </div>
   <div class='ocr_carea' id='block_1_25' title="bbox 566 2364 1862 2423">
    <p class='ocr_par' dir='ltr' id='par_1_25' title="bbox 566 2364 1862 2423">
     <span class='ocr_line' id='line_1_25' title="bbox 566 2364 1862 2423; baseline 0.003 -5"><span class='ocrx_word' id='word_1_179' title='bbox 566 2373 623 2420; x_wconf 87' lang='lat' dir='ltr'><strong>et</strong></span> <span class='ocrx_word' id='word_1_180' title='bbox 660 2364 1100 2421; x_wconf 86' lang='lat' dir='ltr'><strong>iuformabuntur</strong></span> <span class='ocrx_word' id='word_1_181' title='bbox 1128 2367 1183 2420; x_wconf 92' lang='lat' dir='ltr'><strong>in</strong></span> <span class='ocrx_word' id='word_1_182' title='bbox 1218 2383 1303 2422; x_wconf 89' lang='lat' dir='ltr'><strong>me</strong></span> <span class='ocrx_word' id='word_1_183' title='bbox 1327 2367 1510 2423; x_wconf 87' lang='lat' dir='ltr'><strong>omnia</strong></span> <span class='ocrx_word' id='word_1_184' title='bbox 1539 2366 1862 2422; x_wconf 87' lang='lat' dir='ltr'><strong>deformata.</strong></span> 
     </span>
    </p>
   </div>
   <div class='ocr_carea' id='block_1_26' title="bbox 634 2457 2154 2530">
    <p class='ocr_par' dir='ltr' id='par_1_26' title="bbox 634 2457 2154 2530">
     <span class='ocr_line' id='line_1_26' title="bbox 634 2457 2154 2530; baseline 0.001 -18"><span class='ocrx_word' id='word_1_185' title='bbox 634 2457 802 2524; x_wconf 85' lang='lat' dir='ltr'><strong>Ecce,</strong></span> <span class='ocrx_word' id='word_1_186' title='bbox 853 2459 1196 2530; x_wconf 82' lang='lat' dir='ltr'><strong>omnipotens</strong></span> <span class='ocrx_word' id='word_1_187' title='bbox 1242 2467 1296 2513; x_wconf 91' lang='lat' dir='ltr'><strong>et</strong></span> <span class='ocrx_word' id='word_1_188' title='bbox 1353 2459 1664 2516; x_wconf 88' lang='lat' dir='ltr'><strong>misericors</strong></span> <span class='ocrx_word' id='word_1_189' title='bbox 1718 2459 1895 2523; x_wconf 84' lang='lat' dir='ltr'><strong>Pater,</strong></span> <span class='ocrx_word' id='word_1_190' title='bbox 1961 2467 2038 2514; x_wconf 94' lang='lat' dir='ltr'><strong>tot</strong></span> <span class='ocrx_word' id='word_1_191' title='bbox 2099 2467 2154 2513; x_wconf 86' lang='lat' dir='ltr'><strong>ct</strong></span> 
     </span>
    </p>
   </div>
   <div class='ocr_carea' id='block_1_27' title="bbox 559 2552 2152 2624">
    <p class='ocr_par' dir='ltr' id='par_1_27' title="bbox 559 2552 2152 2624">
     <span class='ocr_line' id='line_1_27' title="bbox 559 2552 2152 2624; baseline 0.003 -20"><span class='ocrx_word' id='word_1_192' title='bbox 559 2560 711 2607; x_wconf 86' lang='lat' dir='ltr'><strong>tanta</strong></span> <span class='ocrx_word' id='word_1_193' title='bbox 746 2552 1012 2608; x_wconf 87' lang='lat' dir='ltr'><strong>beneﬁcia</strong></span> <span class='ocrx_word' id='word_1_194' title='bbox 1062 2561 1151 2608; x_wconf 88' lang='lat' dir='ltr'><strong>tua</strong></span> <span class='ocrx_word' id='word_1_195' title='bbox 1201 2567 1324 2622; x_wconf 86' lang='lat' dir='ltr'><strong>quae</strong></span> <span class='ocrx_word' id='word_1_196' title='bbox 1367 2553 1573 2624; x_wconf 88' lang='lat' dir='ltr'><strong>recepi,</strong></span> <span class='ocrx_word' id='word_1_197' title='bbox 1600 2553 1937 2618; x_wconf 79' lang='lat' dir='ltr'><strong>enumeravi,</strong></span> <span class='ocrx_word' id='word_1_198' title='bbox 1987 2562 2061 2610; x_wconf 91' lang='lat' dir='ltr'><strong>tot</strong></span> <span class='ocrx_word' id='word_1_199' title='bbox 2099 2563 2152 2608; x_wconf 86' lang='lat' dir='ltr'><strong>et</strong></span> 
     </span>
    </p>
   </div>
   <div class='ocr_carea' id='block_1_28' title="bbox 557 2641 2152 2713">
    <p class='ocr_par' dir='ltr' id='par_1_28' title="bbox 557 2641 2152 2713">
     <span class='ocr_line' id='line_1_28' title="bbox 557 2641 2152 2713; baseline 0.001 -18"><span class='ocrx_word' id='word_1_200' title='bbox 557 2649 712 2696; x_wconf 85' lang='lat' dir='ltr'><strong>tanta</strong></span> <span class='ocrx_word' id='word_1_201' title='bbox 743 2642 906 2708; x_wconf 89' lang='lat' dir='ltr'><strong>mala,</strong></span> <span class='ocrx_word' id='word_1_202' title='bbox 947 2657 1068 2713; x_wconf 73' lang='lat' dir='ltr'><strong>qua:</strong></span> <span class='ocrx_word' id='word_1_203' title='bbox 1095 2641 1324 2698; x_wconf 85' lang='lat' dir='ltr'><strong>bonitati</strong></span> <span class='ocrx_word' id='word_1_204' title='bbox 1362 2651 1468 2698; x_wconf 68' lang='lat' dir='ltr'><strong>tute</strong></span> <span class='ocrx_word' id='word_1_205' title='bbox 1507 2643 1738 2711; x_wconf 80' lang='lat' dir='ltr'><strong>reddidi,</strong></span> <span class='ocrx_word' id='word_1_206' title='bbox 1770 2643 2029 2709; x_wconf 85' lang='lat' dir='ltr'><strong>recitavi;</strong></span> <span class='ocrx_word' id='word_1_207' title='bbox 2067 2643 2152 2697; x_wconf 89' lang='lat' dir='ltr'><strong>iu-</strong></span> 
     </span>
    </p>
   </div>
   <div class='ocr_carea' id='block_1_29' title="bbox 557 2730 2147 2805">
    <p class='ocr_par' dir='ltr' id='par_1_29' title="bbox 557 2730 2147 2805">
     <span class='ocr_line' id='line_1_29' title="bbox 557 2730 2147 2805; baseline 0.001 -19"><span class='ocrx_word' id='word_1_208' title='bbox 557 2730 689 2788; x_wconf 77' lang='lat' dir='ltr'><strong>fclix</strong></span> <span class='ocrx_word' id='word_1_209' title='bbox 739 2747 841 2804; x_wconf 85' lang='lat' dir='ltr'><strong>ego</strong></span> <span class='ocrx_word' id='word_1_210' title='bbox 883 2749 1003 2790; x_wconf 84' lang='lat' dir='ltr'><strong>sum</strong></span> <span class='ocrx_word' id='word_1_211' title='bbox 1049 2741 1104 2788; x_wconf 93' lang='lat' dir='ltr'><strong>et</strong></span> <span class='ocrx_word' id='word_1_212' title='bbox 1155 2734 1421 2805; x_wconf 86' lang='lat' dir='ltr'><strong>ingratus,</strong></span> <span class='ocrx_word' id='word_1_213' title='bbox 1474 2733 1566 2803; x_wconf 89' lang='lat' dir='ltr'><strong>qui</strong></span> <span class='ocrx_word' id='word_1_214' title='bbox 1618 2743 1739 2805; x_wconf 91' lang='lat' dir='ltr'><strong>post</strong></span> <span class='ocrx_word' id='word_1_215' title='bbox 1777 2743 1853 2789; x_wconf 91' lang='lat' dir='ltr'><strong>tot</strong></span> <span class='ocrx_word' id='word_1_216' title='bbox 1898 2745 1954 2790; x_wconf 91' lang='lat' dir='ltr'><strong>et</strong></span> <span class='ocrx_word' id='word_1_217' title='bbox 2000 2743 2147 2789; x_wconf 87' lang='lat' dir='ltr'><strong>tanta</strong></span> 
     </span>
    </p>
   </div>
   <div class='ocr_carea' id='block_1_30' title="bbox 558 2825 2150 2895">
    <p class='ocr_par' dir='ltr' id='par_1_30' title="bbox 558 2825 2150 2895">
     <span class='ocr_line' id='line_1_30' title="bbox 558 2825 2150 2895; baseline 0.003 -18"><span class='ocrx_word' id='word_1_218' title='bbox 558 2825 723 2890; x_wconf 89' lang='lat' dir='ltr'><strong>mala,</strong></span> <span class='ocrx_word' id='word_1_219' title='bbox 767 2840 888 2895; x_wconf 86' lang='lat' dir='ltr'><strong>quae</strong></span> <span class='ocrx_word' id='word_1_220' title='bbox 934 2833 1156 2881; x_wconf 87' lang='lat' dir='ltr'><strong>manent</strong></span> <span class='ocrx_word' id='word_1_221' title='bbox 1200 2842 1311 2893; x_wconf 89' lang='lat' dir='ltr'><strong>me,</strong></span> <span class='ocrx_word' id='word_1_222' title='bbox 1350 2835 1403 2882; x_wconf 93' lang='lat' dir='ltr'><strong>et</strong></span> <span class='ocrx_word' id='word_1_223' title='bbox 1452 2826 1738 2882; x_wconf 89' lang='lat' dir='ltr'><strong>imminent</strong></span> <span class='ocrx_word' id='word_1_224' title='bbox 1779 2827 1936 2892; x_wconf 89' lang='lat' dir='ltr'><strong>mihi,</strong></span> <span class='ocrx_word' id='word_1_225' title='bbox 1973 2827 2150 2883; x_wconf 88' lang='lat' dir='ltr'><strong>adhuc</strong></span> 
     </span>
    </p>
   </div>
   <div class='ocr_carea' id='block_1_31' title="bbox 557 2913 2148 2990">
    <p class='ocr_par' dir='ltr' id='par_1_31' title="bbox 557 2913 2148 2990">
     <span class='ocr_line' id='line_1_31' title="bbox 557 2913 2148 2990; baseline 0.004 -22"><span class='ocrx_word' id='word_1_226' title='bbox 557 2913 754 2982; x_wconf 78' lang='lat' dir='ltr'><strong>gelido,</strong></span> <span class='ocrx_word' id='word_1_227' title='bbox 781 2915 918 2970; x_wconf 89' lang='lat' dir='ltr'><strong>duro</strong></span> <span class='ocrx_word' id='word_1_228' title='bbox 941 2925 998 2970; x_wconf 91' lang='lat' dir='ltr'><strong>et</strong></span> <span class='ocrx_word' id='word_1_229' title='bbox 1017 2914 1316 2985; x_wconf 88' lang='lat' dir='ltr'><strong>impudenti</strong></span> <span class='ocrx_word' id='word_1_230' title='bbox 1337 2927 1392 2972; x_wconf 88' lang='lat' dir='ltr'><strong>et</strong></span> <span class='ocrx_word' id='word_1_231' title='bbox 1421 2925 1637 2973; x_wconf 90' lang='lat' dir='ltr'><strong>mortuo</strong></span> <span class='ocrx_word' id='word_1_232' title='bbox 1662 2926 1717 2973; x_wconf 90' lang='lat' dir='ltr'><strong>et</strong></span> <span class='ocrx_word' id='word_1_233' title='bbox 1745 2919 1964 2990; x_wconf 91' lang='lat' dir='ltr'><strong>stupido</strong></span> <span class='ocrx_word' id='word_1_234' title='bbox 1987 2921 2148 2975; x_wconf 90' lang='lat' dir='ltr'><strong>corde</strong></span> 
     </span>
    </p>
   </div>
   <div class='ocr_carea' id='block_1_32' title="bbox 558 3006 2147 3066">
    <p class='ocr_par' dir='ltr' id='par_1_32' title="bbox 558 3006 2147 3066">
     <span class='ocr_line' id='line_1_32' title="bbox 558 3006 2147 3066; baseline 0.004 -9"><span class='ocrx_word' id='word_1_235' title='bbox 558 3019 678 3058; x_wconf 90' lang='lat' dir='ltr'><strong>sum</strong></span> <span class='ocrx_word' id='word_1_236' title='bbox 711 3018 896 3058; x_wconf 90' lang='lat' dir='ltr'><strong>coram</strong></span> <span class='ocrx_word' id='word_1_237' title='bbox 945 3013 1016 3066; x_wconf 87' lang='lat' dir='ltr'><strong>te.</strong></span> <span class='ocrx_word' id='word_1_238' title='bbox 1068 3010 1123 3059; x_wconf 81' lang='lat' dir='ltr'><strong>et</strong></span> <span class='ocrx_word' id='word_1_239' title='bbox 1176 3020 1282 3059; x_wconf 90' lang='lat' dir='ltr'><strong>non</strong></span> <span class='ocrx_word' id='word_1_240' title='bbox 1333 3007 1618 3062; x_wconf 87' lang='lat' dir='ltr'><strong>erubesco.</strong></span> <span class='ocrx_word' id='word_1_241' title='bbox 1665 3006 1722 3061; x_wconf 92' lang='lat' dir='ltr'><strong>lu</strong></span> <span class='ocrx_word' id='word_1_242' title='bbox 1758 3016 1834 3062; x_wconf 94' lang='lat' dir='ltr'><strong>tot</strong></span> <span class='ocrx_word' id='word_1_243' title='bbox 1881 3016 1935 3062; x_wconf 93' lang='lat' dir='ltr'><strong>et</strong></span> <span class='ocrx_word' id='word_1_244' title='bbox 1983 3010 2147 3064; x_wconf 88' lang='lat' dir='ltr'><strong>tantis</strong></span> 
     </span>
    </p>
   </div>
   <div class='ocr_carea' id='block_1_33' title="bbox 557 3094 2149 3169">
    <p class='ocr_par' dir='ltr' id='par_1_33' title="bbox 557 3094 2149 3169">
     <span class='ocr_line' id='line_1_33' title="bbox 557 3094 2149 3169; baseline 0.004 -22"><span class='ocrx_word' id='word_1_245' title='bbox 557 3094 857 3151; x_wconf 88' lang='lat' dir='ltr'><strong>latrociniis</strong></span> <span class='ocrx_word' id='word_1_246' title='bbox 888 3095 1273 3166; x_wconf 84' lang='lat' dir='ltr'><strong>deprehensus,</strong></span> <span class='ocrx_word' id='word_1_247' title='bbox 1305 3107 1361 3152; x_wconf 90' lang='lat' dir='ltr'><strong>et</strong></span> <span class='ocrx_word' id='word_1_248' title='bbox 1403 3097 1579 3154; x_wconf 92' lang='lat' dir='ltr'><strong>solum</strong></span> <span class='ocrx_word' id='word_1_249' title='bbox 1625 3107 1948 3169; x_wconf 79' lang='lat' dir='ltr'><strong>exspectans</strong></span> <span class='ocrx_word' id='word_1_250' title='bbox 1981 3098 2149 3156; x_wconf 86' lang='lat' dir='ltr'><strong>infcr-</strong></span> 
     </span>
    </p>
   </div>
   <div class='ocr_carea' id='block_1_34' title="bbox 556 3186 2145 3258">
    <p class='ocr_par' dir='ltr' id='par_1_34' title="bbox 556 3186 2145 3258">
     <span class='ocr_line' id='line_1_34' title="bbox 556 3186 2145 3258; baseline 0.005 -18"><span class='ocrx_word' id='word_1_251' title='bbox 556 3186 679 3240; x_wconf 88' lang='lat' dir='ltr'><strong>nale</strong></span> <span class='ocrx_word' id='word_1_252' title='bbox 703 3187 1024 3258; x_wconf 83' lang='lat' dir='ltr'><strong>patibulum,</strong></span> <span class='ocrx_word' id='word_1_253' title='bbox 1071 3203 1172 3245; x_wconf 89' lang='lat' dir='ltr'><strong>nec</strong></span> <span class='ocrx_word' id='word_1_254' title='bbox 1221 3189 1414 3244; x_wconf 90' lang='lat' dir='ltr'><strong>timore</strong></span> <span class='ocrx_word' id='word_1_255' title='bbox 1457 3191 1760 3257; x_wconf 87' lang='lat' dir='ltr'><strong>coucutior,</strong></span> <span class='ocrx_word' id='word_1_256' title='bbox 1812 3207 1912 3248; x_wconf 86' lang='lat' dir='ltr'><strong>nec</strong></span> <span class='ocrx_word' id='word_1_257' title='bbox 1961 3192 2145 3248; x_wconf 91' lang='lat' dir='ltr'><strong>dolore</strong></span> 
     </span>
    </p>
   </div>
   <div class='ocr_carea' id='block_1_35' title="bbox 556 3277 2142 3346">
    <p class='ocr_par' dir='ltr' id='par_1_35' title="bbox 556 3277 2142 3346">
     <span class='ocr_line' id='line_1_35' title="bbox 556 3277 2142 3346; baseline 0.006 -18"><span class='ocrx_word' id='word_1_258' title='bbox 556 3284 832 3346; x_wconf 89' lang='lat' dir='ltr'><strong>torqueor,</strong></span> <span class='ocrx_word' id='word_1_259' title='bbox 879 3291 980 3332; x_wconf 91' lang='lat' dir='ltr'><strong>nec</strong></span> <span class='ocrx_word' id='word_1_260' title='bbox 1021 3277 1229 3346; x_wconf 90' lang='lat' dir='ltr'><strong>pudore</strong></span> <span class='ocrx_word' id='word_1_261' title='bbox 1273 3278 1598 3344; x_wconf 89' lang='lat' dir='ltr'><strong>confundor,</strong></span> <span class='ocrx_word' id='word_1_262' title='bbox 1638 3294 1740 3336; x_wconf 92' lang='lat' dir='ltr'><strong>uec</strong></span> <span class='ocrx_word' id='word_1_263' title='bbox 1788 3296 1975 3338; x_wconf 90' lang='lat' dir='ltr'><strong>amore</strong></span> <span class='ocrx_word' id='word_1_264' title='bbox 2035 3292 2142 3338; x_wconf 88' lang='lat' dir='ltr'><strong>tam</strong></span> 
     </span>
    </p>
   </div>
   <div class='ocr_carea' id='block_1_36' title="bbox 553 3367 2140 3436">
    <p class='ocr_par' dir='ltr' id='par_1_36' title="bbox 553 3367 2140 3436">
     <span class='ocr_line' id='line_1_36' title="bbox 553 3367 2140 3436; baseline 0.006 -15"><span class='ocrx_word' id='word_1_265' title='bbox 553 3367 799 3436; x_wconf 68' lang='lat' dir='ltr'><strong>placidae,</strong></span> <span class='ocrx_word' id='word_1_266' title='bbox 829 3377 938 3422; x_wconf 88' lang='lat' dir='ltr'><strong>tam</strong></span> <span class='ocrx_word' id='word_1_267' title='bbox 983 3368 1248 3425; x_wconf 86' lang='lat' dir='ltr'><strong>durabilis</strong></span> <span class='ocrx_word' id='word_1_268' title='bbox 1293 3369 1556 3427; x_wconf 85' lang='lat' dir='ltr'><strong>bonitatis</strong></span> <span class='ocrx_word' id='word_1_269' title='bbox 1585 3378 1689 3427; x_wconf 72' lang='lat' dir='ltr'><strong>tuae</strong></span> <span class='ocrx_word' id='word_1_270' title='bbox 1717 3373 2008 3430; x_wconf 89' lang='lat' dir='ltr'><strong>accendor.</strong></span> <span class='ocrx_word' id='word_1_271' title='bbox 2055 3374 2140 3430; x_wconf 83' lang='lat' dir='ltr'><strong>Au</strong></span> 
     </span>
    </p>
   </div>
   <div class='ocr_carea' id='block_1_37' title="bbox 553 3460 2137 3535">
    <p class='ocr_par' dir='ltr' id='par_1_37' title="bbox 553 3460 2137 3535">
     <span class='ocr_line' id='line_1_37' title="bbox 553 3460 2137 3535; baseline 0.008 -27"><span class='ocrx_word' id='word_1_272' title='bbox 553 3469 858 3528; x_wconf 77' lang='lat' dir='ltr'><strong>exspectas,</strong></span> <span class='ocrx_word' id='word_1_273' title='bbox 890 3460 1208 3517; x_wconf 88' lang='lat' dir='ltr'><strong>dulcissime</strong></span> <span class='ocrx_word' id='word_1_274' title='bbox 1252 3460 1435 3528; x_wconf 89' lang='lat' dir='ltr'><strong>Pater,</strong></span> <span class='ocrx_word' id='word_1_275' title='bbox 1477 3471 1532 3518; x_wconf 90' lang='lat' dir='ltr'><strong>et</strong></span> <span class='ocrx_word' id='word_1_276' title='bbox 1569 3462 1756 3520; x_wconf 76' lang='lat' dir='ltr'><strong>diﬁ‘ers</strong></span> <span class='ocrx_word' id='word_1_277' title='bbox 1781 3465 2052 3535; x_wconf 83' lang='lat' dir='ltr'><strong>respicere</strong></span> <span class='ocrx_word' id='word_1_278' title='bbox 2085 3466 2137 3521; x_wconf 89' lang='lat' dir='ltr'><strong>in</strong></span> 
     </span>
    </p>
   </div>
   <div class='ocr_carea' id='block_1_38' title="bbox 554 3551 2142 3624">
    <p class='ocr_par' dir='ltr' id='par_1_38' title="bbox 554 3551 2142 3624">
     <span class='ocr_line' id='line_1_38' title="bbox 554 3551 2142 3624; baseline 0.006 -21"><span class='ocrx_word' id='word_1_279' title='bbox 554 3564 663 3616; x_wconf 91' lang='lat' dir='ltr'><strong>me,</strong></span> <span class='ocrx_word' id='word_1_280' title='bbox 695 3560 750 3605; x_wconf 91' lang='lat' dir='ltr'><strong>et</strong></span> <span class='ocrx_word' id='word_1_281' title='bbox 797 3551 1044 3608; x_wconf 89' lang='lat' dir='ltr'><strong>misereri</strong></span> <span class='ocrx_word' id='word_1_282' title='bbox 1073 3552 1202 3618; x_wconf 91' lang='lat' dir='ltr'><strong>mei,</strong></span> <span class='ocrx_word' id='word_1_283' title='bbox 1251 3568 1535 3624; x_wconf 85' lang='lat' dir='ltr'><strong>quousque</strong></span> <span class='ocrx_word' id='word_1_284' title='bbox 1581 3556 1881 3611; x_wconf 89' lang='lat' dir='ltr'><strong>secundum</strong></span> <span class='ocrx_word' id='word_1_285' title='bbox 1929 3558 2142 3613; x_wconf 88' lang='lat' dir='ltr'><strong>miscri-</strong></span> 
     </span>
    </p>
   </div>
   <div class='ocr_carea' id='block_1_39' title="bbox 552 3638 2137 3718">
    <p class='ocr_par' dir='ltr' id='par_1_39' title="bbox 552 3638 2137 3718">
     <span class='ocr_line' id='line_1_39' title="bbox 552 3638 2137 3718; baseline 0.006 -23"><span class='ocrx_word' id='word_1_286' title='bbox 552 3641 794 3696; x_wconf 89' lang='lat' dir='ltr'><strong>cordiam</strong></span> <span class='ocrx_word' id='word_1_287' title='bbox 825 3651 972 3696; x_wconf 87' lang='lat' dir='ltr'><strong>tuam</strong></span> <span class='ocrx_word' id='word_1_288' title='bbox 1001 3643 1196 3714; x_wconf 84' lang='lat' dir='ltr'><strong>dignus</strong></span> <span class='ocrx_word' id='word_1_289' title='bbox 1238 3642 1366 3698; x_wconf 85' lang='lat' dir='ltr'><strong>ante</strong></span> <span class='ocrx_word' id='word_1_290' title='bbox 1398 3653 1450 3701; x_wconf 92' lang='lat' dir='ltr'><strong>te</strong></span> <span class='ocrx_word' id='word_1_291' title='bbox 1475 3638 1804 3715; x_wconf 79' lang='lat' dir='ltr'><strong>appaream,</strong></span> <span class='ocrx_word' id='word_1_292' title='bbox 1831 3656 1887 3702; x_wconf 91' lang='lat' dir='ltr'><strong>et</strong></span> <span class='ocrx_word' id='word_1_293' title='bbox 1913 3649 2137 3718; x_wconf 83' lang='lat' dir='ltr'><strong>dignum</strong></span> 
     </span>
    </p>
   </div>
   <div class='ocr_carea' id='block_1_40' title="bbox 551 3733 2140 3805">
    <p class='ocr_par' dir='ltr' id='par_1_40' title="bbox 551 3733 2140 3805">
     <span class='ocr_line' id='line_1_40' title="bbox 551 3733 2140 3805; baseline 0.005 -17"><span class='ocrx_word' id='word_1_294' title='bbox 551 3733 756 3804; x_wconf 87' lang='lat' dir='ltr'><strong>aliquid</strong></span> <span class='ocrx_word' id='word_1_295' title='bbox 789 3742 978 3805; x_wconf 84' lang='lat' dir='ltr'><strong>rogatu</strong></span> <span class='ocrx_word' id='word_1_296' title='bbox 1023 3744 1078 3789; x_wconf 90' lang='lat' dir='ltr'><strong>et</strong></span> <span class='ocrx_word' id='word_1_297' title='bbox 1111 3734 1464 3792; x_wconf 83' lang='lat' dir='ltr'><strong>exauditione</strong></span> <span class='ocrx_word' id='word_1_298' title='bbox 1495 3747 1585 3792; x_wconf 90' lang='lat' dir='ltr'><strong>tua</strong></span> <span class='ocrx_word' id='word_1_299' title='bbox 1612 3747 1739 3794; x_wconf 88' lang='lat' dir='ltr'><strong>ante</strong></span> <span class='ocrx_word' id='word_1_300' title='bbox 1790 3747 1842 3794; x_wconf 84' lang='lat' dir='ltr'><strong>te</strong></span> <span class='ocrx_word' id='word_1_301' title='bbox 1869 3737 2140 3796; x_wconf 81' lang='lat' dir='ltr'><strong>oﬁ‘eram?</strong></span> 
     </span>
    </p>
   </div>
   <div class='ocr_carea' id='block_1_41' title="bbox 551 3827 2139 3896">
    <p class='ocr_par' dir='ltr' id='par_1_41' title="bbox 551 3827 2139 3896">
     <span class='ocr_line' id='line_1_41' title="bbox 551 3827 2139 3896; baseline 0.004 -14"><span class='ocrx_word' id='word_1_302' title='bbox 551 3827 694 3882; x_wconf 82' lang='lat' dir='ltr'><strong>Ecce</strong></span> <span class='ocrx_word' id='word_1_303' title='bbox 746 3827 982 3882; x_wconf 84' lang='lat' dir='ltr'><strong>cadaver</strong></span> <span class='ocrx_word' id='word_1_304' title='bbox 1022 3835 1318 3892; x_wconf 90' lang='lat' dir='ltr'><strong>mortuum,</strong></span> <span class='ocrx_word' id='word_1_305' title='bbox 1361 3838 1418 3885; x_wconf 90' lang='lat' dir='ltr'><strong>et</strong></span> <span class='ocrx_word' id='word_1_306' title='bbox 1467 3830 1746 3887; x_wconf 85' lang='lat' dir='ltr'><strong>vermibus</strong></span> <span class='ocrx_word' id='word_1_307' title='bbox 1789 3841 2032 3896; x_wconf 89' lang='lat' dir='ltr'><strong>scatens,</strong></span> <span class='ocrx_word' id='word_1_308' title='bbox 2083 3842 2139 3888; x_wconf 88' lang='lat' dir='ltr'><strong>et</strong></span> 
     </span>
    </p>
   </div>
   <div class='ocr_carea' id='block_1_42' title="bbox 551 3915 2137 3995">
    <p class='ocr_par' dir='ltr' id='par_1_42' title="bbox 551 3915 2137 3995">
     <span class='ocr_line' id='line_1_42' title="bbox 551 3915 2137 3995; baseline 0.004 -23"><span class='ocrx_word' id='word_1_309' title='bbox 551 3918 862 3973; x_wconf 87' lang='lat' dir='ltr'><strong>triduanum</strong></span> <span class='ocrx_word' id='word_1_310' title='bbox 908 3915 1082 3974; x_wconf 88' lang='lat' dir='ltr'><strong>fetens</strong></span> <span class='ocrx_word' id='word_1_311' title='bbox 1111 3919 1179 3974; x_wconf 88' lang='lat' dir='ltr'><strong>ad</strong></span> <span class='ocrx_word' id='word_1_312' title='bbox 1221 3927 1270 3975; x_wconf 90' lang='lat' dir='ltr'><strong>te</strong></span> <span class='ocrx_word' id='word_1_313' title='bbox 1297 3920 1522 3976; x_wconf 85' lang='lat' dir='ltr'><strong>veniens</strong></span> <span class='ocrx_word' id='word_1_314' title='bbox 1564 3923 1618 3976; x_wconf 91' lang='lat' dir='ltr'><strong>in</strong></span> <span class='ocrx_word' id='word_1_315' title='bbox 1648 3931 1702 3977; x_wconf 89' lang='lat' dir='ltr'><strong>te</strong></span> <span class='ocrx_word' id='word_1_316' title='bbox 1731 3924 1854 3978; x_wconf 88' lang='lat' dir='ltr'><strong>vitae</strong></span> <span class='ocrx_word' id='word_1_317' title='bbox 1887 3923 2137 3995; x_wconf 82' lang='lat' dir='ltr'><strong>Largito-</strong></span> 
     </span>
    </p>
   </div>
   <div class='ocr_carea' id='block_1_43' title="bbox 550 4006 2137 4071">
    <p class='ocr_par' dir='ltr' id='par_1_43' title="bbox 550 4006 2137 4071">
     <span class='ocr_line' id='line_1_43' title="bbox 550 4006 2137 4071; baseline 0.006 -11"><span class='ocrx_word' id='word_1_318' title='bbox 550 4023 686 4071; x_wconf 88' lang='lat' dir='ltr'><strong>rem,</strong></span> <span class='ocrx_word' id='word_1_319' title='bbox 737 4006 916 4062; x_wconf 88' lang='lat' dir='ltr'><strong>attuli.</strong></span> <span class='ocrx_word' id='word_1_320' title='bbox 961 4007 1103 4064; x_wconf 87' lang='lat' dir='ltr'><strong>Ecce</strong></span> <span class='ocrx_word' id='word_1_321' title='bbox 1149 4024 1354 4064; x_wconf 67' lang='lat' dir='ltr'><strong>caecum</strong></span> <span class='ocrx_word' id='word_1_322' title='bbox 1404 4011 1473 4066; x_wconf 89' lang='lat' dir='ltr'><strong>ad</strong></span> <span class='ocrx_word' id='word_1_323' title='bbox 1514 4010 1926 4068; x_wconf 82' lang='lat' dir='ltr'><strong>illuminandqu</strong></span> <span class='ocrx_word' id='word_1_324' title='bbox 1967 4013 2137 4070; x_wconf 85' lang='lat' dir='ltr'><strong>oﬁ‘ero</strong></span> 
     </span>
    </p>
   </div>
   <div class='ocr_carea' id='block_1_44' title="bbox 545 4100 2137 4174">
    <p class='ocr_par' dir='ltr' id='par_1_44' title="bbox 545 4100 2137 4174">
     <span class='ocr_line' id='line_1_44' title="bbox 545 4100 2137 4174; baseline 0.004 -19"><span class='ocrx_word' id='word_1_325' title='bbox 545 4100 901 4171; x_wconf 88' lang='lat' dir='ltr'><strong>omnipotenti</strong></span> <span class='ocrx_word' id='word_1_326' title='bbox 939 4101 1324 4158; x_wconf 86' lang='lat' dir='ltr'><strong>misericordiae</strong></span> <span class='ocrx_word' id='word_1_327' title='bbox 1360 4110 1483 4164; x_wconf 67' lang='lat' dir='ltr'><strong>tuac,</strong></span> <span class='ocrx_word' id='word_1_328' title='bbox 1518 4112 1574 4159; x_wconf 92' lang='lat' dir='ltr'><strong>et</strong></span> <span class='ocrx_word' id='word_1_329' title='bbox 1607 4103 1920 4174; x_wconf 84' lang='lat' dir='ltr'><strong>languidum</strong></span> <span class='ocrx_word' id='word_1_330' title='bbox 1951 4108 2019 4161; x_wconf 89' lang='lat' dir='ltr'><strong>ad</strong></span> <span class='ocrx_word' id='word_1_331' title='bbox 2048 4122 2137 4162; x_wconf 86' lang='lat' dir='ltr'><strong>sa-</strong></span> 
     </span>
    </p>
   </div>
   <div class='ocr_carea' id='block_1_45' title="bbox 547 4194 2136 4273">
    <p class='ocr_par' dir='ltr' id='par_1_45' title="bbox 547 4194 2136 4273">
     <span class='ocr_line' id='line_1_45' title="bbox 547 4194 2136 4273; baseline 0.004 -26"><span class='ocrx_word' id='word_1_332' title='bbox 547 4195 806 4260; x_wconf 86' lang='lat' dir='ltr'><strong>nandum,</strong></span> <span class='ocrx_word' id='word_1_333' title='bbox 836 4203 892 4250; x_wconf 93' lang='lat' dir='ltr'><strong>et</strong></span> <span class='ocrx_word' id='word_1_334' title='bbox 919 4202 998 4249; x_wconf 92' lang='lat' dir='ltr'><strong>tot</strong></span> <span class='ocrx_word' id='word_1_335' title='bbox 1039 4205 1094 4250; x_wconf 88' lang='lat' dir='ltr'><strong>et</strong></span> <span class='ocrx_word' id='word_1_336' title='bbox 1135 4194 1305 4250; x_wconf 89' lang='lat' dir='ltr'><strong>tantis</strong></span> <span class='ocrx_word' id='word_1_337' title='bbox 1335 4194 1532 4273; x_wconf 77' lang='lat' dir='ltr'><strong>debitis</strong></span> <span class='ocrx_word' id='word_1_338' title='bbox 1560 4195 1882 4266; x_wconf 84' lang='lat' dir='ltr'><strong>obligatum,</strong></span> <span class='ocrx_word' id='word_1_339' title='bbox 1913 4199 1981 4253; x_wconf 90' lang='lat' dir='ltr'><strong>ad</strong></span> <span class='ocrx_word' id='word_1_340' title='bbox 2027 4198 2136 4252; x_wconf 89' lang='lat' dir='ltr'><strong>sol-</strong></span> 
     </span>
    </p>
   </div>
   <div class='ocr_carea' id='block_1_46' title="bbox 545 4287 2131 4356">
    <p class='ocr_par' dir='ltr' id='par_1_46' title="bbox 545 4287 2131 4356">
     <span class='ocr_line' id='line_1_46' title="bbox 545 4287 2131 4356; baseline 0.005 -20"><span class='ocrx_word' id='word_1_341' title='bbox 545 4287 809 4352; x_wconf 80' lang='lat' dir='ltr'><strong>vendum,</strong></span> <span class='ocrx_word' id='word_1_342' title='bbox 862 4288 1218 4345; x_wconf 89' lang='lat' dir='ltr'><strong>nudissimum</strong></span> <span class='ocrx_word' id='word_1_343' title='bbox 1267 4295 1322 4341; x_wconf 93' lang='lat' dir='ltr'><strong>et</strong></span> <span class='ocrx_word' id='word_1_344' title='bbox 1353 4287 1778 4356; x_wconf 87' lang='lat' dir='ltr'><strong>pauperrimum,</strong></span> <span class='ocrx_word' id='word_1_345' title='bbox 1831 4289 1899 4343; x_wconf 87' lang='lat' dir='ltr'><strong>ad</strong></span> <span class='ocrx_word' id='word_1_346' title='bbox 1947 4290 2131 4344; x_wconf 86' lang='lat' dir='ltr'><strong>ditan-</strong></span> 
     </span>
    </p>
   </div>
   <div class='ocr_carea' id='block_1_47' title="bbox 2266 521 3847 594">
    <p class='ocr_par' dir='ltr' id='par_1_47' title="bbox 2266 521 3847 594">
     <span class='ocr_line' id='line_1_47' title="bbox 2266 521 3847 594; baseline 0.009 -20"><span class='ocrx_word' id='word_1_347' title='bbox 2266 521 2576 590; x_wconf 87' lang='lat' dir='ltr'><strong>depressus,</strong></span> <span class='ocrx_word' id='word_1_348' title='bbox 2623 530 2677 576; x_wconf 88' lang='lat' dir='ltr'><strong>et</strong></span> <span class='ocrx_word' id='word_1_349' title='bbox 2705 523 2971 593; x_wconf 88' lang='lat' dir='ltr'><strong>impotens</strong></span> <span class='ocrx_word' id='word_1_350' title='bbox 2995 524 3242 582; x_wconf 71' lang='lat' dir='ltr'><strong>eﬁ‘ectus.</strong></span> <span class='ocrx_word' id='word_1_351' title='bbox 3277 528 3382 583; x_wconf 86' lang='lat' dir='ltr'><strong>Sed</strong></span> <span class='ocrx_word' id='word_1_352' title='bbox 3419 537 3497 594; x_wconf 90' lang='lat' dir='ltr'><strong>tu,</strong></span> <span class='ocrx_word' id='word_1_353' title='bbox 3529 532 3847 589; x_wconf 88' lang='lat' dir='ltr'><strong>misericors</strong></span> 
     </span>
    </p>
   </div>
   <div class='ocr_carea' id='block_1_48' title="bbox 2263 611 3849 682">
    <p class='ocr_par' dir='ltr' id='par_1_48' title="bbox 2263 611 3849 682">
     <span class='ocr_line' id='line_1_48' title="bbox 2263 611 3849 682; baseline 0.009 -16"><span class='ocrx_word' id='word_1_354' title='bbox 2263 611 2447 678; x_wconf 89' lang='lat' dir='ltr'><strong>Pater,</strong></span> <span class='ocrx_word' id='word_1_355' title='bbox 2479 622 2739 669; x_wconf 87' lang='lat' dir='ltr'><strong>converte</strong></span> <span class='ocrx_word' id='word_1_356' title='bbox 2782 630 2890 682; x_wconf 91' lang='lat' dir='ltr'><strong>me,</strong></span> <span class='ocrx_word' id='word_1_357' title='bbox 2939 625 2995 670; x_wconf 92' lang='lat' dir='ltr'><strong>et</strong></span> <span class='ocrx_word' id='word_1_358' title='bbox 3025 629 3318 674; x_wconf 84' lang='lat' dir='ltr'><strong>convertar</strong></span> <span class='ocrx_word' id='word_1_359' title='bbox 3357 621 3424 674; x_wconf 88' lang='lat' dir='ltr'><strong>ad</strong></span> <span class='ocrx_word' id='word_1_360' title='bbox 3463 631 3538 676; x_wconf 91' lang='lat' dir='ltr'><strong>te.</strong></span> <span class='ocrx_word' id='word_1_361' title='bbox 3582 623 3849 681; x_wconf 89' lang='lat' dir='ltr'><strong>Converte</strong></span> 
     </span>
    </p>
   </div>
   <div class='ocr_carea' id='block_1_49' title="bbox 2265 703 3851 771">
    <p class='ocr_par' dir='ltr' id='par_1_49' title="bbox 2265 703 3851 771">
     <span class='ocr_line' id='line_1_49' title="bbox 2265 703 3851 771; baseline 0.01 -15"><span class='ocrx_word' id='word_1_362' title='bbox 2265 719 2373 770; x_wconf 90' lang='lat' dir='ltr'><strong>me,</strong></span> <span class='ocrx_word' id='word_1_363' title='bbox 2419 703 2667 769; x_wconf 88' lang='lat' dir='ltr'><strong>Domine,</strong></span> <span class='ocrx_word' id='word_1_364' title='bbox 2718 707 2786 760; x_wconf 91' lang='lat' dir='ltr'><strong>ad</strong></span> <span class='ocrx_word' id='word_1_365' title='bbox 2825 716 2899 771; x_wconf 90' lang='lat' dir='ltr'><strong>te,</strong></span> <span class='ocrx_word' id='word_1_366' title='bbox 2945 716 3001 762; x_wconf 92' lang='lat' dir='ltr'><strong>et</strong></span> <span class='ocrx_word' id='word_1_367' title='bbox 3038 717 3260 765; x_wconf 89' lang='lat' dir='ltr'><strong>contere</strong></span> <span class='ocrx_word' id='word_1_368' title='bbox 3303 719 3360 766; x_wconf 86' lang='lat' dir='ltr'><strong>et</strong></span> <span class='ocrx_word' id='word_1_369' title='bbox 3403 713 3705 768; x_wconf 85' lang='lat' dir='ltr'><strong>contribula</strong></span> <span class='ocrx_word' id='word_1_370' title='bbox 3754 729 3851 771; x_wconf 84' lang='lat' dir='ltr'><strong>cor</strong></span> 
     </span>
    </p>
   </div>
   <div class='ocr_carea' id='block_1_50' title="bbox 2263 796 3846 864">
    <p class='ocr_par' dir='ltr' id='par_1_50' title="bbox 2263 796 3846 864">
     <span class='ocr_line' id='line_1_50' title="bbox 2263 796 3846 864; baseline 0.01 -17"><span class='ocrx_word' id='word_1_371' title='bbox 2263 809 2466 858; x_wconf 89' lang='lat' dir='ltr'><strong>meum,</strong></span> <span class='ocrx_word' id='word_1_372' title='bbox 2491 803 2544 848; x_wconf 94' lang='lat' dir='ltr'><strong>et</strong></span> <span class='ocrx_word' id='word_1_373' title='bbox 2567 810 2762 850; x_wconf 89' lang='lat' dir='ltr'><strong>sensus</strong></span> <span class='ocrx_word' id='word_1_374' title='bbox 2785 796 2986 852; x_wconf 85' lang='lat' dir='ltr'><strong>viviﬁci</strong></span> <span class='ocrx_word' id='word_1_375' title='bbox 3021 799 3225 856; x_wconf 89' lang='lat' dir='ltr'><strong>doloris</strong></span> <span class='ocrx_word' id='word_1_376' title='bbox 3255 803 3514 859; x_wconf 90' lang='lat' dir='ltr'><strong>immitte.</strong></span> <span class='ocrx_word' id='word_1_377' title='bbox 3554 804 3677 860; x_wconf 83' lang='lat' dir='ltr'><strong>Non</strong></span> <span class='ocrx_word' id='word_1_378' title='bbox 3702 808 3846 864; x_wconf 86' lang='lat' dir='ltr'><strong>enim</strong></span> 
     </span>
    </p>
   </div>
   <div class='ocr_carea' id='block_1_51' title="bbox 2262 882 3845 969">
    <p class='ocr_par' dir='ltr' id='par_1_51' title="bbox 2262 882 3845 969">
     <span class='ocr_line' id='line_1_51' title="bbox 2262 882 3845 969; baseline 0.01 -30"><span class='ocrx_word' id='word_1_379' title='bbox 2262 892 2345 939; x_wconf 90' lang='lat' dir='ltr'><strong>est</strong></span> <span class='ocrx_word' id='word_1_380' title='bbox 2373 882 2492 939; x_wconf 89' lang='lat' dir='ltr'><strong>fons</strong></span> <span class='ocrx_word' id='word_1_381' title='bbox 2514 885 2782 942; x_wconf 91' lang='lat' dir='ltr'><strong>bonorum</strong></span> <span class='ocrx_word' id='word_1_382' title='bbox 2807 897 3006 958; x_wconf 66' lang='lat' dir='ltr'><strong>praeter</strong></span> <span class='ocrx_word' id='word_1_383' title='bbox 3032 899 3102 944; x_wconf 89' lang='lat' dir='ltr'><strong>te.</strong></span> <span class='ocrx_word' id='word_1_384' title='bbox 3126 891 3240 946; x_wconf 83' lang='lat' dir='ltr'><strong>Non</strong></span> <span class='ocrx_word' id='word_1_385' title='bbox 3271 904 3353 948; x_wconf 90' lang='lat' dir='ltr'><strong>est</strong></span> <span class='ocrx_word' id='word_1_386' title='bbox 3383 911 3414 948; x_wconf 86' lang='lat' dir='ltr'><strong>a</strong></span> <span class='ocrx_word' id='word_1_387' title='bbox 3445 911 3556 965; x_wconf 90' lang='lat' dir='ltr'><strong>quo</strong></span> <span class='ocrx_word' id='word_1_388' title='bbox 3582 898 3845 969; x_wconf 79' lang='lat' dir='ltr'><strong>accipiam</strong></span> 
     </span>
    </p>
   </div>
   <div class='ocr_carea' id='block_1_52' title="bbox 2263 978 3849 1060">
    <p class='ocr_par' dir='ltr' id='par_1_52' title="bbox 2263 978 3849 1060">
     <span class='ocr_line' id='line_1_52' title="bbox 2263 978 3849 1060; baseline 0.012 -33"><span class='ocrx_word' id='word_1_389' title='bbox 2263 991 2503 1031; x_wconf 90' lang='lat' dir='ltr'><strong>amorem</strong></span> <span class='ocrx_word' id='word_1_390' title='bbox 2535 987 2590 1032; x_wconf 93' lang='lat' dir='ltr'><strong>et</strong></span> <span class='ocrx_word' id='word_1_391' title='bbox 2616 978 2865 1035; x_wconf 90' lang='lat' dir='ltr'><strong>timorem</strong></span> <span class='ocrx_word' id='word_1_392' title='bbox 2890 989 2946 1035; x_wconf 92' lang='lat' dir='ltr'><strong>et</strong></span> <span class='ocrx_word' id='word_1_393' title='bbox 2975 981 3220 1037; x_wconf 90' lang='lat' dir='ltr'><strong>dolorem</strong></span> <span class='ocrx_word' id='word_1_394' title='bbox 3253 994 3306 1040; x_wconf 93' lang='lat' dir='ltr'><strong>et</strong></span> <span class='ocrx_word' id='word_1_395' title='bbox 3335 988 3620 1054; x_wconf 86' lang='lat' dir='ltr'><strong>pudorem,</strong></span> <span class='ocrx_word' id='word_1_396' title='bbox 3651 991 3849 1060; x_wconf 78' lang='lat' dir='ltr'><strong>quibus</strong></span> 
     </span>
    </p>
   </div>
   <div class='ocr_carea' id='block_1_53' title="bbox 2262 1067 3847 1142">
    <p class='ocr_par' dir='ltr' id='par_1_53' title="bbox 2262 1067 3847 1142">
     <span class='ocr_line' id='line_1_53' title="bbox 2262 1067 3847 1142; baseline 0.012 -26"><span class='ocrx_word' id='word_1_397' title='bbox 2262 1077 2446 1118; x_wconf 86' lang='lat' dir='ltr'><strong>coram</strong></span> <span class='ocrx_word' id='word_1_398' title='bbox 2501 1075 2553 1122; x_wconf 88' lang='lat' dir='ltr'><strong>te</strong></span> <span class='ocrx_word' id='word_1_399' title='bbox 2604 1067 2980 1125; x_wconf 86' lang='lat' dir='ltr'><strong>misericordia</strong></span> <span class='ocrx_word' id='word_1_400' title='bbox 3041 1073 3238 1142; x_wconf 82' lang='lat' dir='ltr'><strong>dignus</strong></span> <span class='ocrx_word' id='word_1_401' title='bbox 3291 1073 3575 1140; x_wconf 87' lang='lat' dir='ltr'><strong>inveniar,</strong></span> <span class='ocrx_word' id='word_1_402' title='bbox 3627 1079 3730 1132; x_wconf 91' lang='lat' dir='ltr'><strong>nisi</strong></span> <span class='ocrx_word' id='word_1_403' title='bbox 3781 1081 3847 1136; x_wconf 88' lang='lat' dir='ltr'><strong>de</strong></span> 
     </span>
    </p>
   </div>
   <div class='ocr_carea' id='block_1_54' title="bbox 2263 1158 3841 1242">
    <p class='ocr_par' dir='ltr' id='par_1_54' title="bbox 2263 1158 3841 1242">
     <span class='ocr_line' id='line_1_54' title="bbox 2263 1158 3841 1242; baseline 0.013 -33"><span class='ocrx_word' id='word_1_404' title='bbox 2263 1158 2524 1227; x_wconf 69' lang='lat' dir='ltr'><strong>prselarga</strong></span> <span class='ocrx_word' id='word_1_405' title='bbox 2565 1161 2942 1219; x_wconf 86' lang='lat' dir='ltr'><strong>misericordia</strong></span> <span class='ocrx_word' id='word_1_406' title='bbox 2971 1173 3058 1220; x_wconf 86' lang='lat' dir='ltr'><strong>tua</strong></span> <span class='ocrx_word' id='word_1_407' title='bbox 3094 1182 3260 1237; x_wconf 88' lang='lat' dir='ltr'><strong>super</strong></span> <span class='ocrx_word' id='word_1_408' title='bbox 3282 1184 3369 1224; x_wconf 87' lang='lat' dir='ltr'><strong>me</strong></span> <span class='ocrx_word' id='word_1_409' title='bbox 3405 1169 3841 1242; x_wconf 87' lang='lat' dir='ltr'><strong>indignissimum</strong></span> 
     </span>
    </p>
   </div>
   <div class='ocr_carea' id='block_1_55' title="bbox 2262 1251 3846 1322">
    <p class='ocr_par' dir='ltr' id='par_1_55' title="bbox 2262 1251 3846 1322">
     <span class='ocr_line' id='line_1_55' title="bbox 2262 1251 3846 1322; baseline 0.014 -21"><span class='ocrx_word' id='word_1_410' title='bbox 2262 1251 2490 1320; x_wconf 82' lang='lat' dir='ltr'><strong>gratiam</strong></span> <span class='ocrx_word' id='word_1_411' title='bbox 2531 1251 2806 1311; x_wconf 78' lang='lat' dir='ltr'><strong>effuderis.</strong></span> <span class='ocrx_word' id='word_1_412' title='bbox 2845 1256 3090 1322; x_wconf 89' lang='lat' dir='ltr'><strong>Domine,</strong></span> <span class='ocrx_word' id='word_1_413' title='bbox 3128 1259 3188 1317; x_wconf 81' lang='lat' dir='ltr'><strong>.si</strong></span> <span class='ocrx_word' id='word_1_414' title='bbox 3244 1260 3404 1316; x_wconf 78' lang='lat' dir='ltr'><strong>iStam</strong></span> <span class='ocrx_word' id='word_1_415' title='bbox 3442 1263 3575 1317; x_wconf 89' lang='lat' dir='ltr'><strong>mihi</strong></span> <span class='ocrx_word' id='word_1_416' title='bbox 3624 1280 3846 1322; x_wconf 74' lang='lat' dir='ltr'><strong>conceso</strong></span> 
     </span>
    </p>
   </div>
   <div class='ocr_carea' id='block_1_56' title="bbox 2260 1343 3842 1423">
    <p class='ocr_par' dir='ltr' id='par_1_56' title="bbox 2260 1343 3842 1423">
     <span class='ocr_line' id='line_1_56' title="bbox 2260 1343 3842 1423; baseline 0.013 -28"><span class='ocrx_word' id='word_1_417' title='bbox 2260 1343 2417 1408; x_wconf 89' lang='lat' dir='ltr'><strong>seris,</strong></span> <span class='ocrx_word' id='word_1_418' title='bbox 2463 1345 2656 1401; x_wconf 88' lang='lat' dir='ltr'><strong>beatus</strong></span> <span class='ocrx_word' id='word_1_419' title='bbox 2683 1359 2799 1402; x_wconf 92' lang='lat' dir='ltr'><strong>ero.</strong></span> <span class='ocrx_word' id='word_1_420' title='bbox 2831 1347 2888 1403; x_wconf 87' lang='lat' dir='ltr'><strong>Si</strong></span> <span class='ocrx_word' id='word_1_421' title='bbox 2932 1349 2988 1404; x_wconf 91' lang='lat' dir='ltr'><strong>in</strong></span> <span class='ocrx_word' id='word_1_422' title='bbox 3019 1365 3105 1405; x_wconf 93' lang='lat' dir='ltr'><strong>me</strong></span> <span class='ocrx_word' id='word_1_423' title='bbox 3127 1349 3332 1423; x_wconf 78' lang='lat' dir='ltr'><strong>ﬂagitia</strong></span> <span class='ocrx_word' id='word_1_424' title='bbox 3359 1363 3412 1408; x_wconf 92' lang='lat' dir='ltr'><strong>et</strong></span> <span class='ocrx_word' id='word_1_425' title='bbox 3449 1354 3693 1412; x_wconf 88' lang='lat' dir='ltr'><strong>facinora</strong></span> <span class='ocrx_word' id='word_1_426' title='bbox 3731 1376 3842 1414; x_wconf 82' lang='lat' dir='ltr'><strong>mea</strong></span> 
     </span>
    </p>
   </div>
   <div class='ocr_carea' id='block_1_57' title="bbox 2259 1433 3842 1510">
    <p class='ocr_par' dir='ltr' id='par_1_57' title="bbox 2259 1433 3842 1510">
     <span class='ocr_line' id='line_1_57' title="bbox 2259 1433 3842 1510; baseline 0.011 -24"><span class='ocrx_word' id='word_1_427' title='bbox 2259 1433 2538 1488; x_wconf 88' lang='lat' dir='ltr'><strong>vindicare</strong></span> <span class='ocrx_word' id='word_1_428' title='bbox 2563 1437 2858 1498; x_wconf 86' lang='lat' dir='ltr'><strong>secundum</strong></span> <span class='ocrx_word' id='word_1_429' title='bbox 2880 1438 3146 1504; x_wconf 86' lang='lat' dir='ltr'><strong>judicium</strong></span> <span class='ocrx_word' id='word_1_430' title='bbox 3180 1451 3238 1496; x_wconf 87' lang='lat' dir='ltr'><strong>et</strong></span> <span class='ocrx_word' id='word_1_431' title='bbox 3271 1441 3539 1510; x_wconf 87' lang='lat' dir='ltr'><strong>justitiam</strong></span> <span class='ocrx_word' id='word_1_432' title='bbox 3571 1454 3719 1500; x_wconf 83' lang='lat' dir='ltr'><strong>tuam</strong></span> <span class='ocrx_word' id='word_1_433' title='bbox 3761 1451 3842 1503; x_wconf 83' lang='lat' dir='ltr'><strong>di-</strong></span> 
     </span>
    </p>
   </div>
   <div class='ocr_carea' id='block_1_58' title="bbox 2259 1525 3842 1596">
    <p class='ocr_par' dir='ltr' id='par_1_58' title="bbox 2259 1525 3842 1596">
     <span class='ocr_line' id='line_1_58' title="bbox 2259 1525 3842 1596; baseline 0.013 -21"><span class='ocrx_word' id='word_1_434' title='bbox 2259 1533 2453 1594; x_wconf 83' lang='lat' dir='ltr'><strong>gnatus</strong></span> <span class='ocrx_word' id='word_1_435' title='bbox 2498 1525 2685 1594; x_wconf 81' lang='lat' dir='ltr'><strong>fueris,</strong></span> <span class='ocrx_word' id='word_1_436' title='bbox 2737 1528 2862 1584; x_wconf 83' lang='lat' dir='ltr'><strong>felix</strong></span> <span class='ocrx_word' id='word_1_437' title='bbox 2893 1545 3047 1594; x_wconf 88' lang='lat' dir='ltr'><strong>sum;</strong></span> <span class='ocrx_word' id='word_1_438' title='bbox 3082 1547 3187 1587; x_wconf 89' lang='lat' dir='ltr'><strong>non</strong></span> <span class='ocrx_word' id='word_1_439' title='bbox 3219 1544 3402 1589; x_wconf 91' lang='lat' dir='ltr'><strong>autem</strong></span> <span class='ocrx_word' id='word_1_440' title='bbox 3449 1537 3494 1591; x_wconf 90' lang='lat' dir='ltr'><strong>si</strong></span> <span class='ocrx_word' id='word_1_441' title='bbox 3545 1541 3842 1596; x_wconf 85' lang='lat' dir='ltr'><strong>secundum</strong></span> 
     </span>
    </p>
   </div>
   <div class='ocr_carea' id='block_1_59' title="bbox 2261 1618 3839 1690">
    <p class='ocr_par' dir='ltr' id='par_1_59' title="bbox 2261 1618 3839 1690">
     <span class='ocr_line' id='line_1_59' title="bbox 2261 1618 3839 1690; baseline 0.013 -20"><span class='ocrx_word' id='word_1_442' title='bbox 2261 1618 2396 1672; x_wconf 86' lang='lat' dir='ltr'><strong>iram</strong></span> <span class='ocrx_word' id='word_1_443' title='bbox 2429 1626 2597 1685; x_wconf 87' lang='lat' dir='ltr'><strong>tuam,</strong></span> <span class='ocrx_word' id='word_1_444' title='bbox 2627 1635 2747 1689; x_wconf 72' lang='lat' dir='ltr'><strong>quae</strong></span> <span class='ocrx_word' id='word_1_445' title='bbox 2790 1622 3022 1679; x_wconf 89' lang='lat' dir='ltr'><strong>rebelles</strong></span> <span class='ocrx_word' id='word_1_446' title='bbox 3053 1635 3108 1680; x_wconf 88' lang='lat' dir='ltr'><strong>et</strong></span> <span class='ocrx_word' id='word_1_447' title='bbox 3153 1635 3504 1685; x_wconf 89' lang='lat' dir='ltr'><strong>contumaces</strong></span> <span class='ocrx_word' id='word_1_448' title='bbox 3532 1632 3839 1690; x_wconf 80' lang='lat' dir='ltr'><strong>miscricor-</strong></span> 
     </span>
    </p>
   </div>
   <div class='ocr_carea' id='block_1_60' title="bbox 2260 1711 3172 1784">
    <p class='ocr_par' dir='ltr' id='par_1_60' title="bbox 2260 1711 3172 1784">
     <span class='ocr_line' id='line_1_60' title="bbox 2260 1711 3172 1784; baseline 0.011 -21"><span class='ocrx_word' id='word_1_449' title='bbox 2260 1711 2362 1766; x_wconf 69' lang='lat' dir='ltr'><strong>dire</strong></span> <span class='ocrx_word' id='word_1_450' title='bbox 2390 1719 2496 1768; x_wconf 78' lang='lat' dir='ltr'><strong>tuae</strong></span> <span class='ocrx_word' id='word_1_451' title='bbox 2523 1716 2939 1784; x_wconf 87' lang='lat' dir='ltr'><strong>comprehendit</strong></span> <span class='ocrx_word' id='word_1_452' title='bbox 2962 1717 3018 1772; x_wconf 93' lang='lat' dir='ltr'><strong>in</strong></span> <span class='ocrx_word' id='word_1_453' title='bbox 3043 1717 3172 1774; x_wconf 93' lang='lat' dir='ltr'><strong>ﬁne.</strong></span> 
     </span>
    </p>
   </div>
   <div class='ocr_carea' id='block_1_61' title="bbox 2243 1803 3837 1886">
    <p class='ocr_par' dir='ltr' id='par_1_61' title="bbox 2243 1803 3837 1886">
     <span class='ocr_line' id='line_1_61' title="bbox 2243 1803 3837 1886; baseline 0.014 -30"><span class='ocrx_word' id='word_1_454' title='bbox 2243 1845 2250 1856; x_wconf 87' lang='lat'><strong>.</strong></span> <span class='ocrx_word' id='word_1_455' title='bbox 2331 1803 2398 1857; x_wconf 85' lang='lat' dir='ltr'><strong>Et</strong></span> <span class='ocrx_word' id='word_1_456' title='bbox 2423 1804 2538 1858; x_wconf 64' lang='lat' dir='ltr'><strong>haec</strong></span> <span class='ocrx_word' id='word_1_457' title='bbox 2578 1805 2897 1875; x_wconf 85' lang='lat' dir='ltr'><strong>estjustitia</strong></span> <span class='ocrx_word' id='word_1_458' title='bbox 2931 1819 3043 1876; x_wconf 88' lang='lat' dir='ltr'><strong>tua,</strong></span> <span class='ocrx_word' id='word_1_459' title='bbox 3088 1821 3143 1865; x_wconf 90' lang='lat' dir='ltr'><strong>et</strong></span> <span class='ocrx_word' id='word_1_460' title='bbox 3163 1810 3426 1880; x_wconf 80' lang='lat' dir='ltr'><strong>judicium</strong></span> <span class='ocrx_word' id='word_1_461' title='bbox 3463 1825 3639 1886; x_wconf 89' lang='lat' dir='ltr'><strong>tuum,</strong></span> <span class='ocrx_word' id='word_1_462' title='bbox 3684 1821 3837 1878; x_wconf 79' lang='lat' dir='ltr'><strong>mise-</strong></span> 
     </span>
    </p>
   </div>
   <div class='ocr_carea' id='block_1_62' title="bbox 2259 1895 3840 1978">
    <p class='ocr_par' dir='ltr' id='par_1_62' title="bbox 2259 1895 3840 1978">
     <span class='ocr_line' id='line_1_62' title="bbox 2259 1895 3840 1978; baseline 0.013 -31"><span class='ocrx_word' id='word_1_463' title='bbox 2259 1895 2435 1950; x_wconf 91' lang='lat' dir='ltr'><strong>ricors</strong></span> <span class='ocrx_word' id='word_1_464' title='bbox 2463 1895 2646 1963; x_wconf 84' lang='lat' dir='ltr'><strong>Pater,</strong></span> <span class='ocrx_word' id='word_1_465' title='bbox 2678 1900 2822 1968; x_wconf 83' lang='lat' dir='ltr'><strong>quod</strong></span> <span class='ocrx_word' id='word_1_466' title='bbox 2853 1901 3068 1963; x_wconf 85' lang='lat' dir='ltr'><strong>timore.</strong></span> <span class='ocrx_word' id='word_1_467' title='bbox 3100 1913 3156 1957; x_wconf 83' lang='lat' dir='ltr'><strong>et</strong></span> <span class='ocrx_word' id='word_1_468' title='bbox 3185 1921 3391 1974; x_wconf 86' lang='lat' dir='ltr'><strong>amore,</strong></span> <span class='ocrx_word' id='word_1_469' title='bbox 3423 1917 3479 1964; x_wconf 89' lang='lat' dir='ltr'><strong>et</strong></span> <span class='ocrx_word' id='word_1_470' title='bbox 3522 1911 3750 1978; x_wconf 86' lang='lat' dir='ltr'><strong>pudore.</strong></span> <span class='ocrx_word' id='word_1_471' title='bbox 3789 1922 3840 1968; x_wconf 89' lang='lat' dir='ltr'><strong>et</strong></span> 
     </span>
    </p>
   </div>
   <div class='ocr_carea' id='block_1_63' title="bbox 2256 1989 3834 2069">
    <p class='ocr_par' dir='ltr' id='par_1_63' title="bbox 2256 1989 3834 2069">
     <span class='ocr_line' id='line_1_63' title="bbox 2256 1989 3834 2069; baseline 0.013 -27"><span class='ocrx_word' id='word_1_472' title='bbox 2256 1989 2442 2044; x_wconf 90' lang='lat' dir='ltr'><strong>dolore</strong></span> <span class='ocrx_word' id='word_1_473' title='bbox 2475 1991 2660 2056; x_wconf 72' lang='lat' dir='ltr'><strong>agitur</strong></span> <span class='ocrx_word' id='word_1_474' title='bbox 2689 1993 2741 2046; x_wconf 88' lang='lat' dir='ltr'><strong>in</strong></span> <span class='ocrx_word' id='word_1_475' title='bbox 2783 1995 3040 2050; x_wconf 87' lang='lat' dir='ltr'><strong>cordibus</strong></span> <span class='ocrx_word' id='word_1_476' title='bbox 3070 1999 3339 2054; x_wconf 67' lang='lat' dir='ltr'><strong>veraciter</strong></span> <span class='ocrx_word' id='word_1_477' title='bbox 3364 2001 3744 2069; x_wconf 67' lang='lat' dir='ltr'><strong>poenitentium</strong></span> <span class='ocrx_word' id='word_1_478' title='bbox 3787 2014 3834 2064; x_wconf 74' lang='lat' dir='ltr'><strong>et</strong></span> 
     </span>
    </p>
   </div>
   <div class='ocr_carea' id='block_1_64' title="bbox 2259 2082 3833 2156">
    <p class='ocr_par' dir='ltr' id='par_1_64' title="bbox 2259 2082 3833 2156">
     <span class='ocr_line' id='line_1_64' title="bbox 2259 2082 3833 2156; baseline 0.012 -22"><span class='ocrx_word' id='word_1_479' title='bbox 2259 2082 2598 2137; x_wconf 87' lang='lat' dir='ltr'><strong>redeuntium</strong></span> <span class='ocrx_word' id='word_1_480' title='bbox 2631 2085 2698 2139; x_wconf 88' lang='lat' dir='ltr'><strong>ad</strong></span> <span class='ocrx_word' id='word_1_481' title='bbox 2729 2085 3032 2142; x_wconf 86' lang='lat' dir='ltr'><strong>bonitatem</strong></span> <span class='ocrx_word' id='word_1_482' title='bbox 3079 2098 3252 2156; x_wconf 88' lang='lat' dir='ltr'><strong>tuam,</strong></span> <span class='ocrx_word' id='word_1_483' title='bbox 3303 2102 3362 2146; x_wconf 93' lang='lat' dir='ltr'><strong>ut</strong></span> <span class='ocrx_word' id='word_1_484' title='bbox 3406 2094 3833 2153; x_wconf 83' lang='lat' dir='ltr'><strong>misericordiam</strong></span> 
     </span>
    </p>
   </div>
   <div class='ocr_carea' id='block_1_65' title="bbox 2256 2170 3832 2245">
    <p class='ocr_par' dir='ltr' id='par_1_65' title="bbox 2256 2170 3832 2245">
     <span class='ocr_line' id='line_1_65' title="bbox 2256 2170 3832 2245; baseline 0.013 -25"><span class='ocrx_word' id='word_1_485' title='bbox 2256 2177 2678 2237; x_wconf 86' lang='lat' dir='ltr'><strong>consequantur.</strong></span> <span class='ocrx_word' id='word_1_486' title='bbox 2727 2170 2948 2244; x_wconf 89' lang='lat' dir='ltr'><strong>Conﬁge</strong></span> <span class='ocrx_word' id='word_1_487' title='bbox 2977 2188 3108 2245; x_wconf 87' lang='lat' dir='ltr'><strong>ergo</strong></span> <span class='ocrx_word' id='word_1_488' title='bbox 3138 2175 3411 2233; x_wconf 86' lang='lat' dir='ltr'><strong>latronem</strong></span> <span class='ocrx_word' id='word_1_489' title='bbox 3438 2181 3600 2235; x_wconf 90' lang='lat' dir='ltr'><strong>istum</strong></span> <span class='ocrx_word' id='word_1_490' title='bbox 3648 2184 3832 2240; x_wconf 89' lang='lat' dir='ltr'><strong>timore</strong></span> 
     </span>
    </p>
   </div>
   <div class='ocr_carea' id='block_1_66' title="bbox 2257 2262 3832 2343">
    <p class='ocr_par' dir='ltr' id='par_1_66' title="bbox 2257 2262 3832 2343">
     <span class='ocr_line' id='line_1_66' title="bbox 2257 2262 3832 2343; baseline 0.013 -33"><span class='ocrx_word' id='word_1_491' title='bbox 2257 2266 2349 2314; x_wconf 91' lang='lat' dir='ltr'><strong>tuo</strong></span> <span class='ocrx_word' id='word_1_492' title='bbox 2371 2269 2580 2325; x_wconf 85' lang='lat' dir='ltr'><strong>sancto,</strong></span> <span class='ocrx_word' id='word_1_493' title='bbox 2612 2270 2668 2316; x_wconf 86' lang='lat' dir='ltr'><strong>et</strong></span> <span class='ocrx_word' id='word_1_494' title='bbox 2707 2262 2876 2318; x_wconf 87' lang='lat' dir='ltr'><strong>adure</strong></span> <span class='ocrx_word' id='word_1_495' title='bbox 2918 2262 3225 2334; x_wconf 76' lang='lat' dir='ltr'><strong>apoStatam</strong></span> <span class='ocrx_word' id='word_1_496' title='bbox 3269 2269 3433 2325; x_wconf 91' lang='lat' dir='ltr'><strong>istum</strong></span> <span class='ocrx_word' id='word_1_497' title='bbox 3479 2272 3607 2343; x_wconf 83' lang='lat' dir='ltr'><strong>igne</strong></span> <span class='ocrx_word' id='word_1_498' title='bbox 3641 2278 3832 2331; x_wconf 83' lang='lat' dir='ltr'><strong>amoris</strong></span> 
     </span>
    </p>
   </div>
   <div class='ocr_carea' id='block_1_67' title="bbox 2253 2354 3828 2427">
    <p class='ocr_par' dir='ltr' id='par_1_67' title="bbox 2253 2354 3828 2427">
     <span class='ocr_line' id='line_1_67' title="bbox 2253 2354 3828 2427; baseline 0.01 -20"><span class='ocrx_word' id='word_1_499' title='bbox 2253 2361 2308 2407; x_wconf 83' lang='lat' dir='ltr'><strong>et</strong></span> <span class='ocrx_word' id='word_1_500' title='bbox 2348 2354 2634 2410; x_wconf 90' lang='lat' dir='ltr'><strong>charitatis</strong></span> <span class='ocrx_word' id='word_1_501' title='bbox 2680 2365 2806 2410; x_wconf 64' lang='lat' dir='ltr'><strong>tuae.</strong></span> <span class='ocrx_word' id='word_1_502' title='bbox 2835 2355 3080 2427; x_wconf 88' lang='lat' dir='ltr'><strong>Conﬁge,</strong></span> <span class='ocrx_word' id='word_1_503' title='bbox 3130 2359 3380 2427; x_wconf 89' lang='lat' dir='ltr'><strong>Domine,</strong></span> <span class='ocrx_word' id='word_1_504' title='bbox 3432 2365 3828 2424; x_wconf 87' lang='lat' dir='ltr'><strong>malefactorem</strong></span> 
     </span>
    </p>
   </div>
   <div class='ocr_carea' id='block_1_68' title="bbox 2254 2445 3831 2521">
    <p class='ocr_par' dir='ltr' id='par_1_68' title="bbox 2254 2445 3831 2521">
     <span class='ocr_line' id='line_1_68' title="bbox 2254 2445 3831 2521; baseline 0.011 -24"><span class='ocrx_word' id='word_1_505' title='bbox 2254 2445 2415 2499; x_wconf 83' lang='lat' dir='ltr'><strong>istum</strong></span> <span class='ocrx_word' id='word_1_506' title='bbox 2441 2445 2627 2501; x_wconf 87' lang='lat' dir='ltr'><strong>dolore</strong></span> <span class='ocrx_word' id='word_1_507' title='bbox 2659 2447 2872 2502; x_wconf 80' lang='lat' dir='ltr'><strong>viviﬁco</strong></span> <span class='ocrx_word' id='word_1_508' title='bbox 2903 2463 2966 2503; x_wconf 90' lang='lat' dir='ltr'><strong>ac</strong></span> <span class='ocrx_word' id='word_1_509' title='bbox 3010 2450 3372 2506; x_wconf 84' lang='lat' dir='ltr'><strong>saluberrimo</strong></span> <span class='ocrx_word' id='word_1_510' title='bbox 3399 2462 3529 2521; x_wconf 90' lang='lat' dir='ltr'><strong>tuo;</strong></span> <span class='ocrx_word' id='word_1_511' title='bbox 3575 2458 3831 2513; x_wconf 81' lang='lat' dir='ltr'><strong>confunde</strong></span> 
     </span>
    </p>
   </div>
   <div class='ocr_carea' id='block_1_69' title="bbox 2253 2537 3828 2616">
    <p class='ocr_par' dir='ltr' id='par_1_69' title="bbox 2253 2537 3828 2616">
     <span class='ocr_line' id='line_1_69' title="bbox 2253 2537 3828 2616; baseline 0.009 -25"><span class='ocrx_word' id='word_1_512' title='bbox 2253 2537 2617 2606; x_wconf 86' lang='lat' dir='ltr'><strong>impudentem</strong></span> <span class='ocrx_word' id='word_1_513' title='bbox 2681 2540 3156 2610; x_wconf 56' lang='lat' dir='ltr'><strong>praevaricatorem</strong></span> <span class='ocrx_word' id='word_1_514' title='bbox 3215 2544 3379 2599; x_wconf 90' lang='lat' dir='ltr'><strong>istum</strong></span> <span class='ocrx_word' id='word_1_515' title='bbox 3440 2545 3685 2616; x_wconf 81' lang='lat' dir='ltr'><strong>glorioso</strong></span> <span class='ocrx_word' id='word_1_516' title='bbox 3742 2559 3828 2605; x_wconf 86' lang='lat' dir='ltr'><strong>tne</strong></span> 
     </span>
    </p>
   </div>
   <div class='ocr_carea' id='block_1_70' title="bbox 2251 2626 3826 2705">
    <p class='ocr_par' dir='ltr' id='par_1_70' title="bbox 2251 2626 3826 2705">
     <span class='ocr_line' id='line_1_70' title="bbox 2251 2626 3826 2705; baseline 0.007 -25"><span class='ocrx_word' id='word_1_517' title='bbox 2251 2627 2478 2696; x_wconf 87' lang='lat' dir='ltr'><strong>pudore.</strong></span> <span class='ocrx_word' id='word_1_518' title='bbox 2507 2626 2674 2698; x_wconf 83' lang='lat' dir='ltr'><strong>Allige</strong></span> <span class='ocrx_word' id='word_1_519' title='bbox 2720 2629 3046 2684; x_wconf 87' lang='lat' dir='ltr'><strong>sceleratum</strong></span> <span class='ocrx_word' id='word_1_520' title='bbox 3095 2631 3261 2686; x_wconf 92' lang='lat' dir='ltr'><strong>istum</strong></span> <span class='ocrx_word' id='word_1_521' title='bbox 3297 2634 3449 2689; x_wconf 81' lang='lat' dir='ltr'><strong>cruci</strong></span> <span class='ocrx_word' id='word_1_522' title='bbox 3480 2637 3714 2705; x_wconf 76' lang='lat' dir='ltr'><strong>poenalis</strong></span> <span class='ocrx_word' id='word_1_523' title='bbox 3755 2637 3826 2691; x_wconf 59' lang='lat' dir='ltr'><strong>la.</strong></span> 
     </span>
    </p>
   </div>
   <div class='ocr_carea' id='block_1_71' title="bbox 2249 2719 3828 2792">
    <p class='ocr_par' dir='ltr' id='par_1_71' title="bbox 2249 2719 3828 2792">
     <span class='ocr_line' id='line_1_71' title="bbox 2249 2719 3828 2792; baseline 0.008 -18"><span class='ocrx_word' id='word_1_524' title='bbox 2249 2719 2417 2785; x_wconf 90' lang='lat' dir='ltr'><strong>boris,</strong></span> <span class='ocrx_word' id='word_1_525' title='bbox 2447 2727 2504 2774; x_wconf 89' lang='lat' dir='ltr'><strong>et</strong></span> <span class='ocrx_word' id='word_1_526' title='bbox 2523 2721 2875 2791; x_wconf 87' lang='lat' dir='ltr'><strong>acceptabilis</strong></span> <span class='ocrx_word' id='word_1_527' title='bbox 2905 2723 3297 2781; x_wconf 68' lang='lat' dir='ltr'><strong>misericordia:</strong></span> <span class='ocrx_word' id='word_1_528' title='bbox 3323 2733 3452 2792; x_wconf 66' lang='lat' dir='ltr'><strong>tuae,</strong></span> <span class='ocrx_word' id='word_1_529' title='bbox 3483 2726 3574 2784; x_wconf 85' lang='lat' dir='ltr'><strong>fac</strong></span> <span class='ocrx_word' id='word_1_530' title='bbox 3619 2745 3703 2786; x_wconf 91' lang='lat' dir='ltr'><strong>me</strong></span> <span class='ocrx_word' id='word_1_531' title='bbox 3725 2741 3828 2787; x_wconf 80' lang='lat' dir='ltr'><strong>toto</strong></span> 
     </span>
    </p>
   </div>
   <div class='ocr_carea' id='block_1_72' title="bbox 2248 2811 3828 2893">
    <p class='ocr_par' dir='ltr' id='par_1_72' title="bbox 2248 2811 3828 2893">
     <span class='ocr_line' id='line_1_72' title="bbox 2248 2811 3828 2893; baseline 0.009 -29"><span class='ocrx_word' id='word_1_532' title='bbox 2248 2811 2412 2865; x_wconf 88' lang='lat' dir='ltr'><strong>corde</strong></span> <span class='ocrx_word' id='word_1_533' title='bbox 2457 2811 2666 2866; x_wconf 90' lang='lat' dir='ltr'><strong>esurire</strong></span> <span class='ocrx_word' id='word_1_534' title='bbox 2694 2820 2750 2866; x_wconf 89' lang='lat' dir='ltr'><strong>et</strong></span> <span class='ocrx_word' id='word_1_535' title='bbox 2798 2813 2952 2869; x_wconf 87' lang='lat' dir='ltr'><strong>sitire</strong></span> <span class='ocrx_word' id='word_1_536' title='bbox 2997 2823 3048 2870; x_wconf 94' lang='lat' dir='ltr'><strong>te</strong></span> <span class='ocrx_word' id='word_1_537' title='bbox 3070 2815 3206 2893; x_wconf 86' lang='lat' dir='ltr'><strong>totis</strong></span> <span class='ocrx_word' id='word_1_538' title='bbox 3235 2817 3564 2883; x_wconf 87' lang='lat' dir='ltr'><strong>visceribus,</strong></span> <span class='ocrx_word' id='word_1_539' title='bbox 3621 2831 3828 2893; x_wconf 79' lang='lat' dir='ltr'><strong>totoque</strong></span> 
     </span>
    </p>
   </div>
   <div class='ocr_carea' id='block_1_73' title="bbox 2247 2891 3818 2973">
    <p class='ocr_par' dir='ltr' id='par_1_73' title="bbox 2247 2891 3818 2973">
     <span class='ocr_line' id='line_1_73' title="bbox 2247 2891 3818 2973; baseline 0.006 -18"><span class='ocrx_word' id='word_1_540' title='bbox 2247 2901 2519 2957; x_wconf 77' lang='lat' dir='ltr'><strong>desiderio</strong></span> <span class='ocrx_word' id='word_1_541' title='bbox 2548 2902 2800 2973; x_wconf 91' lang='lat' dir='ltr'><strong>amplecti</strong></span> <span class='ocrx_word' id='word_1_542' title='bbox 2846 2913 2920 2960; x_wconf 92' lang='lat' dir='ltr'><strong>te.</strong></span> <span class='ocrx_word' id='word_1_543' title='bbox 2955 2891 3074 2961; x_wconf 26' lang='lat' dir='ltr'><strong>Fac.</strong></span> <span class='ocrx_word' id='word_1_544' title='bbox 3092 2920 3178 2960; x_wconf 90' lang='lat' dir='ltr'><strong>me</strong></span> <span class='ocrx_word' id='word_1_545' title='bbox 3206 2908 3338 2962; x_wconf 87' lang='lat' dir='ltr'><strong>totis</strong></span> <span class='ocrx_word' id='word_1_546' title='bbox 3380 2909 3684 2966; x_wconf 88' lang='lat' dir='ltr'><strong>visceribus</strong></span> <span class='ocrx_word' id='word_1_547' title='bbox 3709 2891 3818 2966; x_wconf 74' lang='lat' dir='ltr'><strong>ser-</strong></span> 
     </span>
    </p>
   </div>
   <div class='ocr_carea' id='block_1_74' title="bbox 2247 2992 3820 3071">
    <p class='ocr_par' dir='ltr' id='par_1_74' title="bbox 2247 2992 3820 3071">
     <span class='ocr_line' id='line_1_74' title="bbox 2247 2992 3820 3071; baseline 0.006 -27"><span class='ocrx_word' id='word_1_548' title='bbox 2247 2993 2364 3046; x_wconf 86' lang='lat' dir='ltr'><strong>vire</strong></span> <span class='ocrx_word' id='word_1_549' title='bbox 2395 2992 2491 3046; x_wconf 92' lang='lat' dir='ltr'><strong>tibi</strong></span> <span class='ocrx_word' id='word_1_550' title='bbox 2525 2992 2646 3059; x_wconf 90' lang='lat' dir='ltr'><strong>soli,</strong></span> <span class='ocrx_word' id='word_1_551' title='bbox 2683 3002 2797 3049; x_wconf 92' lang='lat' dir='ltr'><strong>toto</strong></span> <span class='ocrx_word' id='word_1_552' title='bbox 2825 2995 3008 3050; x_wconf 90' lang='lat' dir='ltr'><strong>studio</strong></span> <span class='ocrx_word' id='word_1_553' title='bbox 3044 3010 3293 3066; x_wconf 69' lang='lat' dir='ltr'><strong>quaerere</strong></span> <span class='ocrx_word' id='word_1_554' title='bbox 3323 3013 3447 3069; x_wconf 73' lang='lat' dir='ltr'><strong>qua:</strong></span> <span class='ocrx_word' id='word_1_555' title='bbox 3488 2999 3820 3071; x_wconf 81' lang='lat' dir='ltr'><strong>beneplacita</strong></span> 
     </span>
    </p>
   </div>
   <div class='ocr_carea' id='block_1_75' title="bbox 2250 3086 3823 3158">
    <p class='ocr_par' dir='ltr' id='par_1_75' title="bbox 2250 3086 3823 3158">
     <span class='ocr_line' id='line_1_75' title="bbox 2250 3086 3823 3158; baseline 0.005 -20"><span class='ocrx_word' id='word_1_556' title='bbox 2250 3094 2373 3140; x_wconf 91' lang='lat' dir='ltr'><strong>sunt</strong></span> <span class='ocrx_word' id='word_1_557' title='bbox 2404 3099 2588 3140; x_wconf 90' lang='lat' dir='ltr'><strong>coram</strong></span> <span class='ocrx_word' id='word_1_558' title='bbox 2636 3093 2720 3151; x_wconf 87' lang='lat' dir='ltr'><strong>te;</strong></span> <span class='ocrx_word' id='word_1_559' title='bbox 2763 3086 2850 3141; x_wconf 91' lang='lat' dir='ltr'><strong>cui</strong></span> <span class='ocrx_word' id='word_1_560' title='bbox 2900 3102 3025 3143; x_wconf 93' lang='lat' dir='ltr'><strong>cum</strong></span> <span class='ocrx_word' id='word_1_561' title='bbox 3073 3087 3363 3158; x_wconf 88' lang='lat' dir='ltr'><strong>Unigenito</strong></span> <span class='ocrx_word' id='word_1_562' title='bbox 3393 3099 3486 3148; x_wconf 86' lang='lat' dir='ltr'><strong>tuo</strong></span> <span class='ocrx_word' id='word_1_563' title='bbox 3512 3101 3571 3147; x_wconf 92' lang='lat' dir='ltr'><strong>et</strong></span> <span class='ocrx_word' id='word_1_564' title='bbox 3610 3092 3823 3148; x_wconf 76' lang='lat' dir='ltr'><strong>Domino</strong></span> 
     </span>
    </p>
   </div>
   <div class='ocr_carea' id='block_1_76' title="bbox 2249 3179 3822 3255">
    <p class='ocr_par' dir='ltr' id='par_1_76' title="bbox 2249 3179 3822 3255">
     <span class='ocr_line' id='line_1_76' title="bbox 2249 3179 3822 3255; baseline 0.003 -21"><span class='ocrx_word' id='word_1_565' title='bbox 2249 3189 2435 3236; x_wconf 91' lang='lat' dir='ltr'><strong>nostro</strong></span> <span class='ocrx_word' id='word_1_566' title='bbox 2477 3179 2604 3236; x_wconf 74' lang='lat' dir='ltr'><strong>Iesu</strong></span> <span class='ocrx_word' id='word_1_567' title='bbox 2642 3179 2893 3250; x_wconf 87' lang='lat' dir='ltr'><strong>Christo,</strong></span> <span class='ocrx_word' id='word_1_568' title='bbox 2945 3191 3001 3237; x_wconf 92' lang='lat' dir='ltr'><strong>et</strong></span> <span class='ocrx_word' id='word_1_569' title='bbox 3043 3181 3252 3252; x_wconf 88' lang='lat' dir='ltr'><strong>Spiritu</strong></span> <span class='ocrx_word' id='word_1_570' title='bbox 3305 3195 3499 3240; x_wconf 88' lang='lat' dir='ltr'><strong>sancto</strong></span> <span class='ocrx_word' id='word_1_571' title='bbox 3550 3187 3822 3255; x_wconf 85' lang='lat' dir='ltr'><strong>paracleto</strong></span> 
     </span>
    </p>
   </div>
   <div class='ocr_carea' id='block_1_77' title="bbox 2247 3273 3818 3350">
    <p class='ocr_par' dir='ltr' id='par_1_77' title="bbox 2247 3273 3818 3350">
     <span class='ocr_line' id='line_1_77' title="bbox 2247 3273 3818 3350; baseline 0.003 -24"><span class='ocrx_word' id='word_1_572' title='bbox 2247 3273 2390 3327; x_wconf 89' lang='lat' dir='ltr'><strong>dono</strong></span> <span class='ocrx_word' id='word_1_573' title='bbox 2440 3273 2788 3330; x_wconf 86' lang='lat' dir='ltr'><strong>sanctissimo</strong></span> <span class='ocrx_word' id='word_1_574' title='bbox 2839 3284 2932 3330; x_wconf 91' lang='lat' dir='ltr'><strong>tuo</strong></span> <span class='ocrx_word' id='word_1_575' title='bbox 2976 3275 3158 3332; x_wconf 88' lang='lat' dir='ltr'><strong>omnis</strong></span> <span class='ocrx_word' id='word_1_576' title='bbox 3214 3277 3392 3332; x_wconf 86' lang='lat' dir='ltr'><strong>honor</strong></span> <span class='ocrx_word' id='word_1_577' title='bbox 3441 3287 3498 3334; x_wconf 91' lang='lat' dir='ltr'><strong>et</strong></span> <span class='ocrx_word' id='word_1_578' title='bbox 3543 3279 3714 3350; x_wconf 79' lang='lat' dir='ltr'><strong>gloria</strong></span> <span class='ocrx_word' id='word_1_579' title='bbox 3771 3279 3818 3332; x_wconf 83' lang='lat' dir='ltr'><strong>in</strong></span> 
     </span>
    </p>
   </div>
   <div class='ocr_carea' id='block_1_78' title="bbox 2243 3362 3038 3420">
    <p class='ocr_par' dir='ltr' id='par_1_78' title="bbox 2243 3362 3038 3420">
     <span class='ocr_line' id='line_1_78' title="bbox 2243 3362 3038 3420; baseline 0 -2"><span class='ocrx_word' id='word_1_580' title='bbox 2243 3362 2439 3418; x_wconf 67' lang='lat' dir='ltr'><strong>Stimula</strong></span> <span class='ocrx_word' id='word_1_581' title='bbox 2467 3363 2808 3419; x_wconf 71' lang='lat' dir='ltr'><strong>smculorum.</strong></span> <span class='ocrx_word' id='word_1_582' title='bbox 2843 3365 3038 3420; x_wconf 85' lang='lat' dir='ltr'><strong>Amen.</strong></span> 
     </span>
    </p>
   </div>
   <div class='ocr_carea' id='block_1_79' title="bbox 2632 3453 3435 3524">
    <p class='ocr_par' dir='ltr' id='par_1_79' title="bbox 2632 3453 3435 3524">
     <span class='ocr_line' id='line_1_79' title="bbox 2632 3453 3435 3524; baseline 0.002 -16"><span class='ocrx_word' id='word_1_583' title='bbox 2632 3455 2795 3524; x_wconf 75' lang='lat'><strong>217</strong></span> <span class='ocrx_word' id='word_1_584' title='bbox 2835 3453 3207 3511; x_wconf 82' lang='lat' dir='ltr'><strong>MEDITATIO</strong></span> <span class='ocrx_word' id='word_1_585' title='bbox 3244 3455 3316 3510; x_wconf 84' lang='lat' dir='ltr'><strong>Ix</strong></span> <span class='ocrx_word' id='word_1_586' title='bbox 3344 3457 3435 3510; x_wconf 79' lang='grc' dir='ltr'><strong>σιτ.</strong></span> 
     </span>
    </p>
   </div>
   <div class='ocr_carea' id='block_1_80' title="bbox 2699 3545 3530 3620">
    <p class='ocr_par' dir='ltr' id='par_1_80' title="bbox 2699 3545 3530 3620">
     <span class='ocr_line' id='line_1_80' title="bbox 2699 3545 3530 3620; baseline -0.002 -20"><span class='ocrx_word' id='word_1_587' title='bbox 2699 3545 2779 3601; x_wconf 72' lang='grc' dir='ltr'><em>οι</em></span> <span class='ocrx_word' id='word_1_588' title='bbox 2813 3545 3137 3600; x_wconf 79' lang='lat' dir='ltr'><strong>humanitate</strong></span> <span class='ocrx_word' id='word_1_589' title='bbox 3163 3545 3407 3600; x_wconf 42' lang='lat' dir='ltr'><strong>Christi,</strong></span> <span class='ocrx_word' id='word_1_590' title='bbox 3515 3606 3530 3620; x_wconf 49' lang='grc'><strong><em>⁸</em></strong></span> 
     </span>
    </p>
   </div>
   <div class='ocr_carea' id='block_1_81' title="bbox 2310 3637 3817 3699">
    <p class='ocr_par' dir='ltr' id='par_1_81' title="bbox 2310 3637 3817 3699">
     <span class='ocr_line' id='line_1_81' title="bbox 2310 3637 3817 3699; baseline 0.001 -6"><span class='ocrx_word' id='word_1_591' title='bbox 2310 3637 2495 3694; x_wconf 80' lang='lat' dir='ltr'><strong>Jesum</strong></span> <span class='ocrx_word' id='word_1_592' title='bbox 2517 3637 2860 3693; x_wconf 79' lang='lat' dir='ltr'><strong>Nazarenum</strong></span> <span class='ocrx_word' id='word_1_593' title='bbox 2889 3654 2918 3692; x_wconf 91' lang='lat' dir='ltr'><strong>a</strong></span> <span class='ocrx_word' id='word_1_594' title='bbox 2939 3638 3138 3694; x_wconf 74' lang='lat' dir='ltr'><strong>Judzeis</strong></span> <span class='ocrx_word' id='word_1_595' title='bbox 3165 3640 3488 3697; x_wconf 78' lang='lat' dir='ltr'><strong>innocenter</strong></span> <span class='ocrx_word' id='word_1_596' title='bbox 3509 3657 3610 3698; x_wconf 89' lang='lat' dir='ltr'><strong>cor</strong></span> <span class='ocrx_word' id='word_1_597' title='bbox 3623 3645 3817 3699; x_wconf 61' lang='lat' dir='ltr'><strong>demas.</strong></span> 
     </span>
    </p>
   </div>
   <div class='ocr_carea' id='block_1_82' title="bbox 2241 3729 3788 3800">
    <p class='ocr_par' dir='ltr' id='par_1_82' title="bbox 2241 3729 3788 3800">
     <span class='ocr_line' id='line_1_82' title="bbox 2241 3729 3788 3800; baseline 0.002 -16"><span class='ocrx_word' id='word_1_598' title='bbox 2241 3741 2376 3796; x_wconf 81' lang='lat' dir='ltr'><strong>tum,</strong></span> <span class='ocrx_word' id='word_1_599' title='bbox 2410 3745 2440 3784; x_wconf 90' lang='lat' dir='ltr'><strong>a</strong></span> <span class='ocrx_word' id='word_1_600' title='bbox 2470 3729 2720 3800; x_wconf 90' lang='lat' dir='ltr'><strong>gentibus</strong></span> <span class='ocrx_word' id='word_1_601' title='bbox 2746 3731 2894 3785; x_wconf 87' lang='lat' dir='ltr'><strong>cruci</strong></span> <span class='ocrx_word' id='word_1_602' title='bbox 2923 3729 3164 3795; x_wconf 76' lang='lat' dir='ltr'><strong>alﬁxum,</strong></span> <span class='ocrx_word' id='word_1_603' title='bbox 3189 3748 3290 3787; x_wconf 91' lang='lat' dir='ltr'><strong>nos</strong></span> <span class='ocrx_word' id='word_1_604' title='bbox 3317 3733 3617 3788; x_wconf 83' lang='lat' dir='ltr'><strong>Christiani</strong></span> <span class='ocrx_word' id='word_1_605' title='bbox 3647 3735 3715 3767; x_wconf 83' lang='grc'><strong>¹¹⁶</strong></span> <span class='ocrx_word' id='word_1_606' title='bbox 3741 3735 3788 3788; x_wconf 93' lang='lat' dir='ltr'><strong>di</strong></span> 
     </span>
    </p>
   </div>
   <div class='ocr_carea' id='block_1_83' title="bbox 2235 3822 3811 3892">
    <p class='ocr_par' dir='ltr' id='par_1_83' title="bbox 2235 3822 3811 3892">
     <span class='ocr_line' id='line_1_83' title="bbox 2235 3822 3811 3892; baseline 0 -16"><span class='ocrx_word' id='word_1_607' title='bbox 2235 3822 2379 3878; x_wconf 80' lang='lat' dir='ltr'><strong>vinis</strong></span> <span class='ocrx_word' id='word_1_608' title='bbox 2425 3822 2754 3877; x_wconf 89' lang='lat' dir='ltr'><strong>honoremns</strong></span> <span class='ocrx_word' id='word_1_609' title='bbox 2805 3822 3103 3892; x_wconf 84' lang='lat' dir='ltr'><strong>obsequiis.</strong></span> <span class='ocrx_word' id='word_1_610' title='bbox 3163 3823 3461 3880; x_wconf 80' lang='lat' dir='ltr'><strong>Salvatoris</strong></span> <span class='ocrx_word' id='word_1_611' title='bbox 3494 3826 3570 3861; x_wconf 80' lang='grc'><strong>⁸⁸⁸</strong></span> <span class='ocrx_word' id='word_1_612' title='bbox 3618 3826 3811 3880; x_wconf 78' lang='lat' dir='ltr'><strong>inﬁrma</strong></span> 
     </span>
    </p>
   </div>
   <div class='ocr_carea' id='block_1_84' title="bbox 2239 3912 3816 3983">
    <p class='ocr_par' dir='ltr' id='par_1_84' title="bbox 2239 3912 3816 3983">
     <span class='ocr_line' id='line_1_84' title="bbox 2239 3912 3816 3983; baseline 0.001 -15"><span class='ocrx_word' id='word_1_613' title='bbox 2239 3929 2360 3980; x_wconf 92' lang='lat' dir='ltr'><strong>nos,</strong></span> <span class='ocrx_word' id='word_1_614' title='bbox 2392 3913 2482 3983; x_wconf 90' lang='lat' dir='ltr'><strong>qui</strong></span> <span class='ocrx_word' id='word_1_615' title='bbox 2509 3912 2708 3968; x_wconf 89' lang='lat' dir='ltr'><strong>Christi</strong></span> <span class='ocrx_word' id='word_1_616' title='bbox 2748 3928 2956 3979; x_wconf 84' lang='lat' dir='ltr'><strong>sumus,</strong></span> <span class='ocrx_word' id='word_1_617' title='bbox 3007 3925 3322 3972; x_wconf 88' lang='lat' dir='ltr'><strong>reverenter</strong></span> <span class='ocrx_word' id='word_1_618' title='bbox 3348 3918 3621 3982; x_wconf 88' lang='lat' dir='ltr'><strong>venerari,</strong></span> <span class='ocrx_word' id='word_1_619' title='bbox 3649 3933 3816 3972; x_wconf 86' lang='lat' dir='ltr'><strong>aman-</strong></span> 
     </span>
    </p>
   </div>
   <div class='ocr_carea' id='block_1_85' title="bbox 2237 4003 3814 4079">
    <p class='ocr_par' dir='ltr' id='par_1_85' title="bbox 2237 4003 3814 4079">
     <span class='ocr_line' id='line_1_85' title="bbox 2237 4003 3814 4079; baseline 0 -18"><span class='ocrx_word' id='word_1_620' title='bbox 2237 4015 2318 4061; x_wconf 89' lang='lat' dir='ltr'><strong>ter</strong></span> <span class='ocrx_word' id='word_1_621' title='bbox 2347 4004 2629 4074; x_wconf 87' lang='lat' dir='ltr'><strong>amplecti,</strong></span> <span class='ocrx_word' id='word_1_622' title='bbox 2672 4003 2885 4061; x_wconf 85' lang='lat' dir='ltr'><strong>fortiter</strong></span> <span class='ocrx_word' id='word_1_623' title='bbox 2917 4006 3114 4064; x_wconf 85' lang='lat' dir='ltr'><strong>imitari</strong></span> <span class='ocrx_word' id='word_1_624' title='bbox 3153 4009 3370 4079; x_wconf 90' lang='lat' dir='ltr'><strong>dignum</strong></span> <span class='ocrx_word' id='word_1_625' title='bbox 3401 4018 3485 4064; x_wconf 86' lang='lat' dir='ltr'><strong>est</strong></span> <span class='ocrx_word' id='word_1_626' title='bbox 3522 4019 3583 4065; x_wconf 91' lang='lat' dir='ltr'><strong>et</strong></span> <span class='ocrx_word' id='word_1_627' title='bbox 3616 4009 3814 4065; x_wconf 82' lang='lat' dir='ltr'><strong>salubre</strong></span> 
     </span>
    </p>
   </div>
   <div class='ocr_carea' id='block_1_86' title="bbox 2234 4096 3811 4155">
    <p class='ocr_par' dir='ltr' id='par_1_86' title="bbox 2234 4096 3811 4155">
     <span class='ocr_line' id='line_1_86' title="bbox 2234 4096 3811 4155; baseline -0.001 -2"><span class='ocrx_word' id='word_1_628' title='bbox 2234 4106 2289 4154; x_wconf 92' lang='lat' dir='ltr'><strong>et</strong></span> <span class='ocrx_word' id='word_1_629' title='bbox 2312 4097 2688 4153; x_wconf 90' lang='lat' dir='ltr'><strong>honoriﬁcum.</strong></span> <span class='ocrx_word' id='word_1_630' title='bbox 2723 4096 2853 4152; x_wconf 66' lang='lat' dir='ltr'><strong>Haec</strong></span> <span class='ocrx_word' id='word_1_631' title='bbox 2875 4099 3019 4153; x_wconf 90' lang='lat' dir='ltr'><strong>enim</strong></span> <span class='ocrx_word' id='word_1_632' title='bbox 3050 4108 3177 4155; x_wconf 89' lang='lat' dir='ltr'><strong>sunt</strong></span> <span class='ocrx_word' id='word_1_633' title='bbox 3224 4101 3590 4155; x_wconf 84' lang='lat' dir='ltr'><strong>instrumenta</strong></span> <span class='ocrx_word' id='word_1_634' title='bbox 3643 4097 3811 4154; x_wconf 80' lang='lat' dir='ltr'><strong>fortis-</strong></span> 
     </span>
    </p>
   </div>
   <div class='ocr_carea' id='block_1_87' title="bbox 2235 4189 3811 4262">
    <p class='ocr_par' dir='ltr' id='par_1_87' title="bbox 2235 4189 3811 4262">
     <span class='ocr_line' id='line_1_87' title="bbox 2235 4189 3811 4262; baseline -0.001 -18"><span class='ocrx_word' id='word_1_635' title='bbox 2235 4189 2401 4256; x_wconf 89' lang='lat' dir='ltr'><strong>sima;</strong></span> <span class='ocrx_word' id='word_1_636' title='bbox 2457 4189 2652 4259; x_wconf 91' lang='lat' dir='ltr'><strong>quibus</strong></span> <span class='ocrx_word' id='word_1_637' title='bbox 2694 4190 3041 4258; x_wconf 88' lang='lat' dir='ltr'><strong>omnipotens</strong></span> <span class='ocrx_word' id='word_1_638' title='bbox 3086 4192 3277 4255; x_wconf 87' lang='lat' dir='ltr'><strong>virtus,</strong></span> <span class='ocrx_word' id='word_1_639' title='bbox 3317 4200 3372 4247; x_wconf 92' lang='lat' dir='ltr'><strong>et</strong></span> <span class='ocrx_word' id='word_1_640' title='bbox 3431 4189 3811 4262; x_wconf 72' lang='lat' dir='ltr'><strong>investigabilis</strong></span> 
     </span>
    </p>
   </div>
   <div class='ocr_carea' id='block_1_88' title="bbox 2233 4279 3813 4352">
    <p class='ocr_par' dir='ltr' id='par_1_88' title="bbox 2233 4279 3813 4352">
     <span class='ocr_line' id='line_1_88' title="bbox 2233 4279 3813 4352; baseline 0 -18"><span class='ocrx_word' id='word_1_641' title='bbox 2233 4279 2500 4350; x_wconf 86' lang='lat' dir='ltr'><strong>sapientia</strong></span> <span class='ocrx_word' id='word_1_642' title='bbox 2553 4279 2647 4335; x_wconf 91' lang='lat' dir='ltr'><strong>Dei</strong></span> <span class='ocrx_word' id='word_1_643' title='bbox 2709 4281 3158 4335; x_wconf 88' lang='lat' dir='ltr'><strong>restaurationem</strong></span> <span class='ocrx_word' id='word_1_644' title='bbox 3216 4282 3402 4337; x_wconf 89' lang='lat' dir='ltr'><strong>mundi</strong></span> <span class='ocrx_word' id='word_1_645' title='bbox 3458 4291 3716 4352; x_wconf 74' lang='lat' dir='ltr'><strong>potenter</strong></span> <span class='ocrx_word' id='word_1_646' title='bbox 3754 4293 3813 4334; x_wconf 81' lang='lat' dir='ltr'><strong>ac</strong></span> 
     </span>
    </p>
   </div>
   <div class='ocr_carea' id='block_1_89' title="bbox 546 4371 2145 4460">
    <p class='ocr_par' dir='ltr' id='par_1_89' title="bbox 546 4375 2130 4450">
     <span class='ocr_line' id='line_1_89' title="bbox 546 4375 2130 4450; baseline 0.006 -24"><span class='ocrx_word' id='word_1_647' title='bbox 546 4376 695 4441; x_wconf 90' lang='lat' dir='ltr'><strong>dum,</strong></span> <span class='ocrx_word' id='word_1_648' title='bbox 731 4377 782 4429; x_wconf 91' lang='lat' dir='ltr'><strong>in</strong></span> <span class='ocrx_word' id='word_1_649' title='bbox 837 4379 992 4450; x_wconf 88' lang='lat' dir='ltr'><strong>cujus</strong></span> <span class='ocrx_word' id='word_1_650' title='bbox 1046 4376 1217 4433; x_wconf 90' lang='lat' dir='ltr'><strong>oculis</strong></span> <span class='ocrx_word' id='word_1_651' title='bbox 1267 4375 1425 4430; x_wconf 87' lang='lat' dir='ltr'><strong>facile</strong></span> <span class='ocrx_word' id='word_1_652' title='bbox 1471 4385 1556 4433; x_wconf 86' lang='lat' dir='ltr'><strong>est</strong></span> <span class='ocrx_word' id='word_1_653' title='bbox 1602 4377 1780 4433; x_wconf 86' lang='lat' dir='ltr'><strong>subito</strong></span> <span class='ocrx_word' id='word_1_654' title='bbox 1840 4378 2130 4436; x_wconf 90' lang='lat' dir='ltr'><strong>honestare</strong></span> 
     </span>
    </p>
   </div>
   <div class='ocr_carea' id='block_1_90' title="bbox 2247 4371 3809 4460">
    <p class='ocr_par' dir='ltr' id='par_1_90' title="bbox 2247 4371 3809 4442">
     <span class='ocr_line' id='line_1_90' title="bbox 2247 4371 3809 4442; baseline 0 -18"><span class='ocrx_word' id='word_1_655' title='bbox 2247 4371 2463 4426; x_wconf 86' lang='lat' dir='ltr'><strong>miriﬁce</strong></span> <span class='ocrx_word' id='word_1_656' title='bbox 2490 4381 2712 4441; x_wconf 83' lang='lat' dir='ltr'><strong>operata</strong></span> <span class='ocrx_word' id='word_1_657' title='bbox 2741 4385 2846 4438; x_wconf 74' lang='grc' dir='ltr'><strong>ρει,</strong></span> <span class='ocrx_word' id='word_1_658' title='bbox 2869 4381 2924 4428; x_wconf 93' lang='lat' dir='ltr'><strong>et</strong></span> <span class='ocrx_word' id='word_1_659' title='bbox 2947 4386 3118 4442; x_wconf 88' lang='lat' dir='ltr'><strong>usque</strong></span> <span class='ocrx_word' id='word_1_660' title='bbox 3144 4373 3304 4428; x_wconf 91' lang='lat' dir='ltr'><strong>modo</strong></span> <span class='ocrx_word' id='word_1_661' title='bbox 3339 4383 3624 4442; x_wconf 88' lang='lat' dir='ltr'><strong>operatur.</strong></span> <span class='ocrx_word' id='word_1_662' title='bbox 3668 4373 3809 4427; x_wconf 82' lang='lat' dir='ltr'><strong>Curi-</strong></span> 
     </span>
    </p>
   </div>
   <div class='ocr_carea' id='block_1_91' title="bbox 586 4480 860 4521">
    <p class='ocr_par' dir='ltr' id='par_1_91' title="bbox 586 4480 860 4521">
     <span class='ocr_line' id='line_1_91' title="bbox 586 4480 860 4521; baseline 0.015 -4"><span class='ocrx_word' id='word_1_663' title='bbox 586 4480 860 4521; x_wconf 87' lang='lat' dir='ltr'><strong>auDerem.</strong></span> 
     </span>
    </p>
   </div>
   <div class='ocr_carea' id='block_1_92' title="bbox 544 4478 2126 4626">
    <p class='ocr_par' dir='ltr' id='par_1_92' title="bbox 544 4478 2126 4626">
     <span class='ocr_line' id='line_1_92' title="bbox 586 4480 1228 4521; baseline 0.016 -4"><span class='ocrx_word' id='word_1_664' title='bbox 586 4481 649 4518; x_wconf 86' lang='lat' dir='ltr'><strong>au</strong></span> <span class='ocrx_word' id='word_1_665' title='bbox 690 4480 860 4521; x_wconf 91' lang='lat' dir='ltr'><strong>erem.</strong></span> <span class='ocrx_word' id='word_1_666' title='bbox 1226 4490 1228 4492; x_wconf 48' lang='grc' dir='ltr'><strong><em>ν</em></strong></span> 
     </span>
     <span class='ocr_line' id='line_1_93' title="bbox 544 4478 2126 4626; baseline 0.004 -18"><span class='ocrx_word' id='word_1_667' title='bbox 544 4478 580 4532; x_wconf 71' lang='lat' dir='ltr'><strong>p</strong></span> <span class='ocrx_word' id='word_1_668' title='bbox 618 4480 735 4611; x_wconf 48' lang='lat' dir='ltr'><strong>Nion</strong></span> <span class='ocrx_word' id='word_1_669' title='bbox 784 4555 986 4626; x_wconf 88' lang='lat' dir='ltr'><strong>aliquid</strong></span> <span class='ocrx_word' id='word_1_670' title='bbox 1020 4556 1166 4610; x_wconf 88' lang='lat' dir='ltr'><strong>aliud</strong></span> <span class='ocrx_word' id='word_1_671' title='bbox 1196 4571 1442 4626; x_wconf 91' lang='lat' dir='ltr'><strong>possum,</strong></span> <span class='ocrx_word' id='word_1_672' title='bbox 1486 4556 1914 4612; x_wconf 72' lang='lat' dir='ltr'><strong>clementissime</strong></span> <span class='ocrx_word' id='word_1_673' title='bbox 1961 4557 2126 4626; x_wconf 85' lang='lat' dir='ltr'><strong>Deus,</strong></span> 
     </span>
    </p>
   </div>
   <div class='ocr_carea' id='block_1_93' title="bbox 543 4645 2128 4718">
    <p class='ocr_par' dir='ltr' id='par_1_93' title="bbox 543 4645 2128 4718">
     <span class='ocr_line' id='line_1_94' title="bbox 543 4645 2128 4718; baseline 0.005 -20"><span class='ocrx_word' id='word_1_674' title='bbox 543 4645 740 4701; x_wconf 85' lang='lat' dir='ltr'><strong>olI&#39;erre</strong></span> <span class='ocrx_word' id='word_1_675' title='bbox 775 4647 890 4711; x_wconf 91' lang='lat' dir='ltr'><strong>tibi,</strong></span> <span class='ocrx_word' id='word_1_676' title='bbox 928 4647 1032 4701; x_wconf 88' lang='lat' dir='ltr'><strong>nisi</strong></span> <span class='ocrx_word' id='word_1_677' title='bbox 1069 4647 1448 4716; x_wconf 89' lang='lat' dir='ltr'><strong>memetipsum</strong></span> <span class='ocrx_word' id='word_1_678' title='bbox 1482 4647 1664 4718; x_wconf 84' lang='lat' dir='ltr'><strong>qualis</strong></span> <span class='ocrx_word' id='word_1_679' title='bbox 1694 4664 1834 4712; x_wconf 91' lang='lat' dir='ltr'><strong>sum,</strong></span> <span class='ocrx_word' id='word_1_680' title='bbox 1866 4659 2128 4706; x_wconf 86' lang='lat' dir='ltr'><strong>etosten-</strong></span> 
     </span>
    </p>
   </div>
   <div class='ocr_carea' id='block_1_94' title="bbox 541 4735 2128 4815">
    <p class='ocr_par' dir='ltr' id='par_1_94' title="bbox 541 4735 2128 4815">
     <span class='ocr_line' id='line_1_95' title="bbox 541 4735 2128 4815; baseline 0.004 -24"><span class='ocrx_word' id='word_1_681' title='bbox 541 4738 672 4792; x_wconf 88' lang='lat' dir='ltr'><strong>dere</strong></span> <span class='ocrx_word' id='word_1_682' title='bbox 703 4744 930 4790; x_wconf 88' lang='lat' dir='ltr'><strong>mortem</strong></span> <span class='ocrx_word' id='word_1_683' title='bbox 962 4743 1016 4791; x_wconf 89' lang='lat' dir='ltr'><strong>et</strong></span> <span class='ocrx_word' id='word_1_684' title='bbox 1055 4735 1278 4790; x_wconf 91' lang='lat' dir='ltr'><strong>vulnera</strong></span> <span class='ocrx_word' id='word_1_685' title='bbox 1317 4751 1458 4804; x_wconf 88' lang='lat' dir='ltr'><strong>mea,</strong></span> <span class='ocrx_word' id='word_1_686' title='bbox 1486 4737 1786 4793; x_wconf 87' lang='lat' dir='ltr'><strong>nuditatem</strong></span> <span class='ocrx_word' id='word_1_687' title='bbox 1814 4747 1868 4795; x_wconf 93' lang='lat' dir='ltr'><strong>et</strong></span> <span class='ocrx_word' id='word_1_688' title='bbox 1889 4755 2128 4815; x_wconf 84' lang='lat' dir='ltr'><strong>pauper-</strong></span> 
     </span>
    </p>
   </div>
   <div class='ocr_carea' id='block_1_95' title="bbox 542 4827 2120 4901">
    <p class='ocr_par' dir='ltr' id='par_1_95' title="bbox 542 4827 2120 4901">
     <span class='ocr_line' id='line_1_96' title="bbox 542 4827 2120 4901; baseline 0.006 -21"><span class='ocrx_word' id='word_1_689' title='bbox 542 4835 708 4881; x_wconf 88' lang='lat' dir='ltr'><strong>tatem</strong></span> <span class='ocrx_word' id='word_1_690' title='bbox 738 4841 937 4892; x_wconf 88' lang='lat' dir='ltr'><strong>meam,</strong></span> <span class='ocrx_word' id='word_1_691' title='bbox 971 4836 1027 4884; x_wconf 88' lang='lat' dir='ltr'><strong>et</strong></span> <span class='ocrx_word' id='word_1_692' title='bbox 1051 4827 1228 4882; x_wconf 88' lang='lat' dir='ltr'><strong>debita</strong></span> <span class='ocrx_word' id='word_1_693' title='bbox 1259 4841 1399 4895; x_wconf 87' lang='lat' dir='ltr'><strong>mea,</strong></span> <span class='ocrx_word' id='word_1_694' title='bbox 1450 4829 1748 4884; x_wconf 76' lang='lat' dir='ltr'><strong>secundant</strong></span> <span class='ocrx_word' id='word_1_695' title='bbox 1776 4846 1896 4901; x_wconf 82' lang='lat' dir='ltr'><strong>quae</strong></span> <span class='ocrx_word' id='word_1_696' title='bbox 1930 4847 2120 4891; x_wconf 90' lang='lat' dir='ltr'><strong>carce-</strong></span> 
     </span>
    </p>
   </div>
   <div class='ocr_carea' id='block_1_96' title="bbox 539 4917 2122 4993">
    <p class='ocr_par' dir='ltr' id='par_1_96' title="bbox 539 4917 2122 4993">
     <span class='ocr_line' id='line_1_97' title="bbox 539 4917 2122 4993; baseline 0.006 -21"><span class='ocrx_word' id='word_1_697' title='bbox 539 4933 656 4972; x_wconf 91' lang='lat' dir='ltr'><strong>rem</strong></span> <span class='ocrx_word' id='word_1_698' title='bbox 704 4919 895 4974; x_wconf 91' lang='lat' dir='ltr'><strong>mortis</strong></span> <span class='ocrx_word' id='word_1_699' title='bbox 938 4930 1156 4974; x_wconf 72' lang='lat' dir='ltr'><strong>aeternae</strong></span> <span class='ocrx_word' id='word_1_700' title='bbox 1206 4919 1387 4974; x_wconf 90' lang='lat' dir='ltr'><strong>timeo.</strong></span> <span class='ocrx_word' id='word_1_701' title='bbox 1420 4917 1658 4976; x_wconf 89' lang='lat' dir='ltr'><strong>Ostende</strong></span> <span class='ocrx_word' id='word_1_702' title='bbox 1706 4921 1888 4993; x_wconf 85' lang='lat' dir='ltr'><strong>itaque</strong></span> <span class='ocrx_word' id='word_1_703' title='bbox 1935 4925 2122 4982; x_wconf 91' lang='lat' dir='ltr'><strong>oculos</strong></span> 
     </span>
    </p>
   </div>
   <div class='ocr_carea' id='block_1_97' title="bbox 537 5010 2122 5088">
    <p class='ocr_par' dir='ltr' id='par_1_97' title="bbox 537 5010 2122 5088">
     <span class='ocr_line' id='line_1_98' title="bbox 537 5010 2122 5088; baseline 0.004 -22"><span class='ocrx_word' id='word_1_704' title='bbox 537 5020 645 5066; x_wconf 85' lang='lat' dir='ltr'><strong>tuae</strong></span> <span class='ocrx_word' id='word_1_705' title='bbox 671 5011 1076 5078; x_wconf 64' lang='lat' dir='ltr'><strong>misericordiae,</strong></span> <span class='ocrx_word' id='word_1_706' title='bbox 1126 5011 1170 5067; x_wconf 89' lang='lat' dir='ltr'><strong>si</strong></span> <span class='ocrx_word' id='word_1_707' title='bbox 1201 5010 1473 5081; x_wconf 88' lang='lat' dir='ltr'><strong>quomodo</strong></span> <span class='ocrx_word' id='word_1_708' title='bbox 1503 5016 1850 5070; x_wconf 82' lang='lat' dir='ltr'><strong>converteris</strong></span> <span class='ocrx_word' id='word_1_709' title='bbox 1874 5027 1929 5072; x_wconf 93' lang='lat' dir='ltr'><strong>et</strong></span> <span class='ocrx_word' id='word_1_710' title='bbox 1964 5018 2122 5088; x_wconf 82' lang='lat' dir='ltr'><strong>igno-</strong></span> 
     </span>
    </p>
   </div>
   <div class='ocr_carea' id='block_1_98' title="bbox 537 5103 2119 5181">
    <p class='ocr_par' dir='ltr' id='par_1_98' title="bbox 537 5103 2119 5181">
     <span class='ocr_line' id='line_1_99' title="bbox 537 5103 2119 5181; baseline 0.004 -21"><span class='ocrx_word' id='word_1_711' title='bbox 537 5119 681 5171; x_wconf 86' lang='lat' dir='ltr'><strong>scas,</strong></span> <span class='ocrx_word' id='word_1_712' title='bbox 735 5109 792 5160; x_wconf 85' lang='lat' dir='ltr'><strong>et</strong></span> <span class='ocrx_word' id='word_1_713' title='bbox 834 5103 1086 5160; x_wconf 87' lang='lat' dir='ltr'><strong>infundas</strong></span> <span class='ocrx_word' id='word_1_714' title='bbox 1129 5103 1356 5175; x_wconf 88' lang='lat' dir='ltr'><strong>gratiam</strong></span> <span class='ocrx_word' id='word_1_715' title='bbox 1396 5103 1756 5163; x_wconf 85' lang='lat' dir='ltr'><strong>beatitudinis</strong></span> <span class='ocrx_word' id='word_1_716' title='bbox 1806 5116 1910 5164; x_wconf 68' lang='lat' dir='ltr'><strong>tua:</strong></span> <span class='ocrx_word' id='word_1_717' title='bbox 1957 5125 2119 5181; x_wconf 91' lang='lat' dir='ltr'><strong>super</strong></span> 
     </span>
    </p>
   </div>
   <div class='ocr_carea' id='block_1_99' title="bbox 534 5194 2118 5268">
    <p class='ocr_par' dir='ltr' id='par_1_99' title="bbox 534 5194 2118 5268">
     <span class='ocr_line' id='line_1_100' title="bbox 534 5194 2118 5268; baseline 0.005 -18"><span class='ocrx_word' id='word_1_718' title='bbox 534 5212 643 5251; x_wconf 90' lang='lat' dir='ltr'><strong>me.</strong></span> <span class='ocrx_word' id='word_1_719' title='bbox 689 5194 802 5268; x_wconf 82' lang='lat' dir='ltr'><strong>Nec</strong></span> <span class='ocrx_word' id='word_1_720' title='bbox 849 5196 994 5253; x_wconf 91' lang='lat' dir='ltr'><strong>enim</strong></span> <span class='ocrx_word' id='word_1_721' title='bbox 1023 5206 1350 5252; x_wconf 80' lang='lat' dir='ltr'><strong>convertere</strong></span> <span class='ocrx_word' id='word_1_722' title='bbox 1382 5211 1468 5252; x_wconf 91' lang='lat' dir='ltr'><strong>me</strong></span> <span class='ocrx_word' id='word_1_723' title='bbox 1513 5212 1734 5268; x_wconf 89' lang='lat' dir='ltr'><strong>possum</strong></span> <span class='ocrx_word' id='word_1_724' title='bbox 1764 5199 1831 5254; x_wconf 90' lang='lat' dir='ltr'><strong>ad</strong></span> <span class='ocrx_word' id='word_1_725' title='bbox 1861 5209 1912 5256; x_wconf 91' lang='lat' dir='ltr'><strong>te</strong></span> <span class='ocrx_word' id='word_1_726' title='bbox 1959 5210 2036 5256; x_wconf 90' lang='lat' dir='ltr'><strong>tot</strong></span> <span class='ocrx_word' id='word_1_727' title='bbox 2063 5210 2118 5258; x_wconf 90' lang='lat' dir='ltr'><strong>et</strong></span> 
     </span>
    </p>
   </div>
   <div class='ocr_carea' id='block_1_100' title="bbox 2234 4462 3807 4534">
    <p class='ocr_par' dir='ltr' id='par_1_100' title="bbox 2234 4462 3807 4534">
     <span class='ocr_line' id='line_1_101' title="bbox 2234 4462 3807 4534; baseline -0.003 -17"><span class='ocrx_word' id='word_1_728' title='bbox 2234 4474 2353 4520; x_wconf 90' lang='lat' dir='ltr'><strong>stus</strong></span> <span class='ocrx_word' id='word_1_729' title='bbox 2382 4465 2642 4520; x_wconf 89' lang='lat' dir='ltr'><strong>Dominus</strong></span> <span class='ocrx_word' id='word_1_730' title='bbox 2687 4464 2989 4518; x_wconf 88' lang='lat' dir='ltr'><strong>minoratus</strong></span> <span class='ocrx_word' id='word_1_731' title='bbox 3027 4473 3109 4518; x_wconf 90' lang='lat' dir='ltr'><strong>est</strong></span> <span class='ocrx_word' id='word_1_732' title='bbox 3139 4462 3480 4534; x_wconf 83' lang='lat' dir='ltr'><strong>paulomiuus</strong></span> <span class='ocrx_word' id='word_1_733' title='bbox 3524 4462 3599 4518; x_wconf 87' lang='lat' dir='ltr'><strong>ab</strong></span> <span class='ocrx_word' id='word_1_734' title='bbox 3625 4462 3694 4494; x_wconf 74' lang='grc'><strong>⁸⁸⁸</strong></span> <span class='ocrx_word' id='word_1_735' title='bbox 3721 4475 3807 4513; x_wconf 81' lang='lat' dir='ltr'><strong>an-</strong></span> 
     </span>
    </p>
   </div>
   <div class='ocr_carea' id='block_1_101' title="bbox 2233 4551 3804 4628">
    <p class='ocr_par' dir='ltr' id='par_1_101' title="bbox 2233 4551 3804 4628">
     <span class='ocr_line' id='line_1_102' title="bbox 2233 4551 3804 4628; baseline -0.004 -19"><span class='ocrx_word' id='word_1_736' title='bbox 2233 4554 2386 4628; x_wconf 88' lang='lat' dir='ltr'><strong>gelis,</strong></span> <span class='ocrx_word' id='word_1_737' title='bbox 2417 4565 2474 4610; x_wconf 89' lang='lat' dir='ltr'><strong>ut</strong></span> <span class='ocrx_word' id='word_1_738' title='bbox 2504 4570 2604 4610; x_wconf 91' lang='lat' dir='ltr'><strong>nos</strong></span> <span class='ocrx_word' id='word_1_739' title='bbox 2631 4563 2872 4625; x_wconf 70' lang='lat' dir='ltr'><strong>aequaret</strong></span> <span class='ocrx_word' id='word_1_740' title='bbox 2901 4553 3127 4625; x_wconf 71' lang='lat' dir='ltr'><strong>angelis,</strong></span> <span class='ocrx_word' id='word_1_741' title='bbox 3158 4563 3212 4608; x_wconf 88' lang='lat' dir='ltr'><strong>et</strong></span> <span class='ocrx_word' id='word_1_742' title='bbox 3239 4555 3365 4624; x_wconf 89' lang='lat' dir='ltr'><strong>quis</strong></span> <span class='ocrx_word' id='word_1_743' title='bbox 3392 4562 3626 4624; x_wconf 77' lang='lat' dir='ltr'><strong>propter</strong></span> <span class='ocrx_word' id='word_1_744' title='bbox 3659 4551 3804 4608; x_wconf 84' lang='lat' dir='ltr'><strong>Chri-</strong></span> 
     </span>
    </p>
   </div>
   <div class='ocr_carea' id='block_1_102' title="bbox 2231 4643 3805 4716">
    <p class='ocr_par' dir='ltr' id='par_1_102' title="bbox 2231 4643 3805 4716">
     <span class='ocr_line' id='line_1_103' title="bbox 2231 4643 3805 4716; baseline -0.005 -14"><span class='ocrx_word' id='word_1_745' title='bbox 2231 4655 2376 4702; x_wconf 84' lang='lat' dir='ltr'><strong>stum</strong></span> <span class='ocrx_word' id='word_1_746' title='bbox 2407 4661 2468 4700; x_wconf 92' lang='lat' dir='ltr'><strong>se</strong></span> <span class='ocrx_word' id='word_1_747' title='bbox 2497 4663 2602 4703; x_wconf 88' lang='lat' dir='ltr'><strong>non</strong></span> <span class='ocrx_word' id='word_1_748' title='bbox 2627 4645 2910 4702; x_wconf 88' lang='lat' dir='ltr'><strong>humiliet?</strong></span> <span class='ocrx_word' id='word_1_749' title='bbox 2939 4644 3187 4700; x_wconf 87' lang='lat' dir='ltr'><strong>Christus</strong></span> <span class='ocrx_word' id='word_1_750' title='bbox 3209 4643 3468 4700; x_wconf 89' lang='lat' dir='ltr'><strong>Dominus</strong></span> <span class='ocrx_word' id='word_1_751' title='bbox 3495 4659 3606 4714; x_wconf 86' lang='lat' dir='ltr'><strong>pro</strong></span> <span class='ocrx_word' id='word_1_752' title='bbox 3627 4655 3805 4716; x_wconf 78' lang='lat' dir='ltr'><strong>pecca-</strong></span> 
     </span>
    </p>
   </div>
   <div class='ocr_carea' id='block_1_103' title="bbox 2231 4733 3803 4802">
    <p class='ocr_par' dir='ltr' id='par_1_103' title="bbox 2231 4733 3803 4802">
     <span class='ocr_line' id='line_1_104' title="bbox 2231 4733 3803 4802; baseline -0.006 -10"><span class='ocrx_word' id='word_1_753' title='bbox 2231 4738 2300 4792; x_wconf 93' lang='lat' dir='ltr'><strong>tis</strong></span> <span class='ocrx_word' id='word_1_754' title='bbox 2329 4738 2531 4792; x_wconf 89' lang='lat' dir='ltr'><strong>nostris</strong></span> <span class='ocrx_word' id='word_1_755' title='bbox 2556 4733 2849 4792; x_wconf 77' lang='lat' dir='ltr'><strong>cruciﬁxus</strong></span> <span class='ocrx_word' id='word_1_756' title='bbox 2880 4744 2984 4802; x_wconf 86' lang='lat' dir='ltr'><strong>est,</strong></span> <span class='ocrx_word' id='word_1_757' title='bbox 3013 4743 3069 4790; x_wconf 86' lang='lat' dir='ltr'><strong>et</strong></span> <span class='ocrx_word' id='word_1_758' title='bbox 3093 4735 3276 4790; x_wconf 88' lang='lat' dir='ltr'><strong>crucis</strong></span> <span class='ocrx_word' id='word_1_759' title='bbox 3303 4749 3492 4789; x_wconf 87' lang='lat' dir='ltr'><strong>amara</strong></span> <span class='ocrx_word' id='word_1_760' title='bbox 3523 4735 3643 4801; x_wconf 75' lang='lat' dir='ltr'><strong>suis</strong></span> <span class='ocrx_word' id='word_1_761' title='bbox 3667 4746 3803 4788; x_wconf 77' lang='lat' dir='ltr'><strong>ama-</strong></span> 
     </span>
    </p>
   </div>
   <div class='ocr_carea' id='block_1_104' title="bbox 2230 4829 3801 4894">
    <p class='ocr_par' dir='ltr' id='par_1_104' title="bbox 2230 4829 3801 4894">
     <span class='ocr_line' id='line_1_105' title="bbox 2230 4829 3801 4894; baseline -0.003 -9"><span class='ocrx_word' id='word_1_762' title='bbox 2230 4831 2437 4885; x_wconf 90' lang='lat' dir='ltr'><strong>toribus</strong></span> <span class='ocrx_word' id='word_1_763' title='bbox 2465 4829 2796 4894; x_wconf 88' lang='lat' dir='ltr'><strong>dulcoravit;</strong></span> <span class='ocrx_word' id='word_1_764' title='bbox 2841 4838 3085 4884; x_wconf 87' lang='lat' dir='ltr'><strong>mortuus</strong></span> <span class='ocrx_word' id='word_1_765' title='bbox 3113 4836 3216 4894; x_wconf 75' lang='lat' dir='ltr'><strong>eet,</strong></span> <span class='ocrx_word' id='word_1_766' title='bbox 3257 4838 3313 4884; x_wconf 89' lang='lat' dir='ltr'><strong>et</strong></span> <span class='ocrx_word' id='word_1_767' title='bbox 3344 4839 3582 4884; x_wconf 89' lang='lat' dir='ltr'><strong>mortem</strong></span> <span class='ocrx_word' id='word_1_768' title='bbox 3621 4841 3801 4884; x_wconf 67' lang='lat' dir='ltr'><strong>eaeea-</strong></span> 
     </span>
    </p>
   </div>
   <div class='ocr_carea' id='block_1_105' title="bbox 2225 4920 3801 4993">
    <p class='ocr_par' dir='ltr' id='par_1_105' title="bbox 2225 4920 3801 4993">
     <span class='ocr_line' id='line_1_106' title="bbox 2225 4920 3801 4993; baseline 0.001 -17"><span class='ocrx_word' id='word_1_769' title='bbox 2225 4923 2412 4987; x_wconf 12' lang='lat' dir='ltr'><strong>vit,rut</strong></span> <span class='ocrx_word' id='word_1_770' title='bbox 2444 4923 2749 4978; x_wconf 85' lang='lat' dir='ltr'><strong>viveremus</strong></span> <span class='ocrx_word' id='word_1_771' title='bbox 2777 4937 2874 4990; x_wconf 87' lang='lat' dir='ltr'><strong>per</strong></span> <span class='ocrx_word' id='word_1_772' title='bbox 2902 4922 3088 4988; x_wconf 87' lang='lat' dir='ltr'><strong>illum;</strong></span> <span class='ocrx_word' id='word_1_773' title='bbox 3120 4933 3175 4977; x_wconf 93' lang='lat' dir='ltr'><strong>et</strong></span> <span class='ocrx_word' id='word_1_774' title='bbox 3201 4924 3322 4993; x_wconf 87' lang='lat' dir='ltr'><strong>quis</strong></span> <span class='ocrx_word' id='word_1_775' title='bbox 3353 4937 3461 4977; x_wconf 88' lang='lat' dir='ltr'><strong>non</strong></span> <span class='ocrx_word' id='word_1_776' title='bbox 3484 4936 3633 4978; x_wconf 87' lang='lat' dir='ltr'><strong>amet</strong></span> <span class='ocrx_word' id='word_1_777' title='bbox 3658 4920 3801 4978; x_wconf 73' lang='lat' dir='ltr'><strong>Chri-</strong></span> 
     </span>
    </p>
   </div>
   <div class='ocr_carea' id='block_1_106' title="bbox 2223 5013 3799 5087">
    <p class='ocr_par' dir='ltr' id='par_1_106' title="bbox 2223 5013 3799 5087">
     <span class='ocr_line' id='line_1_107' title="bbox 2223 5013 3799 5087; baseline -0.004 -14"><span class='ocrx_word' id='word_1_778' title='bbox 2223 5026 2366 5073; x_wconf 91' lang='lat' dir='ltr'><strong>stum</strong></span> <span class='ocrx_word' id='word_1_779' title='bbox 2397 5014 2719 5070; x_wconf 81' lang='lat' dir='ltr'><strong>Dominum?</strong></span> <span class='ocrx_word' id='word_1_780' title='bbox 2768 5016 2891 5085; x_wconf 90' lang='lat' dir='ltr'><strong>quis</strong></span> <span class='ocrx_word' id='word_1_781' title='bbox 2941 5032 3046 5071; x_wconf 91' lang='lat' dir='ltr'><strong>non</strong></span> <span class='ocrx_word' id='word_1_782' title='bbox 3078 5016 3316 5085; x_wconf 87' lang='lat' dir='ltr'><strong>patiatur</strong></span> <span class='ocrx_word' id='word_1_783' title='bbox 3341 5031 3442 5087; x_wconf 89' lang='lat' dir='ltr'><strong>pro</strong></span> <span class='ocrx_word' id='word_1_784' title='bbox 3462 5016 3688 5073; x_wconf 89' lang='lat' dir='ltr'><strong>Christo</strong></span> <span class='ocrx_word' id='word_1_785' title='bbox 3706 5013 3799 5067; x_wconf 63' lang='grc' dir='ltr'><strong>ων</strong></span> 
     </span>
    </p>
   </div>
   <div class='ocr_carea' id='block_1_107' title="bbox 2219 5089 3799 5179">
    <p class='ocr_par' dir='ltr' id='par_1_107' title="bbox 2219 5089 3799 5179">
     <span class='ocr_line' id='line_1_108' title="bbox 2219 5089 3799 5179; baseline -0.002 -15"><span class='ocrx_word' id='word_1_786' title='bbox 2219 5107 2468 5164; x_wconf 88' lang='lat' dir='ltr'><strong>Christus</strong></span> <span class='ocrx_word' id='word_1_787' title='bbox 2497 5089 2595 5176; x_wconf 87' lang='lat' dir='ltr'><strong>per</strong></span> <span class='ocrx_word' id='word_1_788' title='bbox 2621 5107 2802 5162; x_wconf 89' lang='lat' dir='ltr'><strong>crucis</strong></span> <span class='ocrx_word' id='word_1_789' title='bbox 2832 5106 3182 5178; x_wconf 87' lang='lat' dir='ltr'><strong>ignominiam</strong></span> <span class='ocrx_word' id='word_1_790' title='bbox 3213 5107 3282 5162; x_wconf 85' lang='lat' dir='ltr'><strong>ad</strong></span> <span class='ocrx_word' id='word_1_791' title='bbox 3308 5122 3561 5179; x_wconf 80' lang='lat' dir='ltr'><strong>supernae</strong></span> <span class='ocrx_word' id='word_1_792' title='bbox 3589 5107 3799 5163; x_wconf 67' lang='lat' dir='ltr'><strong>clarita-</strong></span> 
     </span>
    </p>
   </div>
   <div class='ocr_carea' id='block_1_108' title="bbox 2221 5197 3802 5273">
    <p class='ocr_par' dir='ltr' id='par_1_108' title="bbox 2221 5197 3802 5273">
     <span class='ocr_line' id='line_1_109' title="bbox 2221 5197 3802 5273; baseline 0.002 -17"><span class='ocrx_word' id='word_1_793' title='bbox 2221 5203 2292 5257; x_wconf 85' lang='lat' dir='ltr'><strong>tis</strong></span> <span class='ocrx_word' id='word_1_794' title='bbox 2329 5200 2557 5273; x_wconf 80' lang='lat' dir='ltr'><strong>gloriam</strong></span> <span class='ocrx_word' id='word_1_795' title='bbox 2604 5197 2877 5264; x_wconf 87' lang='lat' dir='ltr'><strong>transivit,</strong></span> <span class='ocrx_word' id='word_1_796' title='bbox 2927 5207 2982 5254; x_wconf 90' lang='lat' dir='ltr'><strong>et</strong></span> <span class='ocrx_word' id='word_1_797' title='bbox 3014 5199 3141 5254; x_wconf 88' lang='lat' dir='ltr'><strong>data</strong></span> <span class='ocrx_word' id='word_1_798' title='bbox 3179 5210 3264 5256; x_wconf 85' lang='lat' dir='ltr'><strong>est</strong></span> <span class='ocrx_word' id='word_1_799' title='bbox 3300 5201 3352 5255; x_wconf 89' lang='lat' dir='ltr'><strong>ei</strong></span> <span class='ocrx_word' id='word_1_800' title='bbox 3389 5215 3487 5271; x_wconf 87' lang='lat' dir='ltr'><strong>pro</strong></span> <span class='ocrx_word' id='word_1_801' title='bbox 3524 5215 3626 5256; x_wconf 82' lang='lat' dir='ltr'><strong>sua</strong></span> <span class='ocrx_word' id='word_1_802' title='bbox 3659 5213 3802 5259; x_wconf 73' lang='lat' dir='ltr'><strong>rere.</strong></span> 
     </span>
    </p>
   </div>
   <div class='ocr_carea' id='block_1_109' title="bbox 1845 5333 2525 5395">
    <p class='ocr_par' dir='ltr' id='par_1_109' title="bbox 1845 5333 2525 5395">
     <span class='ocr_line' id='line_1_110' title="bbox 1845 5333 2525 5395; baseline 0.001 -5"><span class='ocrx_word' id='word_1_803' title='bbox 1845 5333 2083 5392; x_wconf 73' lang='lat' dir='ltr'><strong>VARUE</strong></span> <span class='ocrx_word' id='word_1_804' title='bbox 2098 5367 2106 5381; x_wconf 56' lang='grc' dir='ltr'>ί</span> <span class='ocrx_word' id='word_1_805' title='bbox 2119 5336 2525 5395; x_wconf 82' lang='lat' dir='ltr'><strong>LECTIONES.</strong></span> 
     </span>
    </p>
   </div>
   <div class='ocr_carea' id='block_1_110' title="bbox 599 5440 3792 5511">
    <p class='ocr_par' dir='ltr' id='par_1_110' title="bbox 599 5440 3792 5511">
     <span class='ocr_line' id='line_1_111' title="bbox 599 5440 3792 5511; baseline 0.004 -16"><span class='ocrx_word' id='word_1_806' title='bbox 599 5442 670 5476; x_wconf 79' lang='lat'><strong>&#39;&quot;</strong></span> <span class='ocrx_word' id='word_1_807' title='bbox 717 5440 926 5498; x_wconf 83' lang='lat' dir='ltr'><strong>Collala</strong></span> <span class='ocrx_word' id='word_1_808' title='bbox 973 5455 1050 5499; x_wconf 75' lang='lat' dir='ltr'><strong>est</strong></span> <span class='ocrx_word' id='word_1_809' title='bbox 1107 5462 1228 5500; x_wconf 83' lang='lat' dir='ltr'><strong>cum</strong></span> <span class='ocrx_word' id='word_1_810' title='bbox 1279 5444 1384 5501; x_wconf 74' lang='lat' dir='ltr'><strong>Ms.</strong></span> <span class='ocrx_word' id='word_1_811' title='bbox 1443 5445 1684 5502; x_wconf 82' lang='lat' dir='ltr'><strong>Oratorii</strong></span> <span class='ocrx_word' id='word_1_812' title='bbox 1732 5445 2053 5508; x_wconf 74' lang='lat' dir='ltr'><strong>Parisiensir</strong></span> <span class='ocrx_word' id='word_1_813' title='bbox 2082 5466 2103 5506; x_wconf 86' lang='lat'><strong><em>:</em></strong></span> <span class='ocrx_word' id='word_1_814' title='bbox 2152 5463 2202 5508; x_wconf 83' lang='lat' dir='ltr'><strong>et</strong></span> <span class='ocrx_word' id='word_1_815' title='bbox 2252 5470 2371 5510; x_wconf 81' lang='lat' dir='ltr'><strong>cum</strong></span> <span class='ocrx_word' id='word_1_816' title='bbox 2421 5452 2667 5507; x_wconf 82' lang='lat' dir='ltr'><strong>Editione</strong></span> <span class='ocrx_word' id='word_1_817' title='bbox 2713 5451 2953 5508; x_wconf 75' lang='lat' dir='ltr'><strong>Gothica.</strong></span> <span class='ocrx_word' id='word_1_818' title='bbox 2984 5453 3118 5510; x_wconf 91' lang='lat' dir='ltr'><strong>ltem</strong></span> <span class='ocrx_word' id='word_1_819' title='bbox 3146 5453 3214 5510; x_wconf 87' lang='lat' dir='ltr'><strong>de</strong></span> <span class='ocrx_word' id='word_1_820' title='bbox 3239 5454 3585 5511; x_wconf 86' lang='lat' dir='ltr'><strong>humanitate</strong></span> <span class='ocrx_word' id='word_1_821' title='bbox 3617 5454 3792 5510; x_wconf 73' lang='lat' dir='ltr'><strong>:Ah’at</strong></span> 
     </span>
    </p>
   </div>
   <div class='ocr_carea' id='block_1_111' title="bbox 531 5511 3792 5593">
    <p class='ocr_par' dir='ltr' id='par_1_111' title="bbox 531 5511 3792 5593">
     <span class='ocr_line' id='line_1_112' title="bbox 531 5511 3792 5593; baseline 0.004 -31"><span class='ocrx_word' id='word_1_822' title='bbox 531 5511 856 5593; x_wconf 54' lang='lat' dir='ltr'><strong>inscribitur,</strong></span> <span class='ocrx_word' id='word_1_823' title='bbox 887 5513 1150 5593; x_wconf 85' lang='lat' dir='ltr'><strong>Stimulus</strong></span> <span class='ocrx_word' id='word_1_824' title='bbox 1190 5516 1424 5593; x_wconf 62' lang='lat' dir='ltr'><strong>amoris,</strong></span> <span class='ocrx_word' id='word_1_825' title='bbox 1441 5517 1526 5572; x_wconf 90' lang='lat' dir='ltr'><strong>vel</strong></span> <span class='ocrx_word' id='word_1_826' title='bbox 1563 5516 1855 5593; x_wconf 80' lang='lat' dir='ltr'><strong>Speculum</strong></span> <span class='ocrx_word' id='word_1_827' title='bbox 1893 5521 2206 5593; x_wconf 87' lang='lat' dir='ltr'><strong>Evangelici</strong></span> <span class='ocrx_word' id='word_1_828' title='bbox 2251 5523 2542 5580; x_wconf 89' lang='lat' dir='ltr'><strong>sermonis.</strong></span> <span class='ocrx_word' id='word_1_829' title='bbox 2558 5538 2692 5593; x_wconf 17' lang='lat' dir='ltr'><strong>gms:</strong></span> <span class='ocrx_word' id='word_1_830' title='bbox 2707 5523 2897 5578; x_wconf 89' lang='lat' dir='ltr'><strong>Passio</strong></span> <span class='ocrx_word' id='word_1_831' title='bbox 2943 5523 3156 5593; x_wconf 78' lang='lat' dir='ltr'><strong>Domini</strong></span> <span class='ocrx_word' id='word_1_832' title='bbox 3209 5525 3383 5580; x_wconf 87' lang='lat' dir='ltr'><strong>nostri</strong></span> <span class='ocrx_word' id='word_1_833' title='bbox 3425 5523 3555 5580; x_wconf 81' lang='lat' dir='ltr'><strong>Jesu</strong></span> <span class='ocrx_word' id='word_1_834' title='bbox 3605 5520 3792 5580; x_wconf 81' lang='lat' dir='ltr'><strong>Christi</strong></span> 
     </span>
    </p>
   </div>
   <div class='ocr_carea' id='block_1_112' title="bbox 530 5580 3790 5664">
    <p class='ocr_par' dir='ltr' id='par_1_112' title="bbox 530 5580 3790 5664">
     <span class='ocr_line' id='line_1_113' title="bbox 530 5580 3790 5664; baseline 0.003 -31"><span class='ocrx_word' id='word_1_835' title='bbox 530 5580 716 5664; x_wconf 49' lang='lat' dir='ltr'><strong>muri-di</strong></span> <span class='ocrx_word' id='word_1_836' title='bbox 749 5582 1049 5664; x_wconf 65' lang='lat' dir='ltr'><strong>salvatoris</strong></span> <span class='ocrx_word' id='word_1_837' title='bbox 1075 5585 1372 5664; x_wconf 65' lang='lat' dir='ltr'><strong>secundum</strong></span> <span class='ocrx_word' id='word_1_838' title='bbox 1401 5580 1629 5664; x_wconf 73' lang='lat' dir='ltr'><strong>beatum</strong></span> <span class='ocrx_word' id='word_1_839' title='bbox 1656 5589 1973 5664; x_wconf 84' lang='lat' dir='ltr'><strong>Anselmum</strong></span> <span class='ocrx_word' id='word_1_840' title='bbox 1997 5580 2512 5664; x_wconf 12' lang='lat' dir='ltr'><strong>Archiepiscopurm.</strong></span> <span class='ocrx_word' id='word_1_841' title='bbox 2547 5589 2618 5664; x_wconf 75' lang='lat' dir='ltr'><strong>In</strong></span> <span class='ocrx_word' id='word_1_842' title='bbox 2649 5591 2898 5648; x_wconf 76' lang='lat' dir='ltr'><strong>Editione</strong></span> <span class='ocrx_word' id='word_1_843' title='bbox 2927 5591 3150 5648; x_wconf 82' lang='lat' dir='ltr'><strong>Gothica</strong></span> <span class='ocrx_word' id='word_1_844' title='bbox 3193 5593 3350 5649; x_wconf 80' lang='lat' dir='ltr'><strong>Liber</strong></span> <span class='ocrx_word' id='word_1_845' title='bbox 3377 5605 3448 5649; x_wconf 71' lang='lat' dir='ltr'><strong>est</strong></span> <span class='ocrx_word' id='word_1_846' title='bbox 3477 5596 3790 5664; x_wconf 61' lang='lat' dir='ltr'><strong>distributus</strong></span> 
     </span>
    </p>
   </div>
   <div class='ocr_carea' id='block_1_113' title="bbox 549 5650 2131 5723">
    <p class='ocr_par' dir='ltr' id='par_1_113' title="bbox 549 5650 2131 5723">
     <span class='ocr_line' id='line_1_114' title="bbox 549 5650 2131 5723; baseline 0.012 -23"><span class='ocrx_word' id='word_1_847' title='bbox 549 5666 620 5723; x_wconf 48' lang='lat' dir='ltr'><strong>rer</strong></span> <span class='ocrx_word' id='word_1_848' title='bbox 641 5650 731 5723; x_wconf 62' lang='lat'><strong>19.</strong></span> <span class='ocrx_word' id='word_1_849' title='bbox 784 5652 968 5723; x_wconf 78' lang='lat' dir='ltr'><strong>Capita</strong></span> <span class='ocrx_word' id='word_1_850' title='bbox 1077 5655 1147 5688; x_wconf 85' lang='grc'><strong>⁸¹⁸</strong></span> <span class='ocrx_word' id='word_1_851' title='bbox 1176 5655 1282 5710; x_wconf 83' lang='lat' dir='ltr'><strong>Nos</strong></span> <span class='ocrx_word' id='word_1_852' title='bbox 1315 5655 1610 5712; x_wconf 89' lang='lat' dir='ltr'><strong>Christiani</strong></span> <span class='ocrx_word' id='word_1_853' title='bbox 1639 5673 1740 5711; x_wconf 78' lang='lat' dir='ltr'><strong>ms.</strong></span> <span class='ocrx_word' id='word_1_854' title='bbox 1771 5661 1987 5723; x_wconf 81' lang='lat' dir='ltr'><strong>omittit,</strong></span> <span class='ocrx_word' id='word_1_855' title='bbox 2032 5679 2131 5719; x_wconf 88' lang='lat' dir='ltr'><strong>nos</strong></span> 
     </span>
    </p>
   </div>
   <div class='ocr_carea' id='block_1_114' title="bbox 556 5719 1550 5793">
    <p class='ocr_par' dir='ltr' id='par_1_114' title="bbox 556 5719 1550 5793">
     <span class='ocr_line' id='line_1_115' title="bbox 556 5719 1550 5793; baseline 0.008 -20"><span class='ocrx_word' id='word_1_856' title='bbox 556 5720 599 5751; x_wconf 82' lang='grc'>²⁰</span> <span class='ocrx_word' id='word_1_857' title='bbox 640 5719 736 5774; x_wconf 83' lang='lat' dir='ltr'><strong>Est</strong></span> <span class='ocrx_word' id='word_1_858' title='bbox 765 5721 833 5776; x_wconf 88' lang='lat' dir='ltr'><strong>ab</strong></span> <span class='ocrx_word' id='word_1_859' title='bbox 857 5738 953 5777; x_wconf 75' lang='lat' dir='ltr'><strong>ms.</strong></span> <span class='ocrx_word' id='word_1_860' title='bbox 982 5733 1068 5780; x_wconf 91' lang='lat' dir='ltr'><strong>est</strong></span> <span class='ocrx_word' id='word_1_861' title='bbox 1095 5725 1256 5793; x_wconf 87' lang='lat' dir='ltr'><strong>paulo</strong></span> <span class='ocrx_word' id='word_1_862' title='bbox 1279 5727 1459 5781; x_wconf 91' lang='lat' dir='ltr'><strong>minus</strong></span> <span class='ocrx_word' id='word_1_863' title='bbox 1481 5727 1550 5781; x_wconf 88' lang='lat' dir='ltr'><strong>ab</strong></span> 
     </span>
    </p>
   </div>
   <div class='ocr_carea' id='block_1_115' title="bbox 477 5835 486 5842">
    <p class='ocr_par' dir='ltr' id='par_1_115' title="bbox 477 5835 486 5842">
     <span class='ocr_line' id='line_1_116' title="bbox 477 5835 486 5842; baseline 0 0"><span class='ocrx_word' id='word_1_864' title='bbox 477 5835 486 5842; x_wconf 66' lang='grc' dir='ltr'><em>ν</em></span> 
     </span>
    </p>
   </div>
   <div class='ocr_carea' id='block_1_116' title="bbox 2244 5660 3788 5736">
    <p class='ocr_par' dir='ltr' id='par_1_116' title="bbox 2244 5660 3788 5736">
     <span class='ocr_line' id='line_1_117' title="bbox 2244 5660 3788 5736; baseline -0.002 -21"><span class='ocrx_word' id='word_1_865' title='bbox 2244 5660 2654 5736; x_wconf 12' lang='grc' dir='ltr'><strong>ἰ’-εοιᾲνθιρινίε</strong></span> <span class='ocrx_word' id='word_1_866' title='bbox 2705 5665 2876 5719; x_wconf 89' lang='lat' dir='ltr'><strong>nostri</strong></span> <span class='ocrx_word' id='word_1_867' title='bbox 2928 5665 3340 5736; x_wconf 79' lang='lat' dir='ltr'><strong>manuscripnun</strong></span> <span class='ocrx_word' id='word_1_868' title='bbox 3394 5666 3593 5720; x_wconf 74' lang='lat' dir='ltr'><strong>omitti!</strong></span> <span class='ocrx_word' id='word_1_869' title='bbox 3629 5660 3788 5720; x_wconf 83' lang='lat' dir='ltr'><strong>nostri</strong></span> 
     </span>
    </p>
   </div>
   <div class='ocr_carea' id='block_1_117' title="bbox 1664 5727 2582 5806">
    <p class='ocr_par' dir='ltr' id='par_1_117' title="bbox 1664 5727 2582 5806">
     <span class='ocr_line' id='line_1_118' title="bbox 1664 5727 2582 5806; baseline 0.007 -24"><span class='ocrx_word' id='word_1_870' title='bbox 1664 5727 1732 5759; x_wconf 81' lang='lat'><strong>&#39;“</strong></span> <span class='ocrx_word' id='word_1_871' title='bbox 1769 5728 1873 5784; x_wconf 76' lang='lat' dir='ltr'><strong>Pro</strong></span> <span class='ocrx_word' id='word_1_872' title='bbox 1903 5731 2022 5801; x_wconf 90' lang='lat' dir='ltr'><strong>ipso</strong></span> <span class='ocrx_word' id='word_1_873' title='bbox 2065 5749 2164 5790; x_wconf 77' lang='lat' dir='ltr'><strong>rm.</strong></span> <span class='ocrx_word' id='word_1_874' title='bbox 2198 5749 2298 5806; x_wconf 82' lang='lat' dir='ltr'><strong>pro</strong></span> <span class='ocrx_word' id='word_1_875' title='bbox 2321 5732 2582 5790; x_wconf 81' lang='lat' dir='ltr'><strong>Christo?</strong></span> 
     </span>
    </p>
   </div>
   <div class='ocr_carea' id='block_1_118' title="bbox 3932 5015 3950 5649">
    <p class='ocr_par' dir='ltr' id='par_1_118' title="bbox 3932 5089 3947 5649">
     <span class='ocr_line' id='line_1_119' title="bbox 3945 5089 3947 5135; baseline 0 0"><span class='ocrx_word' id='word_1_876' title='bbox 3945 5089 3947 5135; x_wconf 96' lang='lat' dir='ltr'><strong>l</strong></span> 
     </span>
     <span class='ocr_line' id='line_1_120' title="bbox 3943 5155 3945 5217; baseline 0 0"><span class='ocrx_word' id='word_1_877' title='bbox 3943 5155 3945 5217; x_wconf 72' lang='lat' dir='ltr'><strong>l</strong></span> 
     </span>
     <span class='ocr_line' id='line_1_121' title="bbox 3941 5233 3943 5299; baseline 0 0"><span class='ocrx_word' id='word_1_878' title='bbox 3941 5233 3943 5299; x_wconf 69' lang='lat' dir='ltr'><strong>l</strong></span> 
     </span>
     <span class='ocr_line' id='line_1_122' title="bbox 3935 5495 3937 5547; baseline 0 0"><span class='ocrx_word' id='word_1_879' title='bbox 3935 5495 3937 5547; x_wconf 94' lang='grc' dir='ltr'><strong>Ι</strong></span> 
     </span>
     <span class='ocr_line' id='line_1_123' title="bbox 3932 5561 3935 5649; baseline 0 0"><span class='ocrx_word' id='word_1_880' title='bbox 3932 5561 3935 5649; x_wconf 71' lang='lat' dir='ltr'><strong>l</strong></span> 
     </span>
    </p>
   </div>
  </div>
