4060 6292
296 287 402 345 ’ΝΟ

1661 292 2184 351 MEDITATIONES.

3448 291 3565 351 750

306 407 470 463 rentia
517 406 680 463 aDeo
706 404 872 463 Patre
915 408 1091 463 omnis
1138 417 1380 478 potestas
1429 408 1480 463 in
1530 409 1692 473 caelo,
1725 422 1780 465 et
1827 411 1878 463 in
1912 417 1957 473 Α
1985 410 2307 467 enarrabilis
2346 409 2514 465 virtus
2569 419 2625 465 ct
2673 418 2725 465 te
2762 410 2973 480 concipi
3015 409 3171 474 fecit,
3221 418 3275 463 et
3302 409 3452 463 nasci
3509 409 3565 462 iu

306 508 439 554 terra
485 496 700 567 (Matth.
734 500 1087 571 xxvnt,18):
1140 508 1201 553 ut
1240 499 1469 554 adorent
1512 514 1634 553 eum
1690 515 1881 554 omnes

303 587 471 661 angeli
502 588 619 653 Dei,
654 600 709 643 et
740 590 791 644 in
823 590 1042 645 nomine
1066 588 1183 659 ejus
1226 591 1295 622 '"
1324 606 1485 646 omne
1529 606 1668 661 genu
1698 592 1877 647 ﬂecta‘

302 691 403 745 tur,
434 680 762 747 calestium,
791 683 1153 749 terrestrium,
1181 692 1236 738 et
1260 682 1594 739 iufernorum
1620 682 1784 755 (Phil.
1816 701 1877 752 ll,

305 773 406 843 ιο).

368 860 464 916 Ubi
492 872 576 918 est
605 878 736 930 ergo
758 864 1006 933 gloriatio
1034 876 1149 930 tua,
1183 881 1217 920 ο
1246 866 1552 922 Christiane
1575 868 1664 931 m,
1690 867 1790 922 nisi
1824 868 1877 921 in

301 951 511 1007 nomine
539 955 781 1007 crucifixi
817 955 1027 1011 Domini
1061 957 1136 1010 tui
1168 957 1238 1016 "3
1264 956 1393 1011 Jesu
1421 956 1653 1021 Christi;
1697 958 1748 1011 in
1781 974 1877 1011 no-

299 1041 435 1095 mine
481 1044 622 1111 quod
665 1056 748 1098 est
786 1061 949 1115 super
987 1061 1150 1101 omne
1187 1062 1404 1111 nomen,
1447 1047 1499 1101 in
1531 1063 1639 1116 quo
1664 1048 1754 1116 qui
1786 1048 1877 1101 be-

294 1133 538 1188 nedictus
581 1145 662 1190 cst
706 1153 869 1207 super
916 1146 1146 1205 terram,
1196 1140 1545 1195 benedicetur
1590 1141 1643 1193 in
1687 1140 1877 1195 cmlis?

288 1222 603 1282 Cloriauiini
646 1228 697 1282 iu
733 1231 951 1284 nomine
987 1241 1177 1285 sancto
1216 1232 1367 1300 ejus,
1413 1230 1506 1283 lilii
1550 1231 1876 1299 redemptio-

294 1313 401 1377 nis;
441 1315 565 1370 date
605 1317 868 1374 honorem
900 1318 1172 1373 Salvatori
1202 1329 1406 1385 vestro,
1439 1319 1530 1388 qui
1563 1335 1755 1389 magna
1800 1320 1874 1373 fe-

284 1403 362 1457 cit
395 1405 448 1459 in
478 1407 652 1472 vobis,
694 1421 750 1463 et
778 1411 1119 1480 magnilicate
1164 1425 1358 1464 nomen
1391 1410 1508 1480 ejus
1539 1426 1769 1473 mecum,
1796 1413 1877 1465 di-

282 1508 473 1551 centes
501 1515 516 1551 :
544 1500 843 1556 Adoramus
876 1512 945 1568 te,
973 1501 1187 1557 Christe
1211 1502 1303 1569 m,
1354 1501 1465 1557 Rex
1513 1503 1695 1567 Israel,
1727 1504 1873 1572 prin-

282 1601 411 1655 ceps
458 1603 643 1659 regum
688 1600 864 1657 terrm,
914 1592 1002 1647 lux
1044 1594 1307 1661 gentium,
1348 1594 1573 1648 Domine
1615 1595 1864 1658 sabaoth.

287 1677 457 1731 virtus
488 1676 581 1734 Dei
617 1683 1006 1752 omnipotentis
1067 1683 1386 1738 fortissima.
1438 1684 1742 1738 Atloratnns
1795 1695 1867 1752 te,

1985 514 2115 555 vera
2145 502 2498 557 humanitatis
2524 512 2737 568 natura,
2764 504 2835 558 ita
2864 514 2919 558 ut
2947 519 3047 557 nec
3074 501 3411 572 majrstatem
3430 499 3567 554 divi.

1985 590 2169 645 nitatis
2200 591 2252 645 in
2290 599 2360 656 te,
2393 606 2493 646 nec
2545 592 2907 663 integritatem
2938 591 3265 663 virginitatis
3296 591 3348 644 in
3374 590 3564 653 Matre,

1982 679 2209 734 violaret
2233 681 2532 735 nativitatis
2560 682 2795 737 occasio.

2052 770 2096 825 Ο
2127 772 2378 835 amanda,
2407 788 2439 827 ο
2464 772 2776 826 admiranda
2809 771 3079 841 dignatio!
3116 769 3258 826 Deus
3286 770 3565 825 immensn

1982 861 2186 929 glorire,
2215 863 2417 918 vermis
2459 864 2881 933 contemptibilis
2926 865 3040 918 lieri
3085 878 3190 917 non
3238 861 3561 931 despexisti;

1981 952 2242 1007 Dominus
2287 953 2555 1016 omnium,
2604 969 2902 1009 conservus
2960 968 3241 1009 servorum
3301 966 3565 1022 apparere

1976 1043 2221 1099 voluisti.
2261 1043 2459 1097 Parum
2493 1044 2592 1099 tibi
2625 1045 2800 1099 visum
2850 1054 2934 1100 est
2963 1044 3180 1098 Patrem
3243 1052 3295 1097 te
3321 1052 3563 1097 nostrum

1978 1132 2047 1163 ⁸³⁸
2071 1147 2218 1199 esse;
2260 1133 2447 1200 etiam,
2482 1132 2729 1201 Domine,
2759 1133 2928 1188 frater
2955 1141 3139 1189 noster
3168 1146 3288 1188 esse
3313 1132 3564 1202 dignatus

1977 1237 2056 1277 es.
2096 1223 2159 1277 Et
2192 1234 2268 1289 tu,
2300 1224 2527 1279 Domine
2574 1225 2971 1287 universorum,
3004 1224 3095 1293 qui
3144 1224 3346 1278 nullam
3397 1223 3565 1278 babes

1972 1313 2045 1345 “°
2074 1314 2446 1385 indigentiam,
2479 1316 2619 1369 inter
2656 1316 2770 1385 ipsa
2805 1316 3103 1370 nativitatis
3138 1324 3241 1369 ture
3266 1314 3422 1367 initia
3447 1330 3560 1369 non

1977 1408 2234 1461 borruisti
2264 1406 2646 1474 abjectissimre
2673 1408 3009 1478 paupertatis
3032 1408 3319 1477 degustare
3359 1407 3563 1460 incom-

1976 1497 2153 1550 moda.
2181 1495 2255 1552 Ut
2281 1501 2426 1551 enim
2470 1497 2871 1567 aitScriptura,
2899 1499 3018 1563 tibi,
3064 1513 3187 1552 cum
3231 1497 3561 1555 nascercris.

1974 1602 2078 1639 non
2108 1598 2218 1640 erat
2250 1586 2398 1641 locus
2428 1587 2481 1641 in
2506 1587 2793 1642 diversorio
2818 1587 2970 1658 (Luc.
2995 1604 3059 1652 ιι,
3088 1587 3165 1657 7),
3196 1602 3370 1657 neque
3399 1602 3564 1641 cuna-

1974 1675 2117 1741 bula,
2149 1679 2268 1745 q'ua:
2297 1677 2715 1732 teneritudinem
2766 1686 2914 1733 tuam
2953 1676 3265 1747 exciperent
3290 1677 3558 1739 habuisti;

278 1768 583 1835 pretiosum
628 1773 1016 1842 redemptionis
1054 1774 1225 1829 nostri
1266 1774 1518 1843 pretium,
1554 1777 1726 1831 hostia
1772 1793 1866 1847 pa-
1898 1782 1942 1842 B
1972 1770 2067 1823 sed
2094 1777 2150 1823 lu
2184 1769 2237 1824 in
2269 1770 2359 1824 vili
2390 1770 2654 1841 praesepio
2685 1770 2957 1825 sordentis
2987 1769 3210 1833 stabuli,
3244 1778 3299 1822 tu
3325 1770 3417 1838 qui
3449 1778 3561 1824 ter-

293 1858 470 1923 cilica,
497 1877 617 1930 qua:
644 1863 756 1919 sola
795 1866 978 1920 odoris
1009 1866 1084 1920 tui
1113 1865 1347 1921 mirabili
1371 1866 1442 1897 ⁸³⁸
1473 1869 1738 1923 suavitate
1766 1869 1869 1923 Pa-

283 1958 449 2016 trem,
482 1952 573 2020 qui
605 1953 655 2007 itt
689 1955 843 2009 caelis
875 1956 942 1987 ⁸⁸⁷
974 1956 1202 2020 habitat,
1241 1957 1307 2010 ad
1341 1957 1738 2026 respiciendum
1771 1960 1872 2014 hu-

282 2043 430 2097 milia
482 2045 779 2107 inclinasti.
820 2056 873 2101 et
904 2047 1052 2102 solus
1090 2048 1205 2115 ipse
1247 2047 1421 2115 ipsum
1454 2048 1524 2085 δη
1549 2048 1869 2118 placabilem

274 2133 562 2190 reddidisti
588 2137 679 2186 ⁸³³.
714 2136 878 2201 Tuas,
916 2136 1157 2202 Christe,
1191 2138 1575 2192 miserationes
1606 2140 1869 2209 praedica-

278 2236 433 2290 mus;
474 2234 579 2280 tua:
604 2227 889 2280 suavitatis
936 2228 1251 2281 memoriam
1288 2242 1409 2282 cum
1440 2227 1512 2258 ⁸³⁰
1539 2230 1869 2285 abundantia

270 2326 629 2382 eructamus;
660 2319 784 2384 tibi,
815 2319 1052 2387 Christe,
1090 2321 1424 2376 sacrificium
1466 2322 1638 2378 laudis
1675 2324 1867 2378 immo-

273 2402 461 2461 lamus
484 2423 589 2478 pro
617 2411 962 2465 multitudine
991 2412 1253 2467 bonitatis
1283 2421 1405 2477 tute,
1438 2429 1598 2483 quam
1626 2417 1869 2471 ostendi"

268 2497 340 2551 sti
377 2498 556 2565 nobis,
587 2502 781 2555 semini
814 2518 1065 2571 nequam,
1099 2503 1224 2558 filiis
1252 2504 1533 2560 sceleratis
1556 2505 1649 2558 ⁸³¹.

334 2586 484 2642 Cum
511 2589 654 2644 enim
686 2592 862 2647 adhuc
889 2608 1132 2649 essemus
1170 2595 1372 2650 inimici
1404 2596 1501 2661 tui,
1535 2597 1779 2662 Domine,
1813 2609 1869 2653 et

269 2692 426 2739 mors
458 2679 677 2748 antiqua
710 2682 763 2735 in
791 2697 1007 2737 omnem
1036 2699 1255 2739 carnem
1282 2695 1561 2741 exerceret
1591 2687 1663 2718 ⁸³³
1694 2689 1867 2743 domi-

270 2770 453 2839 niutn,
472 2772 556 2825 cui
578 2786 736 2827 omne
763 2786 945 2829 semen
968 2775 1138 2830 Adam
1168 2776 1284 2847 lege
1313 2778 1675 2847 primordialis
1697 2780 1867 2849 culpa.-

269 2860 575 2917 obnoxium
602 2874 746 2930 erat,
786 2868 1100 2922 recordatus
1131 2883 1193 2923 es
1224 2869 1513 2924 uberrimae
1552 2871 1865 2927 misericor—

270 2951 374 3007 diae
415 2961 545 3019 tum,
587 2962 642 3008 et
676 2957 1004 3027 prospexisti
1040 2959 1106 3012 de
1141 2958 1361 3014 sublimi
1406 2960 1740 3017 habitatione
1775 2971 1863 3017 tua

270 3041 323 3094 in
357 3044 506 3098 hanc
536 3042 726 3101 vallem
773 3047 1096 3116 plorationis
1148 3056 1203 3103 et
1241 3049 1473 3104 miseriae
1506 3050 1598 3105 ⁵³⁸.
1648 3052 1861 3115 Vidisti,

1979 1876 2095 1914 ram
2127 1860 2308 1930 palmo
2341 1862 2641 1927 concludis,
2674 1861 2948 1916 involutus
2978 1860 3283 1930 panniculis
3333 1860 3550 1915 reclina.

1975 1959 2063 2004 tus
2088 1966 2147 2004 es
2183 1950 2391 2022 (ibid.);
2427 1958 2481 2006 et
2511 1951 2825 2019 hospitium,
2854 1950 3063 2005 scilicet
3087 1950 3406 2018 pricsepium
3432 1965 3460 2001 a
3490 1948 3558 1979 ⁸³⁸

1973 2038 2146 2093 brutis
2195 2039 2519 2095 animalibus
2570 2048 2745 2095 mater
2796 2049 2883 2094 tua
2933 2049 3119 2093 mutua
3150 2039 3377 2107 accepit.
3417 2038 3561 2093 Cou-

1972 2129 2245 2194 solamini,
2287 2130 2670 2195 consolamini,
2701 2130 2793 2198 qui
2828 2129 2879 2183 in
2922 2128 3174 2184 sordibus
3225 2129 3561 2196 paupertatis

1970 2222 2309 2288 enutrimini,
2353 2224 2478 2293 quia
2514 2224 2793 2280 vobiscum
2837 2232 2918 2278 est
2951 2223 3020 2257 δι’
3052 2223 3193 2277 Deus
3234 2222 3287 2276 in
3332 2238 3561 2292 pauper-

1973 2319 2108 2375 tate,
2160 2327 2265 2367 non
2312 2312 2474 2367 cubat
2528 2315 2581 2367 in
2636 2314 2844 2369 deliciis
2899 2314 3162 2383 Splendidi
3216 2313 3427 2379 cubilis,
3460 2330 3563 2369 nec

1970 2402 2115 2454 enim
2157 2401 2429 2457 invenitur
2482 2405 2537 2458 in
2595 2415 2737 2459 terra
2782 2405 3021 2459 suaviter
3062 2405 3381 2459 viventium.
3422 2403 3560 2470 Quid

1973 2490 2114 2544 ultra
2148 2491 2420 2560 gloriaris,
2463 2508 2496 2546 ο
2522 2494 2693 2559 dives,
2743 2493 2887 2548 lutea
2934 2510 3021 2549 res
3050 2494 3141 2558 ⁸⁵³,
3195 2494 3246 2547 in
3280 2493 3562 2548 volutabra

1970 2580 2097 2637 lecti
2132 2584 2262 2651 picti
2293 2592 2347 2637 et
2370 2583 2606 2649 delicati,
2637 2598 2760 2639 cum
2788 2584 2901 2639 Rex
2940 2600 3128 2652 regum
3172 2600 3271 2638 suo
3315 2584 3557 2638 tecubitu

1971 2684 2269 2732 stramenta
2296 2690 2592 2746 pauperum
2626 2677 2918 2731 honestare
2940 2675 3228 2729 maluerit?
3256 2674 3394 2741 Quid
3426 2674 3557 2727 dura

1968 2775 2142 2822 strata
2195 2767 2510 2832 detestaris,
2558 2781 2684 2821 cum
2735 2774 2892 2821 tener
2942 2764 3263 2831 infantulus,
3309 2765 3363 2818 in
3400 2761 3562 2831 cujus

1969 2871 2134 2911 manu
2182 2865 2308 2911 sunt
2350 2856 2555 2923 omnia,
2608 2855 2715 2910 tuis
2755 2853 2968 2919 sericis,
3008 2856 3116 2908 tuis
3151 2853 3349 2923 plumis
3390 2852 3557 2906 duras

1961 2945 2335 3015 jumentorqu
2388 2945 2614 3017 stipulas
2668 2945 3046 3016 praeelegerit?
3103 2944 3209 2999 Sed
3262 2956 3316 3001 et
3361 2944 3554 2999 tenella

1968 3038 2088 3093 haec
2136 3047 2247 3106 tua,
2275 3038 2509 3101 Christe,
2561 3036 2793 3092 infantia
2848 3053 2878 3091 a
2909 3045 3317 3106 persecutorum
3368 3036 3558 3108 gladiis

270 3139 526 3204 Domine,
556 3140 901 3198 alliictionom
954 3144 1135 3215 populi
1178 3144 1276 3209 tui,
1328 3154 1383 3200 et
1418 3154 1595 3200 tactus
1643 3146 1862 3203 dulcorc

1972 3140 2080 3183 tuta
2108 3145 2215 3185 non
2246 3129 2367 3185 fuit.
2401 3129 2591 3185 Adhuc
2611 3130 2761 3185 enim
2796 3129 2935 3183 inter
2964 3127 3140 3183 dulcia
3170 3129 3358 3183 matris
3389 3129 3556 3183 ubera

270 3229 567 3287 charitatis
592 3233 943 3301 intrinsecus,
973 3235 1275 3305 apposuisti
1307 3236 1549 3306 cogitare
1580 3253 1741 3306 super
1769 3256 1866 3293 nos

266 3323 636 3393 cogitationes
683 3328 830 3394 pacis
858 3336 913 3381 et
939 3327 1347 3396 redemptionis.
1397 3326 1462 3380 Et
1490 3328 1704 3396 quidem
1741 3346 1863 3384 cum

268 3427 419 3469 esses
446 3413 619 3470 Filius
650 3417 764 3481 Dei,
808 3431 968 3472 verus
1009 3418 1170 3481 Deus,
1221 3417 1331 3473 Deo
1375 3417 1521 3473 Patri
1568 3430 1867 3491 sanctoque

270 3505 507 3575 Spi'ilui
548 3515 854 3563 coaeternus
884 3517 941 3563 et
972 3508 1476 3577 consubstantialis,
1506 3509 1683 3566 lucem
1714 3512 1866 3567 habi-

272 3605 392 3651 tans
424 3586 859 3654 inaccessibilem
878 3598 929 3670 (Ι
948 3598 1175 3663 Ἱ’ἱηι.γι,
1192 3600 1305 3670 16),
1331 3611 1660 3671 portansque
1684 3603 1865 3657 omnia

270 3690 439 3744 verbo
476 3689 692 3744 virtutis
736 3698 842 3744 tua:
885 3688 1073 3759 (Hebr.
1101 3707 1137 3753 ι,
1168 3690 1248 3761 5),
1310 3706 1417 3745 non
1464 3691 1756 3760 despexisti
1809 3692 1863 3745 in

223 3779 377 3834 ~boc
440 3789 645 3835 nostrae
710 3781 1058 3836 mortalitatis
1127 3782 1463 3852 ergastulum
1521 3782 1864 3837 altitudinem

270 3880 419 3925 tuam
442 3870 721 3935 inclinare,
746 3871 835 3926 ubi
858 3880 1099 3925 nostram
1124 3880 1179 3925 ct
1200 3882 1447 3940 gustares
1470 3880 1523 3927 et
1546 3872 1867 3927 absorberes

274 3961 579 4023 miseriam,
608 3975 814 4030 nosque
844 3973 1127 4029 reparares
1156 3960 1222 4013 ad
1253 3960 1502 4030 gloriam.
1556 3958 1755 4013 Parum
1781 3959 1853 3990 5“

274 4051 377 4107 fuit
408 4053 671 4108 charitati
708 4062 830 4118 tuae,
865 4053 932 4108 ad
969 4052 1457 4107 consummandum
1493 4067 1630 4122 opus
1668 4063 1868 4108 nostra:

272 4145 494 4209 salutis,
524 4144 835 4211 cherubim,
876 4154 970 4199 aut
1005 4144 1306 4214 seraphim,
1338 4152 1433 4199 aut
1463 4161 1629 4200 unum
1672 4161 1737 4200 ex
1769 4161 1866 4200 an-

204 4242 213 4255 '
273 4236 414 4305 gelis
465 4236 741 4290 destinare
777 4253 790 4288 :
820 4235 933 4304 ipse
965 4234 1031 4290 ad
1062 4249 1161 4289 nos
1192 4234 1376 4289 venire
1426 4234 1676 4303 dignatus
1707 4251 1765 4289 es
1799 4236 1869 4266 ⁸⁵⁵

273 4342 374 4395 per
422 4325 741 4381 mandatum
786 4326 1005 4390 Patris,
1060 4325 1214 4396 cujus
1260 4324 1480 4380 nimiam
1546 4325 1866 4380 charitatem

271 4418 494 4488 experti
521 4434 710 4474 sumus
756 4419 808 4473 in
862 4428 929 4474 te.
981 4420 1213 4484 Venisti,
1245 4419 1490 4487 inquam,
1536 4433 1642 4472 non
1690 4418 1866 4474 locum

276 4511 571 4573 mutando,
600 4510 694 4565 sed
722 4510 1068 4580 praisentiatn
1111 4519 1257 4563 tuam
1304 4509 1461 4563 nobis
1509 4523 1605 4577 per
1650 4522 1869 4563 carnem

276 4598 352 4630 '“
380 4600 712 4656 exhibendo.
771 4599 1107 4654 Descendisti
1156 4616 1185 4653 a
1235 4599 1401 4670 regali
1447 4598 1581 4654 solio
1623 4599 1870 4653 sublimis

275 4692 471 4763 gloriae
518 4702 623 4747 tuae
664 4693 718 4746 in
751 4692 1009 4747 humilem
1057 4701 1113 4746 et
1160 4692 1425 4761 abjectam
1462 4691 1515 4744 in
1540 4691 1715 4745 oculis
1758 4691 1871 4744 suis

276 4783 545 4851 puellam,
588 4782 762 4851 primo
802 4782 1081 4851 virginalis
1128 4781 1478 4836 continentiae
1512 4789 1634 4835 voto
1672 4781 1871 4852 sigilla-

280 4883 418 4929 tam.
470 4874 529 4929 lu
560 4871 715 4942 cujus
740 4888 897 4929 sacro
930 4883 1085 4928 utero
1115 4872 1184 4904 ⁸³⁷
1220 4871 1455 4941 Spiritus
1484 4871 1553 4902 ⁸³⁸
1579 4871 1751 4927 sancti
1791 4871 1872 4924 in-

1971 3235 2167 3290 sugens
2220 3222 2598 3292 dependebas,
2668 3221 2886 3290 quando
2942 3236 2993 3286 αι
3010 3219 3184 3288 paruit
3230 3219 3443 3288 angelus
3502 3221 3562 3272 in

1968 3312 2166 3366 somnis
2197 3311 2415 3380 Ioseph,
2455 3313 2633 3365 dicens
2672 3329 2690 3366 :
2726 3309 2917 3379 Surge,
2952 3319 3000 3362 et
3033 3308 3209 3377 accipe
3243 3324 3483 3377 puerum,
3508 3317 3559 3362 et

1970 3412 2189 3455 matrem
2223 3402 2359 3471 ejus,
2382 3412 2431 3455 et
2467 3401 2589 3472 fuge
2618 3402 2670 3454 in
2696 3398 3017 3470 .Egyptnm;
3055 3410 3103 3453 et
3140 3409 3246 3452 esto
3276 3399 3348 3452 ibi
3370 3416 3557 3469 usque-

1970 3492 2094 3544 dum
2117 3491 2290 3544 dicam
2316 3491 2439 3556 tibi;
2468 3490 2702 3559 futurum
2730 3500 2803 3543 est
2853 3490 2991 3542 enim
3022 3499 3077 3543 ut
3101 3487 3337 3544 Herodes
3359 3500 3559 3556 quierat

1969 3600 2188 3655 puerum
2219 3583 2288 3637 ad
2312 3582 2633 3651 perdendum
2665 3597 2783 3635 eum
2821 3579 3039 3650 (Matth.
3074 3596 3134 3644 ιι,
3161 3581 3272 3647 15).
3322 3580 3447 3636 1am
3489 3598 3554 3635 ex

1972 3683 2122 3739 tunc,
2149 3673 2290 3729 bone
2313 3670 2587 3742 Jesu,pati
2606 3668 2967 3742 cmpisti.Non
3000 3670 3174 3725 solum
3204 3680 3381 3725 autem
3412 3670 3557 3724 illam

1970 3765 2216 3819 infantia:
2258 3772 2361 3818 tute
2398 3763 2742 3818 vexationem
2785 3762 2842 3816 in
2890 3772 2942 3817 te
2991 3762 3108 3831 ipso
3138 3762 3432 3832 pertulisti,
3462 3764 3556 3816 sed

1969 3862 2027 3909 et
2057 3862 2284 3908 mortem
2316 3853 2369 3906 in
2398 3852 2609 3922 pusillis
2638 3853 2767 3917 tuis,
2794 3867 3025 3920 quorum
3057 3852 3227 3905 multa
3260 3851 3425 3905 millia
3476 3852 3559 3904 in-

1970 3956 2055 4001 ter
2088 3944 2352 3999 mamillas
2384 3954 2615 3998 matrum
2650 3958 2748 4013 pro
2783 3952 2833 3998 te
2860 3942 3090 3997 Herodis
3122 3942 3412 3998 trucidavit
3452 3942 3555 3996 im-

1972 4036 2225 4092 munitas.

2042 4129 2273 4185 infantia
2309 4142 2438 4184 vero
2470 4127 2723 4182 tcncriori
2756 4126 3004 4192 decursa,
3042 4124 3310 4180 discendae
3338 4124 3556 4178 humili-

1973 4234 2054 4278 ter
2099 4222 2170 4255 ⁸⁸⁸
2212 4221 2464 4276 veritatis
2514 4220 2673 4275 nobis
2721 4218 3028 4287 exemplum
3077 4216 3375 4288 pricbuisti.
3438 4216 3556 4272 Non

1971 4315 2115 4369 enim
2157 4312 2343 4368 sedisti
2383 4326 2506 4365 cum
2552 4308 2778 4365 consilio
2808 4308 3068 4362 vanitatis
3115 4304 3290 4379 (l’sal.
3324 4308 3558 4376 xxv,4),

1974 4406 2069 4463 sed
2098 4405 2150 4460 in
2181 4403 2360 4460 medio
2386 4404 2689 4466 doctorum,
2718 4400 3056 4471 intermgans
3082 4408 3137 4455 et
3159 4399 3384 4455 audiens
3416 4398 3557 4462 illos,

1904 4494 1948 4549 D
1975 4514 2098 4555 cum
2132 4508 2312 4552 tamen
2344 4495 2603 4551 Dominus
2651 4493 3003 4549 scientiarum
3053 4501 3109 4547 tu
3158 4505 3308 4547 esses
3352 4490 3406 4563 (1
3428 4491 3561 4562 Reg.

1981 4608 2041 4655 ιι,
2080 4590 2160 4660 5),
2193 4598 2358 4658 atque
2389 4587 2504 4657 ipsa
2532 4586 2624 4640 Dei
2658 4584 2835 4639 Patris
2865 4584 3152 4654 sapientia.
3200 4583 3307 4638 Sed
3345 4592 3400 4639 et
3424 4583 3562 4638 obe-

1980 4680 2197 4735 dientiae
2230 4677 2390 4734 nobis
2433 4677 2662 4731 formam
2711 4675 3045 4746 praestitisti,
3096 4675 3224 4730 dum
3273 4683 3559 4743 parentum

1981 4772 2211 4842 imperio
2258 4779 2337 4834 tu,
2386 4769 2684 4839 imperator
2729 4768 2938 4835 mundi,
2988 4766 3267 4822 humiliter
3314 4766 3561 4819 subditus

1982 4862 2258 4920 exstitisti.
2296 4860 2367 4915 At
2400 4859 2491 4915 ubi
2519 4860 2845 4916 robustioris
2872 4859 3050 4913 aatatis
3091 4856 3369 4926 plenitudo
3394 4855 3561 4911 adve-

1612 5054 1698 5109 VA
1710 5051 1844 5109 811E
1887 5044 2283 5105 LECTIONES.

356 5203 433 5235 '”
460 5186 683 5257 Nomine
706 5202 831 5282 ιδεμ
861 5218 959 5254 ms.
983 5199 1197 5282 nomine
1221 5199 1339 5282 ejus
1362 5269 1375 5282 _
1491 5197 1877 5282 Christianer

282 5271 416 5327 Jesu
443 5289 540 5327 ms.
567 5275 752 5325 omittit
784 5271 911 5327 Jesu
990 5270 1059 5307 ⁵²⁶
1088 5266 1454 5325 Inazstimabili
1473 5286 1574 5321 ms.
1597 5266 1831 5321 tnirabili

286 5342 470 5407 ipsum
539 5344 611 5374 '"
644 5342 943 5397 Reddidisti
985 5358 1084 5395 ms.
1121 5340 1318 5394 dedisti

1882 5209 1927 5246 ε.
1954 5207 1987 5246 ο
2016 5186 2323 5245 Christiane
2376 5183 2448 5216 ⁸⁸⁸
2471 5180 2681 5235 Domini
2714 5179 2789 5233 tui
2812 5195 2913 5231 ms.
2941 5178 3150 5232 Domini
3172 5178 3337 5234 nostri
3392 5180 3462 5215 ³²⁵
3484 5179 3559 5234 Te

1895 5264 1963 5295 δ”
1982 5260 2040 5316 ln
2063 5258 2183 5313 aliis
2203 5272 2300 5309 ms.
2324 5255 2376 5308 in
2392 5250 2545 5307 caelis
2606 5248 2755 5303 mEt
2781 5248 2903 5301 liliis
2928 5249 3023 5302 ira:
3052 5265 3151 5301 ms.
3185 5258 3238 5302 et
3270 5248 3415 5303 solus
3444 5250 3559 5317 ipse

1393 5317 1794 5392 iii'iié'ni‘duithi
1823 5317 1952 5388 cum
1986 5347 2080 5385 ms.
2116 5322 2546 5382 miscricordiam
2580 5334 2707 5392 cum
2777 5317 2845 5349 ⁸³³
2878 5317 2943 5392 Et
2966 5318 3189 5392 perditis
3224 5334 3324 5392 m3.
3359 5320 3558 5392 gmim‘t

284 5380 631 5482 εεηικῖιιυυτη
644 5380 960 5467 sese;
1379 5380 2374 5482 ῖδῖὶιῖόέὲιίόιὶξὲριίειξτίὲ
2387 5380 3171 5482 ωίεεξῖεεεεειιιειεεοιξε
3197 5380 3555 5482 εἶῖῖὲῗίιξιέξιξ

286 5484 442 5536 enim
472 5476 568 5538 ms.
594 5484 779 5536 omittit
807 5483 947 5538 enim
1020 5481 1090 5511 ⁵³⁵
1115 5481 1374 5548 Dignatus
1399 5476 1483 5532 est
1508 5494 1605 5548 ms.
1631 5476 1884 5548 dignatus
1911 5487 1970 5526 es

2044 5468 2113 5500 ³³³
2128 5468 2231 5521 Per
2248 5456 2466 5516 carnem
2493 5476 2591 5512 ms.
2619 5474 2714 5528 per
2738 5458 3020 5513 caritatem
3096 5458 3165 5492 “'
3196 5456 3556 5515 Sacrosancto

285 5528 576 5610 ἆῖῗέιὶἔιῖὸ
595 5528 1083 5621 Ἲίῖἐὲιιῖξῇἷι-ιιυε
1108 5528 1573 5621 ὧξῗξὸῇιῖιξίῖέριιί
1595 5528 1605 5530 “
1626 5528 1938 5599 υδνσιδιιιτέηι
1967 5550 2019 5621 _te
2044 5538 2197 5621 nobis
2214 5530 2942 5621 nauggfﬁqttg_n_13_a}fg{p_tg
2956 5528 3551 5621 llosﬁillgAiitiljf‘nf'ﬂ

216 5648 222 5653 ~
286 5622 501 5678 habens
536 5641 633 5677 ms.
664 5623 862 5676 nullam
894 5622 1063 5675 habes

1164 5597 1471 5671 “bit-line
1486 5597 1672 5683 ipsum
1702 5597 1938 5668 afuisset
1967 5605 2282 5683 hospitium,
2316 5597 2879 5683 scilicet‘praasepiu‘m
2914 5614 2945 5652 a

3058 5598 3129 5631 ⁸³⁸
3156 5597 3441 5656 Vobiscum
3471 5608 3554 5661 est

286 5668 641 5759 ἓὶιὲῗὸίιεὶῖἧζ
665 5668 1067 5746 ’δ”ἶιῖἶ-ἷξ
1095 5688 1239 5742 lutea
1263 5668 1548 5740 Minucii
1577 5699 1667 5740 res
1746 5685 1816 5714 m
1842 5668 2177 5765 llumilit'atis
2207 5689 2305 5726 ms.
2331 5668 2610 5724 humiliter
2636 5668 2885 5726 veritatis
