4060 6292
476 384 605 443 πὸι

886 380 948 436 S.
989 376 1287 434 ANSEIMI
1320 375 1671 433 CANTL‘AB.
1699 340 2015 429 ARCHIEP.
2055 369 2206 426 OPP.
2240 367 2416 425 PARS
2444 368 2504 424 ll.
2532 396 2599 411 ι-
2636 368 3002 451 PAR/ENET.
3042 367 3129 423 ET
3161 365 3404 427 ASCET.

3681 370 3782 428 752

507 502 609 566 nit,
636 497 901 552 missurus
936 509 1151 548 manum
1180 492 1246 547 ad
1279 492 1459 556 fortia,
1490 504 1740 562 egressus
1765 504 1826 545 es
1854 488 1906 542 in
1938 486 2085 542 salu-
2115 489 2163 549 Α
2191 484 2365 550 diens,
2395 494 2449 540 et
2477 500 2581 539 non
2610 483 2817 539 habens
2834 484 2894 541 in
2922 499 3017 538 ore
3045 499 3143 545 suo
3170 485 3583 553 reJargutiones
3604 483 3780 555 (Psal.

476 599 616 653 gtem
651 587 830 659 populi
873 587 969 650 tui,
998 597 1057 640 ut
1090 587 1243 656 gigas
1280 584 1438 639 fortis
1481 584 1547 637 ad
1577 583 1906 639 currendum
1943 581 2088 635 viam

507 681 674 735 totius
716 678 945 733 miseriae
996 684 1193 732 nostra:
1229 675 1403 746 (Psal.
1436 674 1692 744 xvttt,7).
1746 672 1811 727 Et
1854 671 2089 741 primum

476 803 480 807 -
506 771 745 841 quidem,
773 777 832 823 ut
864 784 961 838 per
996 768 1177 823 omnia
1215 776 1266 822 te
1302 766 1563 821 fratribus
1592 764 1946 827 assimilares,
1974 776 2089 815 ser-

495 876 630 916 ‘vum
671 871 822 916 tuum
854 861 1218 930 baptizautem
1262 868 1575 930 peccatores
1608 858 1662 912 in
1692 855 2089 927 paenitentiam,

500 962 764 1022 tanquam
794 961 1047 1023 peccator
1084 950 1295 1016 adiisti;
1331 948 1612 1020 baptizare
1649 960 1865 1017 quoque
1909 955 1961 999 te
1998 959 2095 1015 po-

496 1044 745 1109 stulasti,
798 1043 1060 1098 innocens
1102 1044 1256 1114 Ague
1301 1041 1418 1106 Dei,
1474 1054 1635 1109 quem
1683 1038 1829 1094 nulla
1883 1036 2089 1107 peccati

492 1135 646 1190 stilla
670 1134 742 1167 ⁸⁸⁸
768 1149 1003 1204 unquam
1033 1132 1343 1188 maculavit.
1374 1130 1686 1200 Baptizatus
1710 1143 1790 1193 es,
1821 1142 1926 1183 non
1960 1135 2010 1180 te
2035 1127 2088 1180 in

504 1229 680 1298 aquis,
710 1227 804 1283 sed
836 1242 1006 1298 aquas
1042 1226 1096 1281 in
1135 1233 1186 1280 te
1220 1222 1600 1286 sanctiﬁcans;
1635 1230 1695 1275 ut
1720 1234 1818 1289 per
1845 1233 1938 1273 eas
1965 1233 2093 1271 san-

503 1320 777 1375 ctiﬁcares
806 1333 925 1372 nos.
972 1318 1051 1372 De
1084 1316 1354 1387 baptismo
1397 1313 1450 1368 in
1483 1313 1756 1369 desertum
1802 1310 1855 1364 in
1885 1308 2089 1381 Spiritu

498 1411 846 1467 fortitudinis
890 1404 1144 1480 egressus
1179 1424 1269 1475 es,
1317 1414 1375 1461 ut
1407 1413 1462 1461 et
1492 1405 1616 1460 vim
1652 1401 1909 1458 solitariae
1947 1401 2002 1453 in
2043 1408 2093 1453 te

488 1519 612 1558 non
657 1502 870 1557 deesset
912 1500 1243 1570 exemplum.
1302 1496 1659 1553 Solitudinem
1701 1508 1765 1547 ac
1824 1490 2091 1563 jejunium

496 1591 862 1664 quadraginta
900 1591 1139 1656 dierum,
1169 1589 1328 1645 famis
1353 1586 1729 1649 acerbitatem,
1758 1589 2091 1637 tentameuta

488 1686 743 1742 illuseris
797 1685 1022 1755 spiritus
1060 1683 1442 1754 aequanimiter
1491 1677 1769 1744 tolerasti,
1816 1685 1876 1730 ut
1909 1674 2090 1731 omnia

504 1778 621 1834 htec
649 1776 808 1832 nobis
839 1775 1139 1831 tolerabilia
1192 1773 1453 1828 cﬁiceres.
1507 1771 1732 1826 Demum
1778 1765 1973 1822 venisti
2023 1764 2089 1818 ad

2194 589 2400 638 xxxvu,
2428 574 2535 645 15).
2579 573 2882 629 Novissime
2916 582 3097 629 autem
3129 583 3183 629 et
3202 576 3418 645 justum
3457 576 3778 646 sanguinem

2194 676 2343 720 tuum
2385 667 2474 730 5'“,
2520 682 2550 720 a
2591 666 2854 736 discipulo
2893 676 3008 733 tuo,
3041 667 3150 722 lilio
3178 667 3521 737 perditionis,
3558 667 3781 735 triginta

2195 758 2467 826 argenteis
2495 758 2779 829 appretiati
2812 767 2939 813 sunt
2979 758 3198 829 (Matth.
3233 775 3408 826 xxvu,
3434 761 3512 830 9),
3554 770 3617 815 ut
3648 775 3784 829 prae-

2193 849 2487 918 cipitarent
2526 850 2763 903 animam
2800 860 2945 904 tuam
2986 849 3043 904 in
3068 859 3299 905 mortem
3329 851 3448 906 sine
3478 866 3669 906 causa.
3722 852 3784 905 Et

2196 946 2247 990 te
2286 937 2633 1007 perditissimi
2678 938 2975 1008 proditoris
3005 939 3076 971 ³⁵¹
3117 939 3194 994 tui
3233 940 3458 1010 perﬁdia
3503 956 3613 995 non
3653 942 3785 995 lat:-

2195 1026 2306 1089 hat,
2350 1026 2566 1096 quando
2606 1028 2659 1081 in
2700 1042 2857 1083 etena
2914 1027 3209 1083 ablutionis
3259 1044 3423 1083 causa
3476 1029 3647 1083 etiam
3697 1044 3784 1084 Co—

2194 1131 2311 1170 ram
2336 1117 2405 1148 ⁸⁵³
2440 1118 2595 1187 ipso,
2641 1133 2782 1189 genu
2828 1118 2966 1174 flexo
3009 1120 3408 1190 procumbens,
3463 1120 3786 1175 maledictos

2195 1210 2358 1277 pedes
2422 1209 2539 1278 ejus
2599 1210 2811 1265 veloces
2872 1211 2940 1265 ad
3007 1211 3391 1267 eﬁ'undentlum
3460 1212 3783 1283 sanguinein

2196 1309 2344 1367 tuum
2388 1300 2751 1356 sanctissimis
2797 1300 3048 1367 manibus
3085 1302 3192 1357 tuis
3238 1311 3554 1366 attrectare,
3598 1303 3784 1360 lavare

2194 1398 2248 1442 et
2278 1397 2563 1459 extergere
2612 1390 2866 1460 dignatus
2892 1406 2952 1447 es
2997 1390 3183 1462 (Joan.
3214 1406 3336 1458 xm,
3364 1392 3443 1459 5).
3496 1394 3565 1447 Et
3608 1394 3784 1449 adhuc

2195 1492 2417 1539 extento
2448 1483 2522 1515 ³⁸⁵⁵
2554 1484 2692 1538 collo
2722 1485 2987 1549 ambulas,
3034 1501 3067 1538 o
3115 1497 3261 1539 terra
3300 1495 3356 1541 et
3399 1486 3563 1554 cinis,
3608 1487 3786 1542 adhuc

2166 1574 2450 1643 superbia
2494 1582 2546 1630 te
2584 1589 2744 1643 supra
2789 1583 2841 1627 te
2880 1574 3088 1641 elevat,
3133 1575 3309 1629 adhuc
3353 1576 3697 1644 impatientia
3736 1587 3785 1630 te

2176 1666 2461 1736 exagitati
2514 1666 2730 1722 Intuere
2759 1666 3081 1721 humilitatis
3118 1676 3174 1721 et
3207 1681 3413 1723 mansut
3436 1667 3645 1723 tudinis
3674 1684 3785 1723 ma-

2194 1759 2422 1830 gistrum
2462 1760 2554 1824 ⁸⁸⁸,
2607 1758 2892 1815 Dominum
2940 1759 3124 1814 Jcsum
3173 1760 3477 1826 Christum,
3516 1761 3785 1816 universe

494 1884 636 1926 oves
695 1883 815 1938 quae
844 1868 1122 1937 perierant
1146 1866 1339 1920 domus
1371 1863 1534 1919 Israel
1578 1860 1793 1931 (Matth.
1822 1875 1874 1922 χ,
1903 1858 1985 1922 6),
2009 1857 2094 1911 di-
2125 1851 2168 1910 Β
2197 1858 2460 1905 creaturae
2508 1849 2795 1916 faetorem,
2833 1851 3173 1938 tremendum
3223 1850 3293 1881 ⁵⁸⁸
3334 1851 3580 1919 judicem
3634 1852 3783 1904 viro-

490 1959 613 2015 ‘vini
653 1959 803 2015 verbi
848 1957 1152 2028 lampadem
1196 1956 1372 2027 palam
1411 1954 1677 2010 extollens
1715 1951 1783 2006 ad
1826 1949 2092 2005 illumina-

498 2053 706 2108 tionem
744 2052 895 2109 orbis
939 2061 1133 2117 terrm,
1163 2059 1218 2106 et
1252 2062 1477 2119 regnum
1505 2048 1600 2103 Dei
1633 2046 1845 2103 cunctis
1884 2054 2095 2100 annun-

486 2145 664 2209 tians,
714 2145 890 2200 factus
927 2157 988 2200 es
1016 2157 1182 2198 causa
1231 2141 1421 2196 salutis
1458 2152 1677 2195 (sternte
1713 2137 1967 2192 omnibus
2000 2138 2095 2193 ob-

500 2232 930 2305 temperantibus
979 2232 1139 2303 (lleb.
1165 2248 1219 2297 v,
1248 2233 1329 2303 9),
1379 2246 1683 2287 sermonem
1714 2229 1785 2261 ⁸⁸⁸
1813 2229 2094 2298 sequenti--

499 2329 605 2383 bus
648 2328 816 2398 218
863 2325 1036 2397 signis
1072 2323 1441 2389 confirmasti,
1487 2323 1743 2377 virtutem
1794 2319 2093 2376 divinitatis

494 2428 609 2473 tute
652 2417 939 2473 ostendisti
985 2416 1040 2471 in
1079 2415 1291 2471 cunctis
1331 2413 1473 2469 male
1518 2413 1862 2477 habentibus,
1909 2412 2092 2466 omnia

492 2506 756 2563 omnibus
797 2505 975 2578 gratis
1021 2503 1289 2561 exhibens
1336 2518 1457 2573 quae
1510 2502 1673 2557 saluti
1728 2516 1915 2556 earum
1964 2510 2095 2556 con”-

499 2607 783 2667 gruerent,
832 2607 892 2654 ut
943 2610 1133 2654 omnes
1182 2595 1538 2652 lucriﬁcares.
1598 2594 1705 2650 Sed
1754 2594 2093 2649 obscuratum

497 2699 583 2742 est
609 2689 859 2758 insipiens
890 2704 983 2742 cor
1008 2703 1189 2742 eorum
1212 2685 1392 2757 (Rom.
1416 2685 1583 2757 1,21).
1612 2685 1858 2751 Domine,
1890 2694 1942 2739 et
1970 2699 2096 2754 pro-

496 2778 745 2846 iecerunt
781 2792 1066 2834 sermones
1091 2786 1213 2832 tuos
1246 2785 1545 2830 retrorsum
1578 2772 1752 2845 (Psal.
1783 2789 1930 2839 xux,
1968 2774 2089 2844 17);

500 2885 676 2941 neque
702 2872 1050 2925 attenderunt
1075 2869 1144 2923 ad
1167 2867 1351 2923 omnia
1379 2866 1673 2931 mirabilia,
1695 2880 1813 2935 quae
1839 2877 2094 2934 operatus

498 2976 562 3016 es
588 2961 643 3015 iu
670 2962 771 3026 eis,
796 2959 1042 3028 exceptis
1066 2957 1354 3028 perpaucis
1382 2956 1738 3011 nobilioribus
1761 2956 1829 2987 “7
1852 2956 2093 3022 athletis,

498 3066 640 3122 quos
682 3052 825 3107 inter
858 3050 1042 3104 inﬁma
1081 3058 1135 3103 et
1171 3048 1377 3119 abjecta
1418 3047 1603 3102 mundi
1650 3046 1969 3116 elegisti,‘ut
1998 3063 2095 3117 per

500 3144 652 3212 ipsos
680 3142 791 3197 alta
816 3150 870 3197 et
902 3140 1063 3195 fortia
1104 3139 1391 3211 magniﬁce
1428 3152 1772 3208 expugnares
1818 3136 1868 3209 (ι
1896 3137 2019 3191 Cor.
2051 3154 2090 3202 ι,

2196 1953 2318 1993 rum
2374 1946 2537 2009 atque
2599 1934 2973 2005 mortuorum,
3030 1948 3159 1995 ante
3213 1941 3378 2011 pedes
3435 1941 3676 1996 hominis
3732 1951 3786 1997 et

2198 2032 2477 2088 traditoris
2522 2033 2593 2065 ⁸⁸⁷
2637 2033 2721 2088 sui
2768 2048 2943 2105 genua
3003 2034 3398 2088 ineurvantem.
3449 2033 3609 2089 Disce
3662 2037 3785 2104 quia

2196 2124 2343 2197 mitis
2399 2132 2484 2180 est
2533 2133 2586 2180 et
2646 2124 2868 2182 humilis
2917 2128 3084 2181 corde
3136 2125 3354 2197 (Matth.
3402 2141 3494 2193 χι,
3535 2127 3656 2197 29).
3731 2138 3788 2183 et

2195 2216 2527 2275 confundere
2563 2219 2617 2273 in
2653 2218 2911 2289 superbia
2941 2227 3050 2284 tua,
3084 2220 3347 2274 erubesce
3384 2220 3785 2291 impatieuttam

2197 2319 2343 2366 tuam
2373 2311 2464 2366 ⁵⁵⁸.
2503 2310 2619 2368 Hoc
2641 2327 2859 2382 quoque
2893 2320 3013 2367 erat
3050 2312 3648 2377 mansuetudinistnte,
3687 2314 3784 2368 Do-

2197 2404 2342 2459 mine
2367 2394 2515 2469 J‘esu,
2555 2405 2699 2475 quod
2741 2404 3007 2475 perﬁdum
3064 2404 3213 2459 illum
3259 2406 3311 2459 in
3361 2415 3505 2460 metu
3555 2406 3786 2462 fratrum

2195 2494 2373 2566 palam
2409 2497 2660 2567 detegere
2698 2504 2756 2552 et
2789 2496 3120 2552 confundere
3166 2496 3408 2562 noluisti,
3452 2500 3547 2553 sed
3592 2498 3787 2553 leniter

2196 2586 2533 2644 admonitum
2581 2588 2890 2644 accelerare
2924 2588 3139 2657 jussisti
3180 2590 3325 2659 quod
3366 2591 3671 2660 parabatur
3692 2592 3783 2644 π’.

2192 2676 2251 2732 In
2280 2677 2532 2733 omnibus
2568 2679 2652 2734 his
2684 2695 2792 2734 non
2820 2689 2902 2735 est
2936 2695 3163 2735 aversus
3191 2679 3344 2736 furor
3375 2682 3492 2752 ejus
3523 2698 3553 2735 a
3587 2692 3661 2749 te,
3693 2685 3790 2737 sed

2197 2784 2449 2841 egressus
2478 2767 2627 2824 foras
2655 2769 2939 2839 satagebat
2968 2770 3116 2825 circa
3146 2770 3405 2841 frequens
3433 2772 3787 2829 maleﬁcium.

2198 2859 2471 2926 Quomodo
2492 2860 2721 2915 cecidisti
2747 2862 2811 2915 de
2830 2862 2956 2915 coelo
2972 2860 3202 2931 Lucifer,
3229 2864 3323 2933 qui
3351 2880 3503 2918 omne
3532 2866 3792 2921 arietaria

2198 2950 2351 3020 (Isai.
2379 2966 2492 3019 xtv,
2524 2953 2612 3023 η)
2645 2953 2696 3008 in
2734 2954 2944 3009 deliciis
2983 2955 3257 3023 paradisi?
3278 2956 3347 2987 ⁸⁶⁰
3379 2956 3668 3014 Gloriosus
3696 2972 3792 3027 ap-

2198 3043 2447 3112 paruisti,
2486 3043 2687 3098 civium
2725 3044 2848 3099 coeli
2887 3046 3092 3111 socius,
3133 3055 3188 3102 et
3226 3047 3385 3102 Verbi
3438 3049 3613 3104 divini
3660 3066 3794 3105 (ξοην

2196 3135 2337 3190 viva.
2375 3135 2477 3203 Qui
2516 3135 2846 3191 nutriebaris
2882 3137 2937 3191 in
2981 3137 3219 3203 croceis,
3261 3139 3606 3210 amplexaius
3633 3143 3705 3174 ⁵⁸¹
3732 3160 3793 3198 es

498 3206 618 3305 ἐπ).
674 3234 787 3289 Nec
840 3233 1014 3288 solum
1080 3206 1281 3301 ingrati
1349 3206 1604 3299 gratu—itis
1660 3229 1769 3284 tuis
1812 3206 2091 3285 beneﬁciis
2119 3206 2159 3262 C
2188 3227 2472 3283 Stercora?
2500 3225 2718 3296 (Thren.
2746 3243 2819 3292 ιν,
2849 3226 2928 3298 5.)
2959 3227 3109 3283 Tunc
3143 3206 3438 3285 clariﬁcata
3470 3244 3555 3287 est
3584 3232 3795 3288 familia

496 3325 848 3389 exstiterunt,
884 3322 979 3379 sed
1019 3330 1072 3376 et
1103 3321 1448 3378 contumeliis
1484 3320 1782 3378 affecerunt
1810 3329 1884 3389 te,
1912 3322 2094 3377 Domi-

502 3432 629 3471 num
679 3416 1098 3481 dominantium,
1142 3422 1197 3467 et
1249 3412 1498 3468 fecerunt
1549 3413 1602 3468 in
1657 3422 1709 3468 te
1756 3429 2093 3485 quaecunque

500 3507 791 3562 voluerunt
838 3505 1067 3576 (Matth.
1119 3521 1274 3571 xvn,
1327 3504 1483 3575 12).,
1529 3503 1605 3559 Te
1657 3505 1801 3559 enim
1862 3505 2094 3559 faciente

501 3614 666 3670 opera
710 3597 781 3630 “3
826 3598 956 3662 Dei,
1006 3612 1127 3667 quae
1172 3611 1334 3650 nemo
1386 3596 1524 3650 alius
1567 3594 1715 3660 fecit,
1768 3597 1896 3665 quid
1946 3597 2094 3651 dixe-

502 3689 667 3744 runt?
694 3688 763 3720 5”
803 3686 927 3741 Non
957 3695 1031 3740 est
1064 3687 1148 3740 hic
1177 3686 1330 3739 homo
1361 3703 1392 3739 α
1417 3684 1526 3738 Deo
1557 3683 1741 3752 (Joan.
1774 3700 1853 3752 Ix,
1882 3685 1999 3754 16);
2039 3687 2093 3738 in

500 3783 733 3849 principe
773 3771 1156 3834 dwtnoaiorum
1201 3776 1348 3845 ejicit
1372 3777 1632 3830 dwmonia
1661 3776 1873 3846 (Matth.
1902 3792 1979 3842 x1,
2005 3777 2091 3842 i8,

503 3870 610 3939 i9).
646 3869 976 3924 Dtemonium
1015 3869 1201 3932 habet;
1232 3866 1433 3920 seducit
1470 3870 1682 3932 turbas;
1721 3882 1885 3921 vorax
1939 3877 2013 3921 est
2044 3875 2093 3920 et

501 3971 712 4031 potator
754 3961 904 4025 vini;
961 3959 1161 4015 amicus
1210 3959 1617 4029 publicanorum
1672 3968 2091 4029 et-peccatorum

503 4053 655 4125 (Luc.
684 4069 741 4119 x,
768 4052 880 4124 15).

573 4145 713 4213 Quid
747 4144 878 4199 ﬁes?
912 4144 1040 4214 quid
1075 4142 1341 4213 suspiras,
1393 4157 1427 4197 ο
1455 4141 1619 4197 homo
1645 4142 1762 4205 Dei.
1797 4140 1925 4197 dum
1957 4158 2088 4198 sus-

500 4236 643 4290 tines
697 4235 984 4289 verborum
1030 4235 1289 4303 injurias?
1339 4233 1457 4288 Non
1512 4233 1667 4289 audis
1719 4243 1920 4304 quanta
1969 4248 2091 4305 prn-

501 4336 627 4396 pter
660 4332 709 4379 te
740 4325 793 4378 in
824 4326 1113 4380 Dominum
1150 4327 1319 4379 Deum
1344 4325 1416 4356 "°
1448 4334 1597 4379 tuum
1642 4326 1956 4381 ceciderunt
1994 4342 2091 4396 op-

502 4410 768 4487 probria?
814 4415 878 4470 Si
911 4425 1111 4484 patrem
1150 4415 1383 4484 familias
1426 4415 1712 4470 Beelzebub
1757 4427 2086 4485 vocaverunt,

2194 3328 2306 3383 tua,
2338 3319 2589 3383 Christe,
2634 3318 2687 3372 in
2728 3319 2949 3374 modum
3000 3321 3278 3376 societatis
3323 3321 3609 3392 angelicae,
3663 3334 3795 3379 tunc

2193 3412 2408 3466 demum
2447 3410 2768 3466 divinissimi
2811 3414 2961 3467 verbi
2999 3414 3068 3444 ⁸⁵⁸
3108 3414 3381 3469 uberrima
3425 3416 3791 3472 inundatione

2196 3499 2323 3555 felix
2381 3500 2469 3555 ille
2500 3500 2570 3532 ⁵⁸³
2600 3510 2899 3556 conventus
2937 3517 3002 3557 ex
3039 3518 3137 3557 ore
3175 3512 3265 3558 tuo
3291 3512 3513 3573 potatus
3546 3513 3656 3559 est.
3708 3506 3794 3561 Si-

2194 3593 2412 3661 quidem
2445 3602 2734 3662 corruptus
2765 3591 2853 3647 ille
2880 3593 2949 3625 ‘5‘
2974 3602 3095 3648 uter
3132 3594 3285 3650 foras
3329 3597 3535 3650 missus
3588 3596 3792 3662 fuerat,

2192 3700 2353 3754 quem
2394 3685 2552 3755 lmjns
2592 3684 2953 3741 limuidissimi
2996 3685 3228 3755 liquoris
3262 3686 3536 3742 infusione
3578 3688 3796 3747 sciebas

2192 3778 2490 3848 indignum.

2244 3871 2402 3924 Dato
2446 3880 2626 3926 autem
2665 3869 2949 3924 cltaritatis
2990 3879 3045 3923 ct
3084 3871 3358 3940 patientiae
3384 3871 3699 3927 Salvataris
3723 3874 3795 3905 ⁸⁸⁸

2195 3962 2491 4026 mandato,
2541 3969 2597 4015 et
2641 3960 2904 4030 disposito
2957 3961 3216 4017 fratribus
3273 3976 3440 4033 regno
3486 3963 3677 4019 Patris
3722 3965 3796 4019 hi

2192 4049 2263 4102 ad
2306 4049 2481 4105 locum
2528 4050 2776 4104 tradituri
2827 4060 2918 4104 tuo
2964 4060 3149 4106 notum
3186 4068 3313 4107 cum
3350 4053 3457 4107 illis
3491 4054 3794 4117 divertisti.

2192 4144 2372 4199 sciens
2398 4145 2579 4200 omnia
2603 4161 2724 4217 quae
2745 4157 2974 4201 ventura
3003 4155 3166 4202 erant
3195 4160 3358 4216 super
3384 4155 3453 4200 te.
3487 4145 3566 4200 lbi
3593 4148 3799 4203 animae

2193 4244 2299 4290 tuae
2330 4237 2632 4303 tristitiam,
2660 4252 2823 4307 quam
2857 4255 2922 4294 ex
2961 4238 3275 4293 imminente
3306 4237 3563 4306 passione
3593 4254 3643 4308 si
3665 4250 3799 4295 onte

2190 4328 2563 4398 assumpsisti;
2596 4329 2736 4383 sicut
2762 4339 2817 4384 et
2843 4338 3041 4384 cattera
3079 4345 3199 4398 quae
3237 4342 3432 4397 passus
3460 4340 3528 4382 es
3564 4328 3620 4382 in
3650 4330 3799 4382 auri-

2189 4420 2295 4476 rbus
2323 4420 2555 4475 fratrum
2586 4421 2828 4491 proﬁteri
2856 4437 2963 4477 non
2993 4421 3279 4481 erubuisti.
3315 4422 3503 4476 dicens
3542 4438 3554 4474 :
3602 4419 3799 4475 Tristis

500 4511 701 4580 quanto
730 4508 896 4576 magis
922 4506 1229 4561 domesticos
1258 4508 1407 4577 ejus?
1432 4507 1646 4573 (Matth.
1680 4525 1733 4571 x,
1762 4509 1841 4579 5.)
1884 4510 1949 4565 Et
1974 4511 2089 4567 haec
2192 4521 2267 4565 est
2307 4512 2485 4566 anima
2528 4529 2643 4567 mea
2684 4529 2848 4583 usque
2881 4514 2952 4567 ad
2985 4524 3205 4567 mortem
3237 4511 3455 4583 (Matth.
3486 4526 3651 4574 xxvr,‘
3681 4512 3797 4573 38}.

505 4563 722 4669 quidem
760 4609 814 4654 et
849 4598 1047 4653 similia
1090 4597 1643 4668 blasphemanles,"et
1677 4563 1965 4669 aliquoties
2002 4602 2086 4656 la—
2121 4563 2165 4621 θ
2198 4601 2395 4657 Positis
2466 4617 2681 4671 quoque
2741 4563 2971 4673 genibus
3025 4603 3096 4634 m
3120 4563 3425 4673 ‘pro‘cidisti
3458 4603 3538 4656 .in
3591 4601 3797 4657 faciem

501 4692 723 4767 pidibus
761 4701 813 4747 te
854 4691 1196 4761 impotentes.
1240 4690 1367 4746 Jesu
1396 4691 1569 4757 'bone,
1610 4693 1885 4762 patienter
1920 4687 2111 4749 susti-'
2196 4702 2363 4758 tuam,
2394 4708 2560 4750 orans
2591 4695 2642 4749 in
2672 4695 2887 4765 agonia,
2916 4694 3183 4750 et‘dicens
3204 4711 3222 4748 :
3243 4693 3389 4748 Abba
3413 4690 3611 4753 Pater;
3630 4691 3803 4747 Pater

502 4784 693 4851 nuisti,
735 4792 793 4840 et‘
821 4782 997 4839 factus
1029 4798 1092 4838 es
1123 4797 1306 4838 coram
1344 4782 1610 4854 eis'quasi
1651 4786 1811 4842 homo
1841 4801 1949 4842 non
1987 4789 2088 4842 au;
2190 4786 3452 4858 mi‘",sipossibileest,transeatamecalizisrc
3478 4784 3797 4855 (ibid.,39).

1764 4946 1997 5004 VARLE
2038 4906 2437 5005 moriens.

560 5087 634 5125 W'
649 5085 746 5160 Ve.
776 5084 1026 5160 contagio
1053 5101 1153 5140 ms.
1170 5087 1359 5141 omittit
1385 5157 1394 5160 Α
1416 5087 1487 5160 ⁸ιέ
1506 5086 1602 5141 Dei
1627 5089 1962 5142 aonuncians
1985 5100 2195 5146 cunctis
2211 5090 2710 5160 optemperantibus
2722 5093 2887 5147 verbo
2900 5101 2992 5145 tuo
3015 5103 3319 5145 sermonem
3340 5104 3438 5141 ms.
3459 5088 3803 5160 Deicunctis

502 5157 845 5231 a‘nnttncians
865 5155 1040 5213 factus
1053 5171 1112 5211 es
1139 5157 1510 5231 causagsalutis
1529 5168 1751 5231 aeterna
1765 5160 2015 5214 omnibus
2033 5155 2555 5231 obtemperauiibus,
2570 5176 2877 5231 sermonem
2936 5162 3002 5221 '5’
3018 5160 3296 5231 Nobilibus
3309 5157 3802 5231 magnobilioribus

497 5222 573 5303 ξ’ξδ
600 5228 657 5281 In
690 5228 769 5281 eis
785 5232 1074 5303 operantur.
1096 5228 1280 5303 omittit
1308 5229 1358 5282 iu
1389 5230 1470 5303 eis
1531 5222 1640 5303 ’ξ’
1670 5227 1932 5283 Dixerunt
1959 5222 2513 5303 ms_._qujd"dix_erunt?
2543 5222 2551 5225 ⁷
2585 5230 2654 5303 ’ἕο
2674 5233 2739 5303 1η
2767 5232 3057 5303 Dominum
3077 5223 3261 5303 JeSum
3284 5224 3800 5303 ms.'in‘Do_minnm

504 5296 675 5370 Deum
702 5294 848 5370 tuum
874 5295 1185 5370 __‘_“_"l‘uum
1209 5296 1349 5370 bone
1379 5297 1504 5354 Jesu
1535 5297 1723 5353 in'ms.
1752 5308 1901 5352 tuum
1924 5314 1953 5352 a
2030 5294 2110 5331 ⁸³³⁷
2134 5301 2209 5356 Te
2234 5301 2449 5370 quidem
2489 5301 2850 5370 perditissimi
2880 5296 3158 5356 tradituris
3190 5314 3288 5353 ms.
3333 5308 3387 5353 te
3422 5294 3802 5367 perditissimi

504 5366 801 5435 proditoris
848 5365 945 5437 7““
974 5365 1282 5437 Ablutionis
1323 5370 1490 5423 etiam
1549 5384 1731 5424 coram
1778 5385 1878 5422 ms.
1906 5365 2445 5425 ‘Ablutionis'causa
2487 5365 2648 5426 etiam
2702 5387 2885 5427 coram
2964 5372 3033 5403 ⁵⁵⁸
3063 5372 3128 5424 Et
3155 5371 3365 5431 intento
3390 5365 3488 5422 nis.
3519 5370 3800 5437 etadbue

505 5434 734 5513 extento
782 5434 1171 5513 ‘_‘”_Specu_lum
1203 5454 1302 5513 ms.
1330 5440 1652 5513 magistrum
1727 5438 2098 5513 "“Domiuum
2125 5438 2313 5513 Jesum
2330 5440 2630 5513 Christum,
2656 5442 2927 5513 universae
2950 5450 3107 5513 terra:
3146 5438 3405 5513 factorem
3432 5434 3803 5513 tremendum

504 5508 605 5557 ins.
631 5506 959 5580 omittitha’c
1033 5504 1372 5580 “7_llontittis
1402 5504 1678 5564 traditoris
1707 5526 1803 5565 ms.
1831 5510 2076 5580 hominis
2100 5518 2155 5566 et
2181 5510 2457 5567 traditoris
2530 5504 2691 5566 "'ln
2732 5512 3070 5580 impatientia
3096 5518 3186 5564 tua
3230 5526 3332 5564 ms.
3377 5506 3800 5577 impatientiam

508 5582 657 5650 tuam
681 5574 685 5577 ’
712 5574 782 5609 ⁵⁸⁸
801 5576 953 5643 Quod
972 5576 1308 5650 parabatms.
1325 5580 1469 5647 quod
1485 5580 1778 5648 parabatur
1829 5579 2195 5646 Im’Quomodo
2215 5594 2345 5650 ergo
2367 5588 2644 5649 reputatus
2670 5597 2730 5638 es
2754 5574 2897 5637 inter
2916 5582 3057 5636 ﬁlios
3083 5583 3430 5650 tenebrarum
3456 5574 3558 5630 ins.
3588 5581 3797 5650 omittit

503 5642 574 5720 ff}
606 5642 884 5709 Quomodo
913 5642 1378 5720 amplexatusins'.
1403 5642 1591 5720 omittit
1646 5642 1958 5720 quomodo"
1990 5650 2060 5681 '“
2086 5642 2307 5720 Eloquii
2326 5642 2442 5703 msf
2461 5652 2612 5706 verbi
2719 5652 2795 5688 ⁸⁸³
2826 5652 2917 5707 llle
2945 5665 3103 5707 sacro
3133 5666 3233 5703 ms.
3259 5648 3451 5720 omittit
3478 5661 3647 5703 sacro
3724 5645 3804 5678 '“

504 5712 600 5793 ille
629 5712 1017 5793 verenti-tuine
1042 5726 1163 5793 mer
1188 5724 1191 5725 '
1234 5714 1303 5746 ⁸⁸⁵
1327 5715 1561 5793 $alutari
1582 5712 1680 5771 ms:
1710 5719 1969 5793 salutaris
2046 5719 2123 5793 “'_
2139 5712 2339 5778 Positis
2365 5720 2552 5790 itaque
2574 5722 2805 5792 genibus
2826 5732 2924 5778 ms.
2958 5720 3153 5793 positis
3172 5731 3389 5791 quoque
3413 5716 3661 5773 interra
3699 5730 3804 5786 ge-

504 5784 667 5840 nibus
733 5780 802 5815 “7
826 5781 986 5838 Pater
1010 5784 1080 5838 mi
1104 5782 1286 5845 Pater.
1306 5786 1351 5840 si
1381 5800 1478 5841 ms.
1512 5785 1670 5841 Pater
1701 5789 1799 5855 mi,
1825 5789 1872 5843 si
