4060 6292
298 315 397 372 753

1573 392 1580 398 ,
1673 321 2205 394 MEDITATIONES.

3456 340 3570 400 75.5

287 397 648 495 'Et‘angustias
678 397 858 484 cordis
889 427 963 484 tui
999 427 1291 487 tristissimi
1308 421 1388 464 τις
1409 432 1683 489 indicabat
1704 437 1870 491 sudor
1975 453 2123 494 mum
2163 417 2297 496 nihil
2323 432 2698 515 obloquentem
2724 446 2827 529 κο.
2847 449 2912 502 ad
2947 445 3119 502 instar
3149 447 3393 524 latronis,
3425 428 3551 530 con-

287 519 380 574 -iile
415 518 770 588 sanguineus,
816 521 909 590 qui
943 522 1209 579 orationis
1255 532 1498 596 tempore
1530 527 1596 583 de
1635 519 1869 607 sanctis—

283 609 422 663 =sima
469 621 638 662 carne
687 617 778 664 tua
834 611 1087 681 guttatim
1142 612 1468 672 decurrebat
1532 617 1584 671 in
1644 626 1867 673 terram.

284 699 602 754 .Doininator
639 699 867 757 Domine
905 701 1032 759 Jesu
1064 703 1300 772 Christe,
1347 712 1491 764 unde
1533 709 1725 764 anima:
1769 719 1871 764 tua:

293 790 401 844 haec
437 799 550 843 tam
577 790 872 847 vehemens
920 792 1176 848 tristitia?
1210 797 1352 851 unde
1383 798 1518 853 tanti
1557 799 1771 853 sudoris
1800 798 1868 830 “’

290 872 548 946 auitietas,
581 890 635 936 et
663 889 775 937 tam
806 885 969 939 anxia
997 887 1354 958 supplicatio?
1395 889 1588 946 Nonne
1618 890 1868 946 volunta-

289 972 422 1026 rium
449 973 674 1030 omnino
704 973 854 1030 Patri
885 978 1213 1034 sacrificium
1241 981 1508 1049 obtulisti,
1538 991 1593 1038 et
1620 982 1756 1037 nihil
1788 985 1869 1038 in-

288 1063 423 1119 vitus
468 1066 780 1136 pertulisti?
819 1067 1034 1138 Utique,
1063 1071 1317 1129 Domine.
1372 1074 1724 1154 Arbitramur
1769 1093 1867 1130 au-

280 1164 387 1211 tem
413 1159 560 1228 quod
595 1170 650 1215 et
675 1160 777 1216 hoc
807 1177 1024 1233 quoque
1055 1166 1122 1220 ad
1153 1166 1581 1224 consolationem
1626 1169 1873 1225 infirmo-

274 1261 398 1300 .rum
449 1249 822 1306 membrorum
893 1263 1105 1310 tuorum
1171 1259 1546 1329 assumpsisti,
1601 1276 1669 1316 ne
1714 1261 1870 1319 forte

282 1337 526 1408 desperet
581 1341 731 1412 quis,
774 1344 819 1398 si
864 1360 994 1401 caro
1039 1347 1256 1404 infirma
1309 1362 1694 1417 remurmuret,
1745 1369 1867 1409 cum

285 1438 457 1485 tamen
527 1435 595 1487 ad
646 1434 719 1466 ⁸⁷³)
773 1437 1081 1506 passionem
1153 1451 1436 1512 promptus
1487 1453 1572 1499 est
1625 1445 1866 1515 spiritus.

280 1519 546 1578 Nimirum
574 1534 628 1579 et
657 1535 710 1581 ut
747 1528 984 1596 majores
1011 1530 1079 1562 '"
1109 1547 1238 1600 erga
1280 1542 1331 1588 te
1361 1535 1565 1592 amoris
1612 1546 1667 1591 et
1699 1528 1869 1608 grati-

268 1616 484 1670 .tndinis
524 1617 775 1674 stimulos
819 1619 1168 1688 haberemus,
1209 1625 1516 1682 naturalem
1563 1629 1745 1685 carnis
1787 1632 1867 1685 in~

281 1703 630 1777 ﬁrmitatem,
679 1709 986 1780 huiusmodi
1034 1715 1248 1772 indiciis
1311 1717 1364 1772 in
1415 1727 1468 1774 te
1513 1721 1864 1790 expressisti,

278 1796 470 1864 quibus
519 1799 839 1857 doceremur
883 1805 1010 1874 quia
1058 1821 1183 1862 vere
1219 1808 1290 1840 ⁸⁷²
1321 1808 1607 1880 languores
1653 1823 1868 1870 nostros

277 1883 388 1956 ipse
416 1894 679 1959 portasti;
721 1903 784 1949 et
813 1912 919 1950 non
951 1898 1157 1968 absque
1191 1915 1354 1956 sensu
1388 1901 1612 1967 doloris,
1657 1907 1866 1976 passio-

271 1996 400 2036 num
438 1995 621 2040 sentes
652 1989 995 2057 percurristi.
1046 1989 1161 2045 Vox
1202 1993 1347 2048 enim
1394 1995 1502 2059 illa,
1545 2013 1649 2053 vox
1682 2001 1867 2066 carnis

268 2070 442 2129 fuisse
471 2074 709 2145 videtur,
744 2093 850 2134 non
879 2080 1123 2150 spiritus,
1163 2098 1230 2138 ex
1263 2099 1329 2138 eo
1367 2099 1474 2154 quo
1512 2086 1861 2157 subjunxisti,

269 2157 505 2230 Spiritus
552 2169 762 2238 quidem
810 2183 1082 2241 promptus
1122 2183 1220 2239 est,
1256 2193 1384 2229 caro
1431 2188 1603 2232 autent
1654 2181 1866 2250 inﬁrma

267 2254 488 2322 (Matth.
520 2275 667 2324 xxvi,
690 2259 802 2332 41).
835 2262 1005 2329 Quam
1037 2275 1319 2337 promptus
1346 2268 1492 2323 enim
1542 2270 1710 2327 fuerit
1751 2274 1862 2342 spi-

260 2346 405 2402 ritus
467 2357 618 2414 tuus,
665 2351 805 2406 bone
852 2352 1000 2416 Jesu,
1058 2356 1127 2408 ad
1179 2358 1522 2427 passionem,
1589 2355 1868 2419 evidenter

260 2439 583 2506 ostendisti,
625 2442 841 2511 quando
877 2445 1221 2502 venientibus
1262 2465 1366 2504 una
1406 2466 1529 2506 cum
1590 2456 1867 2522 proditore

263 2534 360 2578 tuo
405 2527 544 2582 viris
590 2531 947 2599 sanguinum,
1007 2537 1377 2605 qumrentibus
1428 2541 1664 2598 animam
1719 2553 1864 2601 tuam

263 2615 389 2670 enim
434 2616 695 2686 laternis,
734 2623 965 2691 facibus,
1005 2635 1062 2681 et
1100 2629 1269 2684 armis
1306 2645 1407 2700 per
1440 2643 1685 2701 noctem,
1724 2636 1866 2705 ultro

261 2710 584 2778 occurristi,
620 2723 676 2768 et
717 2716 874 2786 signo
913 2718 1057 2788 quod
1087 2719 1160 2752 ⁸⁷³
1191 2735 1220 2775 a
1257 2721 1395 2778 duce
1421 2722 1608 2797 ﬂagitii
1640 2743 1866 2798 accepe-

267 2810 390 2856 rant
439 2803 674 2874 teipsum
720 2806 1081 2866 manifestasti
1125 2810 1309 2882 (Joan.
1343 2831 1500 2884 xvm,
1533 2817 1591 2884 5,
1617 2818 1698 2890 4).
1729 2799 1864 2876 Nam

267 2891 616 2950 accedentem
639 2896 709 2952 ad
732 2897 975 2955 osculum
1001 2901 1114 2958 oris
1131 2902 1202 2935 m
1217 2904 1292 2959 tui
1323 2916 1604 2962 cruentam
1635 2908 1863 2966 bestiam

267 2993 559 3041 aversatus
613 3003 719 3044 non
768 3004 858 3056 es,
900 2990 996 3047 sed
1037 3007 1131 3057 os,
1182 2994 1235 3048 in
1277 3009 1384 3066 quo
1419 2996 1575 3052 dolus
1611 2999 1863 3056 inventus

1975 527 2258 588 tumeliose
2297 543 2684 603 pertraxerunt
2714 537 2781 592 ad
2811 527 3120 614 victimam?
3157 538 3264 595 Sed
3302 557 3402 599 nec
3432 527 3559 619 tunc

1963 614 2412 678 misericordiam
2459 633 2604 680 tuam
2644 643 2808 698 super
2850 627 3102 684 inimicos
3149 637 3271 685 tuos
3294 616 3557 685 distillare

1960 707 2128 766 "favus
2175 713 2473 770 dulcedinis
2512 724 2656 782 tuze,
2700 704 2950 785 Christe,
3000 719 3258 774 cessavit.
3309 718 3445 775 Nam
3503 732 3569 776 et.

1974 802 2217 859 mutilam
2264 808 2332 861 ab
2373 807 2636 879 discipulo
2667 809 2737 841 ⁸⁸³
2769 818 2861 865 tuo
2909 825 3095 866 aurem
3143 811 3348 868 inimici
3396 828 3558 868 sana-

1958 890 2038 948 'sti
2062 895 2162 961 ⁸⁸²ς
2191 904 2246 952 et
2274 880 2573 954 defensoris
2607 900 2680 954 ttti
2710 899 2882 954 zelum
2913 915 2945 955 a
2976 901 3195 957 laesione
3225 903 3568 984 trahentium.

1957 985 2026 1042 ’te
2054 991 2456 1058 compescuisti.
2492 990 2814 1046 Maledictus
2852 991 3004 1048 furor
3031 1007 3243 1058 eorum,
3271 995 3394 1064 quia
3436 1009 3556 1064 per-

1959 1078 2144 1145 'tinax,
2176 1095 2335 1151 quem
2376 1096 2482 1157 nec,
2512 1084 2766 1154 majestas
2803 1085 3086 1154 miraculi,
3122 1101 3222 1141 nec
3258 1087 3432 1157 pietas
3462 1086 3564 1141 bcw

1971 1169 2151 1226 neticii
2189 1170 2531 1244 confringere
2569 1175 2763 1243 potuit.
3314 1163 3318 1166 ’
3481 1165 3486 1170 ’

1957 1275 1962 1280 ·
2041 1258 2284 1315 Concilio
2336 1261 2748 1333 malignautium
2792 1265 3074 1320 adversus
3136 1274 3189 1321 te
3233 1265 3556 1335 pontiﬁ’ciim

1956 1362 2327 1422 'prmsentatus
2360 1369 2439 1420 es,
2477 1355 2622 1411 ct'”
2648 1357 2953 1431 veritatem,
2985 1367 3144 1427 prout
3190 1358 3431 1426 oportuit
3454 1356 3550 1424 ⁸⁸⁸,

1969 1442 2274 1510 confessus,
2337 1445 2492 1514 quasi
2559 1448 2626 1501 de
2691 1447 3028 1518 blasphemia
3097 1446 3434 1516 adiudicatus
3492 1457 3556 1502 es

1971 1533 2154 1588 morti.
2198 1535 2589 1591 Amantissime
2626 1536 2850 1593 Domine
2881 1536 3030 1603 Jesu,
3075 1547 3278 1608 quanta
3316 1538 3426 1594 illic
3467 1538 3556 1592 in-

1969 1627 2129 1694 digna
2174 1642 2204 1681 a
2242 1628 2462 1699 prepria
2488 1629 2560 1662 ⁸⁸⁵
2586 1641 2746 1701 gente
2792 1631 3100 1701 pertulisti?
3145 1631 3362 1686 Vultum
3405 1640 3553 1686 tuum

1971 1717 2364 1781 honorabilem.
2399 1720 2452 1774 in
2479 1733 2639 1790 quem
2671 1721 2982 1777 desiderant
3019 1723 3194 1798 angeli
3219 1723 3558 1794 prospicere,

1971 1809 2063 1877 qui
2097 1824 2286 1866 omnes
2322 1810 2489 1867 cmlos
2516 1812 2775 1882 adimplet
2811 1813 3020 1878 laetitia,
3053 1828 3214 1883 quem
3257 1813 3558 1883 deprecan-

1973 1909 2062 1953 tur
2087 1916 2275 1956 omnes
2305 1901 2502 1957 divites
2533 1902 2704 1972 plebis
2731 1900 2904 1972 (Ρςαι.
2935 1918 3079 1969 xuv,
3108 1904 3221 1972 15),
3250 1902 3438 1972 polluti
3477 1902 3541 1955 la‘

1968 1993 2041 2047 liii
2088 1993 2171 2048 sui
2220 1993 2394 2064 sputis
2451 1994 2908 2062 inquinaverunt,
2961 1993 3246 2074 sacrilegis
3301 1991 3554 2047 manibus

1966 2084 2316 2152 ceciderunt,
2360 2083 2480 2140 velo
2521 2093 2855 2154 operuerunt
2897 2072 2972 2139 in
3022 2072 3375 2149 derisionem,
3415 2089 3470 2136 et
3503 2090 3558 2135 te

1969 2176 2253 2232 Dominum
2327 2176 2593 2232 universa:
2651 2186 2953 2243 creaturae,
3017 2187 3272 2246 tanquam
3335 2186 3553 2229 servum

1967 2268 2459 2338 contemptibilem,
2509 2269 3010 2338 colaphizaverunt.
3061 2267 3253 2321 Adhuc
3291 2274 3469 2320 autem
3501 2272 3559 2318 et

1969 2356 2204 2410 animam
2229 2366 2388 2412 tuam
2435 2357 2820 2413 incircumciso
2847 2357 2970 2413 cani
3007 2356 3410 2428 deglutiendam
3445 2361 3558 2408 tra-

1966 2443 2238 2500 diderunt.
2259 2445 2510 2501 Vinctum
2538 2446 2803 2516 siquidem
2839 2455 2963 2500 ante
2986 2444 3175 2501 faciem
3191 2443 3346 2499 Pilati
3370 2442 3553 2513 praesi-

1969 2536 2056 2591 dis
2095 2546 2145 2591 te
2171 2537 2243 2569 ⁵⁸⁶
2269 2519 2657 2607 perduxerunt,
2705 2537 3042 2606 postulantes
3075 2535 3339 2608 supplicio
3374 2531 3554 2588 crucis

1966 2629 2159 2699 perimi
2195 2633 2244 2683 te
2281 2628 2371 2699 qui
2406 2636 2686 2699 peccatum
2723 2645 2826 2684 non
2860 2643 3124 2694 noveras;
3168 2635 3222 2680 et
3249 2626 3426 2680 virum
3457 2624 3553 2678 ho-

1968 2703 2440 2776 micidam'donari
2473 2719 2575 2775 sibi
2609 2719 2749 2791 (Act.
2781 2735 2868 2784 ιιι,
2893 2719 2981 2784 ιδ,
3005 2718 3120 2796 ιιι),
3157 2717 3342 2788 lupum
3373 2715 3554 2787 Agno,

1967 2826 2103 2866 auro
2138 2811 2310 2868 lutum
2347 2821 2725 2882 praeponentes
2752 2813 2843 2864 ⁸⁸⁷.
2873 2811 2918 2868 0
2949 2811 3228 2880 indignum
3268 2817 3324 2864 et
3361 2804 3554 2883 infelix

1965 2894 2381 2956 concambiurn!
2424 2901 2492 2956 Et
2518 2903 2737 2972 quidem
2769 2917 2878 2958 non
2905 2900 3192 2972 ignorabat
3221 2897 3422 2970 impius
3461 2897 3556 2952 ille

1962 3006 2062 3066 per
2100 2990 2357 3048 invidiam
2394 2991 2498 3050 hoc
2537 2993 2655 3074 ﬁeri
2693 2993 2748 3049 in
2793 3002 2882 3070 te,
2926 3007 3026 3048 nec
3063 3000 3243 3047 tamen
3289 2989 3551 3045 abstinuit

266 3087 371 3129 non
407 3086 494 3133 est
534 3078 691 3150 (Ιςαὶ.
720 3077 839 3148 un,
868 3082 946 3155 9),
987 3083 1071 3139 ori
1110 3085 1256 3156 quod
1298 3087 1594 3145 abundavit
1631 3091 1856 3158 malitia,
1887 3126 1934 3189 Ο
1965 3099 1996 3141 a
2039 3095 2091 3142 te
2129 3086 2449 3143 temerarias
2493 3071 2716 3154 manus,
2771 3067 3143 3189 sed-replevit
3192 3081 3558 3189 amaritudine

265 3167 500 3225 dulciter
530 3171 838 3243 applicuisti
879 3174 1098 3246 (Matth.
1132 3194 1283 3242 xxvi,
1313 3179 1428 3252 49).

331 3258 376 3315 0
423 3261 690 3319 innocens
725 3264 878 3335 Agne
935 3266 1054 3332 Dei,
1107 3267 1238 3338 quid
1293 3270 1386 3326 tibi
1468 3283 1525 3328 et
1570 3272 1695 3345 lupo
1743 3274 1865 3331 illi?

265 3346 395 3416 Ome
437 3357 713 3410 conventio
757 3354 952 3412 Christi
999 3358 1069 3412 ad
1107 3359 1317 3417 Belial?
1370 3362 1457 3434 (II
1499 3362 1722 3434 Camn,
1749 3365 1862 3441 15.)

263 3443 371 3499 Sed
416 3456 474 3502 et
527 3447 636 3507 hoc
685 3450 1035 3522 benignitatis
1084 3460 1189 3509 tua:
1236 3463 1374 3522 erat,
1428 3457 1657 3514 Domine
1709 3458 1859 3527 Jesu,

263 3547 318 3589 nt
373 3537 444 3572 ⁵⁷⁸
491 3541 690 3597 omnia
759 3541 835 3597 illi
905 3543 1230 3613 exhiberes,
1285 3562 1406 3617 quae
1457 3549 1610 3627 pravi
1682 3551 1862 3609 cordis

263 3627 630 3691 pertinaciam
681 3629 927 3686 emollire
983 3634 1302 3703 potuissent.
1367 3636 1501 3692 Nam
1553 3648 1607 3694 et
1658 3643 1861 3698 veteris

260 3719 517 3776 riniicitiaz
551 3721 699 3776 illum
728 3726 1132 3791 commonuisti,
1163 3728 1348 3799 dicens
1373 3747 1385 3783 :
1410 3729 1608 3798 Amice,
1640 3733 1709 3786 ad
1733 3736 1859 3804 quid

262 3813 484 3869 musti?
542 3814 758 3884 (Matth.
791 3834 938 3883 xxvr,
972 3819 1092 3888 50.)
1121 3819 1190 3874 Et
1232 3821 1461 3876 horrore
1506 3825 1730 3880 sceleris
1775 3827 1859 3881 sui

259 3915 354 3953 cor
385 3901 545 3974 impii
587 3903 752 3962 ferire
779 3907 1026 3973 voluisti,
1059 3923 1183 3963 cum
1211 3910 1260 3964 ei
1297 3911 1518 3967 dicebas
1549 3913 1620 3945 ⁸⁷⁸
1700 3915 1857 3983 (Luc.

261 4005 402 4053 “vi.
419 3995 508 4065 48)
527 4011 544 4048 :
561 3995 728 4062 Inda,
753 3997 930 4052 osculo
944 3996 990 4051 F
995 3997 1143 4053 ilium
1167 3999 1393 4056 hominis
1422 4002 1612 4058 tradis.
1653 4003 1720 4058 Et
1744 4021 1859 4060 ecce

262 4079 561 4142 Pliilistiim
590 4104 750 4158 super
785 4099 854 4153 te,
888 4088 1118 4145 Samson
1147 4089 1302 4146 llud.
1338 4107 1449 4156 xvr,
1476 4091 1562 4157 M,
1588 4092 1692 4161 l6).
1741 4093 1856 4149 Non

262 4170 378 4230 illos
397 4187 502 4232 ate
534 4177 938 4244 absterruit'",
957 4180 1102 4250 quod
1124 4181 1176 4236 in
1198 4183 1333 4236 hora
1357 4183 1857 4253 comprehensionis

262 4273 361 4319 tua:
390 4269 759 4337 omnipotenti
793 4269 1020 4326 brachio
1061 4280 1155 4328 tuo
1198 4282 1361 4328 terrae
1391 4272 1462 4310 ⁵⁷⁸
1484 4287 1579 4329 eos
1621 4274 1854 4340 aliisisti,

259 4369 362 4410 non
387 4360 618 4428 quidem
660 4360 992 4419 defensionis
1031 4379 1234 4431 causa,
1276 4365 1370 4420 sed
1405 4373 1466 4419 ut
1498 4375 1855 4436 cognosceret

1965 3181 2200 3236 animam
2247 3189 2396 3236 tuam
2441 3179 2558 3235 sine
2606 3193 2792 3233 causa.
2863 3174 3202 3250 llludendum
3256 3171 3455 3227 Herodi
3499 3180 3550 3225 te

1964 3271 2134 3338 misit,
2153 3269 2368 3327 illusum
2392 3267 2620 3338 recepit,
2646 3269 2847 3330 nudum
2872 3267 2925 3322 in
2949 3273 3240 3340 conspectu
3263 3263 3550 3317 irrisorum

1963 3368 2145 3416 astare
2175 3369 2228 3417 te
2258 3360 2383 3417 fecit
2411 3359 2482 3393 ⁸⁸⁸
2508 3376 2521 3412 :
2567 3373 2666 3415 nec
2693 3359 2940 3428 pepercit
2974 3353 3332 3433 amarissimis
3359 3352 3552 3407 verbe-

1963 3453 2115 3508 ribus
2144 3451 2446 3523 virgineam
2488 3464 2712 3506 carnem
2756 3457 2900 3526 tuam
2935 3446 3211 3511 divellere,
3243 3443 3441 3516 plagis,
3479 3442 3546 3497 li.

1965 3557 2121 3600 vores
2147 3543 2409 3598 livoribus
2432 3539 2731 3598 crudeliter
2760 3537 3030 3609 indigens.

2032 3635 2216 3692 Electe
2253 3649 2390 3707 puer
2417 3633 2630 3691 Domini
2678 3633 2782 3689 mei
2820 3631 2915 3696 ⁵⁸³,
2947 3630 3076 3701 quid
3113 3637 3260 3685 tanta
3285 3627 3552 3683 amaritu-

1960 3727 2120 3792 dine,
2166 3725 2294 3796 quid
2344 3730 2492 3780 tanta
2535 3723 2854 3780 confusione
2883 3721 2956 3754 "'
2986 3721 3204 3792 dignum
3260 3718 3548 3774 commise-

1959 3819 2083 3874 ras?
2119 3833 2341 3887 prorsus
2374 3816 2508 3871 nihil
2551 3834 2562 3870 :
2609 3831 2708 3887 ego
2733 3817 2897 3871 homo
2935 3813 3006 3846 ⁸⁹¹
3053 3812 3298 3881 perditus
3323 3853 3338 3878 ,
3381 3811 3549 3865 totius

1960 3909 2341 3972 contritionis,
2402 3909 2568 3962 totius
2609 3905 2949 3962 confusionis
3003 3904 3096 3959 tibi
3145 3902 3215 3936 ”’
3243 3915 3407 3957 causa
3453 3915 3548 3955 ex-

1958 4001 2092 4055 stiti.
2138 4000 2256 4071 Ego
2293 4013 2452 4054 uvam
2488 4000 2740 4054 acerbam
2777 3996 3016 4062 comedi,
3055 3994 3222 4065 219
3265 4003 3320 4048 et
3359 3994 3554 4048 dentes

1961 4091 2035 4145 tui
2089 4090 2514 4162 obstupuerunt,
2573 4090 2700 4159 quia
2761 4102 2880 4158 qute
2937 4102 3043 4142 non
3113 4084 3340 4155 rapuisti
3413 4090 3546 4140 tunc

1957 4179 2278 4235 exsolvehas
2325 4175 2498 4250 (Ρςαι.
2546 4191 2742 4242 uvm,
2782 4175 2860 4247 5).
2911 4175 2968 4230 In
3008 4174 3259 4230 omnibus
3309 4172 3394 4228 his
3435 4187 3544 4228 non

1957 4281 2040 4328 est
2087 4271 2418 4341 perfidorum
2470 4271 2541 4304 ⁸⁸³
2593 4269 2900 4325 Judzeorurn
2950 4269 3145 4324 satiata
3175 4266 3247 4301 ⁸⁹⁸
3272 4266 3543 4338 impietas.

1958 4362 2260 4418 Novissime
2302 4371 2484 4416 autem
2529 4361 2583 4415 in
2614 4375 2808 4415 manus
2853 4358 3360 4415 incircumcisorum
3403 4355 3548 4410 mili-

259 4442 491 4504 humana
560 4451 910 4521 praesumptio
971 4452 1106 4508 nihil
1147 4469 1206 4509 se
1251 4469 1409 4524 posse
1451 4455 1739 4513 adversum
1782 4469 1854 4525 te,
1887 4462 2078 4530 Dltlm
2126 4451 2408 4508 deVOIIIWS
2461 4466 2555 4518 es.
2609 4457 2783 4505 ῐηοτίθ
2835 4449 3143 4520 turpissima
3219 4461 3544 4503 consume”

259 4536 358 4590 nisi
389 4549 658 4608 quantum
683 4544 1092 4615 permitteretur
1121 4560 1151 4599 a
1183 4554 1257 4600 te.
1290 4546 1357 4601 Et
1381 4546 1504 4615 quis
1532 4548 1715 4604 audiat
1741 4550 1858 4606 sine

259 4627 459 4692 gemitu
491 4630 738 4702 qualiter
774 4633 828 4688 in
871 4633 961 4688 illa
1000 4635 1134 4690 hora
1185 4636 1487 4693 homicidas
1528 4654 1720 4694 manus
1760 4640 1854 4695 tibi

260 4716 595 4789 iniecerunt.
644 4736 700 4782 et
738 4728 1057 4785 innocentes
1098 4745 1293 4785 manus
1333 4738 1477 4798 tuas,
1522 4731 1664 4785 bone
1701 4729 1851 4794 Jesu,

264 4812 510 4873 vinculis
535 4821 995 4892 constringentes,
1039 4829 1089 4875 te
1114 4821 1326 4892 Agnum
1365 4823 1436 4855 ’τ’
1478 4822 1852 4878 mansuetissi-

1963 4546 2084 4600 dus.
2148 4543 2347 4599 Parum
2400 4553 2521 4598 erat
2581 4541 2861 4613 sacrilegis
2919 4541 3037 4596 istis
3086 4539 3403 4621 cruciﬁgere
3458 4547 3542 4600 te,

1961 4637 2063 4690 nisi
2110 4635 2260 4707 prius
2301 4643 2356 4691 et
2385 4634 2484 4705 ipsi
2526 4634 2882 4705 replevissent
2925 4633 3262 4689 illusionibus
3306 4631 3541 4686 animam

1962 4737 2106 4782 luam
2165 4724 2340 4796 (Ρςαι.
2395 4741 2616 4790 xxxv",
2664 4725 2740 4796 8).
2807 4725 2947 4792 Quid
3003 4725 3146 4778 enim
3196 4722 3263 4776 de
3312 4720 3417 4775 illis
3467 4717 3545 4770 ait

1961 4815 2285 4887 Scriptura?
2339 4815 2406 4870 Et
2457 4825 2896 4887 congregaverant
2961 4815 3030 4866 ad
3080 4827 3198 4865 eum
3245 4809 3539 4863 universam

1557 4976 1788 5034 νΑιιιιιΕ
1827 4972 2228 5032 LEC'l‘lONES.

302 5115 402 5149 ""
438 5116 760 5174 Certissime
805 5134 906 5173 ηις.
940 5116 1233 5174 tristissimi

262 5184 328 5257 f'“
363 5185 432 5257 Ut
451 5197 508 5244 et
534 5187 758 5257 maioris
786 5203 886 5242 ηις.
913 5197 969 5244 et
997 5197 1055 5243 ut
1080 5188 1315 5256 majores

1343 5118 1413 5151 ⁸⁶⁹
1442 5117 1614 5172 Tanta
1661 5117 1874 5172 sudoris
1917 5131 2016 5171 ηις.
2050 5114 2184 5170 tanti
2236 5115 2449 5172 sudoris

1418 5187 1649 5255 ""Qnia
1674 5202 1804 5241 vero
1828 5202 1929 5242 ηις.
1966 5185 2093 5254 quia
2116 5201 2245 5242 vere

2557 5114 2628 5146 '"
2660 5110 2759 5166 Ubi
2808 5112 2876 5167 ad
2913 5127 3012 5166 ηις.
3065 5093 3418 5166 cumtamen
3469 5093 3546 5164 ad;

2347 5186 2419 5218 tm
2458 5183 2624 5253 Signo
2665 5182 2793 5238 dato
2835 5182 2986 5253 quod
3015 5198 3114 5253 ηις.
3178 5180 3356 5253 signa,
3395 5179 3539 5248 quod

261 5250 331 5289 ⁸⁷⁸
357 5249 637 5315 Osculum'
655 5258 980 5314 sanctissimi
1002 5258 1114 5314 oris
1142 5249 1240 5315 ηις.
1279 5249 1660 5314 osculumoris
1684 5329 1696 5334 _
1733 5257 1806 5290 ⁸⁷⁸
1838 5249 2180 5334 Βρῐηίἰξςείρλ
2201 5249 2556 5334 ηις-..1)οωὶηέ
2586 5253 2738 5334 ,ιεειιζ
2789 5249 2872 5334 ut:
2899 5251 2997 5334 ."f
3022 5249 3156 5306 Cum
3185 5249 3404 5334 dicebas
3433 5265 3533 5302 ηις.

265 5323 397 5382 Dum
433 5329 486 5385 ei
519 5328 742 5384 dicebas
812 5328 885 5363 ‘7'
910 5331 1022 5384 Abs
1054 5343 1114 5384 re
1146 5329 1338 5383 terruit
1365 5346 1464 5404 nis.
1491 5337 1600 5382 ate
1649 5328 1966 5404 absterruit
2015 5318 2090 5404 _"°
2133 5325 2366 5381 Brachio
2385 5334 2546 5404 terrae
2574 5339 2676 5377 ηις.
2719 5321 2951 5404 brachio
2984 5329 3144 5404 term
3178 5319 3286 5403 ..δῖ’
3315 5318 3534 5404 ᾼειιυιη

260 5411 358 5458 ηις.
395 5407 449 5455 te
472 5414 673 5470 agnum
748 5398 818 5431 ⁵⁸⁰
841 5397 1184 5470 [ιοίιυειιιθιιι
1213 5414 1312 5470 ηις.
1345 5399 1727 5470 obloquentem
1798 5397 1868 5429 ⁸⁸⁸
1903 5397 1986 5452 Ab
2015 5397 2136 5468 ipso
2161 5412 2260 5450 ηις.
2292 5394 2500 5456 omittit,
2531 5392 2647 5469 ipso
2716 5391 2786 5422 ⁸⁸¹
2821 5389 3149 5470 Auriculam
3177 5389 3550 5470 inimicitane:

261 5481 394 5538 gens
421 5467 633 5524 sanasti
653 5467 996 5550 mansure—in
1038 5467 1243 5550 inimici
1275 5467 1520 5550 sanasti;
1547 5467 2242 5550 “sf‘l’qzesentatusm'tvnts‘.

263 5534 426 5602 prout
448 5539 696 5608 oportuit
729 5606 740 5610 _
766 5538 838 5610 Ψ
868 5537 1169 5610 Opprobria
1197 5553 1296 5610 ηις.
1327 5539 1520 5593 omittit
1593 5538 1665 5574 ⁸⁸⁸
1691 5537 1849 5593 Pii-ali
1877 5547 1931 5592 te
1954 5534 2243 5610 uta._.P_i_lat_i

2311 5458 2630 5519 raesentatus
2650 5470 2818 5523 es..et
2891 5461 2963 5495 '“
2987 5461 3154 5515 Prout
3173 5458 3403 5515 docuisti
3435 5460 3553 5514 ius;

2321 5533 2531 5590 razsidis
2553 5543 2607 5588 te
2679 5533 2748 5564 ⁵⁸⁷
2771 5531 2981 5599 Agnnm
3007 5531 3152 5600 lupo,
3181 5545 3374 5600 aurum
3423 5528 3546 5600 luto;

263 5599 652 5728 gostpon'entes
685 5606 785 5664 nis.
809 5599 996 5679 lupum
1017 5623 1185 5678 agno,
1211 5608 1386 5664 lutum
1413 5623 1546 5662 auro
1573 5617 1977 5679 praeponentes
2019 5605 2090 5688 ’ξε
2119 5603 2385 5684 Tejussit
2419 5619 2518 5688 ηις.
2553 5612 2605 5658 te
2637 5601 2764 5658 fecit
2831 5602 2903 5682 ἐξ
2930 5599 3290 5680 Dilecte‘pner
3318 5599 3548 5654 Domini.

307 5677 355 5728 ei
393 5672 501 5728 mei
527 5677 630 5728 ηις.
651 5679 822 5728 electa
844 5693 977 5728 nuer
1005 5677 1213 5728 Domini
1241 5679 1347 5728 mei
1417 5678 1488 5716 ’σο
1512 5679 1650 5728 Ouid
1675 5689 1822 5728 tanta
1852 5673 2169 5728 conlusrone
2200 5693 2297 5728 ms.
2329 5683 2520 5728 omittit
2579 5674 2646 5705 '"
2672 5673 2785 5728 Esto
2807 5673 2968 5728 homo
2990 5688 3092 5727 ηις.
3117 5685 3217 5728 ego
3247 5684 3347 5728 ego
3371 5670 3544 5728 homo:

307 5670 501 5766 εἰέὴεί
527 5677 630 5733 ηις.
651 5679 822 5735 electe
844 5670 977 5749 p'uer
1005 5670 1213 5733 Domini
1241 5679 1347 5734 mei
1417 5678 1488 5748 ’τ’
1512 5670 1651 5745 Quid
1675 5670 1826 5755 t'auta
1852 5670 2297 5757 confusione_ins.
2329 5675 2520 5766 omittit
2579 5674 2646 5705 '"
2672 5673 2785 5766 Ego
2807 5670 3544 5766 ltaoino‘tjtsffgo‘imm?“

265 5743 333 5800 Ρη
365 5745 500 5804 Tua:
529 5747 622 5804 tibi
652 5764 750 5804 ηις.
789 5743 998 5818 omittit,
1025 5756 1128 5803 tua:
1200 5747 1270 5780 m
1301 5747 1397 5804 Est
1448 5743 1778 5827 perfidorum
1816 5750 1936 5825 ηις.
1974 5756 2059 5824 est
2077 5745 2280 5804 satiata
2307 5744 2642 5821 perﬁdorum
2706 5743 2800 5806 ,πε
2823 5743 3028 5822 Sanata
3070 5759 3168 5797 ηις.
3204 5743 3391 5818 amittit
