4060 6292
498 389 605 446 755
855 388 915 445 S.
956 386 1251 444 ANSELMI
1288 383 1636 445 CANTUAR.
1677 383 1997 442 ARClllEP.
2023 384 2175 442 OPP.
2218 384 2396 441 PARS
2431 384 2495 439 ll.
2534 414 2605 426 —
2628 383 2994 469 PARJENET.
3032 384 3121 440 ET
3148 386 3390 442 ASCET.
3682 385 3792 441 756

502 504 764 559 cohortem
800 503 856 558 in
881 504 1223 573 pra'torium;
1252 512 1300 558 et
1344 503 1744 559 eruentes'eum
1771 502 2090 558 vestimentis
2121 509 2165 565 Α
2198 502 2328 574 istos
2370 500 2640 573 proferret
2665 510 2720 556 et
2756 500 3051 557 novissime
3079 499 3309 559 verbum
3349 499 3790 565 benedictionis,

502 598 643 659 suis,
680 595 961 650 induerunt
989 612 1107 649 eum
1139 596 1317 650 tun-ica
1355 613 1652 666 purpurea,
1680 605 1728 650 et
1760 594 2089 664 chlamydem
2191 593 2350 665 quale
2380 610 2409 648 a
2442 594 2641 662 seculo
2664 608 2770 648 non
2794 602 2877 648 est
2897 592 3166 657 auditum.
3190 609 3355 663 super
3383 593 3639 651 inimicos
3659 609 3793 650 suos

501 688 795 742 coccineum
821 670 1275 742 circumdederunt
1311 688 1390 747 ei:
1436 698 1483 743 et
1525 688 1805 759 plectentes
1839 701 2091 741 coronam
2191 684 2412 741 elfudit?
2436 683 2578 751 Quid
2608 685 2712 740 hoc
2734 683 2854 739 viro
2899 683 3269 740 mansuetius?
3295 684 3424 754 quid
3453 684 3791 753 benignius,

501 778 567 832 de
599 777 765 847 spiu‘is
787 817 801 841 ,
845 778 1206 848 imposuerunt
1250 781 1412 848 capiti
1451 779 1599 850 ejus,
1623 789 1671 835 et
1694 779 2009 835 arundinem
2034 778 2092 832 in

499 870 714 923 dextera
760 869 875 939 ejus
896 910 912 934 ,
945 880 992 923 et
1020 886 1157 941 genu
1197 871 1335 940 ﬂexo
1365 871 1657 926 illurlebant
1692 873 1778 934 ei,
1820 871 2049 925 dicentes
2070 870 2095 925 ε’

500 959 623 1026 Are,
646 960 1097 1028 rexluda'orum;
1120 972 1167 1016 et
1187 962 1385 1019 dabant
1413 964 1461 1019 ei
1489 965 1698 1033 alapas,
1718 974 1764 1018 et
1786 973 2093 1034 exspuentes

495 1056 554 1126 in
594 1072 714 1110 eum
743 1055 1066 1127 accipiebant
1104 1056 1453 1120 arundinem,
1481 1065 1529 1108 et
1556 1055 1914 1124 percutiebant
1935 1061 2094 1124 caput

499 1146 633 1212 ejus.
665 1147 737 1201 Et
766 1157 1042 1217 postquam
1073 1146 1353 1202 illuserunt
1380 1147 1449 1212 ei,
1478 1146 1761 1200 induerunt
1786 1161 1905 1199 eum
1935 1145 2093 1199 vesti-

499 1239 689 1293 mentis
709 1240 854 1303 suis;
879 1248 925 1294 et
960 1239 1225 1293 duxerunt
1243 1279 1261 1304 ,
1292 1248 1348 1314 ut
1383 1239 1812 1310 cruciﬁgeretur,
1840 1238 2093 1308 bajulan-

443 1364 445 1366 -
500 1337 603 1382 tem
633 1329 732 1383 sibi
773 1345 1000 1383 crucem.
1039 1328 1109 1384 Et
1150 1331 1508 1400 perduxerunt
1552 1345 1671 1383 eum
1702 1331 1757 1384 in
1796 1328 2093 1398 Golgotlta,

499 1426 550 1470 et
579 1418 776 1472 dabant
806 1420 854 1472 ei
884 1419 1060 1473 vinum
1094 1420 1420 1489 myrrhatum
1455 1436 1574 1475 cum
1610 1419 1733 1489 felle
1762 1421 1974 1498 inistum
2011 1421 2093 1474 bi-

502 1506 653 1568 bere;
695 1517 743 1562 et
773 1525 890 1561 cum
932 1517 1232 1578 gustasset,
1280 1509 1446 1564 noluit
1476 1509 1647 1564 bibere
1676 1509 1903 1581 (Matth.
1934 1527 2095 1574 xxvx,

499 1595 574 1651 27
599 1597 715 1668 54).
746 1597 890 1652 Tunc
909 1600 1284 1669 cruci/icerant
1311 1617 1451 1667 eum,
1482 1612 1530 1655 et
1560 1601 1697 1656 duos
1716 1600 1946 1657 latrones
1976 1620 2096 1657 cum

500 1704 563 1741 eo
582 1728 597 1752 ,
622 1688 744 1743 hinc
767 1700 816 1744 et
850 1677 1007 1759 hinc,
1038 1692 1267 1746 medium
1296 1703 1471 1747 autem
1500 1691 1707 1748 Iesum.
1733 1693 1889 1748 Jesus
1919 1703 2098 1749 autent

501 1779 706 1835 dicebat
732 1794 751 1833 :
791 1779 986 1848 Pater,
1021 1782 1225 1837 dimitte
1256 1783 1396 1847 illis,
1439 1785 1564 1854 quia
1594 1786 1827 1839 nesciunt
1859 1785 1987 1856 quid
2013 1785 2101 1855 fa-

2194 777 2374 832 anima
2409 791 2552 841 mea,
2582 774 2801 833 vidisti?
2827 774 3023 831 Adhuc
3043 784 3228 830 autem
3249 775 3520 830 attentius
3539 774 3612 807 ⁶⁰⁴¹
3637 774 3797 828 illum

2195 869 2434 936 intuere,
2467 868 2596 939 quia
2652 876 2711 924 et
2756 867 2948 940 grandi
2995 867 3360 923 admiratione
3400 875 3457 923 et
3490 865 3794 923 tenerrima

2194 960 2570 1030 compassione
2599 960 2798 1030 dignus
2836 967 3082 1030 apparet.
3113 956 3247 1015 Vide
3276 959 3479 1015 nudum
3508 968 3566 1014 et
3592 959 3793 1013 verbe-

2186 1051 2346 1111 ribus
2372 1051 2690 1111 laceratum.
2729 1049 2784 1120 in
2813 1050 2992 1105 medio
3038 1049 3310 1105 latronum
3357 1048 3509 1105 cruci
3553 1047 3795 1119 ignomi-

2179 1143 2347 1205 niose
2383 1142 2575 1199 ferreis
2615 1142 2786 1198 clavis
2829 1141 3079 1207 aﬂixum,
3120 1150 3280 1196 aceto
3326 1140 3381 1195 in
3431 1155 3602 1197 cruce
3635 1148 3796 1209 pota-

2198 1246 2338 1301 tum,
2370 1243 2426 1291 et
2457 1243 2580 1305 post
2609 1241 2841 1291 mortem
2893 1233 3084 1289 lancea
3131 1233 3185 1289 in
3219 1233 3388 1288 latere
3411 1232 3794 1297 vulneratum,

2197 1335 2251 1382 et
2278 1326 2528 1396 copiosos
2558 1326 2842 1397 sanguinis
2881 1326 3028 1380 rivos
3066 1341 3136 1380 ex
3183 1326 3425 1394 quinque
3469 1323 3797 1381 vulneribus

2198 1433 2488 1482 manuum,
2547 1417 2744 1487 pedum
2793 1425 2848 1471 et
2895 1416 3088 1472 lateris
3126 1415 3519 1471 ell'undentem.
3578 1413 3796 1469 Fletnm

2183 1509 2476 1573 deducite,
2499 1507 2640 1564 oculi
2674 1508 2777 1562 mei
2809 1508 2910 1574 “3;
2942 1508 3232 1578 liqniesce,
3260 1508 3442 1564 anima
3490 1522 3638 1570 mea,
3670 1506 3800 1574 igne

2197 1597 2591 1670 compassionis
2634 1613 2797 1670 super
2839 1598 3167 1655 contritione
3199 1598 3450 1655 amabilis
3476 1598 3582 1652 viri
3614 1597 3797 1661 illius,

2198 1706 2359 1762 quem
2392 1693 2445 1748 in
2485 1702 2634 1750 tanta
2674 1690 3091 1748 mansuetudine
3136 1690 3306 1746 tantis
3351 1688 3506 1753 vides
3533 1688 3796 1744 afﬂictum

2200 1784 2497 1841 doloribus.

501 1872 646 1926 ciunt
687 1871 843 1943 (Luc.
883 1889 1020 1928 mu
1044 1914 1060 1939 ,
1086 1873 1157 1930 55
1179 1914 1195 1938 ,
1219 1875 1332 1947 ⁸54).
1363 1873 1557 1930 Postea
1595 1876 1764 1931 sciens
1785 1877 1944 1931 Iesus
1971 1877 2098 1948 quia
2130 1859 2173 1915 Β
2268 1876 2336 1932 Et
2361 1877 2473 1947 iam
2498 1874 2712 1948 quidem
2757 1877 2970 1932 infirma
3001 1877 3150 1948 ejus,
3182 1876 3367 1932 anima
3392 1890 3511 1930 mea
3531 1915 3547 1941 ,
3576 1874 3793 1939 vidisti,

504 1962 613 2022 iam
643 1965 822 2018 omnia
852 1965 922 1999 ³³⁸
945 1976 1306 2021 consummata
1327 1977 1499 2033 erant,
1524 1977 1581 2021 ut
1608 1966 1887 2042 Scriptura
1910 1967 2098 2036 imple-

503 2063 668 2118 retur,
693 2056 828 2109 dixit
854 2069 873 2107 :
904 2055 1062 2111 Sitio.
1086 2056 1157 2111 Et
1186 2073 1401 2111 currens
1428 2073 1562 2112 unus
1611 2074 1676 2112 ex
1723 2059 1798 2112 eis
1831 2068 2097 2129 acceptam

504 2146 780 2216 spongiam
827 2146 1056 2217 implevit
1107 2157 1287 2216 aceto,
1331 2160 1383 2203 et
1424 2147 1667 2213 imposuit
1715 2150 2003 2217 arundini,
2047 2158 2098 2203 et

505 2235 739 2315 dabatei
764 2236 969 2293 bibere.
986 2237 1118 2293 Cum
1149 2248 1322 2311 autem
1352 2240 1549 2309 accepit
1572 2240 1642 2272 ⁸⁹⁶
1665 2248 1892 2306 acetum,
1915 2241 2046 2295 dixit
2076 2255 2096 2294 :

506 2325 943 2384 Consummatum
977 2340 1053 2386 est
1084 2330 1265 2401 (Joan.
1301 2347 1427 2398 xu,
1453 2331 1667 2402 28-30).
1703 2330 1773 2385 Et
1795 2332 2098 2390 exclamans

506 2436 632 2481 voce
655 2437 851 2492 magna
872 2422 1050 2478 dixit:
1082 2422 1273 2488 Pater,
1304 2424 1361 2478 in
1389 2440 1586 2479 manus
1630 2434 1750 2479 tuas
1792 2425 2098 2480 commendo

504 2511 750 2577 spiritum
793 2528 963 2569 meum
997 2513 1151 2582 (Luc.
1197 2530 1369 2581 situt,
1414 2515 1549 2587 46);
1575 2527 1623 2571 et
1654 2515 1909 2572 inclinato
1932 2518 2102 2571 canite
2142 2536 2159 2550 ο

2200 1975 2252 2021 et
2282 1966 2536 2023 miserata
2563 1967 2633 2041 ω
2648 1968 2746 2022 es?
2775 1982 2916 2023 nunc
2938 1967 3007 1998 ⁶¹⁰
3034 1967 3375 2037 majestatem
3396 1964 3516 2034 ejus
3543 1965 3792 2028 attende,

2199 2071 2254 2113 ct
2290 2059 2358 2089 ⁶²¹
2389 2058 2695 2114 miraberis.
2744 2058 2883 2126 Quid
2915 2059 3059 2114 enim
3099 2059 3176 2113 ait
3219 2058 3545 2128 Scriptura?
3573 2056 3620 2110 Α
3647 2066 3795 2111 serta

2200 2156 2375 2202 autem
2403 2148 2535 2203 hora
2563 2147 2787 2202 tenebrat
2819 2148 2977 2217 facta:
3007 2158 3128 2202 sunt
3156 2148 3209 2201 in
3245 2147 3491 2201 universa
3532 2157 3676 2201 terra
3702 2146 3793 2211 ⁸η,

2201 2254 2362 2309 usque
2402 2239 2457 2292 in
2499 2239 2683 2293 horam
2735 2255 2959 2305 nonam,
2986 2249 3033 2294 et
3065 2238 3374 2294 obscuratus
3401 2246 3479 2294 est
3524 2239 3606 2293 sol
3640 2238 3792 2309 (Luc.

2201 2345 2360 2391 χχιιι.
2394 2330 2486 2394 44,
2511 2329 2637 2401 45);
2664 2340 2714 2386 et
2745 2330 2914 2386 velum
2950 2332 3129 2403 templi
3173 2332 3394 2387 scissum
3443 2342 3519 2386 est
3565 2349 3600 2385 a
3644 2347 3793 2387 suns-

2201 2422 2298 2476 mis
2322 2422 2392 2454 ⁸⁸³
2417 2439 2579 2493 usque
2614 2423 2893 2489 deorsum;
2936 2434 2984 2479 et
3029 2433 3172 2480 terra
3218 2435 3367 2480 mota
3393 2435 3469 2479 est
3494 2465 3515 2490 ,
3558 2435 3609 2479 et
3637 2435 3793 2494 petra

2199 2511 2379 2566 scissce
2408 2522 2566 2577 sunt;
2589 2523 2636 2567 et
2664 2525 3001 2568 monumenta
3022 2524 3204 2585 aperta
3235 2526 3388 2580 sunt;
3417 2524 3464 2569 et
3488 2516 3661 2569 multa
3682 2531 3791 2568 cor-

505 2602 727 2658 tradidit
748 2599 993 2675 spiritum
1018 2606 1202 2674 (Joan.
1242 2623 1358 2673 xix,
1390 2607 1505 2679 30).
1535 2607 1685 2663 Tunc
1712 2624 1849 2662 unus
1871 2607 2098 2663 militum
2192 2619 2328 2671 pora
2356 2614 2683 2672 sanctorum,
2709 2605 2798 2676 qui
2828 2605 3173 2672 dormierunt,
3196 2616 3540 2661 surrexerunt
3568 2605 3790 2676 (Metili.

505 2690 691 2748 lancea
718 2693 859 2751 latus
896 2696 1014 2766 ejus
1030 2698 1241 2767 aperuit
1263 2738 1280 2765 ,
1307 2708 1359 2754 et
1400 2699 1653 2755 continuo
1679 2699 1837 2756 exiuit
1881 2700 2099 2771 sanguis

504 2789 1053 2862 etaqua(ibid.,'54i).
1901 2855 1905 2861 ,
1956 2852 1957 2855 γ
2074 2854 2077 2859 λ

580 2877 968 2951 Expergiscere
1001 2898 1183 2948 nunc,
1225 2883 1405 2938 anima
1446 2898 1565 2940 mea
1587 2923 1608 2950 ,
1653 2892 1911 2941 excutere
1938 2885 2007 2921 ⁵⁸⁷
2033 2886 2102 2943 de

505 2967 766 3038 pulvere,
797 2980 854 3028 et
878 2972 1249 3043 contemplare
1277 2976 1541 3030 attentius
1572 2976 1751 3031 virum
1801 2976 1948 3032 hunc
1987 2993 2101 3033 me-

502 3060 842 3116 morabilem
869 3077 1035 3129 quem
1065 3063 1119 3118 in
1149 3064 1220 3097 m
1245 3066 1466 3135 speculo
1503 3066 1802 3139 evangelici
1828 3069 2099 3125 sermonis

510 3148 672 3218 quasi
696 3161 1015 3222 praesentem
1047 3153 1294 3212 intueris.
1326 3156 1602 3224 Attende,
1622 3157 1802 3227 anima
1831 3173 1971 3225 mea,
2001 3159 2092 3230 qui

2201 2712 2372 2762 xxvu,
2404 2697 2493 2761 51,
2528 2698 2642 2771 53).
2676 2697 2864 2766 Qualis
2892 2708 2977 2755 est
3027 2698 3147 2765 hic,
3179 2699 3307 2769 quia
3339 2699 3542 2756 etelum
3569 2711 3626 2755 ct
3648 2708 3788 2755 terra

2194 2788 2605 2869 compatiuntur
2631 2789 2719 2854 ei,
2744 2786 2898 2861 cujus
2932 2805 3081 2846 mors
3115 2798 3359 2845 mortuos
3396 2790 3672 2845 viviﬁcat?
3694 2789 3791 2846 (ἔοι

2201 2893 2434 2950 gnosce,
2458 2880 2639 2935 anima
2664 2895 2804 2947 mea,
2824 2895 3090 2953 cognoce;
3124 2881 3214 2936 hic
3240 2890 3322 2936 est
3353 2880 3617 2943 Dominus
3641 2878 3794 2936 Jesus

2192 2969 2450 3043 Christus
2483 2969 2735 3027 Salvator
2758 2981 2910 3036 tuus,
2949 2972 3261 3043 unigenitus
3287 2973 3379 3028 Dei
3415 2971 3614 3038 Filius,
3640 2988 3795 3028 verus

2198 3062 2541 3129 Deus,verus
2561 3063 2743 3133 homo,
2756 3065 3011 3136 quisolus
3038 3066 3139 3129 sub
3170 3064 3284 3120 sole
3312 3067 3433 3123 sine
3458 3065 3677 3121 macula
3706 3066 3790 3120 iu-

2198 3164 2390 3213 ventus
2416 3167 2521 3213 est.
2546 3157 2615 3212 Et
2630 3174 2752 3229 ecce
2779 3158 3041 3229 quomodo
3071 3175 3189 3212 cum
3216 3158 3486 3213 sceleratis
3516 3168 3789 3228 reputate:

508 3242 723 3299 estiste
743 3245 835 3313 qui
864 3245 1168 3316 ingreditur
1194 3248 1403 3304 habens
1431 3250 1724 3319 imaginem
1753 3252 1909 3323 quasi
1926 3225 2097 3325 Ille-gis
2124 3225 2167 3283 (ἶ
2200 3260 2274 3304 est
2306 3249 2597 3319 (lsai.t.ut,
2625 3225 2737 3323 η),
2762 3225 2812 3306 et
2840 3253 2993 3321 quasi
3020 3252 3097 3306 vir
3117 3251 3376 3321 leprosus,
3399 3260 3447 3305 et
3474 3225 3790 3306 nouissimus

504 3341 567 3389 et
595 3333 948 3403 nihilominus
973 3339 1125 3411 servi
1148 3339 1547 3412 despectissimi
1575 3341 1895 3401 confusione
1925 3343 2100 3415 reple-

506 3434 599 3481 tus
629 3434 714 3483 est
732 3427 825 3483 m.
856 3429 1166 3489 Coronatus
1207 3433 1410 3490 incedit
1431 3475 1446 3499 ,
1471 3437 1567 3491 sed
1599 3436 1715 3505 ipsa
1747 3435 1865 3505 eius
1893 3452 2096 3493 corona

508 3517 783 3573 cruciatus
816 3528 902 3574 est
932 3520 1039 3591 illi,
1069 3532 1124 3576 et
1154 3524 1301 3579 mille
1338 3525 1619 3594 puncturis
1648 3527 1951 3596 speciosum
1981 3524 2100 3595 ejus

505 3607 770 3665 verticem
816 3610 1144 3669 divulnerat.
1193 3613 1379 3684 Reguli
1411 3631 1648 3686 purpura
1695 3616 1961 3684 induitur,
2002 3618 2097 3672 sed

506 3698 692 3769 potius
720 3699 775 3755 in
816 3716 882 3758 ea
912 3703 1210 3772 despicitur
1238 3722 1403 3776 quam
1443 3709 1768 3765 honoratur.
1809 3707 2096 3780 Sceptrum

506 3788 567 3851 in
603 3804 767 3845 manu
794 3800 976 3863 gestat
1002 3793 1104 3860 “9;
1139 3796 1234 3851 sed
1263 3810 1329 3851 eo
1359 3798 1475 3868 ipso
1503 3807 1668 3869 caput
1705 3797 1823 3868 ejus
1844 3815 2100 3856 reveren-

506 3880 637 3952 dum
650 3880 863 3939 feritur.
885 3883 1131 3941 Adorant
1152 3902 1339 3957 coram
1369 3889 1487 3960 ipso
1506 3890 1699 3960 positis
1722 3890 1776 3946 in
1802 3898 2003 3947 terram
2027 3892 2093 3924 ⁶⁰¹

504 3971 763 4042 genibus,
802 3987 986 4045 regem
1026 3976 1392 4046 conclamant,
1434 3987 1490 4035 et
1538 3981 1798 4051 continuo
1850 3981 1918 4038 ad
1965 3997 2096 4038 con-

503 4066 808 4134 spuendum
843 4069 1107 4125 amabiles
1138 4086 1305 4142 genas
1338 4071 1458 4141 ejus
1482 4072 1727 4127 insiliunt
1758 4072 1828 4105 ⁶⁰²
1853 4114 1871 4141 ,
1905 4074 2095 4128 maxil-

501 4153 588 4210 las
611 4155 804 4225 palmis
831 4160 1181 4228 concutiunt,
1206 4170 1262 4217 et
1282 4162 1601 4219 honorabile
1639 4163 1838 4219 collum
1865 4165 2098 4220 inhono-

502 4254 635 4301 rant
664 4246 757 4302 ⁸⁸³.
793 4248 927 4306 Vide
952 4250 1058 4307 alia
1085 4252 1178 4319 ⁸⁸⁵,
1209 4254 1481 4323 quomodo
1521 4270 1620 4324 per
1640 4258 1822 4313 omnia
1860 4256 1946 4311 vir
1993 4257 2097 4312 iste

504 4351 820 4397 coarctatur
838 4352 895 4399 et
918 4345 1241 4416 conspuitur
1264 4356 1321 4402 et
1350 4348 1630 4419 spernitur
1660 4350 1748 4404 σθ’.
1779 4349 1892 4406 Sub
1915 4352 2097 4408 crucis

503 4446 675 4488 onere
718 4435 937 4489 dorsum
992 4436 1281 4493 incurvare
1329 4438 1582 4508 iubetur,
1625 4450 1682 4497 et
1729 4458 1884 4498 suam
1923 4443 2094 4511 ipsius

2201 3342 2434 3418 uirorum
2459 3345 2757 3410 wstimatus
2774 3353 2851 3398 est
2878 3343 3044 3415 (Ibid.
3066 3343 3132 3409 '5,
3160 3343 3242 3415 4).
3272 3343 3338 3398 Et
3365 3354 3625 3414 tanquam
3648 3345 3791 3399 abor-

2202 3435 2389 3503 tivum,
2418 3435 2557 3506 quod
2580 3435 2857 3506 projicitur
2902 3452 2937 3490 a
2983 3434 3162 3500 vulva,
3190 3436 3268 3490 sic
3300 3436 3570 3504 projectus
3619 3445 3697 3490 est
3729 3435 3792 3489 ab

2206 3535 2351 3581 utero
2382 3528 2568 3582 matris
2596 3544 2709 3582 sum
2742 3526 2977 3583 infelicis
3006 3526 3304 3599 Synagogte
3329 3526 3475 3598 (Job.
3502 3544 3657 3585 XXXI.
3688 3527 3788 3597 16).

2201 3616 2307 3672 iste
2338 3616 2608 3675 formosus
2649 3634 2761 3689 pne
2809 3617 2934 3673 filiis
2979 3618 3260 3673 hominum
3286 3659 3301 3684 ,
3326 3634 3491 3687 quant
3532 3618 3792 3674 deformis

2200 3724 2313 3779 prae
2339 3706 2464 3763 filiis
2491 3708 2770 3763 hominum
2813 3707 2993 3764 factus
3022 3711 3140 3763 est!
3167 3708 3447 3777 Siquidem
3484 3709 3792 3763 vulneratus

2200 3807 2272 3851 est
2303 3807 2515 3867 propter
2540 3798 2840 3869 iniquitates
2869 3806 3076 3852 nostras
3102 3838 3117 3861 ,
3161 3807 3210 3853 et
3242 3800 3459 3867 attritus
3482 3811 3561 3852 est
3586 3809 3792 3867 propter

2200 3891 2397 3943 scelera
2425 3898 2603 3943 nostra
2626 3887 2783 3959 (Isai.
2816 3905 2911 3944 LIII
2938 3930 2952 3954 ,
2983 3889 3061 3961 5).
3097 3888 3165 3943 Et
3202 3887 3382 3944 factus
3409 3898 3496 3946 est
3541 3890 3791 3945 holocau-

2200 3990 2346 4034 stum
2401 3978 2709 4034 suavissimi
2761 3978 2951 4035 odoris
3004 3980 3058 4033 in
3108 3989 3404 4049 conspectu
3445 3988 3541 4043 tuo
3570 4021 3588 4045 ,
3636 3978 3790 4033 Pater

2199 4080 2416 4144 interna:
2445 4069 2629 4141 gloria:
2653 4108 2669 4135 ,
2699 4076 2760 4123 ut
2800 4079 3072 4125 averteret
3126 4069 3557 4141 indignationem
3612 4079 3721 4124 tam
3759 4085 3791 4122 a

2200 4163 2385 4227 nobis,
2413 4169 2468 4216 et
2488 4160 2781 4219 consedere
2809 4161 2916 4216 sibi
2943 4176 3043 4217 nos
3067 4159 3271 4216 faceret
3299 4162 3351 4214 in
3381 4160 3724 4216 ctelestibns.

2206 4325 2211 4331 ψ
2273 4252 2520 4324 Respice,
2547 4252 2990 4322 Dominesancte
3021 4254 3204 4318 Pater,
3236 4254 3304 4308 de
3333 4253 3655 4309 sanctuario
3684 4260 3791 4316 tuo,

2197 4353 2252 4399 et
2279 4343 2347 4417 de
2371 4342 2588 4399 excelso
2631 4341 2893 4421 caelorum
2932 4343 3275 4410 habitaculo,
3305 4352 3361 4398 et
3397 4343 3617 4399 intuere
3661 4345 3791 4398 hanc

2197 4443 2600 4491 sacrosanctam
2621 4434 2879 4502 hostiam,
2904 4450 3066 4505 quam
3102 4436 3194 4490 tibi
3225 4434 3383 4490 oll'ert
3407 4450 3645 4506 magnus
3663 4435 3791 4491 Pon-

503 4531 727 4593 portare
774 4523 1148 4594 ignominiam.
1192 4529 1274 4582 Ad
1321 4529 1500 4585 locum
1536 4531 1802 4587 deductus
1843 4532 2090 4602 supplicii
2130 4568 2173 4621 Β
2201 4528 2331 4583 tifex
2355 4535 2559 4592 noster,
2584 4534 2804 4581 sanctus
2831 4534 3114 4597 puer_tuus
3154 4525 3313 4582 .lesus
3332 4526 3403 4557 ἰδ
3433 4542 3535 4596 pro
3561 4526 3792 4598 peccatis

501 4615 727 4687 myrrha
756 4624 978 4686 potatur
998 4627 1057 4673 et
1090 4617 1234 4674 felle.
1280 4620 1337 4675 ln
1370 4637 1535 4678 cruce
1561 4622 1634 4654 ⁶⁰⁶
1662 4623 2006 4690 sublevatur,
2038 4636 2093 4682 et

501 4706 635 4762 dicit
663 4724 676 4761 :
710 4705 891 4770 Pater,
927 4708 1130 4764 dimitte
1157 4710 1295 4778 illis,
1316 4713 1442 4779 quia
1480 4713 1715 4767 nesciunt
1739 4715 1865 4782 quid
1888 4715 2091 4784 faciunt

501 4798 656 4863 (Luc.
687 4816 858 4866 χχιιι,
897 4800 1009 4871 54).
1059 4801 1247 4869 Qualis
1299 4813 1380 4859 est
1430 4805 1547 4872 hic,
1597 4806 1687 4875 qui
1737 4806 1790 4861 in
1839 4808 2091 4864 omnibus

502 4893 772 4959 pressuris
809 4891 923 4949 suis
973 4908 1073 4949 nec
1120 4894 1287 4949 semel
1337 4911 1400 4950 os
1430 4910 1588 4950 suum
1632 4897 1877 4966 aperuit,
1908 4906 2092 4952 utaut

500 4984 767 5056 querelas,
817 4994 913 5061 aut
939 4988 1337 5056 excusationis,
1365 4998 1461 5044 aut
1501 4988 1959 5057 comminationis,
1997 4999 2093 5045 aut

498 5076 900 5135 maledictionis
958 5081 1188 5136 verbum
1241 5080 1506 5140 adversus
1551 5080 1875 5139 maledictos
1920 5096 2093 5139 canes

2199 4620 2433 4674 fratrum
2471 4633 2729 4684 suorum;
2776 4626 2832 4672 et
2874 4627 2994 4673 esto
3038 4618 3316 4688 placabilis
3344 4633 3511 4689 super
3552 4618 3793 4674 tnnltisu-

2199 4713 2383 4768 dinem
2429 4710 2649 4766 malitiae
2703 4720 2923 4767 nostrae.
2964 4710 3106 4766 Ecce
3148 4724 3249 4764 vox
3297 4710 3587 4780 sanguinis
3616 4710 3793 4764 fratris

2200 4804 2370 4859 nostri
2413 4802 2541 4859 Jesu
2587 4802 2788 4857 clamat
2826 4801 2898 4857 ad
2931 4812 2982 4857 te
3010 4798 3288 4857 de'cruce.
3326 4799 3468 4867 Quid
3501 4802 3658 4856 enim
3684 4808 3791 4859 est.

2200 4895 2445 4958 Domine,
2473 4895 2615 4965 quod
2636 4894 2834 4964 pendet
2863 4895 2916 4948 in
2938 4893 3282 4959 ea?Pendet,
3306 4893 3553 4962 inquam,
3576 4895 3705 4963 quia
3727 4892 3791 4923 “‘

2196 4987 2469 5058 praeteriti
2503 4986 2656 5057 quasi
2691 4987 2974 5055 praesentia
3000 5000 3182 5040 coram
3210 4993 3262 5040 te
3300 4994 3447 5039 sunt.
3472 4984 3756 5056 Cognosce
3776 5024 3793 5046 .

2198 5080 2397 5144 Pater;
2430 5078 2611 5134 tunica
2652 5077 2747 5134 lilii
2776 5079 2849 5134 tui
2887 5077 3086 5148 Joseph
3131 5077 3245 5133 lucc
3271 5086 3365 5133 est
3392 5076 3490 5107 ⁸⁸⁸-
3524 5076 3651 5134 fera
3675 5091 3792 5149 pes-

1696 5207 1705 5215 ’
1796 5213 2034 5271 VARIE
2074 5206 2369 5271 LEC'I‘ION
2377 5212 2481 5270 ES.

562 5351 645 5417 1'"
680 5351 820 5420 Quia
839 5354 1020 5409 omnia
1047 5369 1148 5408 ms.
1174 5353 1299 5423 quia
1318 5350 1432 5424 jam
1455 5352 1639 5409 omnia
1711 5350 1783 5385 ’θ’
1806 5348 1947 5424 gum
1974 5365 2104 5424 ergo
2129 5350 2429 5424 accepisset
2455 5365 2553 5403 ms.
2591 5343 2917 5424 amantem
2940 5347 3153 5418 accepit
3218 5346 3291 5378 '"
3306 5345 3444 5409 Mea,
3472 5354 3794 5401 etexcutere

496 5436 610 5497 9391
623 5417 835 5488 omittit,
861 5431 920 5479 et
970 5424 1060 5497 _“'
1083 5417 1227 5493 Ecce
1253 5417 1437 5497 in_'_ms_.
1459 5425 1737 5497 omittit,et
1801 5422 1873 5497 ’ξ’
1889 5417 2176 5497 Repletus,
2187 5417 2290 5497 ius.
2311 5420 2555 5497 repletus
2580 5427 2663 5475 est
2724 5417 2868 5497 f°‘fln
2886 5434 3048 5472 manu
3066 5417 3351 5497 gestatam.
3372 5428 3793 5497 inanngestatur

498 5489 650 5563 “fin
675 5486 943 5563 terra‘ms.
969 5493 1023 5548 in
1042 5490 1242 5549 terram
1299 5486 1688 5563 “"Subsiliun—t
1708 5509 1805 5548 ms.
1829 5486 2078 5548 Insili’unt
2135 5486 2579 5563 ‘”,Exrhonorant
2601 5507 2701 5545 ms.
2731 5486 3083 5563 inbonoraut’
3197 5486 3525 5563 Yideanima
3547 5486 3670 5543 mea
3694 5502 3791 5540 ms.

496 5558 625 5634 vide
644 5559 746 5634 alia
790 5563 885 5634 _‘_"A
900 5563 967 5618 Et
980 5565 1262 5633 spernitur
1287 5554 1372 5619 ms'
1394 5562 1455 5618 et
1479 5564 1796 5633 conspuitur
1826 5572 1883 5618 et
1908 5563 2183 5634 spernitur
2213 5554 2222 5634 ξ
2247 5561 2318 5594 ⁶⁰⁶
2346 5561 2405 5617 In
2433 5576 2647 5634 crucem
2679 5578 2779 5615 ms.
2802 5560 2856 5615 in
2874 5573 3037 5614 cruce
3078 5556 3172 5634 .“_"
3201 5557 3598 5634 intentius_ms.
3619 5566 3788 5634 atten-

498 5628 627 5693 tius
678 5628 749 5662 ‘°'
788 5631 914 5697 Mei,
936 5627 991 5687 et
1018 5626 1127 5687 'ms.
1152 5635 1362 5697 omittit,
1388 5644 1473 5691 et.
1515 5626 1678 5688 “'Et
1698 5634 1919 5689 miserta
1938 5626 2041 5689 ins.
2070 5641 2125 5689 et
2153 5632 2408 5689 miserata
2485 5632 2560 5664 “°
2582 5629 2737 5685 Nunc
2756 5638 2812 5685 et
2836 5644 2936 5683 ms.
2985 5627 3200 5691 omittit,
3232 5636 3286 5683 et
3359 5627 3426 5658 ‘“
3458 5626 3527 5681 Et
3560 5627 3795 5697 amplius

495 5700 859 5771 nis._omittit,
889 5702 1121 5771 amplius

1229 5702 1299 5772 ἰγ’
1339 5698 1515 5772 Super
1540 5696 1868 5759 universam
1918 5712 2120 5759 terram
2168 5719 2272 5757 ms.
2301 5703 2354 5757 in
2387 5701 2638 5772 universa
2675 5709 2821 5772 terra

2924 5699 2995 5730 ⁶¹³
3023 5699 3065 5751 Α
3098 5711 3313 5754 summo
3350 5714 3448 5751 ms.
3488 5711 3517 5749 a
3560 5698 3791 5750 smnmi‘s

497 5767 569 5801 ἰδ
597 5768 747 5825 Tuus
771 5764 1032 5826 Dominus
1067 5770 1224 5827 .lesus
1253 5764 1506 5828 Cb’risius
1573 5787 1634 5827 ro
1655 5789 1753 5827 ms.
1782 5781 1902 5829 tuus
1926 5772 2084 5830 Jesus
2110 5786 2210 5846 pro
2282 5772 2355 5806 “'
2385 5770 2631 5842 Inquam,
2660 5770 2786 5843 quia
2811 5785 2910 5825 ms.
2941 5769 3189 5840 inquam,
3208 5768 3261 5824 in
3292 5782 3355 5824 ea
3378 5767 3511 5837 quia
3588 5766 3673 5800 ἰι
3688 5764 3791 5821 Tui

497 5839 614 5898 veri
643 5838 845 5898 Josenh
877 5840 993 5897 haec
1017 5851 1099 5896 est
1129 5858 1229 5897 ms.
1264 5842 1342 5898 tui
1369 5788 1570 5898 Joseoﬁ
1598 5842 1713 5898 haec
1743 5851 1827 5898 est

495 5839 614 5899 veri
643 5838 845 5913 Joseph
868 5840 993 5917 haec
1017 5851 1099 5896 est
1129 5858 1229 5897 ms.
1264 5842 1342 5898 tui
1369 5838 1570 5912 Joseph
1598 5842 1713 5898 haec
1743 5851 1827 5898 est
