4060 6292
276 290 370 349 757

1663 305 2191 364 MEDITATIONES.

3425 313 3526 369 758

269 411 394 464 sima
423 403 704 467 «lett'oravrt
751 425 908 478 eum,
955 421 1010 468 et
1046 411 1384 468 conculcavit
1423 413 1478 468 in
1531 413 1710 470 furore
1740 432 1838 472 suo
1867 415 2248 484 Aperdidisti,
2300 425 2358 470 nt
2405 415 2640 471 animam
2694 431 2867 473 meam
2911 417 3177 488 perditam
3231 418 3366 477 mihi
3398 427 3521 481 rcdq

270 507 639 562 vestimentum
670 506 785 574 ejus
805 547 820 571 ,
849 515 904 561 et
941 522 1156 562 omnem
1193 508 1442 564 decorem
1475 508 1618 564 illius
1649 509 1841 581 reliqui

270 598 499 667 corporis
529 597 598 630 '"
632 598 966 668 inquinavit,
1011 606 1067 652 et
1120 612 1248 653 ecce
1294 597 1532 670 quinque
1574 601 1842 658 scissuras

272 687 626 744 lamentabiles
672 687 724 742 in
766 701 833 743 eo
858 687 1162 758 dereliquit.
1211 687 1325 744 Hoc
1354 697 1436 744 est
1458 690 1839 747 vestimentum

268 781 400 851 quod
435 780 488 836 in
515 795 676 835 manu
708 779 978 852 Egyptiae
1024 781 1330 837 meretricis
1357 821 1372 847 ,
1420 782 1678 838 innocens
1706 801 1842 855 puer

272 885 382 930 tuus
394 872 548 930 Iesus
566 890 664 945 pro
686 875 922 944 peccatis
946 873 1173 928 fratrum
1205 891 1425 931 suorum
1445 876 1729 946 dereliquit
1746 877 1835 942 “3,

270 965 532 1019 meliorem
573 965 847 1019 aestimans
888 964 1159 1034 iacturam
1201 966 1347 1037 pallii
1403 982 1565 1037 quam
1626 968 1837 1038 pudici-

271 1057 350 1110 tia:
377 1056 477 1121 m;
503 1057 782 1128 magisque
813 1055 1018 1128 eligens
1045 1056 1305 1127 spoliatus
1325 1073 1355 1112 a
1383 1059 1565 1114 carnis
1591 1059 1752 1128 pallio
1783 1060 1838 1116 in

265 1161 528 1202 carcerem
558 1147 750 1202 mortis
777 1147 1107 1203 desrendcre
1136 1163 1297 1216 quam
1333 1163 1430 1218 pro
1457 1147 1641 1204 mundi
1667 1149 1837 1221 gloria

261 1229 566 1292 adulterium.
594 1237 711 1292 voci
743 1237 1122 1307 acquiescere;
1155 1238 1251 1304 illi,
1291 1237 1533 1309 inquam,
1563 1239 1704 1306 voci,
1731 1253 1836 1310 qua

258 1329 446 1382 dictum
465 1339 548 1383 est
576 1346 589 1382 :
625 1328 755 1382 Hm:
770 1331 947 1382 omnia
970 1330 1066 1384 tibi
1088 1330 1244 1396 dabo,
1262 1331 1308 1384 si
1322 1329 1512 1384 cadens
1538 1329 1608 1362 "°
1637 1330 1834 1384 adora-

256 1421 377 1474 reris
419 1437 502 1474 me
531 1421 746 1492 (Matth.
779 1436 860 1482 tv,
884 1419 972 1492 9);
1007 1421 1149 1491 quod
1200 1421 1386 1491 utique
1424 1429 1568 1476 esset
1595 1419 1836 1475 dormire

253 1527 366 1565 cum
392 1512 654 1566 adultera.
702 1512 764 1566 Et
795 1512 861 1544 ⁶¹¹
909 1527 1082 1575 nunc,
1131 1511 1356 1567 Domine
1395 1511 1590 1576 Pater,
1629 1511 1834 1567 scimus

251 1603 368 1671 quia
391 1603 511 1657 vivit
561 1601 732 1658 Filius
781 1613 938 1672 tuus,
988 1613 1036 1658 et
1075 1603 1381 1658 dominatur
1425 1603 1480 1658 in
1530 1614 1640 1658 tota
1688 1612 1830 1657 terra

255 1693 464 1765 χεριαριὶ
495 1693 804 1764 (Gemitu,
835 1696 926 1765 26)
947 1738 963 1762 ,
996 1696 1104 1751 imo
1126 1696 1180 1752 in
1201 1696 1349 1752 omni
1370 1695 1488 1754 loco
1509 1697 1830 1754 dominatio-

1943 507 2120 562 deres.
2161 507 2229 562 Et
2272 521 2400 563 ecce
2442 507 2642 579 duplici
2691 509 2873 564 debito
2910 524 2997 564 me
3041 511 3206 582 220
3241 512 3522 584 obligasti;

1941 614 2072 652 nam
2113 609 2168 654 et
2219 613 2317 668 pro
2361 613 2428 656 eo
2473 600 2616 670 quod
2648 599 2872 666 dedisti,
2915 610 2972 656 et
3022 618 3120 672 pro
3147 618 3213 658 eo
3246 605 3388 673 quod
3418 609 3524 663 mei

1937 701 2103 741 causa
2133 688 2447 757 perdidisti,
2485 689 2697 744 debitor
2727 690 2823 745 tibi
2867 706 3007 745 sum.
3039 692 3106 748 Et
3129 707 3228 762 pro
3256 710 3375 749 mea
3405 697 3528 765 qui.

1939 775 2062 830 dem
2093 775 2200 830 vita
2229 776 2314 832 bis
2335 791 2364 831 a
2391 785 2444 832 te
2466 777 2600 832 mihi
2630 779 2789 843 data,
2820 780 2989 834 semel
3020 781 3074 835 in
3112 784 3414 853 creatione,
3438 800 3525 841 se-

1939 866 2044 922 mel
2087 868 2141 922 in
2187 867 2584 938 redemptione,
2619 869 2750 938 quid
2796 871 2967 942 magis
2997 872 3142 941 iuste
3176 874 3271 930 tibi
3297 876 3524 931 reddam

1938 972 2099 1027 quam
2136 958 2338 1027 ipsam,
2385 974 2493 1014 non
2536 960 2742 1026 habeo;
2789 976 2887 1030 pro
2933 971 3022 1018 tua
3069 973 3250 1019 autem
3284 947 3524 1036 pretiosa

1936 1049 2116 1104 anima
2151 1049 2224 1104 ita
2267 1049 2631 1105 contribulata
2659 1093 2674 1120 ,
2707 1053 2835 1122 quid
2886 1054 2956 1109 ab
2990 1055 3210 1111 homine
3239 1057 3401 1128 digne
3431 1074 3524 1114 re-

1937 1143 2096 1212 pendi
2122 1143 2313 1213 possit,
2343 1158 2451 1198 non
2484 1144 2720 1200 invenio.
2758 1145 2893 1200 Nam
2933 1147 2978 1201 si
3009 1148 3204 1202 coelum
3237 1159 3291 1204 et
3319 1159 3524 1205 terram

1937 1243 1993 1289 et
2005 1249 2218 1288 omnem
2246 1243 2498 1290 ornatum
2531 1251 2722 1291 eorum
2747 1251 2848 1306 pro
2869 1252 2934 1292 ea
2961 1241 3258 1309 rependere
3284 1255 3522 1310 possem,

1937 1332 2086 1380 certe
2115 1339 2216 1380 nec
2256 1324 2336 1380 sic
2364 1339 2536 1394 usque
2575 1326 2644 1381 ad
2690 1342 2999 1382 mensuram
3045 1330 3212 1384 debiti
3250 1330 3525 1387 ullatenus

1935 1421 2282 1488 attingerem.
2322 1416 2394 1473 Ut
2415 1427 2595 1474 autem
2624 1429 2679 1473 et
2713 1420 2946 1490 idipsum
2975 1423 3121 1490 quod
3169 1422 3342 1479 habeo
3373 1423 3440 1456 ⁶⁸¹
3469 1435 3526 1480 et

1933 1525 2154 1579 possum
2185 1509 2287 1574 ⁸³³,
2322 1509 2441 1576 tibi,
2490 1510 2747 1575 Domine,
2788 1512 3120 1580 retribuam,
3171 1515 3244 1569 tui
3281 1517 3524 1570 muneris

1932 1609 2036 1655 est.
2083 1600 2396 1672 Diligendus
2431 1615 2563 1671 ergo
2599 1615 2660 1656 es
2692 1600 2762 1632 ⁸³³
2807 1609 2918 1656 ιοιο
2958 1602 3155 1667 corde,
3182 1611 3294 1658 tota
3317 1603 3519 1666 anima,

1935 1701 2044 1746 tota
2073 1702 2274 1758 mente,
2305 1700 2417 1748 tota
2456 1692 2682 1758 virtute,
2713 1701 2768 1747 et
2820 1701 2910 1747 tua
2956 1692 3118 1748 modo
3149 1694 3219 1725 ⁸³⁸
3245 1697 3520 1764 sequenda

251 1784 328 1838 nis
355 1794 476 1840 ture.
501 1785 738 1842 E'luctns
761 1787 906 1842 enim
929 1787 996 1840 ad
1025 1787 1310 1858 imperium
1341 1799 1492 1841 tuum
1523 1787 1589 1842 de
1607 1801 1830 1842 carcere
1859 1762 1904 1820 Β
1932 1783 2160 1854 vestigia
2185 1782 2278 1853 qui
2313 1783 2452 1839 mori
2489 1782 2742 1854 dignatus
2771 1797 2831 1838 es
2874 1798 2975 1853 pro
3009 1799 3116 1839 me.
3149 1783 3213 1836 Et
3251 1787 3522 1853 quomodo

249 1877 432 1933 mortis
455 1887 511 1934 et
532 1878 850 1945 inferorum,
869 1887 926 1935 et
946 1887 1194 1934 attonsus
1221 1878 1564 1934 mortalitatis
1588 1893 1826 1944 comam,

247 1975 446 2024 mutata
507 1978 656 2027 veste
703 1971 885 2026 carnis
933 1970 1042 2036 “’,
1070 1970 1123 2025 in
1164 1969 1588 2026 immortalitatis
1634 1971 1829 2026 decore

248 2057 514 2126 reﬂoruit,
536 2069 592 2115 et
620 2075 742 2115 cum
769 2059 937 2130 gloria
975 2059 1258 2129 suscepisti
1294 2074 1439 2113 eum.
1465 2057 1825 2114 Suhnervavit

241 2154 337 2208 diri
364 2152 670 2209 Pharaonis
691 2152 760 2185 ⁸¹³
787 2152 1094 2226 imperium,
1117 2161 1173 2208 et
1201 2167 1324 2208 cum
1362 2152 1633 2221 triumpho
1663 2150 1827 2205 nobili

240 2245 436 2299 virtute
476 2244 696 2315 propria
741 2243 910 2305 caelos
952 2242 1272 2313 penetravit.
1312 2241 1380 2296 Et
1411 2256 1544 2305 ecce
1572 2241 1743 2312 gloria
1774 2249 1828 2296 et

237 2336 444 2392 honore
471 2345 768 2391 coronatus
824 2335 877 2389 in
909 2334 1128 2389 dextera
1171 2331 1472 2402 maiestatis
1498 2340 1602 2386 tute
1622 2332 1830 2387 assistit

235 2428 406 2482 vultui
435 2436 530 2482 tuo
558 2442 656 2498 pro
687 2426 860 2482 nobis.
905 2425 1100 2480 Frater
1127 2425 1263 2479 enim
1295 2435 1344 2480 et
1374 2440 1499 2480 caro
1541 2433 1720 2479 nostra
1750 2433 1828 2478 est

221 2516 392 2587 (Gen.
421 2533 604 2573 xxxv"
621 2560 638 2584 ,
666 2517 779 2588 27).

305 2608 552 2678 Respice,
605 2593 869 2675 Domine,
921 2610 975 2662 in
1029 2608 1218 2678 faciem
1259 2605 1456 2662 Christi
1514 2607 1592 2660 tui
1648 2604 1822 2677 (Psal.

238 2715 485 2767 uxxtn,
518 2699 608 2771 10)
635 2739 650 2764 ,
681 2699 771 2768 qui
821 2699 916 2754 tibi
957 2711 1130 2768 usque
1175 2696 1243 2750 ad
1286 2705 1517 2750 mortem
1563 2695 1825 2750 obediens

238 2791 410 2848 factus
439 2800 525 2848 est
554 2791 722 2863 (Phil.
751 2806 790 2846 ιι
811 2831 824 2856 ,
848 2789 904 2861 8)
929 2831 946 2855 ,
976 2805 1077 2845 nec
1116 2789 1369 2844 recedant
1401 2788 1469 2842 ab
1505 2787 1675 2843 oculis
1717 2788 1824 2842 tuis

237 2883 524 2939 cicatrices
542 2873 822 2938 vulnerum
845 2879 962 2950 ejus
985 2881 1038 2935 in
1068 2888 1408 2951 perpetuum,
1435 2887 1493 2932 nt
1513 2878 1824 2934 memineris

238 2985 492 3044 quantam
536 2973 958 3030 satisfactionem
1003 2988 1102 3042 pro
1140 2973 1378 3042 peccatis
1423 2970 1627 3026 nostris
1661 2971 1730 3026 ab
1756 2986 1822 3026 eo

221 3055 560 3135 susceperis.
600 3063 818 3120 Utinam
842 3105 856 3126 ,
911 3063 1165 3128 Domine,
1207 3061 1484 3133 appendas
1515 3063 1566 3116 in
1615 3071 1817 3118 statera

1931 1874 2023 1930 fiet
2049 1874 2192 1929 istud
2233 1875 2286 1928 in
2315 1889 2432 1941 me,
2467 1874 2571 1928 nisi
2606 1888 2703 1942 per
2745 1874 2840 1928 te?
2869 1873 3161 1928 Adiuereat
3185 1875 3366 1929 anima
3399 1889 3520 1928 mea

1928 1977 2051 2038 post
2080 1975 2134 2023 te
2159 1965 2331 2039 (Psal.
2360 1983 2500 2032 an,
2535 1965 2620 2037 9),
2647 1967 2773 2037 quia
2816 1975 2928 2022 tota
2961 1967 3134 2021 virtus
3163 1964 3280 2035 ejus
3317 1966 3522 2036 pendet

1928 2073 1993 2113 ex
2026 2067 2099 2112 te.

2000 2148 2068 2203 Et
2111 2163 2254 2204 nunc
2277 2189 2292 2214 ,
2325 2149 2587 2214 Domine,
2617 2147 2745 2204 Jesu
2779 2148 3110 2220 Redemptor
3155 2165 3340 2217 meus,
3379 2159 3434 2206 te
3461 2161 3523 2206 ut

1928 2255 2116 2296 verum
2150 2242 2317 2296 Deum
2345 2242 2530 2307 adoro,
2563 2242 2616 2295 in
2651 2249 2700 2296 te
2725 2241 2919 2308 credo,
2949 2241 3004 2296 in
3037 2252 3089 2296 te
3110 2257 3290 2312 spero,
3313 2252 3371 2298 et
3398 2243 3520 2312 qui-

1928 2333 2031 2387 bus
2063 2345 2280 2400 possum
2320 2331 2604 2387 desideriis
2630 2331 2697 2386 ad
2722 2341 2775 2388 te
2819 2333 3054 2403 suspiro.
3080 2332 3289 2403 Ailjuva
3321 2334 3523 2404 imper-

1929 2423 2216 2478 fectionem
2250 2437 2426 2477 meam
2448 2462 2464 2487 ,
2487 2424 2553 2476 ad
2579 2432 2684 2477 tua:
2706 2423 2976 2492 passionis
3003 2423 3240 2496 gloriosa
3265 2425 3518 2498 insignia,

1930 2518 1982 2572 in
2015 2517 2212 2587 quibus
2244 2515 2472 2571 salutem
2503 2532 2680 2572 meam
2711 2525 2965 2587 operatus
2994 2533 3085 2582 es,
3117 2527 3288 2573 totum
3320 2533 3408 2573 me
3438 2520 3520 2573 in-

1927 2606 2091 2661 clino.
2117 2605 2246 2659 Tuae
2273 2605 2579 2660 victoriosa:
2613 2606 2794 2662 crucis
2843 2606 3021 2678 regale
3060 2606 3310 2662 vexillum
3343 2608 3396 2662 in
3423 2622 3522 2662 no-

1927 2702 2073 2757 mine
2102 2710 2193 2756 tuo
2217 2742 2235 2766 ,
2259 2701 2508 2766 Christe,
2541 2701 2738 2766 adoro;
2771 2709 2920 2756 tuum
2950 2702 3198 2771 spineum
3240 2702 3514 2770 diadema,

1927 2803 2021 2848 tuo
2047 2793 2303 2848 rubentes
2330 2791 2594 2861 sanguine
2623 2791 2804 2848 clavos
2826 2833 2842 2859 ,
2877 2800 2970 2848 tuo
3015 2801 3204 2848 sancto
3232 2793 3386 2849 lateri
3413 2793 3517 2849 im-

1925 2897 2162 2938 mersam
2196 2882 2264 2914 ⁶³³
2294 2883 2562 2948 lanceam,
2597 2889 2687 2936 tua
2717 2882 2963 2950 vulnera,
2998 2891 3150 2938 tuum
3170 2883 3514 2954 sanguinem.

1926 2973 2076 3030 tuam
2118 2983 2380 3039 mortem,
2409 2983 2556 3030 tuam
2587 2974 2919 3044 sepulturam
2939 3017 2956 3044 ,
2989 2984 3136 3031 tuam
3167 2975 3514 3033 victoriosam

1924 3069 2380 3125 resurrectionem
2411 3076 2464 3123 et
2491 3067 2934 3138 glorificationem
2959 3109 2973 3135 ,
3007 3069 3222 3124 Christe
3245 3107 3260 3135 ,
3287 3069 3511 3138 supplex

237 3166 451 3224 peccata
487 3157 688 3228 quibus
714 3156 784 3188 ""
824 3156 959 3210 iram
991 3155 1314 3221 meruimuS,
1343 3163 1399 3208 et
1426 3154 1818 3222 calamitatem,
1849 3125 1892 3184 C
1925 3161 2094 3216 adoro
2120 3167 2177 3214 et
2220 3125 2663 3230 glori000.v0t10l‘
2701 3160 2846 3216 enim
2899 3159 3021 3214 vitae
3067 3159 3201 3213 mihi
3245 3125 3417 3229 spirat
3454 3159 3509 3212 in

235 3261 391 3317 quam
439 3264 634 3320 passus
673 3257 757 3303 est
804 3261 901 3317 pro
950 3245 1106 3300 nobis
1153 3245 1416 3300 innocens
1461 3244 1632 3299 Filius
1675 3255 1817 3300 tuus.

235 3339 411 3407 Certe,
438 3341 690 3404 Domine,
720 3344 832 3395 haec
860 3337 1082 3408 gravior
1114 3337 1427 3408 apparebit,
1457 3345 1512 3390 et
1551 3335 1724 3407 magis
1745 3335 1821 3390 di-

234 3448 359 3500 ΗΜ,
397 3442 458 3488 ιιι
501 3433 676 3504 ipsam
705 3433 774 3463 ⁸³⁸
806 3429 1054 3486 eﬂ‘undas
1098 3427 1528 3484 misericordiam
1559 3441 1724 3496 super
1751 3426 1820 3458 ⁶²⁶

217 3538 332 3587 nos
361 3539 523 3594 quam
565 3525 679 3580 sint
711 3522 819 3590 illi,
847 3533 941 3577 aut
983 3522 1036 3576 in
1083 3520 1216 3593 ipsis
1245 3520 1313 3551 ⁸⁸⁷
1331 3519 1616 3575 contineas
1647 3518 1699 3572 in
1739 3517 1820 3571 ira

236 3615 640 3672 misericordias
700 3624 841 3669 luas.
889 3611 1104 3668 Gratias
1169 3612 1307 3677 tibi,
1363 3611 1588 3665 Domine
1633 3616 1821 3664 sancte

235 3700 388 3758 Pater
419 3705 517 3770 "9,
552 3703 756 3759 referat
781 3702 957 3756 omnis
997 3701 1177 3772 lingua
1209 3715 1373 3771 super
1398 3699 1728 3755 abundantia
1749 3698 1819 3730 ⁶²⁹

219 3792 442 3858 pietatis
474 3804 605 3857 tum,
634 3794 723 3863 qui
755 3793 916 3868 unico
944 3791 1082 3846 Filio
1119 3790 1300 3846 cordis
1352 3790 1430 3845 tui
1472 3806 1580 3845 non
1622 3803 1817 3860 peper-

235 3882 382 3950 t'isti,
427 3886 524 3941 sed
552 3901 656 3955 pro
699 3884 856 3939 nobis
881 3883 1033 3938 illum
1075 3881 1345 3936 tradidisti
1380 3883 1433 3937 in
1475 3889 1727 3950 mortem,
1760 3890 1820 3936 ut

236 3985 468 4046 tantum,
509 3991 736 4050 tamque
776 3979 988 4034 ﬁdelem
1033 3979 1356 4034 advocatum
1407 3976 1734 4033 haberemus
1763 3976 1818 4032 in

232 4068 378 4124 cmlis
407 4084 598 4125 coram
625 4077 700 4124 te.

221 4215 225 4219 ,
301 4151 366 4212 Ει
401 4159 520 4228 tibi,
556 4159 783 4214 Domine
808 4157 956 4223 Jesu,
983 4156 1275 4212 fortissime
1299 4155 1516 4222 zelotes,
1549 4156 1676 4226 quid
1698 4172 1818 4226 gra—

236 4244 424 4304 tiarum
444 4292 460 4318 ,
490 4250 627 4320 quid
657 4249 1034 4304 retributionis
1060 4248 1220 4320 digne
1257 4248 1551 4303 retribuam
1590 4260 1692 4320 ego
1722 4249 1816 4302 ho-

237 4349 346 4404 mo,
369 4340 571 4409 pulvis,
608 4350 662 4396 et
689 4341 850 4406 cinis,
875 4349 931 4396 et
980 4339 1084 4394 vile
1123 4333 1470 4411 figmentum?
1504 4338 1642 4406 Quid
1672 4339 1818 4394 enim

235 4441 326 4495 pro
349 4431 524 4488 salute
567 4445 687 4486 mea
731 4430 910 4486 facere
956 4429 1215 4494 debuisti,
1247 4438 1301 4486 et
1336 4445 1441 4488 non
1495 4429 1710 4486 fecisti?
1736 4430 1818 4483 Ah

226 4516 338 4598 'imo
349 4521 501 4590 pedis
512 4537 690 4591 usque
703 4523 770 4576 ad
784 4537 1053 4576 summum
1079 4523 1298 4578 verticis
1315 4531 1482 4578 totum
1509 4524 1560 4578 in
1575 4524 1734 4594 aquis
1747 4523 1816 4554 ⁶³⁰

234 4611 542 4676 passionum
580 4621 636 4666 te
663 4611 994 4678 demersisti,
1022 4620 1082 4666 ut
1107 4623 1193 4667 me
1218 4622 1388 4667 totum
1406 4614 1471 4668 de
1504 4613 1606 4669 illis
1636 4624 1818 4669 extra-

235 4698 416 4769 heres;
447 4711 504 4758 et
544 4705 872 4758 intraverunt
918 4718 1070 4774 aqua
1096 4719 1259 4773 usque
1307 4703 1374 4756 ad
1413 4707 1642 4759 animam
1669 4716 1815 4759 tuam

234 4787 402 4855 (Paul.
433 4810 630 4860 uvttt,
657 4795 737 4865 Ξ).
771 4793 904 4848 Nam
937 4788 992 4850 et
1020 4795 1259 4849 animam
1304 4802 1450 4849 tuam
1501 4795 1552 4848 in
1583 4806 1814 4851 mortem

1848 4487 1900 4548 D

1920 3251 2172 3307 omnibus
2197 3252 2302 3306 his.
2330 3249 2532 3306 llorum
2566 3251 2780 3305 vivifico
2815 3249 2982 3328 odore
3016 3250 3265 3319 spiritum
3294 3265 3510 3315 meum,

1921 3341 2168 3406 Domine,
2197 3357 2227 3395 a
2253 3341 2463 3411 peccati
2493 3351 2662 3397 morte
2702 3342 3014 3396 ressuscita.
3058 3339 3260 3395 Horum
3307 3340 3510 3396 virtute

1921 3433 1990 3487 ab
2022 3431 2236 3486 astutiis
2257 3430 2473 3486 Satana:
2509 3447 2595 3486 me
2624 3433 2870 3495 custodi,
2915 3447 3111 3501 meque
3135 3429 3382 3487 conferta
3409 3473 3424 3496 ,
3450 3443 3508 3484 ut

1920 3531 1977 3578 et
2022 3522 2206 3593 iugum
2258 3521 2636 3576 mandatorum
2669 3529 2880 3576 tuorum
2922 3535 3088 3576 suave
3129 3520 3261 3575 mihi
3306 3519 3510 3585 ﬁat,et

1922 3628 2060 3692 onus
2092 3611 2304 3679 crucis,
2333 3611 2478 3682 quod
2527 3620 2649 3682 post
2695 3620 2748 3666 te
2794 3610 3037 3680 bajnlare
3066 3625 3152 3667 me
3175 3610 3367 3682 jnbes,
3402 3611 3507 3664 hu-

1908 3697 2088 3761 ~meris
2125 3705 2323 3761 anima:
2350 3720 2485 3760 meae
2531 3704 2648 3759 leve
2686 3704 2757 3760 sit
2803 3711 2966 3774 atque
2994 3703 3259 3776 portabile
3287 3702 3504 3771 (Matth.

1922 3815 2000 3863 ιιι,
2028 3797 2140 3867 50).
2171 3798 2301 3865 Quae
2334 3806 2420 3852 est
2451 3796 2596 3852 enim
2637 3795 2900 3850 fortitudo
2927 3811 3044 3850 mea
3065 3837 3078 3860 ,
3105 3804 3164 3849 ut
3186 3796 3338 3866 juxta
3365 3811 3505 3863 pnu-

1920 3894 2137 3955 ceptum
2161 3893 2308 3939 tuum
2331 3883 2515 3939 mundi
2540 3899 2824 3952 pressuras
2849 3892 2956 3936 tam
2983 3883 3304 3954 multiplices
3325 3884 3506 3939 animo

1923 3974 2124 4029 invicto
2153 3971 2483 4028 sustineam?
2512 3970 2763 4042 Nunquid
2785 3972 2950 4042 pedes
2973 3974 3076 4028 mei
3103 3982 3356 4044 tanquam
3386 3987 3508 4027 cer—

1921 4079 2110 4119 vorum
2145 4060 2317 4136 (Prol.
2343 4078 2477 4128 xvn,
2507 4062 2620 4127 5i),
2655 4070 2711 4116 ut
2743 4071 2794 4117 te
2820 4062 3076 4117 velociter
3104 4071 3412 4117 currentem
3437 4062 3507 4094 ⁸³⁸

1922 4170 2018 4226 per
2042 4154 2226 4226 spinas
2248 4163 2304 4208 et
2330 4152 2586 4223 confraga
2615 4153 2926 4224 passionum
2962 4153 3221 4223 consequi
3255 4153 3508 4208 valeam?

1923 4245 2029 4302 Sed
2063 4244 2217 4312 audi,
2255 4258 2472 4316 quaeso,
2518 4259 2703 4298 vocent
2747 4259 2952 4309 meam,
3004 4253 3058 4300 et
3103 4244 3298 4299 inclina
3343 4261 3507 4314 super

1922 4353 2135 4393 servum
2160 4337 2229 4370 "7
2258 4345 2408 4392 tuum
2445 4352 2666 4393 suavem
2697 4336 2840 4392 illam
2878 4351 3128 4404 crucem,
3157 4353 3277 4408 quae
3304 4337 3505 4409 lignum

1921 4430 2046 4484 vitae
2092 4438 2179 4484 est
2233 4430 2318 4486 his
2367 4429 2457 4500 qui
2514 4428 2972 4499 apprehenderint
3033 4443 3150 4484 eam
3181 4471 3196 4495 ,
3243 4439 3298 4485 et
3346 4439 3406 4486 nt
3454 4441 3508 4486 et

1925 4536 2083 4590 spero
2108 4520 2207 4585 ⁵³⁸,
2241 4535 2458 4576 curram
2502 4521 2780 4576 alacriter.
2827 4520 3061 4578 Portabo
3101 4520 3508 4594 infatigabilitcr

1923 4629 2044 4668 eam
2079 4627 2200 4683 quas
2225 4611 2293 4666 ab
2326 4612 2558 4668 inimicis
2587 4620 2669 4666 est
2697 4626 2914 4667 crucem
2959 4621 3077 4682 post
3107 4621 3178 4666 te.
3218 4611 3396 4676 Illam,
3426 4612 3507 4664 in-

1923 4719 2084 4774 quam
2105 4743 2120 4769 ,
2148 4702 2539 4757 divinissimam
2570 4717 2785 4758 crucem
2817 4703 3058 4760 humeris
3089 4706 3224 4760 meis
3255 4705 3504 4774 impone,

1923 4795 2078 4863 cujus
2097 4793 2323 4849 latitudo
2349 4803 2433 4850 est
2459 4795 2725 4860 cbaritas,
2750 4810 2914 4865 super
2941 4811 3162 4851 omnem
3193 4806 3516 4850 creaturam.

1557 4905 1789 4960 VARIA‘I
1831 4906 2234 4962 LECTIONES.

300 5011 667 5087 “"Beiiquiis
723 5015 934 5087 cruorjs
997 5030 1096 5087 ms.
1149 5018 1338 5087 reliqui
1391 5016 1635 5087 corporis

1745 5018 1976 5092 “'Yide
2027 5019 2252 5092 Domine
2306 5019 2556 5092 pallium,
2589 5024 2731 5092 quod
2772 5019 3045 5092 in__mauu
3106 5019 3363 5092 adulterae
3411 5034 3508 5089 ge-s

235 5084 554 5159 nerationis,
611 5085 663 5140 id
706 5084 1114 5159 est_zi_2gy_ptiaa
1167 5084 1502 5159 mgeiitrieis,
1541 5089 1768 5158 pudicus
1835 5089 1924 5145 ille
1990 5084 2322 5144 adolescens
2370 5084 2742 5159 reliquit'ms.
2816 5087 2930 5143 Hoc
2979 5099 3062 5144 est
3118 5084 3502 5145 vestimentum

234 5153 374 5231 quod
435 5155 720 5231 in__t_nanu
775 5153 1046 5231 [Egyptiae
1093 5157 1398 5231 meritricis
1456 5153 1720 5214 innocens
1775 5174 1940 5231 puer“
1973 5169 2096 5215 tuus
2157 5159 2326 5231 Jesus
2359 5176 2457 5231 pro
2487 5153 2746 5231 'peccatis
2793 5159 3022 5231 fratrum
3075 5173 3297 5231 suorum
3340 5159 3500 5231 dere-

423 5295 435 5308 .
461 5225 541 5324 °‘:
568 5219 902 5324 VeStime'ut'i'
923 5219 1096 5324 'qua‘m
1123 5226 1448 5324 iqp’ogentlize
1477 5239 1678 5309 sanctae
1705 5219 1805 5282 ms'.
1839 5228 1984 5298 pallii
2011 5244 2175 5324 quam
2207 5219 2480 5324 pugl‘if'i't‘ire
2508 5219 2623 5324 'L‘”
2752 5227 3038 5309 procidens
3061 5245 3200 5324 luas.
3227 5229 3273 5324 sti
3303 5228 3504 5312 cadens

327 5293 395 5365 Et
422 5295 542 5364 ipse
571 5313 671 5350 ms.
700 5297 889 5350 omittit
939 5291 1055 5365 ipse

1160 5295 1228 5329 ⁶³²
1262 5299 1421 5353 Veste
1446 5299 1632 5353 carnis
1676 5314 1777 5352 ms.
1812 5295 1976 5355 carne
2003 5295 2171 5356 vestis

323 5358 516 5439 ljost'ra
545 5365 746 5439 quibus
775 5381 874 5420 ms.
895 5358 1120 5439 amittit,
1145 5376 1332 5439 nostra
1431 5368 1500 5439 ξπ
1537 5367 1603 5422 Ut
1625 5383 1723 5438 per
1749 5370 1921 5438 ipsam
1951 5386 2048 5424 ms.
2080 5379 2140 5425 ut
2167 5371 2338 5439 ipsam
2439 5368 2483 5400 "

2279 5299 2349 5399 ἶῖἶ
2373 5297 3502 5399 Diilih$.21‘°ﬂi.inf'f;.di$323”???

2552 5368 2723 5423 Tuam
2765 5383 2931 5436 super
2961 5384 3059 5422 ms.
3103 5369 3296 5423 omittit
3354 5379 3500 5423 tuam

236 5431 301 5462 “7
331 5433 438 5490 Pro
472 5431 940 5509 peéc_atis_nos_tris
964 5451 1074 5509 ius:
1093 5436 1147 5488 in
1178 5437 1310 5504 ipsis
1383 5437 1453 5472 “°
1488 5431 1710 5495 Domine
1734 5431 1895 5493 P'atcr
1917 5457 2015 5493 ms.
2053 5431 2308 5502 Domine,
2347 5447 2534 5509 sancte
2567 5438 2729 5493 Pater
2803 5431 2978 5509 “’De
3007 5439 3499 5509 superabundantia

234 5515 329 5602 εξ.
363 5519 531 5586 super
551 5503 887 5586 abundantia
960 5504 1030 5536 “°
1059 5504 1114 5559 In
1145 5503 1315 5574 aquas
1338 5523 1437 5561 ms.
1465 5509 1518 5560 in
1547 5509 1704 5576 aquis
1780 5509 1846 5540 “‘
1880 5509 2148 5578 ldipsum,
2173 5520 2227 5563 et
2255 5507 2396 5609 quod
2429 5509 2600 5564 debeo
2624 5525 2726 5563 ms.
2755 5518 2811 5564 et
2839 5503 3090 5609 idipsum'
3121 5510 3263 5578 quod
3323 5508 3504 5564 habeo

331 5572 391 5609 Ιΐι
427 5574 562 5609 and“
593 5574 849 5609 nnccllnln
868 5583 948 5609 nol
979 5589 1058 5609 me
1101 5583 1151 5609 nl
1182 5590 1398 5609 nnL-cnan
1463 5577 1532 5608 1³³
1559 5578 1866 5609 “Elian-ulna
1896 5579 2024 5609 mihi
2050 5594 2104 5609 nn
2129 5594 2207 5609 an.
2298 5577 2555 5609 ιΙῖηο-ιι-Ιιιο
2579 5594 2636 5609 ηρ
2669 5594 2798 5609 ιι-ηΛ
2871 5579 2916 5609 Ol
2971 5578 3083 5609 φησι
3115 5579 3244 5609 ...ιω
3272 5595 3351 5609 ιο..
3409 5588 3496 5609 Iun

235 5569 301 5602 ⁶³²
327 5572 396 5648 Et
427 5569 850 5648 inihipossibile
868 5583 952 5648 est
979 5589 1078 5628 ms.
1101 5583 1157 5630 et
1182 5569 1398 5648 possum
1463 5577 1532 5608 ⁸³³
1557 5569 1879 5648 Diligendus
1896 5569 2026 5633 mihi
2049 5594 2107 5632 es
2129 5569 2228 5633 ius.
2259 5569 2558 5648 diligendus
2578 5594 2639 5636 es
2668 5594 2799 5648 ergo
2871 5579 2916 5610 ⁸³

2971 5578 3086 5633 Tua
3115 5579 3245 5634 mihi
3272 5595 3372 5633 me.
3409 5588 3505 5633 tua

236 5643 393 5699 modo
467 5643 891 5718 “'_linp_ressam
922 5643 1236 5701 immensam
1263 5663 1360 5702 ms.
1387 5643 1695 5718 immersam
1770 5648 1839 5679 ⁸³⁸
1871 5647 2138 5702 Velociter
2185 5643 2493 5705 currentem
2536 5666 2635 5707 ms.
2675 5643 2912 5708 velocem
2943 5663 3224 5706 cursorem
3295 5649 3364 5684 ⁸³⁷
3388 5648 3501 5705 SI!!!

237 5725 330 5776 per
366 5728 453 5770 me
482 5731 494 5766 :
538 5714 796 5769 famulum
820 5731 916 5769 ms.
938 5727 1108 5784 super
1135 5729 1348 5772 servum
1397 5716 1400 5718 ⁷
1426 5717 1494 5749 ⁸³⁸
1527 5717 1595 5774 Ut
1623 5727 1678 5774 et
1709 5717 1904 5788 spiritu
1937 5735 2034 5773 ms.
2060 5727 2113 5775 et
2151 5727 2207 5774 ut
2235 5733 2396 5789 spero.
