4060 6292
563 333 670 390 763

963 333 1021 390 s.
1061 331 1358 389 ANSELHI
1395 332 1746 390 murum.
1784 303 2108 388 ARCIlIEP.

2244 331 2300 385 P.
2336 328 2518 386 PARS
2546 329 2610 385 ll.
2653 361 2722 369 —
2742 328 3113 385 PARASNET.
3146 330 3237 387 ΕΤ
3267 331 3512 389 ASCET.

3738 333 3846 388 πει

560 448 752 515 citata,
797 449 974 501 anima
1006 447 1070 501 de
1109 448 1307 500 misera
1347 447 1608 502 servitute
1649 448 1912 518 sanguine
1944 447 2039 501 Dei
2062 444 2132 478 ⁸⁸⁷
2163 429 2212 505 Ᾰ
2241 441 2493 498 diabolus
2525 457 2586 497 se
2611 441 2867 498 falleret?
2888 442 2995 499 Sed
3017 435 3204 515 utique
3227 447 3592 502 sicutveritas
3642 447 3850 503 nullum

563 540 838 609 redempta
889 549 943 592 et
993 537 1239 599 liberata,
1293 539 1470 591 excita
1523 545 1761 592 mentem
1815 546 1986 599 tuam,
2023 552 2136 591 ras-

561 637 742 683 mento
766 627 1190 682 rcsuscitationis
1214 637 1316 681 tute
1337 627 1435 681 “'z
1453 628 1687 698 recogita
1707 618 2149 698 redemptionem

560 727 616 772 et
662 718 1032 772 liberationem
1083 727 1253 770 tuam.
1305 717 1564 772 Rctracta
1637 718 1728 773 ubi
1787 728 1841 773 et
1901 733 2021 787 quae
2072 717 2144 771 sit

559 811 732 865 virtus
789 810 1100 865 salvationis
1163 818 1314 874 tuas,
1370 825 1593 866 versare
1670 812 1722 866 in
1797 811 2144 866 meditatione

558 885 699 969 ejus,
767 900 1040 956 delectare
1115 901 1167 954 in
1234 902 1690 972 contemplatione
1747 903 1903 973 ejus,
1949 911 2142 957 excute

559 990 835 1046 fastidium
897 1004 1074 1058 tuum,
1125 990 1212 1046 fac
1264 993 1371 1048 vim
1418 994 1567 1048 cordi
1641 1005 1762 1062 tuo,
1816 994 2033 1049 intende
2086 995 2139 1048 in

558 1083 662 1138 hoc
711 1095 946 1141 mentem
999 1097 1176 1150 tuam;
1212 1095 1368 1159 gusta
1417 1087 1712 1142 bonitatem
1766 1086 2142 1157 Redemptoris

559 1176 669 1242 tui;
715 1179 1014 1234 accendere
1065 1180 1116 1234 iu
1161 1196 1402 1236 amorem
1454 1179 1750 1235 Salvatoris
1798 1182 1893 1235 tui.
1949 1180 2141 1238 Mande

557 1266 739 1322 favum
766 1270 1079 1336 verborum,
1107 1287 1239 1342 suge
1265 1273 1544 1342 plusquam
1582 1272 1839 1327 mellitum
1866 1289 2136 1343 saporem,

558 1355 694 1434 gluti
745 1357 1016 1414 salubrem
1068 1361 1363 1416 dulcorem.
1417 1362 1608 1417 Mande
1653 1362 1964 1432 cogitando,
2011 1379 2141 1430 suge

558 1445 931 1518 intelligendo,
986 1450 1120 1519 gluti
1177 1452 1409 1506 amando
1467 1461 1521 1506 et
1569 1454 1876 1522 gaudendo.
1932 1453 2142 1510 Laetare

557 1538 882 1604 mandendo,
907 1539 1182 1610 gratulare
1216 1543 1478 1612 sugendo,
1512 1543 1816 1612 jucundare
1841 1544 2136 1612 glutieudo.

557 1625 656 1681 Ubi
684 1644 832 1698 ergo,
869 1639 923 1685 et
959 1647 1076 1700 qua:
1095 1643 1178 1687 est
1224 1634 1393 1688 virtus
1440 1643 1495 1688 et
1519 1634 1778 1689 fortitudo
1821 1634 2142 1691 salvatiOais

555 1725 660 1772 tute
681 1717 748 1750 “’
768 1718 791 1772 Τ
813 1720 972 1776 Certe
992 1721 1239 1778 Christus
1266 1733 1318 1778 te
1347 1725 1693 1780 resuscitavit
1728 1727 1818 1781 ⁸⁷⁸.
1853 1726 1947 1781 llle
1968 1727 2140 1784 bonus

2243 535 2400 600 fallit,
2427 536 2501 589 ita
2525 548 2631 589 non
2664 535 2897 589 intendit
2923 544 2981 590 ut
3002 537 3198 605 aliquis
3224 539 3850 608 sefallat,quamvisboe

2243 624 2456 678 dicatur
2478 622 2683 690 facere,
2707 639 2830 678 cum
2857 626 3144 694 permittit.
3169 626 3285 681 Non
3332 629 3476 681 enim
3503 630 3848 696 assumpsisti

2245 717 2517 771 hominem
2541 725 2600 770 ut
2621 725 2673 770 te
2695 725 2880 770 notum
2901 719 3048 786 operi
3059 720 3272 782 res,sed
3301 729 3358 774 ut
3383 720 3633 790 ignotum
3664 722 3849 790 aperi-

2243 824 2351 862 res.
2385 808 2584 861 Verum
2640 807 2833 873 Demn,
2878 823 3068 862 verum
3119 811 3393 864 hominem
3441 822 3491 866 te
3539 813 3748 867 dixisti.
3789 822 3849 867 et

2243 899 2404 968 222
2449 896 2706 966 operibus
2741 897 3052 952 ostendisti.
3108 899 3221 954 Res
3252 916 3348 970 per
3385 915 3445 954 se
3467 902 3687 955 occulta
3724 901 3845 965 fuit,

2243 1007 2348 1045 nou
2379 990 2556 1046 studio
2578 990 2848 1046 occultata
2873 989 2978 1056 ⁶⁸⁰;
3011 1006 3116 1046 non
3140 992 3218 1046 sic
3245 1003 3327 1048 est
3353 992 3492 1046 facta
3530 1003 3590 1046 ut
3612 992 3846 1048 abscon-

2243 1083 2480 1147 deretur,
2525 1085 2618 1137 sed
2644 1092 2703 1136 ut
2727 1098 2826 1137 suo
2871 1083 3066 1138 ordine
3106 1085 3498 1153 perficeretur;
3534 1101 3638 1139 nec
3661 1095 3719 1138 ut
3750 1085 3848 1139 ali-

2243 1193 2402 1248 quem
2427 1177 2494 1208 ⁶⁸¹
2524 1176 2816 1246 deciperet,
2841 1175 2934 1230 sed
2967 1185 3026 1230 ut
3049 1176 3510 1245 quemadmodum
3557 1179 3846 1246 oportebat

2245 1268 2416 1322 fieret.
2457 1267 2588 1320 Etsi
2617 1267 2818 1320 dicitur
2858 1266 3068 1320 occulta
3121 1266 3220 1333 ‘8‘;
3276 1283 3382 1320 non
3403 1269 3657 1322 estaliud
3682 1284 3845 1336 quam

2245 1375 2350 1414 nou
2376 1367 2458 1413 est
2486 1359 2738 1413 omnibus
2761 1358 3114 1414 “’rcvelata.
3140 1358 3296 1425 Nam,
3323 1361 3426 1414 etsi
3463 1361 3686 1414 veritas
3731 1376 3840 1414 non

2244 1449 2494 1504 omnibus
2517 1464 2575 1505 se
2599 1448 2937 1513 manifestat,
2963 1449 3093 1503 nulli
3131 1459 3311 1503 tamen
3360 1465 3419 1503 se
3457 1462 3644 1520 negat.
3681 1451 3843 1522 Ergo.

2247 1539 2490 1605 Domine,
2517 1555 2615 1595 nee
2637 1549 2694 1593 ut
2717 1539 2951 1602 falleres,
2979 1556 3079 1596 nec
3105 1554 3163 1594 ut
3186 1540 3383 1610 aliquis
3407 1557 3465 1596 se
3498 1541 3739 1605 falleret,
3770 1544 3845 1599 sic

2247 1629 2462 1694 fecisti;
2497 1632 2589 1685 sed
2622 1640 2681 1686 ut
2710 1630 2921 1686 faceres
2959 1631 3103 1701 quod
3125 1640 3181 1685 et
3221 1634 3496 1701 quomodo
3535 1635 3843 1690 faciendum

2246 1730 2384 1786 erat,
2408 1737 2504 1791 per
2524 1723 2706 1777 omnia
2761 1723 2816 1777 in
2864 1723 3096 1778 veritate
3141 1724 3421 1794 perstitisti
3450 1726 3539 1779 ⁸⁸⁸.
3567 1725 3674 1794 Qui
3717 1742 3844 1797 ergo

554 1804 928 1866 Samaritanus
969 1822 1018 1868 te
1039 1815 1252 1868 sanavit
1283 1817 1381 1883 ⁶⁷¹;
1408 1816 1498 1871 ille
1522 1818 1694 1872 bonus
1735 1819 1941 1874 amicus
1963 1820 2144 1875 anima
2175 1803 2216 1862 Β
2247 1831 2304 1870 se
2344 1814 2601 1869 fefellilin
2629 1825 2720 1869 Illa
2751 1815 3023 1880 vernale;
3055 1831 3160 1870 ηοη
3187 1816 3253 1872 de
3299 1824 3374 1884 ιθ.
3407 1815 3502 1873 Sed
3526 1816 3596 1872 de
3626 1819 3841 1888 propria

552 1911 729 1956 suate
755 1903 982 1958 redemit
1031 1914 1086 1959 et
1135 1905 1386 1962 liberavit
1435 1910 1545 1962 ‘7’:
1589 1910 1858 1974 Christus,
1901 1912 2139 1982 inquam.

552 1989 696 2061 Ergo
720 1993 890 2048 virtus
917 1995 1235 2052 salvationis
1279 2007 1404 2066 tute,
1448 2001 1623 2058 virtus
1673 2011 1759 2058 est
1809 2003 1878 2035 ⁸⁷³
1919 2004 2140 2061 Christi.

555 2082 655 2136 Ubi
682 2093 767 2139 est
796 2086 910 2142 huic
955 2088 1131 2145 virtus
1169 2089 1241 2120 ⁸⁷⁸⁵
1286 2091 1535 2148 Christi?
1583 2094 1778 2166 L'tiqne
1839 2114 2038 2152 cornua
2088 2101 2143 2153 in

553 2176 794 2232 manibus
818 2180 933 2250 ejus
960 2199 979 2237 :
1009 2184 1081 2238 ibi
1103 2187 1411 2242 abscondita
1444 2201 1519 2245 est
1549 2191 1804 2260 fortitudo
1857 2196 1972 2265 ejus
1998 2196 2142 2265 (Ηα-

553 2265 668 2357 bac.
693 2283 773 2333 tu,
801 2269 881 2342 4).
913 2272 1126 2331 Cornua
1153 2280 1370 2347 quidem
1399 2281 1450 2336 in
1476 2284 1724 2337 manibus
1751 2286 1867 2355 ejus
1891 2287 1991 2352 ⁶τ⁸;
2015 2288 2139 2357 quia

551 2354 788 2416 brachiis
817 2365 998 2420 crucis
1019 2367 1242 2424 confixa:
1269 2381 1398 2428 sunt
1421 2389 1613 2428 manus
1634 2354 1928 2444 ejus.Qu:e
1958 2354 2138 2433 autem

550 2445 636 2541 for
662 2449 676 2505 i
707 2452 811 2505 uslo
847 2453 899 2508 in
928 2464 1072 2511 tanta
1099 2459 1456 2518 inﬁrmitate?
1485 2465 1613 2532 Qute
1656 2467 1883 2541 altitudo
1913 2468 1963 2522 in
1991 2479 2138 2525 'anta

549 2537 893 2632 hinnilitate?
942 2546 1081 2615 Quid
1134 2555 1442 2610 venerabile
1487 2556 1539 2612 iu
1586 2539 1737 2614 tanto
1786 2562 2139 2632 contemptu?

547 2628 655 2720 Sel
681 2643 828 2690 certe
860 2637 981 2693 ideo
1003 2641 1382 2700 absconditum
1414 2648 1506 2714 ⁸⁷⁸,
1531 2651 1657 2717 quia
1695 2651 1748 2705 in
1780 2628 2133 2720 infirmitate;

547 2717 668 2777 ideo
692 2724 925 2781 celatum
957 2729 1026 2762 ⁸⁷⁷
1046 2771 1061 2798 ,
1096 2735 1221 2802 quia
1270 2736 1324 2790 in
1352 2738 1690 2806 humilitate;
1719 2751 1773 2796 et
1817 2742 1938 2798 ideo
1959 2745 2142 2798 occul-

548 2821 661 2866 tmn
693 2815 783 2881 ⁸⁷⁸,
816 2821 940 2887 quia
972 2821 1025 2876 in
1057 2819 1390 2896 contemptu.
1425 2828 1470 2884 Ο
1496 2829 1760 2886 fortitudo
1783 2833 2133 2888 abscondita!

548 2901 823 2961 hominem
859 2909 912 2965 in
935 2927 1096 2968 cruce
1139 2917 1502 2985 pendentem,
1534 2922 1860 2994 suspendere
1909 2935 2136 2979 mortem

549 3007 807 3052 :eternam
829 3017 996 3070 genus
1020 3005 1311 3061 humanum
1336 3020 1671 3078 prementem
1699 3053 1714 3078 ,
1774 3013 2048 3069 hominem
2077 3015 2142 3070 li—

678 3089 948 3148 cnnlixum
974 3095 1328 3168 “7°,deﬁgere
1377 3103 1637 3158 mundum
1681 3115 1954 3176 perpetua:
1978 3108 2138 3162 morti

2246 1915 2510 1974 queratur
2530 1905 2787 1961 falsitate.

2315 1996 2397 2050 An
2422 1997 2668 2053 diabolus
2693 1997 2927 2054 habebat
2945 1998 3092 2070 juste
3111 1999 3313 2068 aliquid
3360 1999 3628 2054 adversus
3649 2000 3838 2066 Deum,

2243 2089 2328 2145 vel
2351 2089 2610 2144 adversus
2629 2091 2929 2155 hominem,
2955 2101 3177 2162 propter
3198 2090 3344 2160 quod
3398 2090 3541 2146 Deus
3567 2092 3724 2162 prius
3753 2093 3840 2147 de-

2243 2180 2397 2234 beret
2422 2179 2492 2210 ⁶⁸⁵
2521 2179 2784 2235 adversus
2816 2196 2937 2235 eum
2961 2195 3062 2251 pro
3089 2181 3310 2236 homine
3345 2182 3448 2236 hoc
3470 2181 3638 2237 modo
3658 2197 3838 2251 agere,

2243 2284 2404 2338 quam
2429 2278 2615 2338 aperta
2645 2269 2961 2324 fortitudine
2993 2285 3008 2324 :
3038 2271 3245 2326 utdum
3289 2271 3378 2326 ille
3411 2272 3628 2341 justum
3671 2273 3832 2328 homie

2240 2375 2363 2416 nem
2386 2363 2456 2394 ⁸⁸⁸
2485 2361 2680 2430 injuste
2702 2363 3001 2429 occidi-ret,
3023 2362 3171 2434 juste
3191 2374 3544 2436 potestatem,
3569 2383 3734 2438 quam
3757 2383 3839 2424 sua

2241 2471 2334 2523 per
2377 2455 2604 2526 iujustos
2633 2455 2888 2524 habebat,
2943 2459 3243 2525 perderet?
3289 2458 3397 2514 Sed
3452 2468 3609 2514 certe
3632 2459 3835 2515 diabolo

2241 2563 2341 2602 nec
2371 2548 2513 2624 Deus
2536 2548 2766 2602 debebat
2787 2547 3014 2619 aliquid,
3073 2549 3175 2604 nisi
3225 2563 3445 2619 poenam
3473 2567 3489 2616 ;
3520 2565 3627 2605 nec
3657 2552 3833 2614 homo,

2239 2641 2341 2695 nisi
2367 2641 2533 2696 vicem
2561 2659 2573 2694 :
2601 2650 2659 2695 ut
2685 2641 2752 2674 ⁸⁸⁷
2781 2642 3240 2712 quemadmodum
3296 2645 3364 2698 ab
3411 2643 3504 2698 illo
3556 2657 3620 2698 se
3687 2643 3838 2700 facile

2238 2732 2487 2800 permisit
2511 2731 2650 2786 vinci
2686 2733 2990 2801 peccando,
3018 2733 3094 2786 ita
3117 2731 3269 2787 illum
3299 2733 3548 2788 vinceret
3571 2749 3748 2805 usque
3773 2732 3837 2788 ad

2239 2821 2610 2877 diliicultatem
2649 2825 2860 2887 mortis,
2907 2822 3175 2890 justitiam
3225 2825 3495 2896 integram
3531 2828 3834 2902 servando.

2241 2911 2347 2966 Sed
2387 2913 2567 2968 ethoc
2608 2914 2824 2968 nonnisi
2879 2915 2986 2969 Deo
3031 2915 3262 2969 debebat
3313 2915 3496 2970 homo.
3539 2915 3676 2970 Nam
3735 2932 3838 2972 non

2240 3003 2485 3071 peccavit
2523 3003 2786 3058 adversus
2835 3003 3137 3069 diabolum,
3183 3005 3276 3058 sed
3330 3006 3593 3061 adversus
3637 3007 3833 3070 Deum;

2245 3109 2346 3148 nec
2368 3094 2532 3149 homo
2554 3094 2755 3149 diaboli
2783 3105 2924 3161 erat,
2974 3095 3067 3150 Sed
3090 3105 3139 3150 et
3168 3095 3329 3150 homo
3352 3105 3407 3152 et
3446 3097 3699 3153 diabolus
3747 3098 3835 3152 Dei

550 3173 790 3234 allixum.
843 3181 888 3237 0
939 3186 1109 3241 celata
1167 3194 1445 3258 potestas!
1503 3194 1776 3249 hominem
1825 3197 2136 3253 damnatum

2244 3195 2416 3240 erant.
2443 3187 2548 3243 Sed
2572 3190 2786 3259 etquod
2827 3190 3072 3244 diabolus
3110 3191 3346 3246 vexabat
3399 3190 3702 3255 hominem,
3735 3206 3833 3245 non

547 3281 672 3322 cum
706 3268 1006 3332 latronibus
1054 3279 1268 3338 salvare
1312 3282 1559 3342 homines
1583 3287 1864 3344 damnatos
1889 3305 2010 3344 cum
2034 3291 2141 3346 dac-

547 3363 833 3454 inonibus!
860 3367 1144 3426 Heminem
1172 3375 1224 3428 iu
1255 3377 1494 3444 patibulo
1515 3389 1798 3436 extensum
1822 3385 2002 3438 omnia
2025 3393 2140 3454 tra-

545 3441 679 3510 here
717 3457 782 3511 ad
830 3459 1102 3529 scipsum!
1139 3463 1183 3520 Ο
1206 3467 1380 3522 virtus
1427 3469 1679 3524 occulta!
1708 3487 1867 3526 uuam
1898 3473 2136 3528 animam

547 3544 799 3600 emissam
828 3549 879 3602 in
930 3562 1218 3623 tormento,
1272 3557 1694 3617 innumerabiles
1732 3565 2020 3618 extrahere
2071 3565 2139 3620 de

548 3631 787 3710 infrno,
845 3639 1118 3699 hominem
1177 3656 1405 3704 mortem
1455 3653 1701 3722 corporis
1743 3655 2040 3726 suscipere,
2086 3665 2140 3711 et

543 3733 779 3782 mortem
817 3731 1118 3789 animarum
1143 3738 1430 3806 perimere.
1493 3742 1496 3746 ί

619 3836 750 3903 Cur,
776 3841 913 3898 boue
937 3843 1183 3914 Domine,
1211 3851 1299 3919 pie
1348 3852 1699 3926 Redemptor,
1722 3865 1912 3926 potens
1953 3855 2140 3912 Salva-

546 3936 652 3994 tor,
675 3945 774 3984 cur
797 3940 997 3988 Lautam
1025 3939 1277 3994 virtutem
1328 3945 1586 4013 Operuisti
1636 3955 1782 4001 tanta
1804 3947 2141 4003 humilitate?

543 4021 626 4074 An
652 4023 947 4081 utfalleres
967 4027 1267 4101 diabolum,
1305 4035 1395 4104 qui
1457 4035 1697 4093 fallendo
1748 4039 2022 4095 hominem
2048 4041 2140 4095 de-

539 4111 677 4181 jecit
698 4115 763 4169 de
791 4120 1092 4185 paradiso?
1135 4124 1242 4178 Sed
1286 4126 1472 4196 utique
1503 4130 1704 4186 veritas
1747 4132 1953 4186 nullum
1982 4132 2135 4188 fallit.

544 4201 646 4267 Qui
675 4203 905 4274 ignorat,
934 4212 1026 4281 qui
1068 4229 1174 4269 non
1200 4218 1378 4272 credit
1401 4219 1711 4289 veritatem,
1738 4223 1852 4293 ipse
1869 4238 1934 4278 se
1956 4222 2091 4278 fallit
2121 4238 2136 4277 :

545 4293 815 4387 quividet
842 4303 1152 4372 veritatem,
1211 4316 1266 4363 et
1308 4310 1426 4366 odit
1451 4312 1532 4367 vel
1589 4315 1907 4380 contemnit,
1937 4317 2052 4387 ipse
2081 4332 2139 4373 se

2248 3279 2351 3334 hoc
2381 3280 2616 3336 faciebat
2637 3282 2754 3337 zelo
2770 3282 3019 3353 justitim,
3046 3284 3140 3339 sed
3166 3283 3421 3353 nequitia:
3446 3302 3460 3350 ;
3490 3300 3592 3339 nec
3618 3283 3837 3350 jubente

2245 3373 2374 3436 Deo,
2403 3373 2497 3427 sed
2529 3375 2914 3442 permittente:
2949 3391 3054 3430 non
3088 3375 3309 3441 diaboli,
3353 3377 3446 3431 sed
3491 3376 3586 3431 Dei
3626 3378 3834 3447 justiti:

2244 3465 2519 3536 exigente.
2565 3463 2709 3520 Nihil
2752 3481 2882 3536 ergo
2926 3476 3046 3522 erat
3094 3469 3147 3522 in
3193 3468 3408 3523 diabolo
3434 3485 3534 3524 cur
3575 3469 3718 3524 Deus
3739 3469 3832 3522 ad-

2242 3571 2432 3611 versus
2481 3572 2606 3610 eum
2654 3555 2719 3609 ad
2763 3555 3080 3611 salvandum
3141 3559 3418 3613 hominem
3463 3558 3833 3613 fortitudinem

2244 3664 2392 3704 Suam
2416 3647 2594 3704 Celare
2615 3657 2708 3701 aut
2729 3647 2944 3703 tlilTerre
2967 3648 3206 3703 deberet.

2315 3760 2395 3814 An
2420 3759 2596 3830 aliqua
2643 3760 2945 3816 necessitas
2976 3761 3154 3830 coegit
3205 3769 3265 3816 ut
3315 3760 3630 3815 Alivsimus
3681 3761 3760 3816 sic
3783 3774 3835 3811 se

2242 3851 2578 3917 humiliaret,
2607 3851 3032 3920 etOmnipoleus
3053 3855 3123 3907 ad
3155 3852 3461 3909 faciendum
3486 3853 3688 3924 aliquid
3717 3863 3834 3907 tan-

2245 3955 2357 4000 tum
2388 3944 2706 4000 laboraret?
2731 3943 2836 3998 Sed
2876 3945 3055 4000 onmis
3085 3946 3292 4000 necessi
3323 3961 3382 4000 a<
3407 3954 3460 4001 et
3492 3945 3832 4015 impossibili-

2243 4045 2326 4090 tas
2352 4033 2467 4102 ejus
2493 4032 2736 4102 subiacet
2764 4032 3051 4088 voluntati.
3081 4033 3289 4103 Quippe
3309 4036 3452 4104 quod
3477 4036 3593 4088 vult
3615 4049 3833 4089 necesse

2241 4136 2324 4180 est
2357 4141 2509 4191 esse;
2575 4133 2632 4180 et
2679 4125 2824 4194 quod
2885 4141 2992 4179 non
3034 4125 3166 4190 vult,
3225 4127 3557 4196 impossTbile
3585 4137 3827 4182 estesse.

2243 4214 2370 4270 Sola
2393 4231 2522 4286 ergo
2544 4213 2860 4269 voluntate:
2907 4223 2963 4269 et
3010 4216 3265 4285 quoniam
3324 4216 3577 4272 voluntas
3625 4216 3834 4286 ejus‘“

2243 4322 2460 4377 semper
2484 4307 2621 4361 bona
2633 4314 2738 4372 est,
2762 4304 2875 4360 sola
2901 4303 3026 4361 fecit
3052 4306 3154 4362 hoc
3170 4307 3414 4362 bonitate
3436 4308 3527 4362 συ.
3555 4306 3671 4363 Non
3692 4309 3828 4362 enim

545 4379 703 4438 fallit.
735 4385 945 4447 Veritas
968 4393 1149 4466 itaque
1177 4398 1382 4454 nullum
1433 4401 1592 4458 fauit,
1618 4405 1698 4458 An
1737 4407 1878 4472 ideo,
1921 4379 1980 4462 ui
2021 4407 2136 4478 ipse
2169 4408 2215 4468 D
2243 4399 2385 4455 Dens
2409 4401 2602 4470 agebat
2626 4407 2686 4454 ut
2724 4399 2828 4454 hoc
2853 4397 3016 4455 modo
3040 4399 3314 4454 hominem
3360 4399 3575 4456 salvum
3601 4401 3830 4463 faceret;

1794 4535 1880 4589 VA
1890 4534 2028 4590 RIAZ
2056 4529 2460 4589 LECTIONES.

549 4627 696 4714 tione
726 4630 1020 4714 Dominiete
1051 4635 1323 4714 l’assionis
1351 4659 1451 4698 ms.
1495 4644 1628 4698 Tim.
1657 4644 2050 4714 Contemplatio
2092 4642 2500 4714 Redemptionis
2549 4641 2834 4714 llumante.
2884 4641 3141 4714 mssﬂec.
3171 4640 3237 4714 0.
3285 4641 3562 4697 Meditatio
3596 4641 3828 4714 Anselmi

547 4697 615 4753 de
664 4701 902 4759 humana
959 4705 1348 4778 lledemptioue
1399 4697 1494 4768 ms.
1561 4697 2391 4772 Cister.ﬁilleilitatio—iliuma'me
2454 4712 2655 4768 Redcm
2702 4713 2885 4778 tionis,
2943 4712 3087 4765 edita
3153 4713 3222 4766 ab
3277 4713 3538 4768 Anselmo
3571 4697 3831 4782 archiepi-

547 4784 712 4836 scopo
775 4788 876 4830 ms.
958 4774 1192 4834 ναι-[αι’.
1257 4780 1535 4836 Meditatio
1595 4785 2001 4836 Redemntinnis
2075 4796 2273 4836 nostra}
2332 4783 2477 4836 Edit.
2548 4729 2702 4836 Gali).
2769 4784 2836 4836 de
2879 4781 3271 4836 Redemptione
3338 4785 3554 4836 ueneris
3619 4784 3830 4836 humani

546 4784 712 4871 ξερρο
761 4788 876 4857 ρης.
958 4774 1192 4860 γαιτιαέ.
1257 4780 1535 4850 Meditatio
1595 4785 2001 4857 Redemptionis
2075 4796 2273 4842 nostrae
2332 4783 2477 4837 Edit.
2548 4774 2702 4837 Gotft.
2769 4784 2836 4837 de
2872 4774 3271 4864 Redemptio'ne
3338 4785 3554 4853 generis
3619 4774 3830 4866 humani

645 4842 847 4899 Cill‘lSll
881 4845 1154 4914 Sanguine
1179 4867 1303 4905 ntss.
1337 4851 1460 4907 Bec.
1506 4853 1720 4908 Vol-tuo
1751 4855 1808 4910 S.
1854 4856 1997 4911 Med.
2020 4855 2171 4910 Flor.
2211 4857 2302 4910 Dei
2337 4855 2615 4914 Sanguine
2689 4853 2759 4885 ⁸⁸⁸
2786 4852 3240 4907 Resuscuatlonts
3271 4862 3376 4907 tua:
3406 4870 3536 4908 mss.
3577 4853 3715 4908 Vict.
3747 4854 3828 4907 16.

921 4872 1154 4911 illlgllllle
1179 4872 1303 4905 ηιεδ.
1337 4872 1460 4907 nec.
1507 4872 1720 4908 ναι-μισ
1751 4872 1808 4910 δ.
1854 4872 1997 4911 mea.
2020 4872 2171 4910 1'101'.
2211 4872 2302 4910 uel
2337 4872 2615 4911 Sanguine
2690 4872 2759 4885 ""“
2786 4872 3240 4907 ιιρδυδειιειιιοηιε
3271 4872 3376 4907 Illi}!
3406 4872 3536 4908 ηιεε.
3581 4872 3715 4908 νισι.
3747 4872 3828 4907 ID.

645 4873 743 4897 uul
759 4873 847 4899 tau
881 4873 1154 4914 οειιικιιιιιυ
1179 4873 1303 4905 ηιδδ.
1337 4873 1460 4907 DCC.
1507 4873 1720 4908 ναι-μισ
1751 4873 1808 4910 ὖ.
1854 4873 1997 4911 mea.
2020 4873 2171 4910 [τιον.
2211 4873 2302 4910 uel
2338 4873 2615 4926 Sanguine
2690 4873 2759 4885 "‘"’
2786 4873 3240 4907 ιιρδυδςιιειιιοιιιδ
3271 4873 3376 4907 ιιιιιξ
3406 4873 3536 4908 MSS.
3582 4873 3715 4908 νισι.
3747 4873 3828 4907 10.

546 4915 966 4974 resurrectionis
1005 4929 1110 4974 tua:
1157 4937 1257 4975 ms.
1291 4920 1450 4976 Tom.
1497 4926 1870 4980 suscitatiouis
1900 4937 2003 4981 tuae
2075 4927 2144 4958 ⁶⁶⁹
2186 4927 2492 4982 Salvatoris
2544 4923 2653 4978 tui?
2704 4941 2830 4978 mss.
2878 4923 3209 4978 Salvationis
3240 4923 3378 4978 tute?
3452 4924 3523 4955 ⁶⁷⁰
3555 4923 3637 4979 Te
3667 4924 3831 4980 susci-

554 4984 688 5054 tavit
713 5001 843 5042 mss.
875 4996 927 5043 te
967 4992 1309 5047 resuscitavit
1383 4993 1449 5024 ⁶⁷¹
1477 4992 1553 5050 Te
1581 4998 1790 5050 sanavit
1812 5013 1939 5051 mss.
1972 4995 2130 5051 Tom.
2161 5007 2213 5051 te
2238 4997 2470 5054 salvavit
2539 4996 2607 5026 ⁸⁷⁸
2637 4993 2714 5048 Te
2736 4994 2989 5049 liberavit
3015 5009 3140 5047 mss.
3173 5003 3226 5048 te
3250 4994 3476 5049 redemit
3503 5005 3560 5050 et
3592 4995 3833 5050 liberavit

547 5051 618 5084 ⁸⁷³
642 5052 972 5114 Salvationis
1000 5068 1105 5114 tuae
1136 5072 1238 5128 est,
1275 5080 1398 5117 mss.
1437 5063 1601 5119 Tom.
1635 5066 1938 5122 Salvatoris
1981 5069 2058 5122 tui
2135 5067 2207 5100 “7"
2234 5051 2341 5124 Ubi
2381 5078 2465 5122 est
2483 5065 2656 5120 virtus
2679 5081 2806 5119 mss.
2833 5063 2923 5117 ubi
2953 5073 3036 5118 est
3064 5063 3183 5118 hare
3207 5064 3383 5118 virtus
3404 5082 3505 5119 ms.
3527 5064 3710 5120 .Torn.
3747 5063 3832 5118 ubi

547 5131 631 5205 est
658 5129 1141 5205 ergo_virtus___"’:
1167 5133 1527 5205 Iunianibus,
1559 5136 1631 5191 ibi
1665 5153 1790 5192 mss.
1820 5138 1872 5190 in
1905 5139 2160 5192 manibus
2179 5139 2336 5205 ejus:
2374 5139 2448 5195 ibi
2523 5136 2591 5168 ⁸⁷⁸
2620 5135 2744 5190 Ideo
2768 5134 3146 5205 absconditum
3194 5151 3294 5188 ms.
3340 5133 3571 5190 Tornac.
3617 5135 3833 5190 omnino

547 5197 926 5254 absconditum
1002 5201 1071 5234 ⁸⁷⁷
1104 5201 1170 5256 Ει
1203 5202 1324 5258 ideo
1354 5197 1587 5261 celatum
1621 5223 1749 5263 mss.
1792 5205 1924 5262 Vict.
1951 5207 2038 5262 16.
2071 5197 2306 5264 Val-hic.
2333 5209 2526 5264 (ἕξεων.
2555 5205 2677 5260 ideo
2700 5205 2933 5259 celatum
2964 5220 3066 5258 ms.
3101 5202 3422 5258 Tornacens.
3447 5207 3680 5262 omnino
3702 5205 3834 5261 cela-

549 5274 662 5342 tum
717 5268 812 5346 ’ξπ
838 5268 965 5346 Iuleo
995 5272 1270 5346 occultum
1299 5291 1400 5329 ms.
1440 5274 1577 5332 Vict.
1613 5277 1704 5332 16.
1731 5287 1787 5334 et
1817 5278 1941 5333 ideo
1969 5277 2244 5334 occultum
2271 5297 2372 5334 ms.
2400 5277 2564 5333 Toru.
2593 5275 2818 5346 omnino
2847 5273 3118 5346 occultum
3194 5274 3264 5346 εἶθ
3294 5273 3351 5328 1n
3383 5274 3530 5346 ligno
3566 5278 3833 5331 conﬁxum

547 5337 674 5419 tus-tt.
703 5334 1010 5419 Beczet
1043 5341 1178 5419 Tl‘i‘u.
1214 5345 1359 5415 ligno
1393 5348 1570 5402 crucis
1596 5348 1874 5419 confixum
1902 5347 2010 5402 alia
2039 5365 2164 5403 mss.
2197 5349 2346 5419 ligno
2380 5348 2659 5419 confixum
2735 5344 3044 5419 “"hStudio
3083 5342 3296 5419 occulta
3344 5334 3470 5400 ms}.
3516 5349 3703 5419 studio
3740 5361 3834 5399 oc-

548 5404 792 5488 cultata”
825 5409 890 5488 f“
925 5411 1036 5466 Nec
1063 5404 1453 5488 aliquetvuntss.
1503 5428 1549 5471 et
1581 5417 1731 5474 Edit.
1784 5416 1944 5475 Galla.
1985 5434 2088 5488 nec
2118 5427 2178 5474 ut
2203 5404 2439 5488 aliquem
2472 5417 2618 5472 Sam.
2658 5414 3001 5488 neiialiguem
3079 5413 3149 5488 ‘_"
3173 5415 3390 5488 Dicitur
3417 5416 3695 5472 occultata
3733 5432 3834 5488 nu.

552 5472 938 5557 (Jorb;_dicit_ur
963 5472 1176 5557 occulta
1251 5484 1318 5516 ⁸⁸³
1341 5485 1460 5557 Non
1491 5498 1576 5543 est
1608 5472 1996 5554 omnibusin“.
2030 5472 2434 5546 rbid.»6i."t-st
2465 5488 2622 5544 nobis
2720 5487 2790 5518 ⁸⁸³
2831 5472 3144 5557 ῐίετίοηιηίει
3171 5485 3234 5557 εει-
3260 5473 3508 5557 veritate
3551 5485 3837 5557 perstitisti

550 5557 648 5628 tua.
681 5542 829 5625 litor.
863 5550 916 5604 in
947 5552 1179 5628 veritate
1201 5555 1386 5628 omnia
1418 5542 1863 5626 prtestitistiw'w'i‘i'i’
1897 5542 2324 5616 Priusideberet
2347 5542 2628 5614 uisflﬂor.
2661 5557 2851 5628 potius,
2870 5556 3095 5628 deberet
3167 5555 3236 5587 ⁸⁸⁸
3256 5553 3393 5628 Dum
3423 5542 3666 5628 illecium
3691 5557 3836 5610 illum

553 5611 836 5693 hominem
868 5635 994 5674 mss.
1021 5622 1170 5693 dum_
1199 5623 1289 5680 ille
1311 5611 1844 5693 just'um‘liomiucm
1907 5611 2481 5687 —‘5’-Nisivvivncereita
2519 5611 2713 5685 ututi.
2753 5627 2854 5681 uisi
2886 5627 3083 5691 vicem,
3114 5635 3175 5681 ut
3247 5625 3317 5657 ⁸⁸⁸
3344 5611 3614 5692 Quoniam
3663 5627 3843 5680 omnis

550 5685 950 5772 ﬁllﬁjomntas
978 5707 1106 5772 mss:
1132 5691 1289 5772 Cori).
1311 5685 1565 5772 :Vot-tuc.
1611 5685 1764 5756 Flor.
1791 5701 2050 5772 quoniam
2083 5685 2332 5757 voluntas
2359 5685 2477 5772 ejus
2553 5700 2622 5730 ⁶⁸⁹
2665 5696 2814 5753 Fecit
2845 5697 2948 5753 hoc
2995 5685 3275 5754 voluntate
3306 5685 3432 5752 mis.
3459 5698 3583 5756 fecit
3619 5701 3716 5755 hoc
3739 5697 3845 5751 bo-

553 5757 726 5810 nitate
761 5772 860 5814 ms.
900 5757 1056 5813 Tom.
1094 5762 1206 5819 hinc
1236 5764 1358 5819 fecit
1392 5766 1626 5824 bonitate
