4060 6292
216 374 310 429 765

1563 372 2102 432 MEDITATIONES.

3368 378 3473 436 7(ιῦ

210 490 293 545 sed
321 488 548 543 humana
591 496 781 543 natura
808 487 1081 559 indigebat
1110 498 1169 543 ut
1199 489 1304 545 hoc
1352 489 1510 544 modo
1539 488 1651 544 Deo
1679 503 1773 544 sa-
1803 486 1858 564 Α
1881 488 2101 558 quando
2144 486 2359 542 solvere
2383 488 2583 543 debent
2617 507 2631 543 :
2657 504 2781 543 cum
2826 490 2949 554 istc,
2972 490 3064 560 qui
3109 506 3228 549 eam
3253 507 3356 545 nou
3381 494 3475 546 de—

211 580 468 637 tislaceret
516 578 608 632 "°.
642 577 760 635 Non
810 580 1005 651 egebat
1038 578 1183 635 Deus
1236 588 1297 635 ut
1347 588 1457 636 tam
1508 579 1779 636 laboriosa

208 678 509 742 pateretur;
538 657 633 727 sed
656 671 930 741 indigebat
967 672 1128 728 homo
1155 682 1214 727 ut
1258 672 1340 728 sic
1376 672 1487 728 Deo
1534 673 1778 730 reconci-

209 766 411 820 liaretur
428 764 527 830 m;
554 778 653 819 nec
676 765 871 836 egebat
896 764 1038 820 Deus
1060 772 1119 820 ut
1150 764 1229 819 sic
1257 764 1658 832 humiliaretur,
1682 764 1779 820 sed

205 856 461 928 indigebat
480 856 644 912 homo
674 864 731 911 ut
763 857 841 911 sic
863 857 927 911 de
952 840 1219 926 profundo
1240 856 1436 912 inferni
1466 865 1776 913 erueretur.

207 950 375 1004 Divina
399 958 594 1004 natura
640 949 917 1004 humiliari
948 957 1044 1003 aut
1073 949 1323 1003 laborare
1352 963 1456 1003 non
1479 948 1647 1021 eguit,
1681 963 1781 1003 nec

204 1039 380 1108 potuit.
424 1038 553 1096 Haec
591 1041 773 1095 omnia
817 1041 1107 1096 humanam
1159 1049 1432 1107 naturam,
1482 1050 1543 1095 ut
1566 1041 1633 1096 ad
1677 1041 1780 1096 hoc

205 1130 570 1185 restitueretur
591 1141 813 1201 propter
854 1131 997 1200 quod
1030 1130 1169 1185 facta
1203 1141 1344 1197 erat,
1390 1146 1615 1187 necesse
1662 1141 1780 1186 erat
1818 1154 1821 1157 ·

203 1221 403 1286 facere;
436 1222 533 1277 sed
560 1238 660 1278 nec
688 1222 797 1287 illa,
823 1239 925 1279 nec
948 1223 1214 1294 quidquid
1248 1225 1390 1279 Deus
1419 1239 1524 1280 non
1552 1234 1656 1290 est,
1679 1241 1777 1295 p0-

204 1316 327 1365 tcral
347 1310 415 1366 ad
449 1313 555 1368 hoc
582 1313 852 1369 sullicere.
878 1314 1011 1370 Nam
1040 1320 1200 1370 homo
1231 1316 1296 1370 ad
1321 1316 1425 1371 hoc
1452 1315 1597 1387 quod
1620 1316 1780 1371 iusd-

202 1412 333 1456 littus
354 1414 459 1471 est,
492 1421 602 1461 non
658 1409 965 1465 restituitur
996 1427 1011 1464 :
1040 1411 1085 1466 si
1138 1426 1245 1466 non
1272 1411 1337 1465 ad
1369 1411 1776 1467 simibtndinem

184 1493 525 1563 intgrlorum,
557 1498 609 1551 in
636 1499 834 1568 quibus
857 1500 1062 1555 nullam
1084 1512 1168 1556 est
1190 1512 1506 1571 peccatum,
1528 1503 1781 1573 provehi-

184 1593 279 1639 tur
304 1585 392 1652 m,
448 1591 596 1659 quod
623 1599 706 1646 est
743 1591 1071 1664 impossibile
1095 1591 1370 1659 fieri,'nisi
1391 1595 1631 1649 omnium
1657 1609 1779 1663 por-

198 1685 337 1746 cepta
377 1677 447 1711 ⁶³³
475 1689 823 1750 peccatorum
857 1683 1033 1739 remis:
1049 1682 1197 1752 ionr,
1243 1678 1362 1753 qua:
1392 1699 1501 1738 tm"
1546 1684 1602 1739 ίῖι
1627 1725 1641 1749 9
1672 1683 1773 1741 πεῖ

182 1769 524 1836 praecedente
576 1768 783 1830 integra
827 1764 1234 1832 satisfact'one:
1264 1792 1426 1848 quam
1450 1777 1775 1833 satisfactio-

1884 580 2070 647 bebat,
2097 587 2153 634 et
2173 586 2387 634 serVata
2404 578 2614 648 justitia
2639 580 2811 638 vitare
2833 591 3038 653 posset,
3071 596 3192 638 eam
3232 583 3339 638 sibi
3357 584 3469 638 illa.

1885 683 1994 730 tam
2026 670 2526 745 propterjustitiam
2550 683 2741 744 sponte
2764 676 3076 731 sustineret.
3106 676 3263 730 Dedit
3288 676 3473 745 itaque

1882 767 2116 822 humana
2142 773 2337 820 natura
2372 768 2485 825 Deo
2515 768 2569 822 in
2596 768 2689 823 illo
2720 768 2939 824 homine
2968 776 3157 838 sponte
3182 778 3369 824 etnon
3401 784 3470 823 ex

1882 858 2065 917 debito
2094 861 2238 931 quod
2262 876 2419 917 suum
2449 870 2588 928 erat,
2616 868 2675 915 ut
2701 860 2992 916 redimeret
3029 875 3089 916 se
3132 860 3185 914 in
3225 848 3365 925 aliis,
3414 844 3492 914 in.

1882 953 2078 1022 quibus
2097 954 2327 1024 quodex
2382 954 2565 1010 debito
2612 953 2953 1023 exigebatur,
3000 952 3224 1008 reddere
3246 952 3470 1008 nouita-

1855 1045 2063 1100 ‘bebat.
2096 1045 2152 1100 lu
2178 1045 2431 1101 omnibus
2465 1045 2550 1100 bis
2575 1044 2758 1100 divina
2804 1051 3001 1098 natura
3032 1057 3138 1098 non
3168 1042 3470 1099 est-humi-

1882 1135 2031 1201 liata,
2051 1136 2146 1190 sed
2169 1136 2407 1190 humana
2427 1142 2512 1191 est
2533 1132 2767 1189 exaltata
2787 1149 2802 1186 :
2825 1146 2928 1186 nec
2940 1140 3024 1188 est
3036 1131 3127 1186 illa.
3152 1131 3465 1198 imminuta,

1858 1229 1976 1282 "sed
2001 1229 2103 1283 ista
2127 1235 2213 1283 est
2247 1227 2673 1284 misericorditer
2696 1224 2900 1296 adiuta.

1951 1320 2065 1376 Nec
2091 1320 2325 1375 humana
2358 1329 2553 1374 natura
2584 1319 2639 1373 in
2664 1318 2770 1373 isto
2803 1316 3023 1373 homine
3051 1330 3211 1387 passa
3238 1324 3325 1370 est
3361 1313 3465 1369 ali-

1881 1411 2009 1481 quid
2025 1410 2133 1465 ulla
2163 1411 2504 1475 necessitate,
2530 1409 2626 1465 sed
2648 1409 2761 1465 sola
2805 1408 2974 1464 libera
3022 1408 3319 1463 voluntate.
3356 1405 3468 1461 Nec

1852 1501 2333 1572 'alicniviolentia:
2373 1502 2695 1566 succubuit,
2746 1500 2844 1555 sed
2884 1508 3179 1570 spontanee
3227 1497 3469 1553 bonitate

1854 1599 1949 1629 ’τοι
1972 1597 2040 1650 ad
2067 1587 2328 1651 honorem
2350 1594 2446 1649 Dei
2474 1580 2844 1649 et'utilitatem
2875 1592 3109 1647 aliorum
3161 1590 3463 1655 hominum,

1852 1694 2002 1757 qua:
2043 1685 2120 1741 illi
2169 1685 2311 1740 mala
2354 1683 2994 1749 voluntatesuntillata,
3049 1680 3390 1735 laudabiliter
3411 1689 3467 1735 et

1881 1777 2308 1835 misericorditer
2333 1776 2753 1849 sustinuitﬂnec
2780 1775 2890 1831 ulla
2935 1780 3167 1845 cogente
3209 1773 3465 1828 obedien-

200 1876 305 1914 nrm
337 1863 498 1918 talem
529 1876 744 1936 oportet
769 1883 890 1923 esse
905 1868 997 1934 ⁸⁷³,
1032 1879 1087 1923 ut
1127 1880 1384 1940 peccator
1407 1911 1422 1935 ,
1445 1880 1538 1925 aut
1580 1871 1773 1942 aliquis
1812 1882 1850 1936 υ
1879 1875 1974 1937 tia,
2002 1871 2097 1928 sed
2124 1870 2329 1942 potenti
2371 1870 2691 1940 disponente
2732 1867 3021 1939 sapientia.
3045 1865 3161 1920 Non
3191 1866 3337 1921 enim
3388 1863 3462 1918 illi

184 1950 393 2017 proillo
419 1953 511 2008 det
534 1955 741 2027 aliquid
794 1958 906 2014 Deo
934 1960 1002 2014 de
1026 1973 1149 2026 suo,
1187 1960 1330 2030 quod
1379 1961 1624 2016 debitum
1667 1978 1774 2017 non

196 2040 276 2103 sit.
297 2045 439 2112 quod
463 2057 687 2124 superet
708 2064 869 2105 omne
891 2052 1033 2120 quod
1058 2052 1200 2107 Deus
1241 2068 1346 2108 non
1390 2061 1493 2109 est.
1544 2052 1600 2108 Si
1627 2055 1772 2108 enim

200 2147 412 2200 peccare
444 2146 530 2191 est
552 2138 718 2194 Deum
743 2140 1114 2207 exhonorarc;
1139 2152 1195 2197 et
1241 2142 1343 2199 hoc
1385 2144 1549 2199 homo
1598 2143 1776 2201 facere

192 2236 286 2276 non
313 2224 475 2282 debet
520 2227 621 2297 ⁸⁸⁵,
669 2230 885 2286 etiamsi
913 2247 1138 2289 necesse
1170 2241 1311 2289 esset
1357 2234 1617 2306 quidquid
1669 2245 1772 2302 est,

194 2319 320 2386 quod
343 2319 493 2377 Deus
524 2337 629 2378 non
659 2333 763 2390 est,
810 2325 991 2395 perire
1027 2345 1042 2382 :
1076 2327 1261 2398 utique
1282 2328 1484 2383 veritas
1528 2329 1776 2384 immuta-

196 2406 323 2471 bilis.
357 2419 416 2466 et
444 2423 636 2479 aperta
674 2416 813 2471 ratio
853 2417 1043 2487 exigit,
1094 2427 1154 2472 ut
1205 2416 1296 2488 qui
1339 2427 1530 2490 peccat
1587 2419 1777 2475 reddat

193 2500 380 2572 aliquid
410 2503 524 2559 Deo
547 2522 647 2576 pro
670 2509 876 2566 honore
896 2511 1079 2568 ablato
1124 2515 1323 2587 majus,
1359 2530 1520 2587 quam
1547 2515 1618 2570 sit
1646 2516 1772 2579 hoc,

193 2606 276 2660 pro
296 2610 405 2665 quo
432 2595 584 2651 illum
612 2600 961 2657 exhonorare
982 2618 1085 2659 non
1109 2604 1317 2662 debuit.
1334 2605 1487 2674 Quod
1514 2606 1770 2677 quoniam

180 2682 638 2764 'buutana'natura
667 2690 782 2747 sola
838 2708 942 2748 nou
973 2694 1243 2764 habebat,
1283 2710 1384 2751 nec
1422 2697 1543 2751 sine
1592 2696 1770 2752 debita

197 2776 557 2835 satisfactione
595 2783 933 2840 reconciliari
972 2795 1206 2856 poterat.
1242 2785 1320 2842 Ne
1339 2787 1551 2859 justitia
1583 2787 1676 2844 Dei
1702 2789 1772 2821 "°

199 2864 244 2919 in
291 2884 455 2940 regno
508 2886 606 2926 suo
655 2883 937 2942 peccatum
992 2877 1362 2933 inordinatum
1408 2878 1767 2949 relinqueret,

198 2959 428 3017 subvenit
455 2963 673 3020 bonitas
694 2966 811 3033 Dei,
835 2975 890 3022 et
912 2982 1031 3023 eam
1066 2969 1117 3024 iu
1147 2985 1300 3024 suam
1346 2984 1634 3040 personam
1686 2986 1771 3027 as-

198 3053 405 3122 sumpsit
425 3052 594 3109 Filius
622 3056 716 3111 Dei
750 3064 808 3112 ut
836 3058 894 3112 in
943 3073 1005 3113 ea
1053 3074 1283 3129 persona
1313 3061 1383 3093 ⁶⁹⁷
1412 3068 1558 3116 esset
1605 3061 1769 3115 homo

199 3139 343 3209 Deus,
368 3146 458 3214 qui
488 3146 715 3202 haberet
735 3149 879 3219 quod
907 3160 1189 3220 snperatet
1216 3166 1322 3207 non
1349 3152 1524 3208 solum
1550 3166 1764 3206 omnem

1882 1965 2088 2020 homini
2118 1964 2284 2019 Pater
2322 1971 2381 2018 tit
2427 1971 2732 2018 moreretur
2768 1961 3013 2030 cogendo
3033 1960 3325 2029 praecepit;
3368 1958 3461 2012 sed

1848 2054 1855 2063 ’
1881 2056 1969 2111 ille
1992 2056 2134 2125 quod
2158 2054 2305 2109 Patri
2330 2053 2654 2124 placiturum
2678 2060 2733 2108 et
2775 2051 3086 2107 hominibus
3121 2050 3460 2122 profuturum

1880 2148 2169 2213 intellexit,
2199 2148 2301 2202 hoc
2329 2154 2521 2217 sponte
2557 2144 2704 2200 fecit.
2758 2142 2874 2199 Non
2908 2143 3054 2199 enim
3083 2141 3151 2197 ad
3199 2142 3302 2196 hoc
3334 2155 3462 2195 eum

1877 2254 2072 2309 cogere
2097 2240 2272 2309 potuit
2297 2237 2481 2304 Pater,
2512 2237 2655 2308 quod
2669 2237 2737 2291 ab
2760 2251 2827 2291 eo
2855 2235 3075 2306 exigere
3111 2248 3218 2289 non
3242 2231 3461 2299 debuit;

1848 2339 1978 2385 ‘uec
1998 2329 2151 2385 Patri
2203 2338 2385 2384 tantus
2437 2329 2613 2393 honor
2652 2328 2827 2399 potuit
2877 2342 2984 2382 non
3036 2325 3271 2396 placere,
3298 2338 3460 2393 quem

1881 2430 1988 2474 tam
2023 2420 2164 2474 bona
2191 2419 2471 2474 voluntate
2494 2417 2667 2472 Filius
2691 2425 2885 2487 sponte
2904 2417 3120 2473 obtulit.
3150 2415 3240 2471 Sic
3278 2414 3462 2483 itaque

1877 2514 2022 2569 Patri
2055 2514 2279 2569 liberam
2320 2498 2684 2568 obedientiam
2722 2510 2987 2577 exhibuit,
3013 2524 3136 2565 cum
3168 2511 3290 2576 hoc,
3316 2507 3460 2579 quod

1876 2603 2025 2659 Patri
2048 2602 2373 2673 placiturum
2415 2602 2595 2667 scivit,
2639 2609 2833 2669 sponte
2883 2598 3066 2655 facere
3088 2598 3274 2653 voluit.
3300 2597 3460 2652 Deni-

1874 2708 1980 2763 que
2010 2692 2267 2764 quoninm
2301 2691 2469 2747 Pater
2488 2691 2561 2746 ilii
2591 2691 2735 2745 hanc
2766 2690 2963 2745 bonam
3000 2687 3334 2743 voluntatem
3361 2687 3458 2741 de-

1846 2785 1969 2844 -dit.
1995 2782 2243 2854 quamvis
2264 2774 2515 2848 liberam,
2535 2796 2640 2836 non
2670 2779 2941 2835 immerito
2962 2779 3192 2845 dicitur,
3222 2778 3313 2848 qui
3336 2791 3458 2832 eam

1874 2878 1963 2932 ille
1994 2877 2145 2932 velut
2171 2877 2246 2909 ⁷⁸³
2273 2883 2605 2946 praeceptum
2639 2873 2821 2928 Patris
2851 2871 3064 2941 accepit
3122 2866 3235 2927 iloc
3277 2871 3385 2939 itaq
3402 2885 3461 2925 se

1873 2972 2034 3026 modo
2054 2956 2313 3027 obediens
2335 2968 2438 3022 fuit
2469 2966 2617 3021 Patri
2660 2960 2833 3034 usque
2856 2964 2923 3018 ad
2953 2973 3202 3020 mortem.
3233 2962 3299 3018 Et
3318 2963 3460 3018 sicut

1876 3062 2186 3116 mandatum
2216 3057 2363 3113 dedit
2388 3056 2467 3112 illi
2497 3056 2683 3118 Pater,
2712 3055 2793 3108 sic
2822 3053 2971 3109 fecit.
3020 3052 3087 3107 Et
3114 3053 3337 3107 calicem
3360 3053 3455 3120 ⁷⁸³,

1871 3168 2031 3224 quem
2053 3152 2201 3208 dedit
2249 3151 2323 3205 illi
2372 3150 2554 3214 Pater,
2578 3148 2732 3205 bibit.
2789 3145 2914 3200 Haec
2944 3155 3030 3200 est
3050 3139 3197 3200 enim
3220 3143 3457 3213 perfecta

199 3236 492 3300 essentiam,
520 3253 644 3309 quae
682 3239 823 3296 Deus
849 3257 955 3296 non
983 3252 1103 3308 est;
1158 3244 1250 3297 sed
1287 3241 1449 3299 etiam
1480 3258 1640 3298 omne
1669 3243 1762 3297 de-
1792 3230 1834 3286 Ο
1869 3257 1922 3301 et
1945 3244 2224 3300 liberrima
2246 3243 2495 3296 humanae
2520 3236 2728 3293 natura;
2755 3236 3086 3303 obedientia,
3112 3250 3235 3289 cum
3265 3234 3457 3289 volun-

198 3323 369 3394 bjtum,
403 3329 544 3399 quod
569 3341 886 3400 peccatores
907 3333 1114 3389 solvere
1136 3335 1334 3390 debent
1358 3351 1373 3389 :
1400 3344 1454 3389 et
1489 3334 1612 3399 hoc,
1644 3349 1765 3389 cum

202 3413 318 3469 nTbil
338 3432 433 3487 pro
484 3435 544 3475 se
590 3420 835 3491 deberet,
877 3423 1111 3479 solveret
1173 3438 1271 3495 pro
1308 3423 1449 3488 aliis,
1475 3423 1567 3494 qui
1623 3423 1767 3493 quod

201 3508 438 3568 debebant
469 3515 603 3573 reid
640 3533 699 3573 re
729 3500 834 3573 nou
879 3518 1170 3574 habebant.
1210 3518 1506 3574 Pretiosior
1535 3530 1769 3585 namque

201 3612 270 3656 est
294 3606 390 3661 vita
416 3609 656 3664 hominis
684 3610 845 3673 illius,
874 3626 1037 3681 quam
1069 3627 1235 3666 omne
1289 3611 1431 3681 quod
1479 3609 1620 3664 Dens
1659 3623 1765 3662 non

201 3704 296 3761 est;
317 3706 369 3752 et
392 3692 614 3770 superat
645 3717 806 3758 omne
857 3703 1134 3768 debitum,
1165 3703 1307 3773 quod
1348 3703 1540 3757 debent
1578 3714 1767 3771 pet-ca-

204 3795 330 3844 tores
350 3804 443 3860 pro
466 3793 862 3862 satisfactione,
897 3794 954 3851 Si
1002 3796 1148 3850 enim
1201 3794 1509 3849 interfectio
1539 3793 1608 3825 ⁸⁸⁸
1626 3791 1767 3846 illius

204 3885 398 3948 Superat
424 3898 642 3938 omnem
677 3884 1071 3940 nmltitudiuem
1110 3894 1166 3940 et
1188 3882 1614 3955 magnitudinem
1638 3895 1765 3950 pec-

205 3980 440 4035 catorum,
461 3991 588 4045 qua:
606 3977 831 4046 cogitari
858 3986 1089 4046 possunt
1115 3985 1272 4032 extra
1304 3987 1594 4045 personam
1628 3971 1721 4027 Dei
1746 3988 1762 4035 ;

205 4061 357 4131 palam
382 4078 464 4124 est
491 4070 622 4141 quia
648 4070 755 4124 vita
782 4067 901 4139 ejus
932 4070 1105 4140 magis
1141 4080 1223 4124 est
1278 4067 1420 4122 bona
1446 4079 1767 4135 quamom-

205 4154 280 4208 nia
299 4162 507 4226 peccata
539 4161 654 4217 sint
672 4161 832 4226 mala,
866 4177 985 4232 qua:
1015 4169 1169 4215 extra
1194 4172 1481 4231 personam
1504 4156 1598 4210 Dei
1616 4161 1763 4211 sunt.

207 4243 338 4304 lianc
356 4252 516 4307 vitam
548 4255 715 4310 homo
744 4254 876 4322 iste,
901 4270 1023 4309 cum
1046 4270 1114 4310 ex
1145 4254 1328 4309 debito
1366 4253 1505 4308 mori
1535 4265 1641 4305 non
1672 4248 1768 4302 de-

205 4335 337 4394 beret
361 4342 453 4411 ⁸⁷³,
485 4345 748 4416 quoniam
799 4357 1057 4417 peccator
1078 4362 1187 4401 mn
1216 4353 1354 4411 erat,
1400 4351 1593 4415 sponte
1620 4338 1769 4395 dedit

207 4429 262 4483 de
290 4447 380 4489 suo
421 4439 486 4491 ad
533 4438 794 4494 honorem
825 4438 1002 4494 Patris
1035 4454 1202 4495 :cum
1225 4454 1346 4495 eam
1401 4438 1509 4495 sibi
1561 4431 1766 4490 auferri

208 4534 405 4593 Propter
434 4528 702 4597 justitiam
743 4532 1013 4601 permisit.
1053 4541 1114 4587 ut
1159 4532 1466 4603 exemplum
1512 4529 1768 4586 omnibus

1874 3343 2041 3389 tatem
2064 3347 2218 3388 suam
2240 3330 2470 3385 liberam
2499 3336 2695 3399 sponte
2746 3326 3009 3381 voluntati
3047 3325 3138 3380 Dei
3160 3325 3363 3389 subdit,
3401 3334 3456 3379 et

1848 3442 1993 3481 'cum
2018 3431 2298 3493 acceptam
2325 3421 2521 3476 bonam
2545 3420 2882 3475 voluntatem
2908 3419 3025 3473 sine
3045 3418 3192 3473 omni
3216 3417 3456 3472 exactio-

1872 3532 1939 3572 ne
1969 3514 2063 3579 ⁷³⁸,
2095 3520 2395 3584 Spontanea
2440 3508 2699 3565 libertate"
2728 3523 2893 3579 opere
2916 3506 3150 3578 perlicit.
3177 3507 3270 3563 Sic
3292 3507 3455 3562 homo

1871 3607 1957 3661 ille
1978 3603 2192 3660 redimit
2212 3615 2405 3656 omnes
2430 3600 2586 3665 alios,
2630 3614 2755 3655 cum
2779 3600 2903 3664 hoc,
2920 3597 3065 3668 quod
3085 3605 3278 3668 sponte
3307 3597 3457 3653 dedit

1852 3702 2001 3763 Deo,
2042 3704 2321 3767 computat.
2350 3710 2449 3765 pro
2477 3693 2661 3749 debito
2702 3693 2847 3763 quod
2889 3691 2966 3747 illi
3014 3691 3305 3746 debebant.
3330 3689 3455 3756 Quo

1869 3792 2045 3863 pretio
2075 3804 2179 3846 non
2209 3788 2376 3845 semel
2399 3796 2606 3843 tantum
2646 3801 2678 3841 a
2709 3785 2884 3856 culpis
2933 3784 3099 3841 homo
3142 3782 3451 3849 redimitur,

1867 3884 1961 3939 scd
1983 3883 2150 3938 etiam
2167 3881 2380 3950 quoties
2405 3893 2529 3935 cum
2558 3878 2720 3948 digna
2749 3875 3163 3946 "'tptenitentia
3208 3872 3454 3934 redierit.

1873 3972 2174 4043 recipitur:
2204 3985 2327 4040 quae
2352 3976 2533 4023 tamen
2580 3964 2899 4037 pwnitentia
2943 3965 3189 4035 peccanti
3245 3962 3319 3996 ⁷⁸⁸
3346 3977 3453 4017 non

1869 4064 2222 4136 promittitur.
2251 4058 2403 4128 Quod
2437 4058 2695 4129 quoniam
2734 4056 2789 4112 in
2812 4070 2973 4112 cruce
2989 4057 3186 4110 factum
3213 4062 3319 4120 est,
3360 4069 3455 4124 per

1867 4170 2085 4212 crucem
2112 4152 2597 4210 noster’Christus
2633 4164 2733 4206 nos
2777 4148 3025 4205 redemit.
3075 4147 3177 4215 Qui
3233 4162 3362 4218 ergo
3387 4150 3454 4202 ad

1848 4252 2011 4305 hanc
2033 4248 2264 4320 gratiam
2296 4245 2487 4302 volunt
2535 4259 2660 4300 cum
2715 4242 2899 4314 digno.
2926 4239 3121 4298 affectu
3171 4242 3453 4306 accedere,

1868 4339 2182 4403 salvantur;
2207 4335 2301 4407 qui
2322 4351 2451 4391 vero
2479 4334 2625 4389 illam
2649 4341 3029 4395 contemnunt.
3050 4333 3178 4404 quia
3209 4332 3452 4388 debitum

1869 4432 2014 4503 quod
2036 4429 2239 4486 debent
2267 4442 2372 4483 non
2404 4427 2656 4492 reddunt,
2687 4426 2834 4497 juste
2851 4426 3179 4481 damnantur
3198 4425 3290 4479 ⁷⁸⁷.

1939 4521 2100 4586 Ecce,
2125 4519 2305 4575 anima
2335 4516 2670 4583 Christiana,
2702 4518 2819 4574 haec
2863 4526 2950 4575 est
2986 4517 3161 4572 virtus
3188 4516 3261 4585 ⁷⁷⁸
3282 4515 3457 4571 salva—

209 4590 314 4668 aliis
333 4590 475 4673 daret
498 4621 597 4689 '°°,
628 4590 901 4690 justitiam
934 4590 1029 4677 Dei
1053 4624 1121 4679 ab
1151 4623 1257 4680 illis
1303 4590 1410 4679 non
1434 4638 1556 4680 esse
1601 4624 1757 4680 dese-
1790 4590 1842 4649 Β
1870 4613 2034 4673 tionis
2062 4622 2186 4673 tute,
2210 4610 2327 4665 haec
2372 4617 2455 4664 est
2502 4624 2666 4664 causa
2710 4608 2979 4664 libertatis
2999 4609 3070 4642 ⁷⁰⁹
3096 4618 3219 4674 tute,
3247 4608 3351 4664 hoc
3372 4616 3456 4662 est

208 4706 404 4795 tandem
424 4721 649 4785 propter
691 4722 947 4782 mortem,
987 4731 1151 4787 quam
1194 4732 1264 4771 ex
1304 4717 1628 4774 necessitate
1664 4712 1763 4774 ali-

1866 4705 2103 4777 pretium
2153 4703 2227 4737 ⁷¹⁰
2270 4701 2657 4774 redemptionis
2701 4710 2824 4758 tute.
2876 4697 3110 4774 Captira~
3152 4719 3305 4769 eras;
3360 4701 3456 4756 sed

1420 4840 1425 4845 ’
1467 4842 1704 4918 vitam
1740 4859 2139 4941 moriones.

228 5026 241 5039 .
269 4958 332 5039 ξ’·
362 4960 760 5039 DominohDeo
810 4967 1153 5026 satisfaceret
1197 4986 1325 5027 mss.
1376 4936 1529 5026 .Vict.
1590 4973 1680 5029 16.
1745 4938 1979 5027 Val-(uc.
2025 4970 2178 5027 Flor.
2239 4954 2427 5029 Cistcr.
2480 4975 2590 5030 Deo
2627 4940 2966 5029 satisfaceret
2998 4989 3117 5031 ms.
3161 4958 3317 5025 (ἰοί-ὑ.
3366 4985 3454 5025 sa-

210 5026 462 5112 εἰδΐξςριει
489 5036 635 5112 _;_‘_"
662 5039 772 5095 Deo
822 5039 1248 5112 reconciliantur
1288 5026 1413 5096 Vms.’
1448 5026 2037 5099 Cister.ﬂontitlitl)eo
2139 5026 2211 5075 ⁸⁷⁸
2245 5026 2581 5112 Peccatum,
2614 5026 2935 5112 adsistitis;
2964 5028 3105 5112 im...
3168 5040 3451 5112 Victum.

208 5105 250 5149 ct
293 5096 434 5175 Iflor.
489 5106 713 5175 Vitium,
761 5124 891 5165 vere
936 5096 1255 5175 provehitur

208 5125 249 5149 et
293 5125 434 5158 rtor.
495 5125 713 5175 unum,
761 5125 891 5165 vere

207 5170 717 5248 omniuntpereepta
828 5125 972 5247 "‘61

1359 5112 1437 5145 ⁸⁷⁸
1468 5112 1663 5184 ania
1710 5122 1986 5184 praecepta
2040 5129 2167 5168 nus.
2223 5111 2374 5169 Gem.
2414 5113 2540 5184 Bcc.
2598 5110 2735 5168 Vict.
2793 5114 2882 5167 16.
2938 5111 3146 5184 Val-Iac
3186 5120 3235 5166 et
3294 5110 3449 5184 litor.

965 5188 1145 5255 portet
1164 5197 1291 5255 esse
1309 5200 1435 5240 mss.
1448 5182 1862 5255 iFlor.Aop’ortet
1896 5182 2090 5239 facere

2197 5185 2268 5217 m
2297 5184 2470 5240 Homo
2518 5183 2700 5239 facere
2750 5198 2858 5238 non
2910 5183 3130 5238 deberet
3157 5198 3283 5236 mss.
3314 5179 3449 5236 Vict.

210 5234 355 5324 16:.“
380 5234 530 5324 ζ’ζόχ.
563 5234 729 5305 ιιόπιο
756 5234 1587 5324 secreta.saginatae;
1608 5234 2120 5310 rectissimis
2146 5270 2253 5310 non
2287 5234 2464 5310 sese;
2519 5234 2601 5286 δίε
2617 5234 2891 5308 sinesi:
2916 5234 3169 5324 sesset
3196 5234 3329 5324 ita,
3353 5234 3455 5306 nec

210 5315 446 5396 ξιξιξςιιιὶἱςι
469 5316 860 5396 Densnonest
882 5323 949 5376 ad
981 5321 1083 5376 hoc
1104 5321 1401 5387 subiceret;
1448 5341 1517 5396 ne
1542 5340 1675 5396 ergo
1691 5324 1903 5396 iustitia
1948 5324 2044 5379 Dei
2101 5341 2232 5382 mss.
2283 5333 2500 5396 poterat
2529 5338 2553 5396 :7
2586 5324 2888 5396 nejustitia
2921 5323 3017 5396 Dei
3086 5324 3153 5396 f"
3199 5321 3278 5396 Ut
3298 5315 3367 5396 i_n_
3386 5336 3451 5396 ea

208 5388 425 5464 [55(8th
453 5403 551 5464 ms.
587 5386 723 5444 Vict.
750 5391 935 5464 16._ut
970 5406 1035 5446 ea
1060 5406 1290 5464 persona
1361 5396 1431 5432 ⁶⁹⁸
1461 5394 1518 5449 Si
1554 5386 1707 5452 ettvim'
1736 5395 1830 5450 lilii
1877 5395 2184 5451 interfectio
2234 5386 2359 5448 mss.
2396 5395 2615 5449 si‘enim
2657 5386 2778 5464 'e'jus
2831 5393 3153 5464 interfectio,
3213 5393 3283 5425 ‘”
3318 5391 3451 5447 Mori

210 5459 304 5518 pen
329 5451 550 5512 debebat
572 5474 696 5514 mss.
729 5461 868 5516 mori
901 5477 1007 5516 non
1034 5451 1258 5518 deberet

1330 5465 1403 5497 "°°
1427 5463 1749 5522 Hominibus
1771 5466 1895 5520 aliis
1918 5466 2076 5520 daret
2099 5481 2226 5519 mss.
2250 5465 2506 5521 omnibus
2542 5464 2671 5526 aliis
2688 5463 2843 5519 daret
2872 5481 2971 5519 ms.
3007 5463 3065 5518 S.
3103 5463 3449 5519 Med.'omni-

210 5512 478 5612 illisntlleret.
500 5554 505 5557 -
524 5512 1257 5612 Ατοι-’ἓρέιὶίάῇρἷῆοῖιῐῆῐῇᾀ
1281 5550 1405 5589 mss.
1425 5512 1747 5612 ξέρὸῖιξξέιίἶὲᾱ
1767 5512 2011 5612 ﬁgitﬁgit;
2023 5512 2505 5612 furius—$316?
2523 5512 2671 5612 ᾗῇὲῖ
2690 5512 3449 5612 ἓξὲἧίξιιιέἐιέιιὶιῖἱὶ-Ἀᾷἑρἓὲ.

208 5587 692 5702 ἔξωξξξθλῗιυὲιηῖθδ
704 5600 774 5657 Et
796 5601 1020 5702 cialicem
1036 5603 1316 5702 'tasBThtt:
1348 5587 1740 5690 qttiafcalicem
1767 5587 2054 5688 Ἶίί-όιιῖιιί
2088 5587 2374 5687 exactione
2395 5587 2498 5689 is};
2686 5587 3197 5702 dﬁiiiil'édactiohe?
3216 5587 3452 5702 περιρ

244 5669 354 5748 {sua
376 5678 472 5748 pta.
509 5665 658 5748 Flor.
691 5672 975 5748 condigna
1036 5672 1109 5706 ⁷⁰⁶
1132 5665 1457 5748 Ρωιιίιθιῖιίιι
1487 5677 1699 5748 peccati
1733 5693 1861 5748 mss.
1888 5676 2213 5748 pmnitentia
2239 5677 2484 5748 peccanti
2556 5676 2624 5710 ⁷⁸⁷
2649 5675 2804 5733 Juste
2822 5678 3152 5748 damnantur
3166 5692 3264 5732 ms.
3289 5672 3450 5748 Coro.

210 5717 339 5797 iuste
358 5717 844 5797 damn—abutitur":

929 5743 1056 5800 Haec
1090 5754 1176 5801 est
1199 5746 1374 5802 virtus
1397 5743 1523 5801 mss.
1554 5747 1648 5803 hic
1675 5756 1762 5803 est
1782 5743 1961 5802 virtus
2030 5746 2103 5779 "”
2121 5743 2295 5804 Causa
2329 5746 2599 5805 libertatis
2642 5764 2770 5804 nias.
2816 5747 2951 5804 Tim.
2982 5762 3144 5808 causa
3175 5746 3451 5804 liberatio-

186 5794 288 5893 ‘uis
322 5810 371 5854 et
392 5794 657 5869 libertatis
670 5794 799 5847 ’Ἷιθ
827 5794 1055 5873 Hoc—esi
1079 5794 1770 5887 amisisse"raritas;
1793 5794 2171 5894 ξὲὲῖιῖτειίυηῖ
