4060 6292
143 305 146 308 ’
179 325 278 387 739
360 397 364 400 p
475 281 478 284 ’
1121 385 1127 392 ,
1539 315 1736 374 MEDl'l

1829 273 2073 374 nam.
2168 273 2174 280 Δ
3281 280 3288 328 ⁵
3331 339 3432 395 πο

188 417 426 512 nteipsum
455 442 658 500 totum;
686 431 810 506 quia
845 449 930 490 me
959 433 1449 499 redemisti,debeo
1471 415 1734 517 meipsum
1770 435 1814 509 ᾼ
1844 432 2106 503 sapientia
2134 435 2318 492 existit
2353 445 2534 508 tetate,
2585 439 2740 510 cujus
2795 444 3073 500 teteruitas
3134 446 3275 502 sicut
3319 464 3424 505 non

189 543 362 593 totum;
397 528 519 600 quia
559 528 770 582 tantum
799 525 1096 596 promittis,
1147 525 1318 581 debeo
1366 523 1628 596 meipsum
1661 534 1744 580 to-
1788 608 1792 614 !
1845 525 2060 594 proﬁcit
2091 527 2142 582 in
2175 529 2368 600 majus,
2401 531 2479 586 sic
2509 547 2606 614 nec
2631 533 2814 592 deﬁcit
2862 535 2916 590 in
2969 538 3176 614 minus;
3228 541 3417 612 gratia,
3491 598 3496 602 ἡ

186 632 284 677 tum
316 619 409 684 υτ,
448 615 554 672 imo
593 607 802 671 tantum
863 617 1033 671 debeo
1086 619 1256 671 amori
1311 625 1403 671 tuo
1456 615 1738 687 plusquam

161 704 446 781 'méipsum,
475 715 738 777 quantum
763 714 822 772 tu
854 720 913 760 es
943 703 1114 774 major
1142 721 1247 769 me,
1281 720 1379 775 pro
1431 721 1538 775 quo
1583 705 1740 761 dedi-

181 802 513 870 sti‘teipsum,
562 809 616 853 et
642 798 728 854 cui
755 797 1032 869 promittis
1060 796 1310 868 teipsum.
1342 796 1473 864 Fac,
1523 812 1734 868 precor,

179 894 404 956 Domine,
437 907 524 946 me
545 899 766 961 gustare
811 905 930 961 per.
957 904 1197 944 amorem
1249 891 1393 958 quod
1432 897 1590 959 gusto
1642 903 1740 958 per

178 983 557 1055 cognitionem;
591 981 822 1036 sentiam
857 975 953 1052 per
977 977 1231 1036 aﬂ'ecttrm
1263 979 1404 1050 quod
1436 978 1613 1033 sentio
1642 995 1739 1050 per

179 1071 487 1129 intellectum
515 1067 537 1138 ;’
565 1072 685 1141 plus
725 1071 894 1126 debeo
917 1073 1078 1145 quam
1106 1070 1368 1140 meipsu'm
1403 1078 1610 1134 totum;
1642 1069 1737 1126 sed

175 1179 262 1219 nec
281 1163 394 1234 plus
428 1159 604 1218 habeo
627 1162 721 1229 ⁷³⁸,
751 1179 851 1218 nec
881 1161 983 1218 hcc
1033 1154 1207 1232 ipsum
1246 1160 1465 1230 possum
1514 1177 1610 1233 per
1652 1177 1739 1218 me

173 1256 380 1311 reddere
413 1262 630 1310 ‘totum.
687 1252 867 1310 Trahe
919 1249 1040 1320 me;
1089 1252 1340 1322 Domine,
1397 1254 1448 1308 in
1496 1271 1736 1310 amorem

129 1349 132 1352 ’
173 1357 327 1415 tuum,
360 1347 442 1401 vel
484 1345 786 1416 hoc'ipsum
815 1353 1006 1402 totum.
1053 1345 1273 1411 Totum,
1321 1345 1463 1417 quod
1492 1362 1612 1400 sunt
1641 1345 1735 1414 7”,

172 1447 304 1489 tuum
327 1444 410 1489 est
449 1434 799 1501 conditione;
848 1434 936 1490 fac
997 1443 1169 1488 totum
1222 1443 1370 1489 tuum
1426 1433 1735 1518 dilectione.

127 1531 136 1541 ’
169 1526 314 1588 Ecce,
351 1521 596 1592 Domine,
627 1543 810 1583 coram
852 1538 903 1582 te
931 1535 1015 1582 est
1055 1523 1154 1581 cor
1203 1529 1416 1593 meum;
1481 1516 1735 1594 conatur,

153 1617 249 1673 sed
277 1633 369 1688 per
396 1633 455 1672 se
473 1633 584 1671 non
615 1625 819 1688 potest;
846 1616 931 1672 fac
951 1627 1007 1671 tu
1032 1617 1173 1688 quod
1204 1618 1375 1686 ipsum
1403 1632 1508 1671 non
1535 1625 1734 1686 potest.

167 1707 387 1762 Admitte
417 1722 504 1761 tne
532 1707 672 1760 intra
705 1707 1016 1761 cubiculum
1047 1709 1251 1762 amoris
1280 1707 1390 1771 tui,
1409 1716 1556 1778 peto,
1590 1721 1738 1777 quae.

168 1809 238 1860 ro,
259 1795 433 1863 pulso.
459 1794 563 1862 Qui
594 1809 681 1850 me
706 1794 840 1851 facis
877 1804 1080 1865 petere,
1115 1795 1200 1850 fac
1230 1803 1284 1850 et
1329 1796 1598 1866 accipere.
1629 1795 1737 1852 Das
1766 1791 1812 1851 Β

125 1889 139 1922 ⁴η
167 1895 414 1956 quaerere,
457 1888 530 1960 da,
549 1887 808 1944 invenire.
839 1889 1008 1944 Doces
1028 1889 1266 1958 pulsare,
1296 1890 1438 1958 aperi
1477 1889 1732 1960 pulsanti.

129 2001 133 2004 λ
163 1977 248 2031 Cui
285 1979 403 2044 das,
435 1979 480 2034 si
503 1993 668 2048 negas
695 1977 941 2050 petenti?
964 1979 1096 2046 Quis
1121 1981 1349 2048 invenit,
1391 1981 1438 2034 si
1487 1983 1736 2050 quaerens

130 2099 133 2103 -
165 2068 606 2128 {nistratur‘i'Cui
635 2072 836 2143 aperis,
862 2073 905 2128 si
930 2072 1166 2142 pulsanti
1199 2071 1444 2128 claudis?
1473 2073 1609 2140 Quid
1637 2074 1738 2129 das

129 2161 132 2164 ’
163 2175 256 2214 non
289 2165 495 2228 oranti,
517 2163 560 2218 si
589 2165 828 2218 amorem
859 2172 1010 2218 tuum
1041 2178 1207 2232 negas
1234 2163 1451 2218 oranti?
1471 2164 1512 2216 Δ
1562 2173 1612 2218 te
1641 2165 1740 2218 ha-

161 2252 247 2306 beo
277 2254 610 2319 desidcrare,
645 2272 674 2310 a
699 2265 750 2310 te
773 2255 1005 2310 habeam
1037 2255 1350 2325 impetrare.
1383 2255 1611 2310 Adhaere
1637 2255 1735 2323 illi,

160 2341 364 2398 adlicere
389 2345 721 2412 importune,
749 2344 929 2399 anima
959 2359 1100 2398 mea.
1132 2343 1297 2407 Bone,
1326 2345 1462 2398 boue
1513 2345 1738 2401 Domine

155 2431 233 2496 κ’,
258 2449 328 2488 ne
356 2434 580 2505 rejicias
607 2425 760 2501 eam;
797 2436 936 2490 fame
968 2437 1170 2491 amoris
1214 2437 1289 2492 tui
1321 2436 1565 2508 languet,
1597 2439 1738 2492 rcl'o-

154 2523 260 2579 eilia
287 2539 442 2589 eam,
478 2526 787 2582 satiet'eam
841 2526 1058 2582 dilectio
1115 2537 1227 2593 tua,
1280 2529 1576 2600 impinguet
1618 2545 1737 2585 eam

122 2643 126 2648 -
157 2614 372 2673 adiectus
409 2626 558 2684 tuus,
590 2617 813 2689 impleat
860 2634 978 2674 eam
1013 2632 1169 2676 amor
1220 2628 1362 2685 tuus,
1393 2632 1619 2690 occupet
1653 2637 1738 2678 me

158 2715 341 2774 totum,
361 2717 422 2764 et
444 2709 719 2780 possideat
743 2705 936 2777 totum,
965 2710 1089 2780 quia
1121 2719 1176 2764 tu
1196 2711 1264 2742 ’Μ
1292 2717 1373 2776 'es,
1426 2728 1547 2766 cum
1577 2710 1739 2768 Patre

158 2808 204 2852 et
225 2798 431 2871 Spiritu
461 2807 674 2866 sancto,
709 2801 852 2858 Deus
898 2801 1047 2858 solus
1073 2802 1408 2859 benedictus
1457 2803 1507 2857 in
1538 2804 1736 2859 swcula

156 2891 492 2947 seculorum.
529 2894 718 2949 Amen.
1037 2912 1040 2915 ·
1685 2896 1687 2898 ’

685 2983 1062 3042 MEDITATIO
1087 2983 1202 3041 XII.

588 3077 680 3132 'De
713 3077 1036 3131 humanitate
1067 3078 1281 3132 Christi.

214 3169 587 3237 Jucunditate,
612 3172 833 3242 pietate,
866 3171 1099 3227 utilitate
1128 3173 1395 3230 redundat
1419 3178 1576 3248 plene
1608 3177 1734 3236 san.

155 3258 382 3314 ctissima
410 3259 676 3314 nativitas
697 3266 752 3314 et
791 3257 1019 3312 infantia
1053 3261 1224 3315 nostri
1275 3260 1597 3320 Salvatoris.
1641 3266 1738 3321 Ju-

155 3351 424 3406 cunditate-
442 3360 713 3421 quantum
753 3349 818 3404 ad
845 3349 1286 3419 exsultationem,
1323 3353 1523 3424 pietate
1552 3371 1732 3426 quan-

155 3443 251 3493 tum
277 3441 344 3495 ad
385 3441 726 3511 passionem,
781 3440 1013 3497 utilitate
1062 3451 1324 3512 quantum
1355 3447 1422 3500 ad
1459 3446 1733 3518 signiﬁca-

153 3529 362 3585 tionem.
411 3531 564 3599 Quid
623 3531 767 3585 enim
819 3532 988 3602 magis
1017 3531 1316 3602 jucundum
1357 3550 1520 3606 quam
1560 3541 1733 3609 ipsum

150 3621 318 3677 videre
347 3624 636 3678 hominem
667 3638 827 3693 quem
852 3638 972 3678 esse
993 3633 1202 3680 constat
1226 3626 1463 3682 hominis
1491 3631 1737 3686 condito-

149 3712 285 3766 rem?
307 3713 448 3780 Quid
485 3717 695 3769 iterum
719 3714 892 3769 eidem
927 3715 1130 3770 homini
1183 3718 1357 3788 magis
1379 3719 1540 3774 debet
1565 3721 1732 3776 videri

148 3800 299 3868 pium,
326 3818 496 3873 quam
540 3805 688 3859 claro
726 3804 908 3860 videre
953 3805 1110 3860 oculo
1135 3807 1279 3877 quod
1319 3807 1372 3862 in
1402 3809 1507 3865 hoc
1532 3811 1736 3865 media-

147 3901 253 3947 tore
288 3897 380 3950 Dei
409 3905 468 3952 et
500 3897 793 3952 hominum
847 3897 1073 3951 Domino
1109 3906 1295 3954 nostro
1338 3897 1466 3954 Jesu
1518 3900 1734 3960 Christo

147 3987 272 4040 mito
309 3991 565 4059 quodam
601 3998 655 4043 et
689 3988 946 4043 ineﬂ‘abili
998 3990 1154 4046 modo
1193 3992 1472 4046 aeternitas
1525 3994 1734 4066 incipit,

146 4079 441 4137 sublimitas
478 4080 849 4137 hntniliatttr?
876 4079 1194 4150 Concipitur
1233 4083 1284 4138 in
1339 4093 1495 4140 utero
1524 4085 1733 4152 Matris,

152 4171 233 4238 qui
253 4174 635 4243 sempiternus
657 4181 740 4226 est
769 4172 821 4225 in
852 4171 971 4226 sinu
1004 4171 1203 4228 Patris.
1234 4174 1405 4229 Natus
1426 4176 1494 4232 ab
1531 4187 1736 4232 aeterno

152 4265 212 4316 de
231 4263 392 4321 Patre
421 4268 548 4322 sine
570 4267 764 4328 matre,
790 4265 1035 4320 nascitur
1060 4266 1113 4321 iu
1149 4276 1393 4338 tempore
1439 4270 1506 4323 dc
1557 4277 1734 4325 matre

151 4355 258 4412 sine
279 4359 468 4414 Patre.
490 4359 703 4414 Pannis
723 4367 804 4412 est
835 4358 1127 4424 involutus,
1159 4359 1250 4430 qui
1271 4356 1541 4431 'stirpibus
1562 4370 1614 4416 et
1645 4376 1737 4416 ar-

1791 617 1794 688 ξ
1845 619 2011 674 tot-ius
2038 620 2153 703 ipse
2183 623 2369 693 gratia:
2399 611 2610 690 auctor,
2647 636 2701 682 et
2725 611 3079 703 conservatori
3101 615 3157 686 et
3177 647 3418 689 remune-

1843 720 2010 764 rator.
2036 699 2360 768 Parentibus
2385 715 2658 783 subditur,
2675 733 2832 788 quem
2854 701 3047 774 adorat
3067 722 3245 776 omnis
3273 738 3428 778 crea-

1845 810 1986 866 tura,
2018 802 2102 856 cui
2129 812 2184 857 et
2213 819 2375 860 omne
2407 821 2572 876 genu,
2595 819 2870 866 curvatur.
2915 811 3216 878 Addamus,
3246 815 3288 869 si
3320 814 3428 884 pla-

1842 901 1927 945 cct
1958 893 2082 962 quia
2112 883 2443 963 baptizatur,
2492 907 2547 950 et
2595 890 2811 968 quidem
2856 887 3134 958 Dominus.
3161 919 3190 957 a
3244 883 3424 970 servo,

1843 984 1983 1040 Deus
2005 986 2073 1041 ab
2097 987 2337 1055 homine,
2366 996 2422 1042 et
2443 1004 2472 1044 a
2500 988 2668 1048 milite
2685 990 2825 1046 Rex.
2850 992 3112 1050 Tentatur
3133 1011 3162 1048 a
3189 997 3425 1064 diabolo,

1841 1073 1926 1129 cui
1956 1075 2262 1130 ministrant
2285 1078 2483 1149 angeli.
2514 1078 2700 1149 Esurit
2747 1081 2915 1144 cibus,
2969 1082 3084 1138 sitit
3135 1083 3274 1152 fons,
3316 1085 3424 1143 las-

1792 1231 1796 1236 λ
1841 1175 1994 1220 satur
2020 1167 2129 1232 via,
2158 1156 2480 1237 deprimitur
2498 1157 2749 1236 altitudo,
2784 1171 2954 1227 virtus
2982 1173 3310 1243 inﬁrmatur,
3335 1179 3428 1233 de-

1841 1256 2085 1312 bilitatur
2114 1258 2394 1327 fortitudo,
2435 1261 2726 1330 injuriatur
2759 1263 2955 1334 gloria,
2994 1277 3190 1322 maeret
3217 1267 3423 1336 laztitia,

1841 1349 2095 1418 gaudium
2125 1349 2290 1416 dolet,
2313 1361 2367 1407 et
2395 1353 2708 1408 humiliatur
2763 1357 3037 1427 majestas,
3089 1369 3148 1414 et
3196 1361 3432 1418 moritur

1841 1441 1971 1494 vita.
2154 1508 2163 1513 _

1912 1531 2223 1611 Jcsunbone,
2255 1551 2416 1606 quam
2445 1536 2616 1592 dulcis
2665 1554 2723 1593 es
2756 1538 2809 1594 in
2840 1539 2999 1595 corde
3023 1543 3314 1612 cogitantis
3361 1544 3428 1600 de

1843 1633 1895 1680 te
1920 1632 1975 1680 et
2003 1625 2272 1696 diligentis
2312 1630 2398 1682 te!
2439 1628 2503 1682 Et
2534 1639 2682 1708 certe
2713 1630 2920 1695 nescio,
2947 1634 3074 1701 quia
3125 1650 3222 1690 uec
3268 1635 3426 1705 plene

1842 1717 2306 1786 comprehendere
2333 1718 2508 1784 valeo,
2541 1720 2683 1776 unde
2717 1721 2819 1777 hoc
2845 1732 2930 1777 est
2951 1723 3094 1793 (μιοά
3126 1726 3282 1795 longe
3307 1727 3431 1782 dul-

1839 1807 1955 1862 cior
1976 1824 2034 1862 es
2061 1807 2113 1871 in
2137 1808 2299 1863 corde
2320 1809 2593 1879 diligentis
2613 1795 2682 1871 te.
2701 1812 2753 1867 in
2778 1828 2841 1866 eo
2853 1815 2996 1883 quod
3019 1831 3146 1892 caro
3169 1831 3247 1892 es,
3265 1834 3426 1886 quam

1839 1897 2004 1971 224
2035 1899 2087 1954 in
2117 1914 2183 1954 co
2217 1901 2360 1969 quod
2397 1898 2664 1967 Verbum;
2695 1901 2903 1960 dulcior
2932 1905 2987 1965 in
3019 1890 3086 1961 eo
3137 1890 3281 1977 quod
3331 1910 3429 1963 hu-

1842 1991 2006 2056 milis,
2039 2007 2199 2062 quam
2243 1992 2297 2047 in
2329 2007 2394 2048 eo
2433 1994 2576 2064 quod
2602 1995 2880 2050 Sublimis.
2935 1995 3215 2067 Siquidem
3270 2000 3430 2072 longe

1793 2144 1799 2150 ι
1841 2079 2050 2135 dulcius
2074 2092 2158 2138 est
2184 2081 2459 2138 memoria:
2485 2083 2762 2153 diligentis
2787 2093 2838 2140 te
2859 2085 3042 2140 videre
3075 2096 3128 2142 te
3156 2103 3220 2142 ex
3254 2099 3428 2144 matre

1841 2170 2062 2241 Virgine
2089 2174 2142 2228 in
2168 2183 2408 2245 tempore
2435 2185 2620 2230 uatum
2643 2191 2807 2246 quam
2835 2178 2887 2232 in
2905 2176 3432 2255 splendoribusanto

1801 2339 1805 2344 .
1840 2261 2122 2320 luciferum
2145 2281 2174 2318 a
2201 2264 2364 2322 Patre
2385 2268 3011 2347 genitum,temetipsum
3036 2259 3425 2349 exinan'ivisse,

1841 2354 2088 2423 servique
2108 2353 2335 2410 formam
2359 2358 2637 2427 accepisse
2661 2375 2822 2429 quam
2853 2361 2906 2414 in
2927 2360 3093 2416 forma
3127 2362 3220 2417 Dei
3248 2378 3428 2432 aequa-

1842 2441 1945 2496 lem
1973 2452 2021 2496 te
2052 2444 2161 2497 Deo
2210 2459 2350 2512 esse,
2399 2447 2608 2502 dulcius
2657 2457 2706 2503 te
2768 2450 2952 2506 videre
3001 2466 3186 2506 coram
3229 2451 3431 2509 Judaeis

1799 2606 1802 2608 γ
1843 2535 1978 2589 mori
2007 2535 2059 2589 in
2087 2534 2230 2606 ligno
2255 2551 2416 2606 quam
2447 2537 2712 2593 dominari
2744 2554 2904 2608 super
2939 2542 3161 2616 angelos
3183 2542 3235 2596 in
3266 2543 3426 2604 cmlo,

1841 2623 2041 2678 intueri
2077 2635 2126 2678 te
2158 2625 2298 2678 inter
2328 2627 2506 2680 omnia
2533 2626 2832 2697 subjectum
2869 2645 3031 2697 quam
3061 2645 3224 2701 super
3246 2632 3427 2686 omnia

1841 2716 2140 2786 prmlatttm,
2179 2718 2448 2774 hominem
2481 2721 2714 2776 humana
2742 2721 3028 2791 pertulisse
3052 2740 3214 2794 quam
3243 2726 3426 2781 divina

1841 2804 2008 2860 Deum
2040 2808 2293 2878 gessisse,
2325 2811 2721 2881 redemptorem
2751 2826 2869 2866 esse
2892 2814 3232 2883 pereuntium
3263 2831 3425 2885 quam
3520 2809 3530 2817 ’

1841 2897 2177 2950 conditorem
2210 2914 2329 2953 esse
2356 2915 2460 2954 non
2498 2902 2863 2956 existentium.
2894 2903 2937 2958 0
2961 2920 3121 2974 quam
3146 2906 3301 2961 dulce
3315 2917 3428 2970 est,

1803 2988 1809 2992 ’
1840 2986 1980 3042 bone
2005 2980 2156 3054 Jcsu,
2186 2992 2235 3044 in
2268 3002 2478 3046 secreto
2507 2996 2686 3050 cordis
2713 2997 2802 3054 ad.
2821 2999 3139 3053 memoriam
3169 3015 3428 3055 revocare

1811 3153 1814 3156 ,
1841 3090 1893 3134 te
1916 3096 2013 3149 pro
2042 3081 2197 3137 nobis
2221 3084 2272 3137 in
2295 3084 2513 3154 Virgine
2542 3087 2745 3157 absque
2776 3080 3422 3160 pollutioneconceptttm,

1842 3170 2044 3240 absque
2071 3171 2292 3227 laesione
2313 3173 2638 3244 virginitatis
2661 3176 2778 3244 ejus
2813 3186 3022 3238 natum,
3051 3179 3244 3246 pannis
3267 3180 3423 3238 inv0~

1841 3261 2030 3325 lutum,
2067 3263 2116 3316 in
2147 3259 2409 3333 pries'epio
2443 3265 2782 3329 reclinatum,
2839 3269 3193 3328 sustinentem
3249 3269 3431 3323 convi-

1803 3428 1808 3432 δ
1839 3352 1944 3419 cia,
1973 3347 2238 3408 tacentem
2284 3356 2350 3407 ad
2379 3355 2688 3424 opprobria,
2722 3358 2885 3426 pedes
2916 3357 3302 3427 discipulorum
3349 3358 3428 3412 la-

1837 3454 2076 3508 vantem,
2113 3443 2278 3500 linteo
2311 3455 2632 3516 tergentem,
2665 3452 2730 3503 de
2769 3458 2924 3503 nocte
2970 3439 3236 3518 prolixius
3258 3464 3423 3503 oran-

1841 3545 1970 3602 tem,
1998 3535 2560 3608 sudorctn‘sauguiuis
2583 3541 2940 3603 cm'ttcutem,
2977 3541 3196 3612 triginta
3227 3557 3424 3612 argen-

1807 3625 1940 3683 ‘teis
2013 3645 2310 3697 venditum,
2375 3630 2560 3686 osculo
2615 3621 2894 3699 traditum,
2957 3649 3078 3688 cum
3131 3633 3324 3704 gladiis
3371 3641 3428 3692 et

1807 3719 1810 3723 ’
1840 3719 2070 3775 fustibus
2099 3731 2338 3790 captum,
2382 3720 2631 3792 ligatum,
2659 3721 2986 3791 jttdicatum,
3026 3721 3237 3799 flagello
3263 3725 3420 3779 dam-

1840 3823 2047 3881 natum,
2063 3815 2126 3867 ad
2141 3813 2488 3875 occisionem,
2505 3823 2560 3866 ttt
2577 3829 2771 3884 agnum
2795 3814 3156 3881 innocentem,
3175 3815 3422 3883 ductum,

1838 3917 1899 3958 os
1929 3911 2096 3967 tttum,
2158 3899 2279 3954 cum
2331 3901 2469 3954 male
2521 3903 2855 3964 tractareris,
2909 3917 3014 3962 non
3069 3903 3424 3973 aperientem,

1839 4008 1960 4047 cum
1994 3991 2334 4047 accusareris
2365 3991 2417 4046 in
2450 3991 2653 4056 multis,
2694 4007 2798 4046 non
2831 3992 3272 4062 respondentem,
3326 4009 3424 4052 co-

1839 4081 2189 4152 lapltizatum,
2215 4082 2400 4152 alapas
2420 4084 2745 4152 patientem,
2771 4081 2997 4152 ﬂagellis
3011 4085 3425 4157 Carsum,1)l;tgis

1840 4175 2082 4237 lividum,
2117 4174 2291 4243 sputis
2317 4165 2530 4242 illitum,
2561 4173 2842 4246 chlamyde
2865 4175 3120 4230 coccinea
3151 4174 3420 4240 indutum,

1839 4266 2008 4338 Spinis
2035 4276 2376 4331 coronatum,
2407 4265 2456 4318 in
2512 4266 2754 4322 derisum
2797 4269 3107 4334 adoratum,
3157 4269 3424 4324 arundine

1839 4357 2014 4428 capite
2042 4355 2382 4427 percussum,
2409 4358 2461 4410 in
2495 4365 2642 4413 veste
2672 4358 2791 4413 alba
2826 4358 3063 4425 illusum,
3096 4358 3164 4414 ad
3191 4370 3420 4415 mortem

149 4445 362 4506 boribus
392 4461 610 4506 terram
639 4450 880 4517 vestivit,
925 4449 1288 4507 luminaribus
1339 4452 1536 4506 cmlum
1567 4468 1732 4506 orna-
1765 4472 1813 4531 υ
1840 4449 2277 4513 condemnatum,
2307 4464 2524 4504 crucem
2573 4458 2717 4503 tuam
2760 4448 3111 4519 baiulantem,
3152 4459 3206 4505 ct
3243 4452 3303 4522 in
3356 4447 3422 4506 ea

149 4540 238 4607 vit,
272 4555 450 4601 mare
487 4542 738 4614 piscibus
785 4541 1046 4613 implevit.
1082 4542 1254 4610 Quem
1305 4543 1425 4598 curii
1473 4545 1733 4599 caelorum

145 4643 331 4702 capere
375 4649 488 4692 non
526 4640 779 4704 possunt,
825 4632 1082 4702 praesepis
1115 4633 1365 4704 angustia
1398 4635 1733 4700 continetur,

146 4720 278 4780 lacte
312 4736 572 4783 materno
597 4717 855 4782 nutritur.
874 4723 1100 4780 'Proﬁcit
1133 4725 1418 4796 sapientia,
1461 4726 1736 4795 cujus‘sa-

145 4813 338 4885 pientis
363 4833 476 4875 non
509 4817 708 4888 incipit
760 4831 859 4873 nec
916 4815 1134 4880 desinit,
1182 4818 1274 4886 qui
1308 4827 1388 4872 et.
1415 4817 1508 4872 Dei
1551 4817 1730 4873 Patris

1840 4537 2082 4604 aliixum,
2116 4555 2212 4610 pro
2240 4537 2656 4594 cruc'iﬁxoribus
2674 4541 2949 4607 orantem,
2974 4553 3130 4597 aceto
3152 4551 3422 4612 putatum,

1813 4633 1963 4690 'i'ellc
2011 4634 2271 4702 cibatum,
2301 4650 2330 4688 a
2380 4633 2588 4688 latrone
2667 4633 3041 4700 cenvitiatum,
3105 4635 3423 4704 sanguinem

1839 4733 1991 4784 ιωιιη
2025 4742 2118 4798 per
2142 4727 2378 4796 quinque
2403 4725 2620 4780 vulnera
2646 4725 2888 4796 corporis
2936 4725 3006 4778 tui
3034 4723 3418 4787 cﬁ‘undentem,

1838 4828 2002 4888 caput
2031 4816 2406 4879 inclinantem,
2449 4816 2698 4884 spiritum
2748 4816 3110 4880 emittentem,
3169 4814 3294 4867 dtht
3313 4823 3424 4866 tam

1458 4995 1690 5050 VARUE
1732 4971 2136 5050 taenarias.

207 5157 271 5189 ⁷³⁷
302 5157 444 5226 Quia
468 5165 688 5213 tantum
716 5155 1206 5232 promittis,_debeo
1237 5155 1509 5232 meipsum
1535 5164 1703 5232 totum
1746 5173 1759 5208 :
1805 5153 2278 5232 niss.__quia_tanta
2306 5149 2605 5232 promittis,
2631 5146 2800 5232 debeo
2829 5146 3096 5232 ineipSum
3123 5155 3294 5232 totum
3319 5161 3419 5232 qui.

145 5214 454 5298 Tormﬁuia
483 5237 640 5283 tanta
668 5214 767 5298 pro
792 5242 876 5298 me
907 5214 1234 5298 sustinuisti,
1253 5214 1715 5298 debeomeipsum
1741 5235 1915 5298 totum
1929 5214 2076 5282 δόρη.
2107 5225 2218 5278 Itarc
2243 5214 2398 5280 coiit.
2467 5221 2536 5298 "f‘
2555 5216 2662 5298 Nec
2685 5220 2808 5286 plus
2828 5214 3002 5272 habeo
3030 5214 3300 5298 ngal’ict.
3337 5217 3419 5298 16ἶ

118 5299 236 5352 ‘nc’c
255 5285 379 5368 plu's
397 5315 512 5355 nec
546 5298 652 5370 Ito_c
668 5285 796 5370 '1”
817 5296 1068 5370 Reddere
1094 5285 1265 5370 totum
1291 5313 1318 5370 ;Δ
1337 5296 1492 5370 trahe
1522 5285 1608 5350 nie
1630 5295 1856 5370 Domine
1883 5297 1936 5350 in
1968 5310 2206 5370 amorem
2237 5304 2407 5370 tttutt_t_,
2431 5301 2488 5370 et
2510 5291 2611 5346 hoc
2636 5285 2810 5370 ipsum
2836 5298 3028 5369 totum.
3057 5285 3250 5340 Totum
3270 5285 3424 5370 quod

142 5360 411 5426 summa.
441 5367 658 5424 Bac.0.
687 5366 822 5422 Vict.
845 5367 932 5421 16.
950 5364 1099 5422 Gem.
1119 5365 1179 5421 S.
1197 5363 1612 5420 Med.Cister.et
1643 5364 1879 5420 Val.luc.
1901 5363 2330 5420 reddere'totum;
2356 5362 2535 5416 Trahe
2558 5371 2635 5424 tu,
2663 5360 2904 5421 Domine,
2925 5360 2976 5410 itt
3003 5371 3242 5410 amorem
3269 5365 3424 5408 tuum

115 5439 220 5511 {ei
245 5441 354 5511 hoc
389 5441 580 5511 ipsum
616 5447 810 5511 totum.
841 5437 1036 5494 Totum
1063 5437 1204 5506 quod
1231 5450 1475 5511 summa.
1502 5434 1639 5511 Tim.
1667 5430 1893 5490 reddere
1914 5442 2107 5511 t9_tum.
2129 5433 2322 5511 Totum
2344 5433 2488 5502 quod
2505 5445 2646 5511 sum
2665 5447 2761 5484 ms.
2791 5427 3420 5511 Tyra..reddet'e'-‘totunt.

143 5503 313 5572 Trahe
329 5496 440 5576 me',
467 5508 724 5575 Domine,
753 5509 804 5563 in
829 5496 1367 5584 amorem'tuum,ve_l
1396 5505 1696 5584 hocipsum
1727 5515 1918 5584 tqtum:
1937 5506 2132 5584 Totum
2154 5505 2297 5573 quod
2325 5496 2446 5584 igitur)
2505 5502 2575 5584 7f“
2609 5500 2776 5584 Bone,
2813 5499 3060 5584 Domine,
3079 5496 3423 5584 pieDomioe

142 5569 202 5654 pe
225 5593 350 5636 mss.
398 5567 572 5645 boue,
610 5567 746 5634 boue
774 5579 1124 5654 Domine,_ne
1164 5567 1267 5632 ms;
1309 5575 1370 5631 S.
1398 5567 2307 5654 MedLboneﬁDominetgAnon'gis:
2335 5572 2493 5654 'l'orn.
2520 5573 2697 5654 boue,
2744 5571 2883 5625 boue
2910 5567 3423 5654 leisu-Dont_ine,ne

138 5647 210 5722 ’2³-
233 5640 654 5722 Possideat-rue
695 5660 867 5704 totum
899 5665 915 5701 :
948 5640 1073 5722 quia
1125 5656 1179 5702 tu
1205 5656 1330 5722 με.
1357 5662 1483 5700 mss.
1531 5643 1838 5722 ‘TAImeec'.
1875 5657 1924 5703 et
1968 5640 2087 5714 160;.
2111 5654 2159 5701 ει
2199 5641 2313 5699 ναι.
2343 5642 2448 5697 luc'.
2496 5651 2544 5698 ει
2579 5640 2768 5696 Cister.
2798 5640 3073 5712 possideat
3097 5647 3268 5696 totum
3319 5651 3419 5689 ms.

141 5715 291 5776 Tom.
322 5720 613 5792 possideat
639 5736 726 5777 me
757 5728 949 5776 totum.
968 5715 1169 5773 ‘Amen.
1202 5715 1348 5772 Deus
1370 5730 1543 5772 meus.
1572 5718 1768 5772 Amen.
1828 5723 1834 5729 ‘
