4060 6292
620 310 720 387 πι

979 303 1038 359 S.
1075 298 1378 359 ANSELMI
1413 292 1763 354 CANTUAR.
1806 288 2124 347 ARCHIEP.
2166 286 2321 344 OPP.
2363 282 2544 340 PSRS
2580 283 2645 338 ιι.
2676 313 2747 324 -—-
2781 281 3154 339 ΡΑΒᾸΞΝΕΪ.
3186 282 3272 338 ET
3302 274 3528 341 ASCET

3812 287 3911 343 ’ῖῖὲ

626 423 863 489 animum
897 425 1043 471 mam
1076 415 1129 469 in
1183 425 1374 475 manus
1403 406 1591 481 Patris.
1613 402 2107 481 cotttmeudatttem,
2160 408 2217 454 et
2243 406 2290 467 Α
2322 376 2451 452 rum
2476 406 2533 452 et
2568 395 2881 457 adversitati
2903 394 3287 469 compatimur,
3311 406 3368 453 et
3402 400 3748 470 prosperitati
3784 415 3914 457 enn-

626 515 744 570 haec
768 488 949 568 omnia
989 520 1089 577 pro
1115 502 1274 558 nobis
1304 499 1686 555 sustinentem.
1717 493 1845 579 ilice
1889 492 2070 547 omnia
2110 488 2217 546 for-

631 610 781 658 mant
820 594 875 656 et
918 599 1186 666 adaugent
1236 590 1410 660 magis
1448 603 1514 643 ac
1561 585 1735 657 magis
1776 582 2214 647 exsultationem,

632 694 880 749 fiduciam
933 698 990 745 et
1031 685 1484 748 consolationem,
1565 692 1811 735 amorem
1887 684 1945 732 et
2001 674 2214 731 deside-

628 802 787 840 1Ί.1111.

694 876 827 943 Quis
840 873 987 930 enim
1016 886 1120 927 non
1148 869 1362 925 lactetur
1389 872 1444 921 et
1472 860 1738 919 exsultet?
1762 858 1886 931 quis
1911 872 2019 912 non
2051 871 2214 926 supra

628 958 846 1021 modum
863 962 1192 1033 jucundetur
1221 966 1275 1013 et
1309 952 1631 1028 gratuletur,
1664 950 1854 1005 videns
1878 948 2214 1003 conditorem

625 1072 783 1114 suum
805 1071 912 1112 non
939 1052 1112 1110 solum
1138 1065 1237 1122 pro
1264 1063 1322 1104 se
1351 1045 1627 1102 hominem
1655 1057 1799 1110 esse,
1817 1041 1911 1097 sed
1937 1049 2045 1095 tam
2077 1037 2214 1091 dura

628 1161 846 1219 tamque
876 1144 1094 1215 indigna
1120 1136 1479 1196 sustinuisse?
1519 1124 1657 1201 Quid
1688 1132 1740 1187 in
1770 1140 1951 1186 mente
1992 1128 2218 1184 suavius

626 1235 966 1295 ruminatur?
991 1232 1120 1304 quid
1150 1230 1358 1287 dulcius
1385 1223 1666 1299 gustatur?
1695 1222 1825 1293 quid
1864 1220 2038 1276 laetius
2069 1219 2218 1304 cogi-

628 1330 805 1387 tatur?
832 1328 965 1395 Quis
997 1300 1130 1381 mihi
1153 1322 1331 1378 aufert
1352 1320 1528 1375 locum
1556 1318 1609 1373 in
1639 1328 1826 1386 regno,
1859 1312 1948 1366 ubi
1973 1312 2018 1368 is
2043 1300 2218 1368 omni-

627 1432 820 1493 potens
846 1429 949 1486 est,
984 1417 1075 1489 qui
1123 1416 1295 1471 frater
1321 1422 1376 1468 et
1407 1426 1534 1467 caro
1592 1423 1712 1463 mea
1744 1407 1861 1461 est?
1902 1405 2036 1473 Quis
2083 1403 2214 1458 mihi

630 1521 858 1570 eventus
907 1511 1142 1580 aliquam
1203 1507 1417 1576 ingeret
1466 1499 1882 1571 desolationem,
1943 1496 2026 1550 cni
2093 1509 2219 1564 spes

632 1617 783 1661 tanta
828 1613 1031 1660 tantam
1062 1598 1275 1656 confert
1318 1592 1741 1651 certitudinem?
1793 1588 2075 1656 Quomodo
2127 1586 2217 1667 ali-

630 1690 792 1766 quem
818 1694 869 1749 in
895 1708 960 1749 eo
987 1699 1163 1763 potest
1179 1676 1603 1747 ,hahere’locum
1655 1681 1834 1748 aliqua
1886 1676 2130 1740 tristitia,
2162 1676 2217 1730 in

631 1755 739 1853 quo
768 1755 1139 1838 indesinenter
1166 1784 1416 1849 versatur
1438 1768 1694 1843 cogitatio
1722 1768 1857 1824 ista?
1902 1765 2012 1821 Nec
2043 1766 2215 1820 mino-
2252 1755 2292 1814 B

629 1891 743 1930 rem
767 1874 822 1930 in
853 1888 918 1929 eo
946 1871 1197 1927 ﬁduciam
1226 1868 1393 1939 parit,
1432 1880 1555 1920 cum
1607 1864 1724 1933 ipsa
1771 1861 1824 1915 in
1873 1857 2218 1914 Conditorem

630 1982 784 2025 suum
812 1964 1095 2034 diligenter
1118 1960 1449 2034 accenditur.
1483 1955 1687 2012 Secura
1709 1962 1857 2008 certe
1882 1966 1977 2021 per
2005 1963 2221 2004 omnem

636 2055 875 2119 modum,
902 2064 959 2108 et
1009 2052 1062 2106 in
1096 2050 1241 2105 nullo
1291 2045 1579 2102 temeraria
1637 2041 2005 2114 pratsnmptio,
2059 2053 2221 2110 quam

635 2145 887 2201 formavit
920 2145 972 2199 in
1005 2151 1186 2198 mente
1206 2122 1573 2198 consideratio
1609 2133 1961 2193 humanitatis
1983 2134 2038 2187 in
2064 2130 2224 2187 Chri-

632 2247 743 2294 sto.
768 2236 1047 2306 Quomodo
1069 2251 1174 2289 non
1205 2246 1416 2304 sperem
1443 2243 1529 2286 me
1559 2227 1626 2284 ad
1680 2226 1976 2283 electorum
2015 2223 2226 2295 pertin-

634 2344 762 2401 gere
790 2337 1012 2391 sortem,
1039 2340 1160 2381 cum
1207 2338 1305 2395 pro
1349 2335 1436 2377 me
1467 2321 1676 2375 videam
1715 2325 1988 2373 mortuum
2046 2314 2223 2386 ipsum

636 2424 1013 2495 universorum
1041 2418 1425 2476 Conditorem?
1457 2415 1658 2471 Eﬂ'udit
1683 2401 1783 2483 pro
1812 2426 1899 2467 me
1941 2411 2008 2466 de
2051 2409 2224 2464 latere

620 2532 733 2573 “suo
755 2514 1073 2587 sanguinem
1093 2532 1108 2568 :
1130 2497 1399 2584 quomodo
1419 2525 1525 2566 non
1555 2523 1875 2581 praesumam
1901 2521 1988 2563 me
2015 2505 2228 2561 redem-

632 2619 803 2678 ptum,
831 2622 952 2662 cum
982 2600 1174 2660 datum
1197 2618 1297 2674 pro
1337 2618 1423 2658 me
1479 2615 1585 2656 non
1630 2599 1876 2671 ignorem
1908 2604 2114 2653 tantum
2146 2605 2226 2650 ta-

633 2698 1089 2774 leque-pretium?
1111 2695 1313 2753 Eﬂ'udit
1334 2703 1390 2750 et
1427 2708 1526 2766 pro
1569 2706 1655 2747 me
1689 2706 1910 2762 aquatn,
1954 2688 2225 2760 quomodo

634 2808 742 2849 non
766 2806 853 2847 me
880 2789 1149 2845 conﬁdam
1204 2788 1273 2842 ab
1320 2786 1573 2841 omnibus
1622 2779 2047 2853 inquinamentis
2090 2778 2227 2833 meis

637 2884 973 2947 mandatum,
1033 2895 1193 2951 quem
1224 2886 1438 2934 constat
1482 2890 1622 2947 aqua
1652 2874 1889 2944 quaede
1930 2870 2228 2928 visceribus

635 2972 841 3027 Christi
870 2965 1508 3027 conlinxitnmudatum?
1555 2961 1769 3019 Eﬂ'usus
1822 2971 1927 3026 est,
1984 2961 2224 3031 inquam,

636 3065 745 3131 ille,
794 3062 965 3119 eil‘usa
1010 3071 1092 3118 est
1120 3059 1240 3127 illa;
1276 3058 1364 3113 ille
1410 3057 1477 3112 ad
1524 3054 1975 3126 redemptionem,
2014 3051 2118 3107 ista
2159 3050 2227 3106 ad

639 3155 904 3226 redempti
934 3153 1298 3219 ablutionem;
1328 3149 1418 3206 ille
1468 3158 1527 3203 ut
1576 3162 1663 3203 me
1717 3147 2008 3202 redimeret
2050 3144 2224 3215 capti-

634 3264 782 3314 vum,
806 3249 908 3304 ista
940 3257 999 3301 ut
1028 3246 1272 3302 ablueret
1318 3241 1683 3299 immundum.
1731 3237 1989 3294 Traditus
2017 3248 2102 3292 est
2128 3251 2227 3308 pro

637 3353 724 3393 tne
744 3351 902 3394 servo
938 3334 1108 3401 Flius,
1141 3343 1201 3390 ut
1228 3341 1404 3389 morte
1432 3346 1531 3387 sua
1558 3327 1692 3385 mihi
1742 3334 1951 3384 emeret
1999 3325 2229 3382 haeredi-

637 3440 807 3486 tatcm
838 3447 852 3484 :
885 3430 1159 3501 quomodo
1188 3441 1275 3482 me
1312 3441 1419 3481 non
1445 3425 1663 3479 credam
1688 3421 1980 3486 lucredem,
2022 3429 2077 3474 et
2105 3412 2228 3489 qui-

638 3524 761 3580 dem
788 3522 1056 3578 haeredem
1079 3514 1197 3588 Dei,
1218 3517 1554 3574 cohaeredent
1583 3525 1763 3570 autem
1777 3514 1976 3568 Christi
1999 3511 2023 3566 ?
2047 3510 2229 3584 (Rom.

647 3629 767 3678 vni,
787 3612 900 3683 li.)
922 3612 1057 3666 Cum
1084 3610 1337 3665 inimicus
1360 3622 1564 3671 essem,
1580 3604 1963 3660 reconciliatus
1978 3618 2096 3658 sum
2120 3601 2231 3656 Deo

640 3719 731 3774 pet
766 3712 996 3758 mortem
1021 3699 1141 3755 Filii
1168 3699 1251 3754 sui
1291 3712 1306 3751 :
1341 3697 1611 3768 quomodo
1634 3693 1966 3765 justiﬁ'catus
2004 3708 2148 3748 nunc
2175 3693 2229 3747 in

639 3793 903 3864 sanguine
926 3791 1063 3861 ejus,
1090 3806 1199 3845 non
1244 3789 1426 3845 salvus
1473 3804 1569 3843 ero
1624 3788 1693 3842 ab
1739 3787 1820 3842 ira
1865 3800 1963 3856 per
2016 3784 2231 3855 ipsum?

639 3885 868 3956 Propria
892 3883 1030 3938 Filio
1058 3898 1157 3937 suo
1201 3897 1306 3937 non
1352 3879 1594 3951 pepercit
1632 3880 1754 3951 pius
1782 3876 1969 3945 Pater,
2006 3877 2101 3932 sed
2132 3891 2231 3947 pro

641 3994 729 4035 me
758 3975 980 4032 tradidit
1021 3974 1172 4030 illum
1207 3991 1220 4027 :
1255 3972 1527 4043 quomodo
1550 3971 1710 4026 etiam
1734 3984 1841 4026 non
1875 3968 2059 4024 omnia
2098 3967 2230 4022 mihi

641 4065 863 4123 donavit
890 4079 1013 4120 cum
1040 4064 1164 4120 illo?
1185 4061 1485 4134 (Rom.vnt,
1514 4060 1626 4131 52.)
1654 4060 1788 4127 Quis
1828 4057 2109 4114 accusabit
2136 4056 2229 4111 ad-

640 4174 858 4215 Versum
888 4172 996 4222 nte,
1026 4173 1148 4212 cum
1180 4155 1420 4211 charitas
1447 4155 1564 4225 ejus
1587 4154 1800 4223 operiat
1823 4150 2231 4207 multitudinem

643 4248 1029 4323 peccatorum?
1057 4247 1104 4320 (ι
1138 4248 1285 4302 Petr.
1317 4262 1368 4301 tv
1390 4247 1469 4319 8.)
1500 4245 1972 4316 Clamatgsanguis
2017 4243 2136 4314 ejus
2166 4241 2232 4297 de

643 4354 789 4399 terra
812 4342 1002 4398 melius
1023 4357 1185 4412 quam
1238 4339 1391 4405 Abel,
1423 4348 1479 4394 et
1509 4353 1616 4394 non
1645 4337 1883 4394 movebit
1909 4351 2006 4392 cor
2052 4334 2232 4390 Patris

644 4435 778 4490 tanti
807 4435 1037 4505 talisque
1061 4447 1227 4489 sonus
1251 4430 1540 4487 clamoris?

716 4530 895 4595 Absit,
936 4527 1103 4584 semel
1148 4536 1205 4581 et
1261 4527 1457 4580 iterum
1518 4522 1683 4590 absit,
1737 4530 1797 4576 ut
1842 4516 2235 4591 compassionis

641 4624 946 4681 visceribus
982 4636 1221 4686 caream,
1254 4619 1468 4675 intuens
1508 4627 1581 4686 te,
1624 4633 1657 4673 ο
1704 4617 1850 4672 bone
1893 4612 2043 4681 Jesu,
2096 4614 2234 4669 mori

642 4733 745 4789 pro
770 4715 880 4770 mel
918 4714 1059 4768 Ante
1084 4711 1269 4767 oculos
1298 4726 1446 4766 meos
1475 4709 1833 4780 cruciﬁgeris,
1868 4716 1924 4764 et
1949 4707 2093 4763 nulla
2117 4717 2236 4762 tan-

643 4821 730 4879 get
765 4804 932 4862 motio
969 4820 1066 4860 cor
1087 4816 1300 4869 meum;
1352 4811 1580 4873 apparet
1607 4802 1739 4857 mihi
1771 4800 1984 4872 gladius
2007 4810 2157 4866 tuus,
2181 4809 2236 4855 et

644 4894 1132 4968 nonpertransrbit
1158 4893 1396 4949 animum
1430 4894 1639 4950 meam!
1687 4890 1871 4948 Dulcis
1914 4891 2063 4959 .lesu,
2106 4892 2235 4961 quid

646 4986 778 5045 mihi
809 4999 868 5044 ut
887 4986 1187 5059 compatiar
1231 4986 1365 5042 tibi?
1417 4986 1525 5042 Sed
1547 5000 1652 5041 non
1693 4984 1875 5040 minus
1903 4983 2052 5039 utile.
2084 4982 2235 5049 Quo-

648 5081 808 5137 modo
831 5079 1010 5134 minus
1038 5077 1190 5145 utile,
1221 5091 1344 5133 cum
1382 5087 1616 5145 constet,
1646 5076 1692 5132 si
1725 5089 1911 5131 verum
1947 5076 2122 5131 cernit
2150 5074 2237 5129 ille

646 5183 703 5226 et
729 5171 918 5236 sentit,
952 5169 1006 5223 in
1054 5184 1164 5239 quo
1191 5177 1246 5223 tu
1273 5167 1607 5238 loquebaris,
1629 5167 1757 5238 quia
1780 5167 1826 5221 si
1864 5166 2235 5237 compatimur,

647 5273 696 5318 et
724 5260 1199 5333 conreguubimus?
1228 5259 1408 5331 (Rom.
1443 5277 1564 5326 vin,
1603 5261 1710 5329 l7.)
1740 5259 1806 5315 Et
1837 5258 1984 5326 alibi,
2017 5260 2063 5312 si
2089 5262 2236 5312 cont-

647 5354 841 5408 mortui
880 5368 1081 5418 sumus,
1112 5361 1161 5406 et
1214 5352 1538 5407 convivemus
1570 5349 1656 5425 (11
1709 5349 1849 5405 Tim.
1910 5364 1973 5415 tt,
2025 5348 2136 5421 12).
2171 5346 2239 5404 Ut

651 5457 834 5503 autem
862 5446 998 5510 haec,
1029 5446 1097 5499 de
1124 5460 1232 5515 qua
1262 5446 1554 5516 loquimur,
1604 5436 1918 5516 compassio
1951 5443 2005 5497 in
2057 5451 2240 5497 mente

652 5541 854 5609 vigeat,
876 5552 1100 5593 necesse
1124 5544 1209 5592 est
1242 5548 1301 5592 ut
1331 5539 1528 5593 ardens
1564 5538 1619 5592 in
1665 5552 1727 5593 ea
1785 5535 1951 5594 fuerit
1997 5535 2236 5603 dilectio,

633 5630 778 5719 .quia
813 5645 972 5701 quem
1001 5645 1185 5685 amore
1219 5628 1445 5687 ferventi
1474 5631 1906 5704 complectimur,
1935 5630 2053 5702 ejus
2080 5632 2241 5687 nimi-

2318 488 2675 561 gratnlatnur.
2698 486 2851 555 Jesu,
2888 502 2991 544 nec
3013 502 3168 544 mens
3197 502 3319 543 mea
3353 504 3569 560 capere,
3599 506 3699 547 nec
3726 491 3910 564 lingua

2272 578 2277 581 ⁷
2318 579 2513 637 sullicit
2539 580 2846 650 exprimere
2882 595 3048 652 quam
3082 580 3159 636 sis
3185 580 3377 651 dignus
3411 583 3582 638 amari
3611 600 3641 638 a
3680 598 3801 647 me,
3823 585 3909 653 qui

2321 679 2528 727 tantum
2553 670 2803 742 dignatus
2830 681 2890 726 es
2914 684 3100 726 amare
3131 685 3238 727 me.
3266 669 3515 728 Dilexisti
3543 688 3649 740 me,
3671 685 3728 731 et
3757 674 3910 732 lava-

2319 760 2387 815 sti
2414 775 2501 818 me
2535 775 2565 813 a
2593 762 2833 829 peccatis
2856 762 2992 818 meis
3028 761 3083 817 in
3126 762 3392 832 sanguine
3422 772 3515 818 tuo
3540 765 3726 836 (Apoc.
3753 785 3805 837 ι,
3832 771 3906 842 5).

2318 852 2453 907 Nam
2483 852 2527 907 si
2564 852 2731 924 diligo
2757 852 2985 908 multum
3015 859 3089 920 te,
3123 861 3180 907 tu
3215 862 3371 910 certe
3398 864 3455 910 et
3506 866 3633 913 ante
3670 859 3905 917 dilexisti

2320 960 2429 1012 me,
2462 953 2518 1001 et
2554 944 2693 1016 plus.
2728 942 2796 998 In
2848 944 2946 999 hoc
2995 945 3136 999 enim
3165 944 3397 1000 charitas
3433 944 3533 1000 Dei
3570 964 3814 1019 apparet,
3838 955 3906 1008 ait

2318 1038 2635 1110 Apostolus,
2683 1054 2787 1093 non
2821 1039 2974 1109 quasi
3014 1037 3355 1093 dilexerimus
3412 1037 3605 1106 Deum,
3653 1043 3745 1096 sed
3789 1047 3906 1117 quia

2317 1130 2463 1200 prior
2488 1127 2670 1183 dilexit
2728 1143 2822 1182 nos
2853 1128 2904 1200 (Ι
2949 1125 3116 1182 Joan.
3148 1142 3225 1194 tv,
3272 1128 3383 1197 i0).
3444 1128 3643 1186 Dilcxit
3694 1142 3905 1201 quando

2268 1224 2279 1238 '
2320 1235 2427 1275 non
2456 1221 2642 1287 dilexi,
2674 1219 2822 1289 quia,
2871 1229 2922 1275 et
2962 1220 3066 1276 uisi
3123 1235 3231 1275 non
3285 1220 3599 1291 diligentem
3638 1224 3904 1296 diligercs,

2319 1313 2629 1384 diligentem
2657 1328 2872 1385 quoque
2897 1329 3005 1370 non
3030 1311 3294 1371 eﬂiceres.
3326 1314 3501 1386 Diligo
3532 1325 3585 1373 te
3603 1332 3773 1388 super
3798 1337 3905 1376 oat-

2322 1405 2433 1471 nia,
2462 1422 2494 1460 o
2518 1405 2831 1461 dulcissime
2857 1403 3012 1472 Jesu,
3039 1405 3134 1461 sed
3156 1405 3320 1461 nimis
3342 1422 3561 1477 parum,
3594 1411 3724 1480 quia
3758 1410 3905 1482 longe

2321 1498 2501 1553 minus
2548 1512 2711 1568 quam
2763 1497 2959 1569 dignus
3012 1511 3093 1564 es,
3150 1496 3527 1565 dilectissime,
3577 1516 3643 1558 ac
3695 1506 3904 1572 proine

2321 1588 2502 1642 minus
2531 1602 2695 1656 quam
2725 1588 2918 1643 debeo.
2944 1587 3013 1642 Et
3033 1587 3159 1659 quis
3182 1587 3286 1644 hoc
3332 1581 3548 1659 posset?
3597 1592 3838 1663 Diligere
3857 1606 3903 1649 te

2324 1686 2499 1748 potest
2521 1675 2737 1746 aliquis,
2777 1684 2829 1732 te
2866 1678 3126 1741 donante,
3154 1685 3417 1748 quantum
3449 1680 3615 1747 valet,
3648 1685 3747 1737 sed
3774 1701 3901 1738 nuu-

2324 1786 2488 1839 quam
2515 1781 2775 1840 quantum
2840 1762 3022 1825 debet.
3083 1770 3361 1836 Quisitibi
3399 1771 3591 1829 reddet
3635 1774 3906 1831 innoxiam

2326 1865 2645 1933 sanguinem
2689 1876 2860 1930 tuum,
2900 1862 3058 1934 cujus
3100 1881 3207 1920 non
3261 1876 3434 1938 gutta,
3494 1870 3590 1924 sed
3629 1872 3775 1927 unda
3819 1888 3907 1945 pr

2326 1954 2565 2024 quinque
2588 1955 2834 2023 corporis
2867 1954 2941 2008 tui
2971 1965 3157 2025 partes
3208 1954 3502 2026 proﬂuxi.?
3540 1958 3760 2016 Creasti
3804 1980 3905 2029 me,

2327 2060 2450 2098 cum
2481 2059 2587 2099 non
2618 2058 2793 2101 essem
2822 2061 2837 2111 ;
2865 2044 3142 2100 redemisti
3159 2061 3264 2111 me,
3294 2062 3417 2102 cum
3444 2051 3695 2119 perditus
3717 2067 3905 2108 essent.

2328 2136 2434 2192 Sed
2464 2138 2789 2209 conditionis
2818 2138 3037 2210 quidem
3076 2155 3212 2196 mea:
3240 2125 3719 2212 et’redemptionis
3755 2161 3907 2202 causa

2326 2229 2437 2285 sola
2461 2229 2564 2284 fuit
2581 2230 2798 2286 dilectio
2828 2240 2939 2286 tua.
2972 2231 3111 2298 Quia
3138 2247 3289 2303 ergo,
3312 2247 3348 2290 ο
3375 2233 3613 2291 dulcedo
3635 2239 3760 2292 vita:
3784 2255 3905 2294 mea

2288 2322 2289 2327 “
2325 2323 2490 2378 Jesu!
2530 2322 2660 2392 Quid
2700 2323 2753 2377 itt
2799 2338 2887 2380 me
2919 2324 3102 2380 vidisti
3151 2340 3251 2395 pro
3286 2340 3395 2396 quo
3434 2335 3649 2383 tantum
3686 2330 3905 2400 pretiqu

2326 2414 2523 2470 dares?
2550 2408 2692 2469 Nihil
2711 2430 2956 2485 prorsus,
2984 2415 3092 2471 nisi
3110 2415 3242 2486 quia
3269 2415 3349 2472 sic
3376 2414 3479 2472 fuit
3504 2418 3766 2488 placitum
3791 2432 3910 2474 ante

2330 2516 2403 2562 te.
2429 2506 2654 2562 Multum
2676 2508 2895 2576 quidem
2917 2507 3196 2583 contulisti
3220 2507 3468 2576 Creator,
3497 2513 3596 2565 sed
3618 2511 3774 2582 longe
3795 2513 3913 2583 plus

2286 2674 2289 2675 ν
2328 2597 2677 2667 Redemptor.
2712 2597 2757 2655 Ο
2794 2614 2958 2668 quam
2986 2599 3242 2657 decerus
3285 2613 3366 2669 es,
3411 2601 3645 2659 Domine
3688 2602 3837 2671 Jesu,
3862 2614 3915 2660 et

2329 2704 2491 2760 quam
2518 2690 2730 2746 suavis!
2767 2690 3028 2773 Decorus,
3067 2692 3163 2749 sed
3211 2692 3525 2750 videntibus
3578 2704 3667 2762 te;
3717 2700 3910 2762 suavis,

2328 2783 2432 2838 sed
2461 2783 2806 2854 gustantibus
2835 2770 2904 2840 te.
2937 2782 3198 2860 Nesciris,
3235 2785 3341 2841 nisi
3388 2788 3652 2844 videaris.
3690 2787 3806 2844 Non
3854 2789 3916 2843 iis

2329 2874 2526 2944 dulc.s,
2557 2877 2658 2932 nisi
2687 2878 2944 2948 guslcris.
2974 2876 3084 2934 Fac
3114 2893 3203 2935 me
3246 2894 3494 2949 quaerere
3525 2890 3602 2951 te,
3635 2882 3911 2951 quaesitum:

2333 2967 2576 3024 invenire
2608 2977 2681 3035 te,
2714 2970 2921 3025 teu'tum
2950 2969 3250 3039 possidere,
3278 2982 3339 3026 ut
3367 2982 3423 3027 tu
3449 2972 3601 3028 solus
3637 2974 3914 3029 dulceseas

2331 3059 2487 3128 mihi,
2518 3059 2697 3129 sapias
2729 3069 2783 3114 et
2808 3059 3045 3131 placeas.
3070 3057 3180 3116 Fac
3209 3076 3298 3116 me
3319 3076 3623 3133 agnoscere
3654 3071 3728 3126 te,
3762 3063 3917 3117 time-

2333 3166 2412 3218 re,
2437 3164 2646 3216 amare,
2679 3140 3013 3206 desiderare.
3038 3151 3097 3207 lu
3131 3167 3375 3210 amorem
3407 3152 3791 3224 temporalium
3815 3153 3913 3206 labi

2331 3259 2400 3298 ne
2427 3242 2574 3298 sinas
2597 3258 2704 3297 me.
2733 3242 2872 3309 Heu,
2900 3245 2970 3299 mi
2994 3245 3244 3313 Domine,
3277 3247 3404 3316 quia
3445 3247 3785 3303 incessanter
3811 3262 3913 3302 mu

2330 3349 2549 3405 possum
2572 3342 2793 3403 gustare
2819 3349 2981 3404 quam
3005 3336 3189 3390 suavis
3212 3345 3270 3391 et
3290 3335 3465 3392 dulcis
3493 3337 3602 3392 sis!

2401 3426 2633 3483 Pecator
2652 3441 2796 3494 sum,
2820 3443 2854 3484 ο
2889 3427 3409 3484 misericordissime
3461 3423 3617 3483 Jesu.
3662 3425 3911 3483 Miserere

2332 3523 2460 3589 mei,
2498 3524 2591 3595 qui
2633 3540 2741 3581 non
2771 3523 2967 3580 venisti
2996 3537 3195 3578 vocare
3231 3520 3433 3591 iustos,
3462 3523 3558 3578 sed
3605 3531 3914 3592 peccatores

2330 3614 2552 3686 (Matth.
2583 3633 2659 3681 ιιι,
2704 3615 2815 3684 15).
2841 3613 3020 3680 ,Fons
3063 3625 3247 3685 puteus
3292 3614 3473 3668 domui
3517 3612 3690 3669 Dauid
3734 3613 3912 3686 (ludi.

2333 3722 2456 3773 XIII,
2489 3708 2564 3780 l),
2596 3722 2817 3779 appare,
2850 3715 2909 3761 et
2934 3704 3233 3773 eil'undere,
3265 3716 3321 3760 et
3356 3704 3517 3762 ablue
3566 3722 3677 3761 me.
3730 3704 3916 3761 Pateus

2332 3814 2392 3854 es
2412 3798 2556 3854 enim
2597 3798 2849 3854 omnibus
2893 3797 3204 3854 sitientibus
3237 3806 3308 3865 te,
3339 3806 3395 3852 et.
3440 3812 3636 3853 omnes
3679 3798 3913 3852 omnium

2332 3904 2459 3945 vere
2478 3880 3077 3960 poenitentium'sordes
3103 3888 3303 3956 abluis,
3340 3889 3576 3946 reddens
3603 3889 3711 3956 eis,
3736 3904 3771 3944 o
3796 3889 3913 3945 dul-

2333 3983 2549 4037 ciss:me
2564 3969 2713 4049 Jesu,
2737 3982 2936 4037 bonum
2952 3997 3050 4052 pro
3074 3980 3238 4047 malo,
3266 3982 3466 4036 donum
3489 3996 3590 4052 pro
3612 3982 3912 4052 iniquitate,

2335 4075 2586 4130 meritum
2628 4088 2726 4144 pro
2749 4073 2968 4150 delicto,
2998 4088 3098 4145 pro
3120 4073 3365 4129 facinore
3402 4073 3701 4143 justitiam,
3723 4083 3777 4129 et
3799 4091 3914 4144 gra-

2335 4166 2465 4219 tiam
2494 4181 2592 4235 pro
2624 4165 2804 4235 culpa.
2850 4165 3121 4234 Expertus
3167 4174 3254 4220 est
3306 4164 3410 4220 hoc
3442 4179 3541 4221 rex
3580 4164 3774 4232 David,
3828 4165 3913 4234 qui

2333 4257 2603 4327 ptenitens
2643 4272 2673 4312 a
2700 4256 2892 4312 nuntio
2942 4266 3036 4313 tuo
3081 4256 3328 4313 audivit:
3361 4255 3625 4313 Dominus
3661 4260 3914 4313 transtulit

2333 4362 2601 4423 peccatum
2627 4362 2777 4407 tuum
2804 4370 2837 4406 a
2868 4364 2939 4418 te,
2975 4369 3081 4408 non
3109 4353 3350 4408 morieris
3406 4352 3494 4421 (ll
3520 4351 3652 4424 Reg.
3679 4369 3776 4418 ιιι,
3801 4353 3911 4422 ξε).

2265 4450 2317 4513 ι),
2337 4444 2391 4498 ln
2419 4454 2470 4499 te
2500 4458 2736 4514 namque
2763 4444 2906 4500 lotus
2925 4454 3011 4500 est
3039 4444 3294 4516 lacrymis
3315 4445 3675 4517 paenitentia,
3696 4456 3751 4502 et
3770 4460 3915 4500 utnu-

2335 4538 2497 4595 datus
2516 4547 2602 4596 est
2634 4555 2664 4594 a
2686 4539 2914 4595 maculis
2934 4540 3119 4611 gravis
3174 4540 3367 4611 culpat.
3421 4540 3539 4596 Tua
3574 4541 3840 4612 siquidem
3865 4542 3913 4593 iu

2334 4645 2402 4686 eo
2432 4630 2695 4687 munditia
2725 4632 2932 4687 crimen
2984 4632 3112 4687 lavit
3171 4632 3448 4698 adulterii,
3486 4641 3547 4688 et
3598 4633 3767 4703 pietas
3798 4648 3916 4687 cru-

2310 4722 2611 4787 delitatem
2639 4724 2874 4779 extersit
2915 4724 3213 4781 homicidii.
3240 4725 3297 4781 in
3324 4735 3381 4780 te
3422 4736 3692 4798 purgatus
3732 4736 3813 4781 est
3836 4725 3916 4779 ille

2336 4816 2588 4886 princeps
2614 4817 2982 4885 apostolorum
3012 4818 3106 4889 qni
3137 4832 3325 4874 amare
3367 4817 3521 4873 ﬂevit
3556 4819 3707 4890 quod
3741 4818 3915 4873 tintide

2338 4911 2575 4981 negavit.
2605 4910 2658 4966 ln
2695 4921 2749 4967 te
2785 4912 2952 4968 etiam
2990 4912 3081 4968 illa
3124 4912 3333 4968 famosa
3390 4915 3697 4982 peccatrix,
3723 4928 3755 4970 o
3803 4912 3917 4967 fons

2338 5004 2627 5072 purissime
2653 5013 2707 5061 et
2735 5004 3068 5071 dulcissime,
3092 5004 3339 5061 dealbata
3364 5014 3515 5065 tanta
3541 5008 3739 5063 meruit
3757 5004 3913 5059 fatui-

2341 5093 2578 5153 liaritate‘
2613 5096 2804 5153 donari
2845 5107 2906 5152 ut
2941 5097 3077 5170 ipsis
3114 5098 3371 5168 apostolis
3395 5114 3598 5155 novam
3628 5109 3730 5155 tua:
3754 5111 3921 5153 resur-

2341 5189 2599 5245 rectionis
2624 5188 2854 5262 gloriam
2875 5199 2931 5246 et
2959 5191 3108 5261 prior
3133 5190 3362 5255 videret,
3390 5200 3445 5246 et
3472 5191 3559 5246 eis
3577 5206 3701 5245 eam
3722 5204 3921 5243 annun-

2341 5280 2519 5334 tiaret.
2552 5278 2610 5334 ln
2642 5289 2694 5335 te
2717 5294 2935 5352 quoque
2964 5279 3054 5335 ille
3094 5282 3385 5336 mundatus
3419 5288 3529 5344 est,
3554 5281 3675 5348 qui,
3697 5279 3846 5351 juxta
3872 5287 3923 5330 te

2341 5370 2396 5425 in
2428 5383 2599 5425 cruce
2617 5370 2880 5439 pendens,
2911 5370 3040 5424 dum
3071 5377 3127 5423 et
3154 5384 3214 5424 se
3241 5369 3404 5441 digna
3457 5366 3626 5425 factis
3663 5366 3923 5437 recepisse

2340 5461 2678 5531 recognovit,
2705 5468 2763 5515 et
2792 5467 2843 5515 te
2873 5462 2927 5515 in
2965 5468 3058 5515 tuo
3081 5474 3251 5531 regno
3274 5459 3357 5515 sui
3382 5459 3588 5515 habere
3617 5455 3927 5514 ntemoriata

2311 5572 2315 5576 ι
2340 5547 2520 5621 petiit,
2542 5548 2726 5604 statim
2756 5564 2788 5603 a
2819 5557 2871 5604 te
2899 5548 3089 5605 audire
3112 5549 3331 5604 meruit.
3362 5549 3530 5602 Amen
3552 5549 3671 5602 dico
3692 5545 3805 5611 tibi,
3836 5544 3927 5597 b-

2342 5643 2428 5719 ἄιε
2455 5659 2653 5698 mecum
2678 5643 2782 5699 eris
2809 5643 2865 5698 in
2895 5638 3151 5714 paradiso
3174 5639 3330 5715 (Luc.
3370 5656 3533 5711 unt,
3564 5639 3679 5713 43).
3706 5637 3771 5693 Et
3797 5643 3930 5709 φοι

3940 99 4022 283 η
