4060 6292
214 306 317 365 "773

1595 285 2129 357 uenrrartons‘s.

3375 314 3481 371 ΤΗ

217 420 267 474 ia
292 426 358 483 tc,
380 413 465 486 pie
493 412 643 481 Iesu,
672 413 914 479 quotidie
953 412 1298 499 illustrantur
1354 418 1411 466 et
1465 410 1780 476 abluuntur,
1808 414 1861 487 Ἀ
1887 411 2016 483 quid
2052 415 2217 470 habet
2238 418 2416 474 omnis
2443 428 2691 475 creatura
2718 421 2930 477 deceris
2954 431 3003 478 ct
3030 426 3218 496 pretii.
3253 426 3321 483 Et
3349 426 3477 499 quid

204 512 277 564 de
297 508 524 564 tenebris
548 508 615 561 ad
643 506 838 572 lucem,
862 514 919 562 et
946 506 1013 561 de
1036 494 1290 560 sontibus
1306 504 1376 559 ad
1424 504 1778 560 munditiam!

214 598 423 669 Suscipe
455 613 543 653 me
571 598 661 653 ditt
701 598 1041 654 exsulantem
1078 614 1107 652 a
1135 607 1207 652 te.

279 690 502 745 Dulcedo
534 690 760 756 vitat-dat
793 690 1002 746 sanitas
1031 706 1137 746 non
1169 689 1356 754 fallax,
1389 705 1424 746 o
1466 701 1602 745 bone
1630 688 1781 751 Iesu,

210 786 356 857 225
387 786 431 841 si
460 786 514 840 in
553 801 721 841 carne
746 785 1036 851 seminavi,
1081 784 1212 855 quid
1264 786 1331 840 de
1383 799 1550 840 carne
1583 797 1783 838 metam

213 882 304 936 nisi
328 878 756 947 corruptionem?
781 877 848 932 Et
870 878 917 933 si
943 876 1202 932 mundum
1223 876 1409 941 dilexi,
1436 889 1599 946 quem
1621 891 1688 931 ex
1718 890 1784 929 eo

210 972 402 1040 capiam
428 968 698 1024 fructum?
721 968 963 1039 Triplex,
989 968 1214 1022 Domine
1237 968 1397 1032 Deus,
1427 965 1664 1022 solebam
1692 982 1781 1021 re-

207 1060 252 1129 gi
277 1058 594 1131 Babylonico
616 1058 927 1128 persolvere
980 1058 1240 1114 tributum
1266 1058 1319 1113 in
1381 1057 1615 1114 nefando
1667 1057 1785 1127 ejus

206 1151 470 1221 obsequio.
501 1149 835 1222 Obsequium
859 1149 976 1220 ejus
1006 1151 1135 1221 quid
1159 1160 1262 1218 est,
1302 1151 1406 1207 nisi
1465 1152 1784 1220 peccatum?

206 1243 478 1299 Tributum
525 1258 657 1299 vero
705 1252 788 1298 est
825 1243 1044 1314 triplex,
1097 1242 1405 1306 delectatio,
1459 1248 1782 1309 consensus,

202 1336 545 1390 consuetudo.
576 1335 642 1390 Et
677 1335 990 1391 solvebatur
1025 1335 1130 1390 hoc
1191 1333 1452 1388 tributum
1488 1333 1556 1389 de
1596 1335 1780 1401 corde,

192 1440 288 1484 'ore
321 1437 375 1483 et
420 1443 606 1499 opere.
644 1422 787 1484 Ecce
816 1422 1012 1498 quibus
1038 1427 1326 1483 ardoribus
1374 1426 1490 1482 hmc
1518 1437 1637 1482 erat
1677 1427 1781 1481 olla

201 1535 473 1586 succensa,
493 1521 647 1592 cujus
670 1521 840 1576 facies
862 1535 892 1574 a
912 1502 1374 1589 facie'aq’uilouis,
1397 1517 1559 1587 cujus
1574 1534 1781 1585 prunas

202 1610 382 1666 ardere
415 1609 548 1666 fecit
576 1612 851 1683 suggestio
880 1610 1196 1680 lto‘stis,‘qui
1240 1605 1439 1667 mentis
1471 1596 1783 1681 ntem'cog-i-

204 1707 335 1752 tatus
368 1701 594 1756 exussit.
622 1682 765 1756 Ecce
788 1682 1101 1756 misericors
1127 1699 1295 1767 Deus,
1338 1715 1467 1756 ecce
1498 1700 1775 1756 funiculus

1888 507 2108 574 mirum,
2126 508 2186 564 .si
2214 511 2397 565 omnia
2425 512 2572 568 solus
2597 514 2898 584 praecellis?
2926 501 3004 571 τὰ
3034 519 3179 574 inter
3200 529 3345 573 astra
3378 535 3478 573 ex-

1885 597 2099 653 cellenti
2125 600 2291 656 solem
2327 602 2574 660 claritate
2604 606 2834 672 vestisti,
2863 617 2917 662 et
2942 608 3142 664 clarior
3166 609 3277 665 sole
3305 616 3363 666 tu
3391 620 3477 666 es.

1866 688 1997 741 .lmo
2021 690 2150 757 quid
2189 700 2272 746 est
2302 692 2401 757 sol,
2431 696 2560 763 quid
2604 704 2689 750 est
2724 699 2901 751 onntis
2928 698 3111 753 ereata
3150 698 3240 754 lux
3287 698 3354 753 ad
3394 700 3470 753 tui

1876 781 2371 850 comparationem,
2407 785 2508 839 nisi
2548 787 2820 842 tenebrae?
2849 789 3068 845 Ornasti
3098 790 3295 846 cmlnm
3331 792 3480 847 side-

1862 869 2058 934 .rihus,
2108 886 2423 944 empyreum
2474 877 2707 946 angelis,
2754 895 2881 935 aera
2926 880 3255 947 volucribus,
3305 897 3479 953 aquas

1884 960 2139 1030 piscibus,
2187 972 2362 1019 terras
2397 964 2603 1033 herbis,
2647 967 2871 1027 ﬂoribus
2913 973 3165 1045 virgulta.
3216 974 3321 1030 Sed
3367 991 3476 1032 non

1884 1061 1969 1107 est
2013 1054 2220 1123 species
2249 1055 2412 1124 ultra,
2447 1073 2622 1130 neque
2649 1061 2814 1117 decor
2857 1062 3112 1120 omnibus
3158 1067 3245 1132 iis,
3297 1069 3351 1122 in
3398 1067 3477 1124 tui

1869 1144 2312 1211 comparatione,
2345 1161 2378 1200 ο
2419 1144 2563 1202 fons
2586 1151 2850 1206 universae
2895 1152 3330 1221 pulchtitudinis,
3365 1156 3477 1212 Do»

1863 1234 2029 1289 “tuine
2070 1234 2217 1292 Iesu.
2275 1237 2412 1293 Melli
2458 1240 2800 1297 dulcedinem
2847 1258 2998 1299 suam
3041 1247 3374 1315 pratstitisti,
3423 1257 3480 1304 et

1885 1323 2093 1379 dulcior
2125 1326 2279 1380 melle
2310 1337 2364 1382 tu
2400 1343 2482 1383 es.
2528 1331 2661 1386 Oleo
2692 1335 3029 1388 suavitatem
3060 1350 3213 1391 suam
3251 1338 3472 1404 dedisti,

1883 1428 1937 1473 et
1981 1422 2204 1475 suavior
2250 1423 2373 1479 oleo
2421 1432 2475 1478 ιιι
2517 1439 2596 1481 es.
2646 1429 2995 1484 Aromatibus
3036 1420 3244 1487 cunctis
3270 1419 3479 1489 'odores

1883 1523 2013 1565 suos
2040 1512 2294 1578 tribuisti,
2324 1523 2380 1569 et
2416 1525 2517 1581 est,
2548 1533 2580 1570 υ
2607 1515 2757 1579 Jesu,
2781 1520 2917 1575 odor
2948 1531 3071 1577 tuus
3100 1538 3264 1594 super
3292 1526 3475 1581 omnia

1882 1610 2126 1655 aromata
2168 1600 2351 1659 Suavis
2381 1615 2434 1659 et
2464 1616 2673 1676 gratus.
2710 1610 2916 1664 Aurum
2962 1611 3102 1666 inter
3139 1615 3322 1669 omnia
3364 1615 3480 1670 me-

1880 1692 2009 1746 talla
2042 1694 2337 1762 pretiosum
2365 1704 2420 1752 et
2451 1698 2736 1767 pulchrum
2777 1702 2830 1755 in
2860 1702 3121 1774 singulari
3155 1707 3475 1765 excellentit

199 1786 382 1856 triplex
406 1785 671 1856 mentem,
694 1790 961 1862 linguam,
985 1805 1190 1862 corpus
1213 1791 1469 1847 ferociter
1481 1791 1772 1863 stringens.

1883 1797 1912 1835 a
1944 1790 1995 1836 te
2021 1782 2297 1839 conditum
2329 1796 2432 1841 est.
2465 1787 2532 1842 Et.
2562 1791 2665 1844 hoc
2693 1791 2820 1859 quid
2843 1772 3344 1865 cst,vcomparatum
3374 1799 3477 1853 im-

199 1872 473 1948 Nuuqnam
501 1888 624 1935 erat
653 1880 706 1935 in
737 1894 825 1935 me
850 1880 1078 1945 sanitas,
1106 1895 1137 1934 a
1186 1881 1369 1950 planta
1407 1881 1561 1951 pedis
1608 1898 1778 1950 usque

194 1968 256 2021 aJ
273 1970 533 2027 verticem
561 1970 722 2043 (Iani.
753 1986 793 2034 t,
836 1971 914 2042 6).
944 1970 1093 2027 Sana
1137 1986 1267 2043 ergo
1288 1971 1526 2026 animam
1582 1974 1774 2040 meam,

193 2061 309 2129 quia
328 2053 543 2132 peccaui
586 2064 679 2118 tibi
705 2062 881 2132 (Psal.
909 2079 1003 2130 ιι,
1031 2063 1108 2133 5).
1137 2062 1248 2119 Fac
1277 2078 1411 2134 ergo
1438 2079 1576 2135 opus
1603 2070 1775 2131 tuum,

192 2150 274 2218 pie
292 2150 446 2218 Jesu,
479 2161 536 2209 et
562 2153 711 2208 salva
742 2168 851 2209 me.
879 2154 1110 2210 Yocaris
1134 2154 1281 2209 enim
1328 2152 1504 2217 Iesus,
1561 2169 1670 2209 non
1707 2155 1778 2211 ob

189 2243 329 2299 aliud
356 2245 462 2300 nisi
492 2246 618 2315 quia
653 2230 707 2300 tu
766 2246 975 2301 salvum
1028 2244 1199 2301 facies
1234 2245 1489 2316 populum
1545 2253 1697 2299 tuum
1746 2262 1779 2301 a

186 2335 426 2401 peccatis
455 2349 645 2390 eorum
684 2320 905 2405 (Matth.
947 2350 984 2396 t,
1019 2333 1135 2404 2|),
1173 2334 1266 2403 qui
1299 2349 1423 2388 cum
1483 2333 1662 2396 Patre.
1722 2330 1779 2389 et

186 2426 394 2498 Spiritu
420 2438 612 2485 sancto
643 2429 781 2486 vivis
806 2438 863 2486 et
888 2444 1085 2499 regnas
1116 2428 1169 2483 in
1194 2428 1394 2485 saecula
1422 2431 1775 2487 saeculorum.

185 2514 379 2575 Amen.
1275 2524 1279 2528 ’
1656 2538 1659 2539 ⁷

707 2608 1083 2666 MEDITA'I‘lO
1117 2609 1259 2666 XIII.
1359 2602 1367 2607 ’
1441 2602 1445 2611 ’

819 2700 892 2776 De
919 2719 1149 2777 Christo.

249 2828 489 2886 Verbum
517 2839 788 2887 secretum
819 2830 949 2885 mihi
972 2838 1058 2887 est
1084 2830 1161 2909 ad
1180 2839 1251 2899 te,
1280 2830 1508 2887 Domine
1536 2832 1632 2897 mi,
1657 2831 1777 2887 Rex

185 2921 769 2989 saeculorum,_Cbriste
798 2920 949 2977 Iesu.
980 2923 1128 2978 Ausu
1159 2923 1445 2978 charitatis
1483 2923 1683 2994 alloqui
1721 2931 1774 2979 te

184 3013 460 3081 pnesumit
485 3012 695 3069 factura
726 3028 920 3069 manus
948 3022 1071 3085 tuas,
1102 3014 1495 3083 concupiscens
1520 3014 1772 3071 decorem

1878 1872 2148 1943 pretiabili
2201 1877 2444 1945 Domino,
2492 1890 2547 1935 et
2590 1882 2866 1938 immensa).
2907 1885 3166 1952 claritati,
3210 1874 3263 1942 in
3310 1905 3471 1959 quam

1880 1965 2193 2023 desiderant
2215 1972 2393 2039 angeli
2428 1972 2775 2042 prospicere?
2801 1974 2949 2045 Opus
2975 1993 3230 2033 manuum
3260 1988 3473 2037 tuarum

1879 2064 1964 2109 est
1991 2056 2172 2112 omnis
2200 2056 2656 2128 lapispretlosus,
2694 2072 2750 2117 et
2789 2065 3161 2121 desiderabilis
3186 2068 3252 2122 ad
3284 2069 3474 2124 viden-

1874 2146 2033 2212 dum,
2070 2146 2306 2215 sardius,
2357 2153 2620 2220 topazins,
2667 2151 2863 2224 jaspis,
2901 2156 3251 2227 chrysolitus,
3303 2172 3469 2231 onyx,

1879 2235 2140 2308 beryllus,
2179 2242 2545 2311 amethystus.
2590 2238 2862 2313 saphirus,
2912 2235 3293 2311 carbunculus,
3325 2248 3473 2304 sma-

1881 2330 2098 2400 ragdus.
2128 2331 2195 2385 Et
2234 2334 2349 2387 tunc
2380 2334 2509 2399 quid
2536 2344 2683 2401 sunt,
2723 2336 2824 2391 nisi
2856 2337 3095 2404 festncze,
3127 2340 3194 2394 ad
3223 2342 3299 2394 tui
3330 2336 3478 2396 cont-

1878 2421 2292 2490 parati0ttem,o
2312 2425 2423 2481 liex
2447 2428 2680 2482 decorus
2704 2429 2863 2484 nimis
2883 2439 2936 2485 et
2959 2431 3186 2486 multum
3211 2434 3478 2490 amanda?

1880 2509 2010 2567 Tua:
2035 2514 2370 2583 operationis
2414 2526 2541 2571 sunt
2584 2532 2812 2585 genuum
2836 2521 2973 2574 νίγοιε
3016 2531 3073 2576 et
3118 2515 3476 2591 immortales,

1879 2603 2100 2672 quibus,
2131 2620 2165 2659 o
2194 2605 2412 2675 sapiens
2446 2606 2778 2674 Architectc,
2812 2609 2866 2663 in
2893 2609 3120 2664 exordio
3146 2608 3314 2665 srecul
3336 2626 3470 2667 :rnm

1879 2696 2058 2749 aulam
2085 2699 2541 2767 superaethcream
2568 2698 2794 2769 pulchre
2818 2699 3138 2764 distinxisti,
3166 2702 3233 2757 ad
3262 2684 3471 2765 laudent

1878 2795 1935 2841 et
1964 2786 2193 2858 gloriam
2227 2788 2424 2844 Patris.

1950 2895 2052 2952 Per
2090 2906 2141 2952 te
2179 2897 2343 2979 millia
2377 2897 2634 2965 millium,
2680 2900 2747 2955 ad
2777 2902 3093 2972 complenda
3137 2904 3314 2963 Patris
3356 2925 3473 2982 my-

1876 2989 2063 3055 steria,
2096 2990 2260 3045 alacri
2297 2990 2542 3047 discursu
2566 2991 2774 3065 jugiter
2807 3004 2988 3051 meant
3017 2997 3159 3052 inter
3186 2999 3384 3055 coelum
3411 3012 3472 3057 et.

185 3110 348 3172 tuum,
382 3115 440 3162 et
466 3105 660 3161 audire
689 3114 742 3162 te
770 3106 1029 3179 gestiens.
1059 3082 1392 3162 'Desiderate
1422 3106 1602 3162 cordis
1642 3110 1768 3174 mei,
1800 3109 1847 3172 C
1881 3090 2100 3179 'fm‘m'
2125 3082 2281 3154 quaSi
2308 3099 2439 3179 3995
2469 3087 2759 3156 "930m"
2789 3087 2931 3143 ίηιθτ
2955 3087 3192 3145 alveari“
3224 3100 3280 3148 θῑ
3311 3091 3481 3161 αὕθ’εά

184 3208 456 3267 usquequo
486 3197 770 3252 sustinebo
799 3196 1101 3253 absentiam
1133 3198 1318 3252 tuam?
1363 3196 1653 3269 Usquequo
1685 3200 1771 3253 in-

182 3286 492 3353 gemiscam,
524 3293 579 3341 et
605 3285 830 3342 stillabit
855 3295 977 3356 post
1006 3298 1059 3341 te
1083 3274 1275 3343 oculus
1302 3288 1492 3343 meus?
1513 3287 1776 3344 Amabilis

181 3364 417 3442 Domine,
446 3377 547 3433 ubi
576 3378 827 3434 habitas?
859 3377 959 3435 Ubi
990 3387 1073 3433 est
1102 3378 1464 3434 diversorium
1512 3388 1684 3447 tuum,
1719 3382 1772 3434 in

180 3482 278 3538 quo
304 3468 462 3527 laetus
488 3470 771 3526 recumbis
800 3470 943 3525 inter
969 3468 1323 3527 charissimos
1355 3479 1497 3534 tuos,
1523 3478 1579 3524 et
1606 3471 1776 3525 satias

180 3574 265 3615 eos
306 3563 757 3619 manifestatione
790 3561 975 3633 gloriae
1016 3563 1160 3618 tute?
1205 3561 1379 3630 Quam
1426 3560 1580 3627 felix,
1611 3578 1773 3632 quam

178 3650 412 3720 illustris,
442 3670 619 3725 quam
650 3663 893 3719 sanctus,
922 3662 1123 3726 quanta
1155 3654 1489 3725 appetentius
1512 3653 1774 3710 aviditate

178 3740 317 3799 locus
346 3746 437 3800 ille
477 3744 698 3800 deifica:
727 3743 1040 3815 voluptatis,
1089 3743 1239 3799 locus
1281 3745 1599 3815 perennium
1631 3746 1772 3801 deli-

177 3834 405 3893 ciarum!
439 3838 571 3893 Non
602 3837 834 3892 accessit
858 3835 1046 3891 oculus
1069 3850 1242 3901 meus,
1275 3850 1450 3905 neque
1479 3837 1773 3905 appropin-

176 3928 350 3993 quavit
383 3944 483 3984 cor
526 3944 706 3984 meum
742 3942 913 3997 usque
941 3928 1009 3982 ad
1040 3926 1441 3982 multitudinem
1468 3925 1772 3982 dulcedinis

178 4023 498 4089 tamquam
559 4018 888 4075 intrinsecus
935 4016 1269 4073 abscondisti
1315 4015 1441 4071 [iliis
1481 4017 1606 4073 tuis.
1644 4016 1772 4072 Solo

177 4107 285 4176 ejus
321 4106 489 4167 odore
541 4107 677 4165 foris
716 4118 990 4180 utcunque
1029 4114 1320 4163 sustentor.
1368 4106 1770 4177 Spiramentum

182 4198 454 4255 suavitatis
503 4208 616 4254 ttue
644 4198 712 4252 de
757 4197 1051 4268 longinquo
1086 4197 1234 4252 venit
1275 4195 1343 4250 ad
1388 4210 1496 4263 me,
1539 4211 1661 4266 qum
1688 4205 1773 4250 est

182 4288 302 4344 mihi
328 4304 496 4362 super
518 4290 749 4347 odorem
779 4289 1005 4345 balsami
1034 4297 1089 4344 et
1114 4288 1464 4360 fragrantiam
1504 4287 1678 4343 thuris
1706 4303 1770 4343 ac

183 4382 431 4450 myrrhae,
458 4380 756 4450 omnisque
779 4380 993 4449 generis
1014 4380 1201 4435 suavia
1228 4380 1605 4435 odoramenta.
1628 4377 1767 4434 Con-

182 4471 539 4542 cupiscentias
564 4472 795 4528 mandas
820 4472 964 4542 parit
989 4473 1042 4527 in
1067 4487 1175 4539 me,
1198 4486 1428 4542 quarum
1449 4480 1529 4526 est
1553 4471 1767 4527 adustio

182 4563 360 4632 dulcis,
391 4568 485 4622 vix
526 4564 816 4639 portabilis
847 4573 1047 4619 tamen.
1080 4562 1220 4629 Quid
1260 4563 1400 4617 enim
1438 4562 1567 4618 mihi
1608 4573 1682 4619 est
1714 4565 1768 4617 in

181 4658 334 4715 caelo?
370 4658 556 4733 (Psal.
591 4674 764 4726 um,
795 4656 911 4728 25.)
948 4656 1081 4726 Quis
1105 4666 1190 4711 est
1220 4655 1504 4712 thesaurus
1531 4670 1684 4711 meus
1712 4656 1765 4710 in

181 4745 259 4801 illa
291 4750 484 4807 cadica
528 4748 706 4805 cella?
748 4762 869 4818 quae
909 4755 995 4802 est
1040 4744 1331 4800 haereditas
1372 4758 1492 4800 mea
1539 4745 1591 4799 in
1624 4754 1767 4823 terra

177 4839 503 4896 viventium?
552 4840 744 4895 Nonne
787 4838 1037 4893 Christus
1084 4836 1343 4892 Dominus
1385 4850 1557 4901 meus,
1610 4836 1765 4890 unica

178 4930 315 4988 salus
352 4948 498 5000 mea,
549 4942 722 4988 totum
767 4931 966 4987 bonum
1016 4943 1216 4994 meum,
1247 4926 1464 4999 plenum
1511 4927 1766 4999 gaudium

177 5025 385 5080 meum?
436 5025 508 5080 Et
555 5022 826 5095 quomodo
873 5029 1062 5091 potero
1102 5020 1383 5095 continere
1425 5032 1519 5074 cor
1563 5031 1765 5084 meum,

176 5111 414 5182 Domine,
446 5125 512 5172 ut
556 5129 666 5172 non
707 5098 852 5169 amet
882 5113 966 5170 te?
1005 5111 1063 5169 Si
1105 5127 1212 5168 non
1243 5125 1498 5169 amavero
1538 5102 1611 5179 te,
1639 5112 1768 5183 quid

176 5204 399 5263 amabo?
449 5206 511 5264 Si
567 5204 894 5262 transtulero
943 5216 1186 5259 amorem
1232 5218 1411 5259 meum
1458 5217 1490 5258 a
1540 5210 1625 5268 te,
1679 5202 1766 5258 ubi

175 5295 348 5367 ipsum
392 5299 566 5371 digne
608 5296 919 5353 collocabo?
966 5293 1353 5352 Desiderabilis
1399 5293 1648 5362 Domine,
1676 5294 1766 5350 ubi

173 5404 322 5449 extra
365 5402 422 5469 te
473 5390 887 5461 requiescerent
928 5387 1197 5446 desideria
1246 5387 1400 5464 mea?
1449 5386 1508 5445 Si
1556 5387 1766 5459 uspiam

175 5492 326 5541 extra
354 5493 410 5541 te
450 5484 652 5557 pedem
678 5482 935 5540 extendat
958 5495 1115 5538 amor
1139 5495 1314 5549 meus,
1359 5480 1596 5552 pollutus
1625 5481 1764 5547 erit;

174 5572 218 5630 si
259 5590 292 5631 a
341 5584 395 5632 te
442 5574 843 5633 declmaverint
887 5572 1154 5631 desideria
1205 5586 1349 5639 mea,
1400 5587 1536 5626 vana
1585 5582 1763 5647 erunt.

173 5660 361 5737 Nonne
388 5676 450 5723 tu
496 5663 750 5722 amabilis
776 5674 836 5722 et
876 5663 1247 5721 desiderabilis
1285 5678 1346 5719 es
1391 5678 1556 5733 super
1585 5664 1766 5719 omnia

176 5770 291 5828 quae
312 5758 489 5815 amari
522 5751 762 5830 possunt
778 5766 833 5814 et
863 5755 1198 5813 desiderari?
1222 5755 1318 5810 abs
1344 5762 1395 5813 te
1419 5754 1579 5809 habet
1606 5753 1763 5825 quid-

1878 3175 2225 3247 disponentes
2262 3177 2444 3233 omnia
2475 3179 2747 3245 suaviter;
2788 3180 3017 3250 populus
3048 3183 3346 3249 accinctus.
3378 3178 3472 3243 ue-

1877 3267 2058 3324 sciens
2099 3267 2273 3325 labem
2314 3268 2400 3325 vel
2441 3269 2821 3326 iuobedientite
2866 3287 3095 3328 moram.
3127 3273 3232 3329 Per
3262 3285 3315 3332 te
3339 3293 3469 3333 cen-

1878 3368 2000 3414 tena
2042 3359 2222 3416 decies
2266 3360 2460 3416 millies
2497 3361 2713 3417 millena
2744 3363 3007 3419 assistunt
3055 3364 3109 3419 in
3155 3369 3469 3424 sanctuario

1877 3449 2085 3506 ιιι-ιιιιίοἰ
2135 3451 2349 3522 templi,
2402 3452 2743 3510 intendentes
2793 3454 2848 3508 in
2900 3454 3107 3510 vultum
3163 3457 3467 3528 majestatis

1875 3542 2025 3598 c'aro
2048 3551 2102 3598 et
2127 3539 2408 3599 inflexibili
2439 3546 2576 3611 visu,
2619 3561 2684 3601 ac
2723 3552 3082 3616 personantes
3125 3547 3465 3607 harmoniam

1875 3632 2213 3690 iucessabilis
2241 3634 2446 3707 hymni,
2479 3636 2531 3692 in
2556 3637 2784 3708 gloriam
2824 3636 2981 3693 trina:
3010 3646 3066 3692 et
3095 3639 3301 3711 simpla:
3325 3642 3466 3698 divi-

1876 3726 2081 3782 nitatis.
2111 3725 2216 3782 Per
2246 3736 2298 3783 te
2336 3728 2611 3800 seraphim
2642 3729 2822 3798 ardet,
2854 3744 2956 3800 per
2996 3738 3049 3786 te
3077 3731 3356 3789 cherubim
3384 3732 3467 3791 Iu-

1858 3810 1978 3882 'cet.
2002 3824 2110 3889 per
2135 3827 2189 3874 te
2217 3820 2400 3876 throni
2427 3821 2696 3891 judicaut.

1946 3930 2024 3988 Tu
2054 3933 2207 3989 Domi
2249 3949 2312 3989 us
2344 3943 2549 4003 noster,
2580 3933 2718 4004 ignis
2748 3948 2810 3989 es
2847 3934 3079 3991 innocue
3105 3936 3322 4002 ardens,
3351 3949 3404 3994 et
3428 3955 3463 3995 ιι

1875 4031 1979 4077 tua:
2003 4023 2298 4093 divinitatis
2320 4025 2630 4080 immediata
2662 4024 3131 4095 approximatione
3162 4036 3307 4082 tonis
3333 4029 3464 4085 cha-

1874 4116 1945 4169 r't
1961 4125 2032 4170 ite
2061 4115 2277 4187 ignitur,
2302 4123 2358 4171 et
2379 4114 2626 4171 flammea
2652 4115 3033 4171 coruscatione
3056 4120 3286 4173 vcstitur
3305 4134 3464 4175 sat-er

1871 4207 2006 4261 ordo
2027 4206 2323 4276 serapbim,
2349 4207 2441 4277 qui
2469 4215 2526 4262 et
2549 4206 2633 4262 sui
2676 4205 2860 4261 suavis
2888 4206 3122 4262 incendii
3150 4206 3456 4265 exuberan-

1873 4295 2003 4350 tiatn
2042 4295 2246 4367 spargit
2289 4295 2344 4350 in
2393 4304 2620 4350 Cteteras
2659 4294 2756 4350 tibi
2805 4294 3104 4351 militantes
3141 4296 3458 4369 phalangas,

1872 4386 2199 4456 deqnarutu
2236 4385 2571 4457 plenitudine
2613 4393 2895 4456 gustamus
2931 4395 2985 4442 et
3029 4402 3147 4445 nos.
3192 4387 3271 4445 Tu
3316 4389 3463 4453 Deus

1803 4456 1844 4511 θ
1869 4486 2080 4541 noster,
2108 4456 2353 4531 veralux
2382 4490 2462 4543 es,
2489 4484 2544 4532 et
2576 4476 2876 4548 suscipiunt
2905 4487 3117 4535 montes
3141 4479 3338 4551 papula
3368 4491 3460 4535 tuo

1872 4566 2078 4632 lucem,
2109 4568 2238 4622 dum
2288 4568 2571 4623 thesauros
2611 4569 2891 4639 sapientia:
2936 4577 2992 4624 et
3037 4572 3279 4627 scientiae
3322 4573 3373 4626 in
3410 4585 3463 4628 te

1872 4658 2183 4714 reconditos
2212 4658 2282 4714 ad
2309 4658 2581 4715 intuentes
2611 4667 2664 4714 te
2686 4675 2717 4715 e
2737 4660 2918 4715 vicino
2939 4663 3126 4716 oculos
3154 4664 3456 4727 cherubim,

1868 4767 1969 4822 per
1998 4761 2050 4808 te
2080 4753 2254 4825 ipsum
2283 4752 2430 4825 large
2453 4751 2703 4814 effundis.
2727 4762 2781 4810 et
2809 4754 3043 4809 derivari
3074 4754 3209 4809 facis
3241 4756 3309 4809 ad
3342 4755 3462 4809 illu-

1870 4844 2156 4899 minandas
2194 4843 2575 4899 subordinatas
2605 4843 2711 4899 illis
2739 4843 2941 4899 electas
2977 4844 3253 4912 lampades
3287 4843 3459 4901 adlui—

1870 4934 2057 4991 rabilis
2098 4933 2429 4992 tabernaculi
2463 4935 2561 5001 tui,
2595 4950 2715 5003 qua:
2745 4943 2869 4988 ante
2915 4933 3105 4987 faciem
3152 4942 3320 4997 tuam,
3356 4933 3460 4988 Do-

1870 5028 2035 5095 mine,
2073 5024 2586 5097 inexstinguibiliter
2623 5025 2826 5080 lucent.
2872 5022 2952 5078 Tu
2998 5022 3112 5078 Rex
3160 5010 3381 5094 regum,
3403 5031 3461 5080 et

1868 5114 2038 5171 Iudex
2066 5112 2311 5184 iudicum
2347 5130 2539 5186 magne
2561 5121 2615 5168 et
2643 5110 2951 5178 metuende,
2983 5111 3226 5169 exre'sts
3254 5112 3457 5170 insides

1873 5206 2116 5272 thronos,
2142 5205 2313 5261 solam
2339 5220 2500 5276 super
2521 5220 2579 5260 se
2601 5202 2862 5259 habentes
2881 5203 3254 5259 celsitudinem
3282 5213 3453 5270 tuam,

1869 5296 2029 5353 sedes
2050 5295 2203 5352 vivas
2222 5306 2276 5351 et
2296 5308 2509 5359 suaves,
2528 5294 2927 5364 pacatissimas,
2951 5307 3285 5364 summaeque
3308 5301 3457 5347 tran-

1869 5387 2151 5459 quillitatis
2200 5384 2571 5441 uniformitate
2617 5394 2956 5456 compactas,
3004 5397 3102 5455 per
3151 5390 3203 5439 te
3243 5384 3449 5441 discer-

1868 5462 2059 5533 nentes
2083 5476 2201 5532 vias
2224 5474 2488 5537 veritatis.
2516 5488 2613 5544 per
2643 5483 2695 5529 te
2715 5472 3025 5543 judicantes
3049 5471 3252 5543 judicia
3281 5474 3453 5543 tequi-

1872 5568 2018 5624 tatis.
2044 5565 2361 5622 Dominator
2387 5548 2634 5641 Domine,
2666 5572 2716 5619 te
2742 5562 3173 5618 dominationum
3205 5562 3452 5619 sublimi-

1870 5669 1954 5716 tas
1980 5668 2169 5714 sancta
2211 5642 2427 5725 adorat,
2460 5655 2719 5727 singulari
2764 5653 2955 5712 liberal
2978 5663 3089 5711 tate
3126 5654 3364 5712 animum
3399 5657 3452 5710 in

1869 5752 2051 5808 divina
2087 5749 2408 5820 extendens,
2439 5757 2603 5821 atque
2643 5747 2787 5807 inter
2825 5746 3146 5820 prtenobiles
3176 5745 3310 5803 aula:
3350 5753 3457 5802 tua:
