4060 6292
574 282 681 341 775

932 280 991 335 S.
1033 278 1332 337 ANSELMI
1376 275 1723 335 CANTUAR.
1768 271 2083 329 ARCHIEP.
2115 268 2265 325 OPP.
2300 265 2478 323 PARS
2518 265 2578 319 ll.
2622 296 2690 305 —
2720 264 3089 321 P;\R.~E.\'ET.
3134 265 3219 321 ET
3246 265 3492 323 ASCET.

3746 266 3862 323 776

574 399 788 464 heroes,
830 406 936 468 ’ρει-
980 405 1032 451 te
1071 396 1363 466 primatum
1410 409 1577 465 agens
1623 391 1719 446 al.i
1770 388 1991 445 dominii
2041 387 2159 442 sine
2187 384 2231 441 Α
2262 380 2580 453 purissimas
2620 380 2854 437 chordas
2896 381 2950 435 in
2994 379 3154 447 cmlo,
3201 396 3324 453 qua:
3370 381 3505 436 nihil
3556 381 3707 439 triste
3752 400 3864 438 un-

548 488 860 546 ‘altitudine
906 487 1095 542 fastus.
1145 483 1335 541 Nobile
1361 484 1528 540 decus
1569 482 1899 554 principum,
1946 495 2043 551 per
2087 487 2157 547 te,

576 579 804 639 Domine
845 576 988 633 Deus
1015 592 1194 642 meus,
1222 575 1398 631 celsus
1433 575 1569 631 ordo
1615 573 2015 644 principatuum
2042 570 2161 625 sine

576 672 837 729 invidiosa
889 668 1252 739 praecellentia
1308 668 1648 739 principatur
1698 681 1860 735 super
1910 663 2160 719 militiam

576 760 718 824 eteli,
744 761 832 816 cui
872 760 941 815 ad
983 759 1249 830 explenda
1293 760 1474 814 divina
1518 757 1796 829 mysteria,
1834 755 1989 825 juxta
2035 770 2159 825 per-

574 861 783 924 eeptam
812 853 1138 911 intrinsecus
1170 853 1351 909 cordis
1394 853 1469 906 tui
1513 850 1941 922 dispositionem,
1989 848 2161 903 dulcis

574 946 871 1017 magisterii
904 946 1105 1016 praebet
1137 945 1412 1001 ducatum.
1462 943 1578 999 Tua
1625 952 1713 998 est
1757 942 2021 1011 potentia,
2066 956 2161 1011 po-

575 1045 833 1095 testatum
864 1035 1108 1100 Domine,
1138 1036 1499 1106 prementium
1532 1035 1583 1089 in
1613 1032 1862 1087 ﬂammeo
1890 1031 1995 1088 telo
2024 1032 2158 1087 colla

576 1128 954 1183 tartaricorum
1002 1127 1331 1197 principum,
1372 1134 1430 1181 et
1474 1134 1526 1180 te
1572 1126 1624 1179 in
1658 1124 1767 1179 illis
1794 1132 2043 1179 metuunt
2070 1137 2155 1186 ne,

573 1226 837 1285 quantum
869 1215 1076 1279 volunt,
1102 1216 1318 1271 valeant
1352 1215 1615 1287 perlicere
1644 1214 1846 1269 malum
1881 1214 1952 1269 ob
1981 1214 2162 1284 perni-

573 1304 713 1359 ciem
741 1313 1003 1360 nostram.
1036 1303 1150 1360 Tua
1177 1312 1279 1371 est,
1316 1319 1349 1359 ο
1374 1304 1545 1358 virtus
1572 1302 1769 1366 Patris,
1800 1303 1981 1357 omnis
2011 1303 2163 1357 miri-

575 1392 792 1449 ﬁcentia
815 1394 1099 1450 beatarutn
1126 1394 1407 1461 virtutum,
1442 1410 1671 1463 quarum
1708 1394 1888 1464 agitur
1914 1392 2158 1448 ministe-

575 1486 679 1549 rio,
710 1494 764 1540 ut
798 1494 849 1541 te
875 1486 1101 1542 miretur
1126 1500 1288 1541 omne
1314 1486 1590 1549 saeculum,
1618 1495 1671 1541 et
1699 1487 2081 1541 obmutescens
2107 1486 2160 1540 in

573 1573 912 1629 mirabilibus
944 1576 1046 1629 tuis
1076 1575 1343 1630 exclamet
1379 1583 1432 1629 et
1467 1575 1614 1629 dicat
1643 1592 1655 1627 :
1690 1572 1881 1630 Omnia
1912 1592 2161 1645 qumcun—

570 1681 671 1736 que
697 1665 855 1720 voluit
904 1665 1180 1728 Dominus,
1209 1666 1328 1735 fecit
1359 1668 1412 1718 in
1441 1666 1565 1721 caelo
1593 1676 1639 1721 et
1668 1667 1721 1719 in
1748 1676 1908 1730 terra,
1942 1666 1995 1719 in
2026 1666 2162 1721 muri

569 1764 618 1807 et
663 1754 717 1808 in
757 1753 994 1808 omnibus
1036 1755 1239 1823 abysst's
1279 1754 1450 1823 (Psal.
1482 1770 1699 1820 cxxxrv,
1732 1755 1813 1825 6).
1845 1754 1958 1812 Tua
1985 1766 2091 1820 est,
2125 1772 2160 1810 ο

572 1845 745 1902 dulcis
773 1845 922 1913 .lesu,
952 1848 1353 1917 magniﬁcentia
1384 1847 1858 1918 archangelorum,
1885 1848 1937 1903 in
1966 1848 2161 1918 quibus

572 1936 756 1991 multa:
775 1936 1103 2008 dignationis
1121 1952 1257 2007 opus
1276 1946 1533 2007 operatur
1563 1937 1870 2007 benignitas
1896 1947 2013 2004 tua,
2034 1939 2158 1993 dum

573 2037 685 2083 tam
735 2027 998 2099 gloriosos
1045 2028 1228 2097 palatii
1282 2029 1359 2083 tui
1414 2027 1674 2099 Satrapas
1726 2029 2003 2084 destinare
2052 2044 2159 2085 non

572 2118 785 2187 spernis
811 2118 864 2172 in
891 2119 1008 2174 haec
1035 2118 1219 2174 mundi
1249 2118 1489 2182 inﬁrma,
1517 2118 1585 2174 ad
1607 2118 2005 2190 suﬂ‘ragandum
2032 2135 2152 2190 par-

570 2208 723 2262 vitati
747 2219 969 2274 nostrae,
991 2209 1085 2279 qui
1104 2210 1405 2279 comparati
1431 2225 1619 2266 sumus
1642 2209 1775 2275 luto,
1796 2218 1853 2265 et
1879 2211 2159 2266 assimilati

571 2296 769 2353 favilla:
808 2308 864 2353 et
904 2297 1097 2355 cineri.
1132 2297 1236 2352 Per
1280 2298 1378 2353 hos
1404 2299 1600 2369 quippe
1631 2308 1723 2354 tuo
1759 2296 1913 2366 jussu
1948 2314 2160 2355 summa

574 2398 778 2445 nostrae
804 2390 1013 2445 salutis
1070 2390 1520 2446 administrantur
1562 2391 1797 2461 negotia,
1842 2406 2161 2462 summaque

570 2480 739 2551 226
781 2479 1003 2550 superni
1042 2479 1251 2536 consilii
1302 2480 1369 2534 ad
1421 2495 1520 2535 nos
1564 2479 1882 2535 deferuntur
1926 2495 2158 2547 arcana;

570 2587 667 2642 per
707 2572 804 2625 hos
832 2571 1096 2627 sanitates
1137 2571 1446 2626 mortalium
1494 2579 1879 2642 procreantur;
1918 2586 2017 2642 per
2063 2572 2163 2627 hos

570 2660 1069 2733 consistuntregua
1106 2669 1164 2716 et
1193 2660 1419 2731 imperia
1450 2661 1661 2727 mundi.
1690 2660 1836 2716 luter
1861 2677 1998 2732 quos
2026 2677 2153 2731 prte-

570 2750 789 2821 cipuum
828 2752 1075 2807 novimus
1106 2761 1256 2805 tuttm
1289 2751 1629 2817 Michaelem,
1661 2752 1979 2821 signiferum
2009 2754 2162 2807 nobi-

571 2840 703 2906 lem,
731 2841 852 2895 cmli
884 2841 1079 2906 civem,
1108 2842 1199 2910 qui
1246 2849 1353 2893 stat
1399 2856 1495 2909 pro
1538 2842 1653 2896 acie
1696 2842 1787 2897 Dei
1814 2842 2041 2896 viventis
2069 2858 2162 2896 cx-

548 2926 551 2929 ’
576 2932 800 2985 tendens
824 2932 1149 2999 romphream
1175 2931 1642 3001 propugnationis,
1671 2948 1733 2986 ac
1762 2948 1893 2988 voce
1925 2934 2159 2989 terriﬁca

575 3020 848 3086 in:onaus,
892 3022 1006 3089 quis
1055 3030 1107 3073 ut
1158 3019 1335 3075 Deus?
1383 3036 1544 3089 super
1588 3038 1681 3077 eos
1715 3023 1807 3094 qui
1838 3039 1900 3078 ex
1935 3024 2162 3080 adverso

574 3100 719 3166 sunt.
754 3111 859 3167 Sed
891 3119 944 3166 et
974 3112 1059 3166 illa
1094 3112 1328 3167 felicium
1371 3114 1683 3185 angelorum
1728 3117 1978 3172 amabilis
2007 3119 2161 3175 inno-

573 3205 771 3271 centia,
799 3221 975 3260 nonne
1004 3207 1300 3277 pretiosum
1324 3222 1461 3277 Opus
1489 3208 1776 3279 digitorqu
1812 3218 2025 3266 tuorum
2055 3222 2163 3277 est,

569 3309 603 3349 ο
644 3294 737 3349 Dei
777 3296 1081 3366 sapientia?
1133 3296 1284 3352 Unde
1315 3299 1592 3353 exornasti
1637 3314 1731 3355 eos
1777 3302 1929 3370 quasi
1981 3302 2162 3356 incor-

571 3387 807 3456 ruptibili
838 3389 1096 3443 vestitura
1130 3389 1182 3443 in
1213 3389 1298 3443 die
1325 3406 1432 3460 qua
1466 3392 1753 3447 condidisti
1796 3409 1914 3458 eos,
1948 3393 1999 3448 in
2028 3410 2163 3464 opus

573 3476 713 3531 sacri
746 3477 1028 3531 ministerii
1077 3480 1173 3532 tui.
1223 3479 1287 3532 lli
1334 3491 1463 3535 sunt
1490 3483 1613 3535 viva
1644 3482 1821 3537 sidera
1865 3486 2164 3554 superioris

575 3567 720 3631 cmli,
764 3568 875 3622 lilia
915 3570 1188 3623 interioris
1216 3571 1478 3638 paradisi,
1526 3588 1664 3627 rosa:
1708 3573 1965 3643 plautatm
2004 3592 2166 3647 super

556 3656 772 3727 aquam
816 3658 982 3723 Siloe,
1019 3675 1136 3728 quae
1178 3659 1292 3714 ﬂuit
1325 3678 1446 3715 cum
1491 3663 1726 3729 silentio,
1771 3665 1863 3719 tibi
1905 3669 2163 3723 mentium

579 3748 851 3803 radicibus
880 3749 1229 3828 immobiliter
1259 3751 1486 3817 luerent.
1518 3752 1561 3807 Ο
1592 3753 1788 3810 ﬂumen
1816 3758 1987 3826 pacis,
2013 3774 2046 3813 o
2070 3759 2163 3814 dc-

576 3839 822 3895 liciarum
858 3841 973 3911 agri
1006 3842 1158 3903 odor,
1194 3858 1227 3896 o
1257 3843 1523 3919 sapientia
1552 3844 1666 3900 sola
1695 3862 1886 3919 gyrum
1914 3850 2034 3904 cmli
2060 3851 2168 3904 eir-

556 3934 781 3999 A'cuiens,
815 3950 880 3988 ex
921 3943 973 3989 te
1017 3919 1220 3999 lucent,
1259 3918 1524 4002 candent,
1572 3918 1764 3993 rubent
1808 3918 1859 3994 in
1902 3943 2107 4012 sapient
2134 3959 2163 3997 a

578 4025 767 4088 multa,
811 4025 863 4079 in
893 4026 1141 4080 castitate
1177 4026 1440 4096 virginea,
1468 4028 1521 4082 in
1554 4030 1839 4085 charitatis
1881 4033 2165 4090 ardoribus

554 4117 943 4186 ‘sempiternis.
974 4102 1188 4171 Florida
1216 4118 1333 4173 haec
1354 4118 1632 4197 juventus,
1660 4121 1903 4185 Domine,
1938 4124 2166 4180 ﬁdeliter

574 4205 673 4259 tibi
705 4207 757 4260 in
786 4216 971 4261 nostra
1014 4206 1333 4263 inﬁrmitate
1363 4210 1622 4276 deservit,
1656 4212 1783 4267 dum
1817 4214 1869 4267 iu
1897 4215 1980 4270 his
2012 4226 2161 4272 tene-

574 4298 691 4354 bris
736 4301 921 4355 umndi
970 4316 1188 4371 gressus
1238 4311 1454 4357 nostros
1504 4306 1845 4377 pzedagogica
1900 4309 2163 4362 manudu-

2264 487 2424 543 quam
2452 480 2772 528 sonuerunt.
2799 470 2983 543 Tange
3006 480 3063 528 et
3108 472 3269 527 istaut
3298 472 3566 527 decimam
3606 488 3862 542 gravem,

2264 566 2416 636 cujus
2463 569 2713 639 superior
2758 568 2977 636 quidem
3024 567 3201 637 portio
3226 567 3341 636 jam
3388 577 3655 635 pet-tracta
3700 567 3773 623 ad
3814 578 3864 622 te

2264 660 2506 715 laetitiam
2533 670 2713 726 sonat,
2742 659 2968 715 inferior
2992 661 3171 715 adhuc
3197 669 3353 733 terra:
3374 660 3600 717 astricta
3632 670 3865 721 uicestos

2263 752 2412 807 novit
2439 753 2665 809 roboare
2693 767 2882 809 sonos.

2332 842 2537 899 Cuncta
2575 844 2792 898 virtutis
2822 853 2927 901 tum
2953 859 3142 914 opera,
3170 860 3203 899 o
3250 844 3342 898 Dei
3381 841 3687 913 Unigcuite,
3719 843 3862 897 dum

2260 942 2469 990 attenta
2514 942 2693 990 mente
2733 935 3045 998 considero,
3092 943 3319 1005 stupens
3357 948 3682 1003 expavesco,
3720 933 3860 1003 quia

2264 1025 2492 1080 multum
2518 1040 2614 1094 per
2633 1040 2851 1080 omnem
2881 1027 3101 1082 modum
3126 1026 3181 1080 in
3203 1026 3286 1082 eis
3308 1025 3577 1096 gloriosus
3601 1039 3858 1094 appares.

2264 1114 2451 1185 Magna
2475 1116 2646 1179 enim,
2671 1115 2896 1186 pulchra
2934 1125 2992 1170 et
3022 1117 3161 1171 bona
3199 1126 3324 1172 sunt
3356 1116 3532 1180 valde,
3554 1116 3652 1179 sed
3676 1118 3741 1172 ad
3782 1118 3858 1171 tui

2262 1205 2747 1274 comparationem,
2779 1206 2935 1274 quasi
2972 1205 3199 1284 nihilum
3229 1216 3283 1262 et
3317 1206 3479 1262 inane
3513 1216 3858 1277 reputanutr.

2263 1295 2394 1351 Coeli
2424 1305 2477 1349 et
2502 1304 2670 1361 terra,
2698 1306 2754 1350 et
2781 1297 2958 1353 omnis
2976 1308 3206 1353 ornatus
3229 1313 3445 1367 eorum,
3476 1310 3527 1357 te
3550 1311 3776 1357 auctore
3810 1308 3862 1357 et

2264 1386 2626 1455 gubernatore
2651 1388 2969 1452 subsistunt,
3004 1398 3062 1444 et
3105 1397 3160 1445 te
3196 1400 3474 1460 potentem
3506 1401 3572 1448 et
3610 1400 3858 1445 metuen-

2264 1478 2411 1543 dum,
2442 1478 2739 1549 sapientem
2772 1487 2827 1534 et
2870 1479 3177 1549 pulchrum,
3226 1481 3425 1536 bonum
3469 1492 3524 1537 et
3568 1482 3858 1537 amabili-tn

2262 1570 2441 1626 omnia
2478 1572 2793 1640 prmdicaut,
2826 1582 2882 1628 et
2907 1585 3167 1642 quantum
3212 1573 3303 1628 lux
3342 1575 3615 1640 tenebras,
3644 1583 3860 1629 tantum

2265 1668 2460 1713 cuncta
2506 1660 2653 1715 solus
2685 1661 2966 1731 prmcedis.
3006 1660 3076 1715 Et
3114 1669 3170 1715 tu
3211 1662 3265 1716 in
3308 1663 3451 1717 cmlo
3485 1671 3738 1718 servatus
3775 1679 3859 1725 es,

2195 1728 2237 1785 Β
2268 1749 2409 1803 Deus
2440 1764 2615 1814 meus,
2646 1728 2854 1806 merces
2893 1750 3033 1806 servi
3073 1751 3171 1819 tui,
3205 1752 3319 1822 ipse
3361 1753 3518 1807 dator
3559 1761 3613 1808 et
3644 1752 3859 1819 donum

2262 1834 2473 1905 salutis,
2499 1855 2662 1910 quam
2689 1856 2719 1895 a
2749 1850 2800 1897 te
2824 1850 3104 1911 exspectat
3124 1842 3303 1897 anima
3334 1858 3474 1900 mea.
3499 1842 3565 1897 Et
3588 1861 3622 1898 α
3652 1853 3707 1897 te
3734 1842 3858 1914 quid

2263 1930 2422 1985 voluit
2450 1948 2604 2001 super
2624 1932 2858 1987 terram?
2880 1932 3053 2001 (Prol.
3082 1949 3252 1997 tun,
3278 1933 3394 2005 25.)
3416 1933 3557 2002 Quid
3579 1934 3771 1991 volvor
3797 1935 3863 1995 de

2262 2021 2401 2077 ctelo
2443 2021 2496 2076 in
2537 2024 2826 2079 centrum?
2866 2023 3004 2091 Quid
3050 2024 3264 2091 melius,
3308 2028 3439 2096 quid
3484 2026 3777 2082 amabilius
3808 2038 3857 2082 te

2262 2114 2564 2169 existimavi
2593 2130 2755 2186 super
2778 2124 2996 2180 terram,
3040 2124 3099 2170 ut
3134 2117 3512 2174 abstraherem
3545 2134 3641 2172 cor
3674 2133 3855 2173 meum

2262 2218 2292 2255 a
2319 2212 2389 2267 te,
2416 2204 2483 2259 ad
2506 2205 2997 2276 concupiscendum
3021 2207 3316 2277 quidquam
3346 2208 3400 2261 in
3424 2210 3627 2263 umndo
3650 2210 3861 2279 absque

2266 2295 2351 2349 te?
2387 2294 2498 2350 Cur
2537 2296 2739 2363 amavi,
2770 2303 2939 2366 quare
2974 2297 3261 2367 concupivi
3301 2299 3354 2352 in
3395 2298 3555 2353 omini
3590 2299 3702 2353 vita
3744 2314 3859 2352 mea

2263 2385 2597 2456 quidquam,
2645 2396 2842 2457 praeter
2884 2396 2935 2443 te
2976 2385 3159 2444 .lesutn
3207 2388 3376 2445 Deum
3420 2390 3637 2444 meum!
3683 2389 3860 2461 Quare

2267 2476 2475 2542 distuli,
2506 2492 2605 2531 cur
2633 2477 2900 2533 intermisi
2940 2479 3047 2534 ullo
3076 2489 3315 2551 tempore
3356 2491 3429 2545 te,
3457 2481 3609 2547 .lcsn,
3642 2497 3873 2551 versare

2266 2568 2319 2623 in
2350 2571 2532 2635 corde,
2569 2579 2619 2624 te
2650 2580 2761 2625 tota
2787 2580 2969 2626 mente
3001 2572 3275 2643 amplcc1i,
3304 2583 3357 2627 et
3380 2574 3651 2629 delectare
3687 2575 3739 2628 in
3771 2584 3859 2628 tua

2264 2660 2546 2716 du'ccdine
2585 2661 2765 2715 omnia
2799 2662 3060 2716 interiora
3093 2663 3315 2733 spiritus
3352 2665 3490 2719 mei?
3540 2663 3642 2719 Ubi
3686 2681 3861 2727 eram,

2266 2755 2482 2822 quando
2515 2764 2692 2808 tecum
2734 2762 2914 2809 mente
2957 2770 3063 2808 non
3102 2755 3292 2808 cram?
3340 2756 3457 2821 Quo
3500 2755 3861 2820 deﬂuxerunt,

2267 2845 2481 2915 quando
2510 2861 2616 2899 non
2649 2854 2701 2899 te
2731 2844 2904 2900 solum
2940 2846 3244 2899 habuerunt
3276 2846 3544 2901 desideria
3575 2848 3735 2901 mea?

2339 2936 2481 2991 Deus
2505 2938 2630 2991 vita:
2658 2952 2813 3002 mem,
2838 2952 3000 3006 quam
3028 2952 3165 2992 vane
3187 2946 3503 3008 consumpta
3532 2948 3678 3003 sunt,
3702 2954 3865 3007 quau

2269 3027 2562 3083 infructose
2605 3027 2786 3097 elapsa
2839 3038 2963 3082 sunt
3014 3037 3255 3099 tempora
3306 3044 3458 3094 mea,
3505 3044 3626 3100 qua?
3665 3029 3861 3084 dedisti

2267 3119 2397 3174 mihi
2427 3128 2485 3173 ut
2512 3119 2743 3174 facerem
2772 3120 3100 3174 voluntatcult
3133 3129 3277 3173 tuam
3308 3120 3359 3174 in
3387 3121 3486 3185 eis,
3509 3130 3562 3175 et
3593 3137 3700 3175 non
3728 3122 3866 3175 feci?

2268 3211 2464 3278 Quanti
2501 3212 2649 3276 anni,
2682 3221 2813 3280 quot
2848 3214 2991 3266 horae
3025 3213 3301 3282 perierunt
3337 3212 3475 3283 apud
3516 3228 3622 3275 me,
3664 3212 3717 3266 in
3745 3213 3866 3283 qui-

2267 3304 2369 3357 bus
2408 3303 2524 3357 sine
2566 3302 2741 3357 fructu
2792 3304 2899 3357 vivi
2944 3319 3124 3357 coram
3176 3303 3261 3357 te?
3308 3303 3373 3357 Et
3419 3305 3693 3374 quomodo
3738 3304 3865 3358 sub-

2268 3393 2493 3447 sistam?
2525 3392 2805 3458 Quomodo
2848 3393 3029 3447 levare
3065 3402 3253 3464 potero
3292 3396 3479 3448 oculos
3518 3409 3670 3449 meos
3702 3395 3755 3448 iu
3786 3393 3865 3447 fa-

2268 3485 2403 3537 ciem
2433 3494 2576 3537 tuam
2606 3483 2656 3536 in
2686 3483 2774 3538 illo
2798 3499 2991 3553 magno
3015 3484 3263 3538 examine
3288 3493 3402 3549 tuo,
3425 3484 3472 3537 si
3509 3485 3861 3539 rememorari

2263 3573 2489 3645 jusseris
2533 3575 2717 3629 omnia
2762 3584 2989 3645 peccata
3033 3590 3172 3638 mea,
3215 3575 3298 3628 vel
3347 3585 3586 3644 tempora
3629 3591 3769 3635 mea,
3813 3584 3865 3629 et

2267 3667 2502 3722 fructum
2545 3667 2856 3735 requisieris
2899 3666 3267 3737 singulorum?
3306 3666 3713 3722 Patientissime
3758 3665 3862 3719 Pa-

2270 3767 2370 3823 ter,
2405 3774 2507 3813 non
2538 3756 2632 3812 ﬁat
2654 3759 2774 3824 hoc,
2801 3760 2891 3812 sed
2919 3760 3031 3813 sint
3055 3760 3105 3813 in
3133 3758 3402 3813 oblivione
3430 3773 3616 3813 coram
3648 3768 3724 3821 te,
3746 3773 3866 3827 qua:

2267 3849 2476 3918 perdidi
2523 3857 2788 3919 tempora,
2822 3850 2957 3903 heu!
3015 3849 3177 3904 multa
3232 3850 3415 3903 nimis.
3466 3850 3609 3903 Etsi
3654 3865 3774 3920 qum
3814 3860 3864 3902 te

2262 3942 2486 4011 juvantc
2517 3941 2723 3995 utiliter
2760 3942 2995 4005 servavi,
3034 3958 3283 4011 quorum,
3320 3956 3351 3994 ο
3389 3941 3640 3999 Domine.
3666 3955 3861 3994 nume-

2269 4047 2362 4085 rus
2397 4032 2581 4086 brevis
2616 4040 2720 4095 est,
2759 4032 2813 4084 in
2855 4034 3116 4086 memoria
3156 4042 3355 4086 mterna
3388 4031 3472 4086 fac
3511 4045 3861 4101 permanere;

2271 4120 2383 4185 ﬁat,
2415 4123 2644 4176 amande
2692 4122 2874 4185 Pater,
2922 4123 3113 4177 saltem
3159 4123 3261 4177 hoc
3296 4123 3571 4176 residuum
3605 4122 3866 4190 temporis

2270 4211 2374 4265 mei
2406 4210 2741 4266 fructuosum
2774 4218 2828 4265 et
2858 4211 3252 4265 sanctificatum
3286 4211 3337 4264 in
3368 4211 3542 4280 gratia
3578 4220 3691 4273 tua,
3723 4219 3781 4260 ut
3811 4209 3863 4261 in

2268 4301 2461 4356 diebus
2481 4300 2802 4354 aeternitatis
2826 4300 3067 4354 inveniat
3099 4300 3295 4366 locum,
3328 4309 3380 4354 et
3409 4299 3773 4370 computahile
3796 4297 3867 4351 sit

558 4388 759 4443 ’ctione
785 4388 989 4458 dirigit,
1012 4389 1137 4443 dum
1167 4390 1390 4445 hostiles
1420 4392 1668 4447 incursus
1692 4409 1720 4446 a
1749 4394 1903 4448 nobis
1933 4397 2162 4465 repellit,
2196 4410 2242 4468 ι)
2270 4401 2394 4443 ante
2424 4399 2496 4445 te.
2530 4388 2649 4443 Jam
2679 4404 2745 4444 ex
2794 4390 2893 4443 hoc
2925 4406 3067 4444 nunc.
3100 4391 3280 4444 omnia
3322 4392 3593 4446 desideria
3626 4408 3741 4447 mea
3780 4395 3866 4446 in-

576 4478 705 4532 dum
745 4480 1037 4533 voluntatis
1072 4489 1175 4534 tua:
1204 4493 1413 4536 secreta
1455 4483 1610 4536 nobis
1654 4484 1889 4548 nuntiat,
1928 4486 2052 4539 dum
2098 4489 2164 4541 ad

557 4569 719 4623 ‘bona
752 4583 977 4639 qumque
1024 4580 1232 4625 mentes
1272 4570 1563 4626 dissolutas
1596 4576 1835 4637 roborat,
1876 4575 1999 4630 dum
2042 4592 2165 4631 ora-

580 4661 785 4715 tionum
846 4675 1152 4737 nosuarum
1210 4662 1559 4734 thymiamata
1616 4665 1682 4720 ad
1720 4682 1888 4741 varam
1945 4683 2164 4724 auream

576 4752 861 4817 transfert,
908 4762 963 4806 et
1010 4752 1201 4807 faciem
1251 4754 1323 4822 pii
1377 4753 1556 4809 Patris
1600 4770 1698 4826 pro
1747 4756 1902 4811 nobis
1952 4774 2167 4829 semper

575 4853 787 4899 exorat.
820 4842 920 4909 lta,
950 4843 1037 4913 pie
1066 4841 1255 4909 Pater,
1283 4844 1349 4897 de
1379 4844 1534 4921 nobis
1564 4845 1721 4915 longe
1748 4847 1923 4901 adhuc
1962 4849 2169 4919 agenti-

574 4937 676 4993 bus
719 4937 899 5006 aliqua
949 4937 1043 4991 tibi
1086 4952 1217 4991 cura
1265 4946 1369 4991 est.
1417 4937 1486 4990 Et
1531 4937 1575 4991 si
1625 4938 1753 5008 quid
1796 4940 1954 5013 pretii
2006 4941 2167 4996 habet

556 5020 833 5084 :drachma
877 5028 1085 5084 decima
1129 5029 1257 5082 olim
1298 5043 1328 5082 e
1368 5026 1488 5082 Sinu
1532 5036 1623 5083 tuo
1665 5028 1877 5097 elapsa,
1922 5040 1978 5083 et
2015 5028 2167 5086 "nunc

578 5125 793 5179 tandem
842 5123 895 5177 in
940 5122 1215 5178 laboribus
1248 5122 1354 5177 tuis
1400 5122 1838 5192 requisita,‘hoc
1884 5124 1981 5188 tui,
2026 5123 2167 5177 bonc

575 5212 720 5275 Jesu,
752 5212 823 5282 pii
849 5220 933 5267 est
958 5213 1217 5266 muneris.
1259 5212 1314 5267 Si
1346 5213 1475 5282 quid
1510 5211 1803 5267 dulcisona:
1830 5213 1975 5266 vocis
2006 5212 2168 5266 habet

558 5307 693 5360 'luec
725 5304 933 5360 decima
972 5305 1175 5358 chorda
1208 5304 1405 5359 divina:
1452 5303 1796 5369 laudationis,
1830 5304 1930 5358 hoc
1960 5313 2081 5359 tuus
2111 5305 2163 5359 in

568 5396 641 5451 'ca
678 5396 861 5461 suavis
900 5404 1182 5450 contactus
1211 5404 1492 5464 operatur,
1525 5396 1649 5450 dum
1690 5396 1742 5450 in
1789 5395 2045 5466 psalterio
2076 5396 2168 5452 de-

581 5489 849 5545 cachordo
896 5488 1080 5561 psallis
1125 5489 1349 5560 gloriam
1398 5488 1595 5543 Patris.
1645 5488 1821 5544 Psalle
1866 5498 1920 5542 ut
1958 5489 2163 5560 psallis,

568 5576 829 5646 Domine,
862 5578 1138 5633 inodulare
1165 5578 1321 5635 dulce
1354 5579 1521 5635 melos
1545 5579 1695 5633 Patri
1728 5578 2001 5634 velocibus
2032 5580 2166 5634 arti-

582 5667 719 5721 culis
762 5667 1167 5722 multiformium
1212 5670 1535 5748 gratiarum.
1575 5670 1759 5739 Tange
1810 5685 2001 5726 novem
2050 5658 2168 5733 illas

2270 4481 2545 4546 calescite,
2590 4490 2646 4536 et
2686 4480 2885 4537 eﬂluite
2932 4480 2984 4536 in
3034 4482 3318 4538 Dominum
3366 4482 3588 4549 Iesum;
3638 4487 3863 4549 currite,

2269 4575 2402 4629 satis
2450 4576 2712 4629 hactenus
2760 4576 3057 4630 tardastis?
3112 4586 3397 4647 properate
3447 4592 3558 4647 quo
3610 4579 3861 4649 pergitis,

2269 4668 2494 4737 qamrite
2523 4682 2683 4738 quem
2716 4667 2981 4738 qumritis.
3027 4666 3209 4722 Iesum
3237 4670 3472 4738 quu’ritis
3519 4669 3863 4724 Nummium

2269 4758 2578 4822 cruciﬁxum
2613 4758 2810 4827 (Marc.
2849 4775 2959 4824 xvr,
2992 4759 3069 4830 6).
3110 4761 3368 4814 Ascendit
3407 4760 3458 4814 in
3490 4762 3720 4827 ccc-lum,
3758 4778 3863 4813 non

2269 4862 2341 4906 est
2372 4852 2452 4905 hic
2482 4850 2679 4922 (t'bid.).
2708 4849 2822 4904 Non
2863 4862 2946 4907 est
2984 4851 3071 4905 ubi
3109 4860 3254 4918 erat;
3301 4868 3404 4906 non
3446 4862 3532 4907 est
3553 4855 3647 4908 ubi
3686 4853 3865 4907 nobile

2269 4954 2431 5013 caput
2459 4959 2615 4998 suum
2656 4943 2922 4999 reclinare
2963 4959 3068 4997 non
3106 4952 3346 5012 poterat;
3381 4959 3486 4997 nou
3517 4954 3602 4998 est
3630 4944 3716 4997 ubi
3746 4959 3865 4997 amo

2270 5035 2475 5091 hulavit
2506 5035 2558 5089 ln
2584 5034 2762 5089 medio
2794 5024 3187 5099 tribulationis,
3214 5034 3451 5105 repletus
3481 5036 3861 5106 despectione;

2271 5143 2374 5183 non
2420 5135 2503 5183 est
2550 5126 2640 5181 ubi
2689 5127 2842 5181 stetit
2883 5125 3208 5194 judicandus
3256 5137 3381 5180 ante
3432 5124 3628 5181 faciem
3674 5127 3862 5191 Pilati;

2272 5233 2376 5272 non
2407 5225 2489 5271 est
2515 5206 2604 5269 ubi
2637 5215 2791 5270 stetit
2826 5224 3040 5284 spretus
3083 5223 3138 5269 et
3168 5214 3358 5268 illusus
3385 5230 3572 5269 coram
3619 5214 3866 5280 Herode;

2270 5323 2377 5363 non
2407 5316 2489 5361 est
2521 5305 2612 5360 ubi
2650 5306 2907 5376 pependit
2944 5316 3263 5377 consputus,
3294 5322 3491 5371 cars-us,
3526 5308 3869 5369 vulneratus,

2270 5408 2324 5454 et
2354 5412 2544 5454 cruore
2588 5396 2838 5467 perfusus
2868 5396 2920 5449 in
2955 5396 3134 5450 medio
3160 5394 3599 5458 'sceleratorum;
3636 5406 3874 5451 nonest

2270 5490 2359 5545 ubi
2383 5486 2552 5557 jacuit
2584 5486 2761 5556 lapide
2787 5486 3024 5550 clausus,
3047 5494 3103 5539 et
3131 5486 3374 5557 gentium
3401 5486 3595 5541 militia
3628 5488 3878 5541 custodi-

2274 5591 2379 5637 tus.
2406 5580 2509 5636 Ubi
2539 5586 2774 5633 vcroest
2798 5579 3206 5633 amantissimus
3231 5577 3481 5632 Domini?
3504 5572 3707 5633 habitat
3732 5593 3871 5632 erm-

2250 5674 2503 5729 ﬂdeuter
2530 5680 2585 5726 et
2618 5667 2889 5740 ﬂagellum
2934 5683 3042 5724 non
3076 5660 3474 5740 appropinquat
3512 5666 3878 5725 tabernaculo
