4060 6292
226 329 304 382 ΓιἹ
1539 312 2062 372 lliiDlTATIONES.

3348 316 3456 373 773

217 437 336 505 ejus.
390 433 563 503 super
613 432 946 488 altitudinem
999 431 1288 496 caelorum,
1347 445 1507 501 super
1560 445 1775 485 omnem
1807 436 1854 495 Α
1884 429 2134 498 gaudium
2171 427 2336 494 sit,o
2376 428 2574 495 Maria,
2617 428 2886 502 virginum
2930 429 3081 499 virgo
3133 429 3461 501 singularis,

205 526 566 584 excellentiam
604 527 947 595 angelorum,
1000 525 1213 595 propria
1265 524 1462 577 virtute
1508 524 1770 586 ascendit,

215 636 362 692 super
392 619 582 673 solium
611 618 903 687 singularis
936 617 1116 688 gloria:
1143 617 1196 670 in
1227 617 1414 670 dextra
1459 613 1657 681 Patris,
1688 617 1773 670 cui

217 720 496 766 coaeternus
523 717 578 763 et
616 707 1095 763 consubstantialis
1125 707 1297 772 sedet,
1333 715 1390 761 et
1428 706 1609 760 divino
1636 705 1774 760 ami-

203 802 562 866 .ctnsluminc,
595 811 888 856 coronatus
935 799 1105 868 gloria
1151 810 1203 854 et
1250 801 1473 862 honore,
1521 807 1580 852 ut
1623 798 1779 854 decet

217 892 548 962 Unigctlilum
575 892 691 955 Dei,
724 906 947 946 serenus
977 891 1030 944 iu
1065 890 1272 954 lietitia,
1309 890 1498 958 plenus
1528 889 1776 958 omnipo-

215 993 429 1050 tentatu,
476 984 732 1038 Dominus
781 984 833 1037 in
878 983 1017 1038 caelo
1045 992 1100 1038 et
1143 982 1196 1036 in
1241 991 1403 1036 terra.
1445 981 1518 1036 lbi
1551 982 1780 1036 adorant

213 1092 322 1130 eum
345 1092 531 1131 omnes
559 1077 730 1145 angeli
759 1076 874 1142 Dei,
903 1084 958 1130 et
986 1075 1236 1130 universa
1268 1073 1556 1128 multitudo
1582 1074 1778 1128 civium

199 1165 433 1219 redeatis
467 1166 616 1220 Sion.
649 1165 704 1219 In
749 1166 863 1235 ipso
889 1166 1221 1219 unanimiter
1261 1165 1513 1218 laetantur
1539 1164 1780 1218 omnium

213 1254 383 1317 corda,
422 1254 476 1307 in
507 1253 640 1321 ejus
665 1253 1005 1309 tlesidcrabili
1032 1253 1176 1310 facie
1206 1262 1502 1324 pascuntur
1539 1253 1782 1306 omnium

211 1345 339 1402 oculi
369 1347 651 1401 bonorum.
678 1346 732 1400 In
765 1348 936 1416 ipsum
962 1347 1197 1414 undique
1218 1344 1494 1400 conﬂuunt
1517 1345 1785 1399 desideria

211 1437 440 1490 onmium
497 1447 843 1503 sanctorum,
901 1437 998 1506 ipsi
1047 1437 1273 1507 jubilat,
1332 1436 1430 1506 ipsi
1491 1437 1784 1504 ap;:laudit,

213 1527 380 1597 ipsum
425 1529 734 1598 magniticat
776 1538 882 1581 tota
915 1529 1136 1583 urauica
1177 1529 1389 1588 civitas,
1430 1527 1659 1597 gloriosa
1694 1541 1789 1597 per

204 1635 417 1674 omnem
451 1623 665 1675 modum
702 1622 753 1674 in
784 1621 1158 1690 splendoribus
1185 1621 1317 1690 ejus.

202 1756 209 1765 .
279 1711 502 1766 Exsulta
538 1722 585 1765 et
617 1712 797 1776 lauda,
833 1713 1085 1765 habitatio
1130 1713 1280 1778 Sion,
1317 1712 1440 1782 quia
1477 1728 1696 1782 magnus
1735 1712 1789 1766 in

1880 535 1999 576 rosa
2030 521 2234 576 cmliete
2264 521 2614 588 amoenitatis,
2643 521 2989 592 prielueidum
3020 520 3169 576 sidus
3194 521 3336 576 inter
3359 524 3467 592 pri-

1880 625 2078 667 tnmvas
2121 612 2372 668 lucernas
2407 614 2572 668 divini
2621 613 2843 669 luminis
2887 615 3242 684 susceptivas.
3270 613 3326 667 In
3372 623 3464 668 tuo

1877 705 2003 763 Jesu
2031 707 2141 764 ﬁlio
2168 707 2485 764 dulcissimo
2513 708 2625 764 sola
2657 715 2768 778 prie
2791 707 3040 762 omnibus
3071 707 3243 778 gaude
3267 708 3467 778 gaudio

1880 791 2094 870 magno,
2122 799 2246 870 quia
2285 815 2444 870 quem
2489 807 2548 854 ut
2581 800 2855 856 hominem
2901 799 3185 872 peperisti,
3221 807 3279 854 et
3345 813 3480 869 ιιι-ος.

1880 893 2015 962 priis
2037 892 2294 946 uberibus
2335 891 2604 954 enutristi,
2637 892 2808 962 ipsum
2857 905 2979 947 cum
3006 887 3211 961 angelis
3253 896 3311 943 et
3347 889 3468 944 uni.

1881 981 2054 1036 versis
2080 981 2288 1036 civibus
2312 981 2434 1035 εαξη
2470 981 2664 1036 adoras
2691 989 2748 1034 ut
2774 982 2948 1036 Deum
2974 981 3154 1050 vivum
3180 989 3234 1036 et
3259 991 3468 1037 verum.

1869 1074 2090 1137 ‘Gattde,
2120 1073 2244 1128 felix
2281 1081 2478 1138 mater,
2513 1074 2636 1143 quia
2673 1089 2832 1144 quem
2875 1073 3054 1130 vidisti
3098 1075 3150 1128 in
3175 1073 3320 1145 ligno
3341 1071 3471 1129 cru-

1867 1165 1965 1218 ‘cis
2012 1165 2360 1233 pendentem,
2392 1165 2544 1220 vides
2580 1165 2631 1218 in
2681 1163 2820 1220 caelo
2851 1172 3167 1234 regnantem
3203 1179 3325 1220 eum
3357 1164 3474 1236 glo-

1890 1256 1964 1308 ria
2013 1271 2224 1324 magna,
2268 1257 2416 1312 vides
2462 1272 2677 1310 onmem
2731 1257 3068 1311 altitudinem
3121 1257 3422 1312 ctelestium
3453 1298 3469 1320 ,

1891 1349 2249 1411 terrestrium,
2266 1357 2321 1401 et
2343 1347 2673 1402 infernorum
2701 1348 2968 1419 majeslati
2993 1349 3109 1418 ejus
3130 1347 3474 1413 inclinatam,

1889 1450 1937 1490 et
1983 1453 2142 1491 omne
2189 1438 2353 1491 robur
2405 1437 2744 1492 inimicorum
2791 1437 2909 1504 ejus
2956 1439 3223 1493 attritum.
3267 1437 3476 1492 Gaudia

1892 1529 2209 1598 gaudiorum
2252 1538 2377 1584 sunt
2423 1529 2551 1592 tibi,
2587 1529 2764 1583 omnis
2804 1530 3082 1600 plenitudo
3129 1538 3470 1594 sanctorum,

1892 1623 2046 1676 beata
2099 1619 2434 1675 Hierusalem
2485 1631 2658 1676 mater
2709 1630 2926 1686 nostra,
2955 1633 3075 1691 qua:
3121 1629 3332 1677 sursum
3359 1637 3418 1677 es
3458 1639 3473 1676 :

1893 1712 2237 1768 festivitatem
2271 1728 2366 1782 age
2398 1713 2776 1781 ltetahundam,
2796 1717 2869 1789 {et
2895 1715 3287 1771 iudesinentem
3319 1716 3370 1770 in
3403 1717 3480 1769 vi-

214 1803 374 1856 nmlfo
424 1804 500 1857 tm‘
538 1815 749 1857 sanctus
792 1803 961 1858 Israel
998 1803 1133 1873 (Isa.
1168 1819 1262 1870 xu,
1295 1803 1372 1872 6).
1421 1803 1696 1858 Exsultate
1735 1805 1790 1858 in
1826 1782 1867 1836 Β
1896 1806 2046 1860 sione
2072 1804 2294 1875 pacifica
2329 1805 2401 1858 tui
2439 1803 2565 1860 .Iesu
2606 1782 2873 1864 liberta-tis
2910 1816 3014 1863 tum
3038 1808 3297 1862 auctoris.

199 1893 369 1945 nobili
405 1893 514 1947 lilio
547 1904 744 1957 vestro,
773 1909 867 1947 vos
895 1894 1128 1948 illustres
1158 1895 1498 1963 patriarclne,
1534 1894 1659 1963 quia
1693 1895 1794 1948 im-

200 1983 345 2050 pleta
379 1995 464 2038 est
507 1985 558 2038 in
584 2000 648 2040 eo
677 1985 852 2038 omnis
879 1986 1216 2054 exspectatio
1246 1994 1442 2049 vestra,
1471 1995 1525 2038 et
1555 1985 1668 2054 ipse
1701 2001 1787 2040 su-

204 2075 387 2129 blimis
417 2087 498 2131 est
529 2077 702 2141 valde,
731 2088 776 2130 et
811 2077 1179 2131 benedicentur
1206 2079 1259 2131 in
1287 2079 1420 2146 ipso,
1444 2087 1624 2131 vestro
1647 2078 1793 2132 vidc-

198 2164 334 2220 -licet
379 2169 605 2231 semine,
653 2185 829 2223 omnes
858 2178 1064 2237 gentes;
1101 2168 1180 2222 sic
1223 2168 1366 2222 enim
1411 2168 1683 2238 pollicitus
1714 2178 1798 2225 est

210 2269 390 2318 sermo
413 2258 646 2312 divinus.
670 2258 912 2314 Gaudete
934 2259 986 2311 in
1017 2255 1142 2312 Jesu
1168 2259 1432 2329 propheta
1459 2274 1674 2330 magno,
1699 2275 1796 2316 vos

207 2348 486 2418 prepheta:
511 2348 611 2401 viri
640 2363 882 2412 veraces,
927 2349 1051 2418 quia
1085 2348 1312 2404 mirifice
1342 2358 1395 2403 et
1429 2349 1662 2420 gloriose
1693 2351 1797 2405 im-

203 2438 348 2508 pleta
402 2439 596 2494 videtis
639 2437 840 2507 omnia,
889 2455 1010 2510 quae
1058 2441 1124 2494 de
1177 2441 1290 2511 ipso
1336 2443 1698 2498 annuntiastis
1745 2443 1799 2498 in

195 2530 418 2602 Spiritu
450 2543 661 2598 sancto,
693 2542 750 2588 et
790 2533 978 2588 fideles
1008 2535 1220 2589 inventi"
1243 2535 1374 2590 estis
1403 2550 1501 2606 per
1530 2535 1704 2606 ipsum
1743 2536 1796 2591 in

210 2624 421 2679 cunctis
452 2626 792 2680 sermonibus
817 2627 1028 2682 vestris.
1063 2626 1304 2683 Gaudete
1331 2628 1382 2682 in
1415 2629 1642 2685 Domino
1667 2630 1798 2686 Jesu

205 2716 474 2785 magistro
515 2725 718 2783 vestro,
766 2733 866 2772 vos
912 2718 1095 2790 inclyti
1140 2735 1396 2790 proceres
1445 2721 1598 2787 emli,
1655 2723 1798 2778 beati

213 2806 462 2877 apostoli,
511 2807 736 2876 gaudete
775 2809 827 2862 in
877 2809 1012 2879 ipso,
1044 2818 1099 2863 et
1145 2811 1338 2864 iterum
1385 2811 1526 2877 dico,
1575 2813 1800 2882 gaudete

211 2919 330 2960 eum
360 2905 584 2962 Christo
618 2905 870 2961 familiari
909 2906 1113 2961 lmtitia.
1156 2907 1293 2961 Ecce
1324 2907 1467 2962 enim
1524 2925 1682 2978 quem
1717 2909 1798 2962 vi—

213 2999 366 3058 distis
399 3001 454 3057 in
493 3003 670 3058 medio
695 3003 859 3057 vestri
899 3003 1226 3057 esurientem
1263 3009 1316 3058 et
1355 3003 1647 3071 sitientem,
1679 3003 1801 3057 fati-

207 3101 415 3164 gatum,
448 3101 506 3149 et
551 3094 616 3148 iis
653 3093 849 3148 similia
899 3094 1078 3149 carnis
1117 3093 1326 3148 infirma
1379 3094 1694 3149 tolerantem
1733 3095 1799 3150 ab

211 3185 464 3240 omnibus
496 3185 796 3254 reprobari,
825 3193 879 3240 et
911 3200 1030 3239 cum
1061 3185 1341 3239 sceleratis
1379 3185 1640 3254 reputari,
1665 3201 1799 3256 quo-

215 3274 368 3328 modo
393 3275 550 3340 vicit,
577 3275 848 3346 quomodo
875 3285 1084 3347 regnat,
1109 3275 1380 3346 quomodo
1409 3276 1457 3329 ei
1488 3277 1666 3330 omnia
1699 3276 1800 3330 sub

215 3363 432 3430 pedibus
462 3374 614 3432 sunt,
642 3382 800 3437 quam
827 3367 1090 3438 gloriosus
1123 3365 1174 3420 iu
1202 3380 1301 3419 suo
1332 3366 1569 3420 dominio
1602 3367 1802 3422 lmuiue

211 3454 394 3528 fulget,
423 3467 480 3512 et
527 3457 609 3512 sui
640 3459 841 3530 gaudii;
873 3475 981 3513 sua:
1011 3457 1401 3528 iueﬂlthilisque
1437 3457 1618 3529 glorice
1658 3475 1801 3515 nunc

217 3558 306 3600 vos
333 3549 520 3603 socios
547 3547 729 3613 habet,
763 3549 852 3620 qui
883 3549 1007 3602 olim
1037 3548 1412 3618 permansistis
1442 3564 1562 3602 eum
1603 3551 1716 3620 ipso
1747 3551 1799 3604 in

221 3639 609 3694 tentatiouibus
655 3640 798 3707 suis,
852 3649 905 3693 et
957 3640 1300 3694 vexationum
1358 3639 1474 3710 ejus
1520 3650 1801 3697 consortes

219 3726 407 3784 fuistis.
454 3732 698 3787 Adorate
728 3747 869 3787 nunc
898 3731 1073 3786 dulcia
1103 3733 1189 3786 illa
1227 3748 1398 3802 genua
1431 3747 1550 3802 qua:
1585 3748 1642 3786 se
1672 3749 1798 3787 cur-

219 3833 474 3878 vaverunt
504 3834 631 3879 ante
656 3839 750 3878 vos
774 3839 942 3894 usque
970 3824 1035 3878 ad
1062 3835 1280 3888 terram,
1307 3824 1618 3879 sedentibus
1649 3826 1801 3880 vobis

222 3913 281 3967 ad
307 3917 708 3972 sanctissimam
741 3933 974 3972 emnam.
1006 3919 1239 3973 Adorate
1262 3933 1402 3972 nunc
1431 3927 1802 3974 sacrosanctus

223 4004 329 4060 illas
361 4025 580 4074 manus,
609 4010 804 4078 quibus
832 4009 1105 4080 pulverem
1132 4010 1324 4079 pedum
1355 4019 1655 4072 vestrorum
1688 4010 1801 4066 Rex

223 4112 396 4169 regum
431 4102 619 4156 lavare
646 4110 699 4155 et
741 4110 1024 4171 extergere
1064 4102 1310 4172 dignatus
1339 4111 1440 4155 est.
1471 4101 1713 4158 Gaudete
1748 4104 1802 4158 in

221 4185 361 4253 Jesu,
399 4193 648 4262 principe
684 4192 886 4248 militia:
921 4202 1129 4258 vestrm,
1180 4208 1273 4248 vos
1325 4203 1591 4266 martyres
1639 4196 1802 4250 victo-

218 4279 361 4346 riosi,
388 4287 480 4354 qui
516 4285 692 4354 ipsum
739 4301 838 4354 pro
881 4300 988 4354 quo
1019 4285 1316 4340 tradidistis
1347 4286 1398 4340 in
1429 4297 1654 4341 mortem
1687 4288 1802 4342 ani-

217 4373 331 4427 mas
367 4386 601 4442 vestras,
651 4377 848 4447 ipsum,
899 4377 1139 4446 inquam,
1185 4377 1390 4446 Jesum,
1441 4379 1633 4434 Filium
1685 4378 1799 4445 Dei,

1969 1897 2033 1951 Et
2057 1908 2110 1951 tn
2143 1916 2282 1956 nunc
2313 1918 2525 1956 rursum
2558 1901 2790 1965 elevare,
2828 1900 3005 1954 anima
3037 1914 3175 1961 mea,
3216 1899 3356 1969 quali
3384 1915 3482 1970 po-

1877 1993 1978 2044 ‘tes
2008 2001 2223 2060 conatu,
2257 2002 2313 2048 et
2346 1995 2549 2049 sanctis
2583 2003 2634 2048 te
2669 1993 2854 2063 ingere
2891 1989 3129 2046 millibus
3180 1989 3478 2044 Iretantium

1875 2081 1951 2134 ‘in
1986 2081 2211 2138 Domino
2256 2082 2406 2140 Jesu.
2445 2085 2573 2139 llluc
2617 2081 2742 2138 ﬁdei
2769 2091 2821 2136 et
2864 2080 2978 2152 spei
3013 2079 3264 2136 vehiculo
3293 2095 3478 2150 perge,

1898 2169 1969 2223 1ὴί
2000 2186 2097 2240 per
2139 2174 2419 2229 charitatis
2452 2176 2700 2230 ardorem
2743 2186 3099 2237 conversare,
3128 2172 3218 2225 ubi
3243 2169 3482 2225 Christus

1898 2273 1970 2316 est
1995 2263 2046 2317 in
2068 2265 2278 2319 dextera
2292 2266 2399 2321 'Dei
2431 2268 2613 2321 sedens
2635 2265 2860 2337 (Coloss.
2889 2263 3052 2333 ttt,l).
3089 2262 3310 2319 Intende
3334 2279 3484 2318 men-

1881 2353 1970 2408 tis
1993 2355 2206 2410 oculum
2238 2359 2291 2412 in
2317 2357 2517 2411 lumine
2569 2357 2743 2412 vultus
2770 2357 2904 2426 ejus.
2933 2355 3128 2411 Lustra
3154 2370 3218 2410 ae
3254 2353 3482 2411 deoscu-

1903 2444 2014 2500 lare
2058 2446 2447 2516 gralulalmmla
2498 2450 2784 2504 devotione
2831 2447 3040 2518 singula
3080 2445 3197 2502 lcca
3246 2446 3482 2501 felicium

1901 2537 2177 2608 plagarum
2229 2537 2366 2608 ejus,
2397 2541 2461 2594 de
2496 2540 2693 2610 quilms
2737 2538 2940 2609 egressi
2991 2547 3119 2593 sunt
3156 2537 3376 2607 pretiosi
3405 2537 3482 2591 illi

1902 2626 2138 2698 liquores
2164 2631 2439 2700 sanguinis
2487 2629 2679 2693 sancti,
2709 2643 2816 2701 quo
2855 2637 2908 2682 te
2938 2623 3264 2696 appretiavit
3295 2639 3485 2697 umgc.

1903 2718 2047 2773 nitus
2074 2719 2186 2784 Dei,
2211 2729 2264 2774 et
2294 2720 2651 2775 sanctiﬁeavit
2688 2736 2742 2773 tn
2780 2719 2944 2773 vitam
2996 2727 3279 2774 mteruam.
3330 2714 3481 2779 Jesu,

1901 2815 1990 2882 qui
2032 2826 2137 2866 non
2177 2820 2324 2867 amat
2367 2823 2437 2876 te,
2489 2811 2774 2866 anathema
2805 2810 2892 2866 sit.
2931 2809 3032 2876 Qui
3077 2820 3128 2864 te
3161 2824 3263 2863 non
3319 2817 3484 2869 amat,

1902 2905 2356 2963 amaritudinibus
2383 2903 2673 2974 repleatur.
2699 2901 2895 2957 Castus
2919 2909 3002 2957 est
3026 2916 3180 2955 amor
3204 2909 3349 2965 tuus,
3382 2899 3486 2953 Do—

1903 2999 2068 3066 mine,
2093 3007 2147 3052 et
2180 2996 2310 3052 nihil
2361 2993 2692 3065 impuritatis
2719 2993 2974 3048 admittit.
3009 2993 3238 3049 Sobrius
3273 3000 3357 3046 est
3399 3006 3488 3046 sa-

1905 3103 2002 3160 por
2027 3088 2228 3142 amoris
2258 3087 2357 3151 tui,
2392 3095 2447 3140 et
2493 3083 2691 3139 nullam
2743 3089 2980 3137 mentem
3011 3083 3212 3137 alienat
3241 3096 3269 3136 a
3313 3089 3485 3136 recto.

1903 3179 2097 3237 Suavis
2127 3189 2208 3234 est
2251 3194 2403 3232 amor
2432 3186 2576 3241 tuus,
2597 3187 2649 3230 et
2685 3177 2818 3232 nihil
2845 3177 3006 3232 habet
3033 3174 3202 3228 amari
3239 3189 3252 3227 :
3281 3187 3404 3227 nam
3432 3183 3489 3226 et

1902 3290 2022 3344 quae
2056 3285 2242 3328 amara
2269 3265 2407 3325 'sunt
2456 3269 2668 3330 mundi,
2720 3269 2989 3333 indnlcat;
3027 3275 3081 3321 et
3118 3264 3293 3318 dulcia
3326 3263 3443 3333 ejus
3469 3303 3486 3324 .

1902 3365 2082 3421 reddit
2127 3377 2334 3418 amara.
2373 3359 2522 3417 Inter
2549 3362 2825 3431 angustias
2851 3377 2957 3415 non
2984 3351 3318 3420 coarct'atur,
3346 3356 3488 3410 inter

1901 3470 2188 3527 pressuras
2219 3469 2328 3508 non
2374 3452 2920 3522 comprimitur;non
2962 3449 3101 3520 perit
3131 3448 3232 3502 sub
3280 3444 3487 3515 inopia,

1903 3561 2009 3602 non
2065 3557 2300 3601 maerore
2362 3543 2724 3599 contrahitur.
2774 3542 2828 3597 ln
2893 3541 3170 3598 laboribus
3227 3553 3486 3593 manuum

1901 3635 2244 3706 aequanimis,
2276 3635 2420 3689 inter
2452 3633 2625 3688 minas
2665 3649 2910 3698 securus,
2952 3633 3094 3686 inter
3118 3629 3487 3686 blandimenta

1903 3728 2267 3797 incorruptus,
2309 3725 2450 3780 inter
2485 3734 2753 3780 torxuenta
2795 3731 3105 3794 perseverat
3145 3721 3400 3784 invictus,
3433 3720 3488 3774 in

1902 3827 2078 3872 morte
2105 3833 2319 3888 semper
2346 3825 2428 3871 est
2455 3817 2624 3872 vivus.
2675 3816 2824 3870 Sicut
2864 3816 2917 3870 in
2952 3815 3208 3868 thesauro
3263 3811 3490 3881 rupilus

1904 3908 2120 3978 gaudet,
2152 3917 2206 3962 et
2237 3907 2378 3962 sicut
2409 3907 2460 3960 in
2514 3921 2699 3960 amore
2734 3905 2878 3958 unici
2911 3904 3006 3958 filii
3045 3902 3347 3957 delectatur
3368 3915 3487 3956 ma-

1905 4009 1986 4055 ter
2010 4017 2025 4066 ;
2055 3999 2127 4054 ita
2159 3998 2411 4070 gaudium
2439 4006 2493 4052 et
2529 3996 2678 4052 delec
2705 3996 2814 4049 atio
2843 4005 2925 4049 est
2951 4004 3102 4064 grata
3137 3993 3190 4046 in
3219 3991 3491 4047 charitato

1894 4099 2019 4158 tua,
2043 4091 2212 4147 dulcis
2246 4088 2370 4146 Jesu
2397 4132 2409 4151 ,
2434 4091 2626 4144 animm
2658 4087 2857 4140 amanti
2899 4096 2972 4140 te.
3018 4084 3251 4140 Dulcedo
3283 4081 3486 4142 mellis.

1905 4184 2146 4239 suavitas
2175 4183 2356 4248 laetis,
2392 4179 2499 4234 vini
2536 4179 2810 4234 inebrians
2839 4167 3020 4246 sapor,
3050 4182 3366 4244 cunctarque
3396 4172 3492 4227 de-

1905 4277 2042 4332 liciae
2073 4291 2176 4330 non
2206 4275 2286 4330 sic
2305 4273 2577 4328 oblectant
2605 4270 2782 4326 fauces
2808 4268 3137 4342 gnstantium
3168 4281 3249 4333 se,
3277 4274 3338 4323 ut
3361 4274 3488 4320 tuus

1906 4382 2058 4422 amor
2097 4374 2305 4421 mentes
2333 4362 2669 4432 diligentium
2697 4369 2768 4416 te.

224 4464 505 4528 possidetis
554 4467 833 4536 przemium
881 4468 1194 4523 certaminis
1235 4471 1422 4523 vestri.
1471 4469 1712 4525 Gaudete
1747 4470 1796 4524 in

1975 4457 2020 4515 Ο
2071 4455 2244 4512 dulcis
2280 4453 2432 4520 Jesu,
2465 4453 2584 4507 vive
2623 4452 2778 4524 panis
2832 4450 2993 4506 nimis
3018 4445 3486 4518 'conettpiseibilis.

223 4551 341 4610 Iesu
377 4574 594 4613 summo
627 4559 845 4615 doctore
875 4561 1140 4627 veritatis,
1184 4577 1218 4616 ο
1259 4563 1550 4617 venerandi
1593 4561 1804 4617 confes-

223 4657 368 4701 sorcs
411 4658 468 4704 et
503 4645 774 4716 doctores,
808 4651 932 4720 quia
973 4667 1131 4721 quem
1172 4652 1297 4706 olim
1344 4653 1604 4707 doctrinis
1634 4654 1806 4708 sacris

225 4728 278 4788 et
318 4741 578 4808 operibus
617 4741 779 4812 justis
808 4741 1036 4796 confessi
1082 4742 1214 4799 estis
1247 4757 1430 4796 coram
1477 4743 1802 4806 hominibus,

225 4837 362 4884 nunc
393 4830 689 4885 confitetur
713 4847 808 4887 vos
848 4849 1028 4887 coram
1056 4832 1214 4887 Patre
1243 4848 1340 4886 suo
1375 4842 1430 4886 et
1471 4834 1674 4889 sanctis
1710 4849 1808 4888 an-

227 4917 352 4988 gelis
377 4921 519 4990 ejus.
555 4921 796 4980 Gaudete
822 4926 874 4979 in
909 4925 1032 4979 Iesu
1065 4925 1272 4993 virgine
1307 4935 1363 4979 et
1390 4926 1656 4996 virginum
1682 4941 1810 4981 sau-

228 5009 544 5080 etificatore,
573 5031 666 5070 vos
705 5018 1074 5086 paradisicolae
1107 5019 1359 5091 virgines,
1386 5035 1480 5074 vos
1506 5019 1711 5089 angelis
1737 5021 1810 5076 si-

229 5103 396 5171 miles,
423 5107 552 5176 quia
581 5123 708 5164 ecce
732 5125 890 5179 quem
917 5111 1156 5174 amastis,
1186 5127 1345 5180 quem
1368 5112 1615 5180 optastis,
1646 5126 1805 5181 quem

222 5195 543 5258 ardentibus
577 5200 870 5257 desideriis
911 5203 1222 5273 expetistis,
1274 5219 1370 5274 pro
1416 5187 1571 5272 cujus
1624 5219 1809 5259 amore

222 5293 472 5364 terrenos
494 5307 725 5361 sponsos
745 5303 800 5348 et
827 5309 1039 5348 onmem
1077 5304 1326 5349 ornatum
1360 5296 1539 5350 smculi
1567 5303 1813 5351 contem-

227 5378 437 5446 psistis,
489 5386 684 5440 summi
744 5387 904 5456 Regis
950 5387 1141 5441 Filium
1191 5401 1334 5441 nunc
1386 5387 1613 5452 videtis,
1667 5403 1810 5442 nunc

222 5465 385 5540 227
418 5476 639 5539 tenetis,
667 5491 809 5530 nunc
845 5477 897 5530 in
939 5475 1056 5545 ejus
1089 5476 1253 5530 castis
1295 5474 1631 5544 amplevibns
1659 5475 1811 5546 quie-

229 5561 401 5627 scitis,
440 5573 498 5620 et
533 5566 708 5621 divelli
751 5583 780 5619 a
825 5563 980 5620 vobis
1019 5565 1162 5618 nulla
1213 5563 1546 5618 insidiatoris
1590 5563 1812 5618 fraudu-

227 5651 389 5709 lentia
416 5666 615 5725 potest.

305 5737 504 5803 Verum
565 5751 706 5804 inter
765 5763 956 5803 omnes
1004 5747 1275 5802 cmlicolas
1325 5745 1657 5801 uberrimum
1713 5744 1806 5799 tibi

555 5843 825 5903 ΡΑτιιοι.
867 5838 1139 5900 CLVIII.

1906 4551 2062 4605 botre
2101 4546 2304 4609 suavis,
2331 4543 2509 4599 oleum
2546 4542 2789 4607 inistum,
2811 4541 2959 4596 mitis
2981 4555 3138 4611 agne,
3174 4537 3332 4593 fortis
3379 4536 3487 4603 leo,

1903 4639 2142 4695 formosa
2168 4636 2455 4707 panthera,
2499 4633 2728 4704 simplex
2771 4632 3044 4700 columba,
3081 4633 3240 4687 velox
3285 4629 3486 4700 aquila,

1907 4729 2061 4785 stella
2110 4729 2400 4794 matutina,
2449 4725 2526 4782 sol
2567 4735 2789 4790 aeterne,
2829 4724 3015 4795 angele
3066 4724 3236 4794 pacis,
3286 4720 3489 4776 fontale

1907 4818 2090 4873 lumen
2130 4818 2584 4889 sempiternorum
2628 4815 2923 4881 luminum,
2955 4825 3006 4869 te
3032 4823 3196 4879 amet,
3222 4812 3276 4866 in
3310 4821 3363 4866 te
3391 4811 3488 4867 de-

1906 4907 2154 4972 lectetur,
2186 4917 2240 4962 te
2274 4907 2573 4962 admiretur
2595 4904 2773 4960 omnis
2805 4918 2995 4957 sensus
3031 4904 3201 4957 bonus
3234 4909 3335 4954 tute
3357 4914 3488 4956 con-

1907 5000 2130 5055 veniens
2156 4998 2321 5066 laudi,
2351 4997 2491 5054 Deus
2515 4997 2694 5054 cordis
2721 4994 2850 5063 mei,
2881 5003 2935 5048 et
2959 5009 3086 5064 pars
3124 5007 3243 5047 mea
3269 4991 3488 5047 Christe

1878 5151 1882 5154 ,
1909 5090 2061 5159 Jesu,
2086 5091 2300 5148 deficiat
2327 5105 2420 5146 cor
2452 5105 2633 5144 meum
2669 5087 2860 5158 spiritu
2889 5101 3018 5148 suo,
3046 5093 3104 5138 et
3130 5097 3258 5138 caro
3287 5098 3316 5136 a
3353 5097 3486 5137 con-

1911 5185 2261 5254 cnpiscentiis
2296 5184 2430 5246 suis,
2462 5192 2517 5236 et
2542 5181 2692 5234 vivas
2730 5189 2785 5234 tu
2818 5178 2872 5232 in
2905 5191 3014 5240 me,
3045 5186 3100 5230 et
3142 5173 3489 5242 concalescat

1913 5278 1965 5333 in
1989 5279 2180 5348 spiritu
2217 5291 2338 5330 meo
2363 5273 2517 5327 vivus
2559 5271 2724 5326 carbo
2768 5269 2970 5324 amoris
3003 5265 3101 5329 tui,
3132 5276 3186 5322 et
3207 5277 3492 5323 excrescat

1914 5371 1967 5424 in
1997 5371 2173 5436 ignem
2205 5366 2526 5436 perfectum.
2558 5361 2598 5416 F
2603 5371 2764 5420 aveat
2787 5369 2838 5415 et
2873 5360 3114 5414 enutriat
3137 5357 3284 5414 illunt
3321 5360 3372 5412 in
3404 5371 3489 5412 me
3554 5384 3559 5389 -

1914 5462 2086 5532 gratia
2117 5467 2227 5520 tua,
2256 5465 2315 5510 ut
2341 5454 2529 5508 ardeat
2544 5453 2746 5523 jugiter
2774 5451 2826 5504 in
2858 5466 2952 5504 ara
2991 5448 3172 5504 cordis
3213 5446 3316 5502 mei
3343 5466 3356 5500 :
3385 5446 3494 5501 fer-

1916 5555 2118 5610 veatin
2160 5547 2406 5606 medullis
2436 5547 2588 5611 meis,
2615 5545 2802 5616 ﬂagret
2833 5545 2885 5599 in
2916 5543 3248 5600 absconditis
3273 5540 3488 5606 animus.

1915 5648 1970 5704 in
2006 5647 2094 5701 die
2124 5641 2611 5701 consummationis
2647 5654 2779 5698 mea
2805 5643 3215 5695 consummatus
3251 5635 3494 5692 invenia-

1919 5749 2006 5795 tur
2033 5737 2172 5810 apud
2199 5745 2268 5792 te.
2301 5737 2354 5790 In
2385 5735 2470 5790 die
2495 5749 2600 5804 qua
2623 5731 2738 5787 erui
2774 5742 2858 5786 me
2889 5729 3093 5785 videbis
3120 5740 3151 5781 a
3181 5729 3360 5784 tunica
3391 5727 3490 5778 ista

3025 5819 3108 5879 Q5
