4060 6292
567 334 671 388 .779

915 327 973 384 S.
1008 323 1309 382 ANSELMI
1335 318 1685 379 CANTUAR.
1730 313 2049 371 ARClllEP.
2086 310 2239 368 OPP.
2284 310 2465 367 PARS
2493 312 2553 366 11.
2598 343 2665 353 ——
2700 310 3068 367 PARIENE'I‘.
3108 311 3192 366 ET
3241 311 3485 368 ASCET.

3739 311 3837 363 720

570 444 779 501 mortali
814 456 974 513 quam
1012 453 1153 494 nunc
1202 436 1548 495 circumiere,
1588 428 1888 484 circumdet
1931 438 2018 479 me
2074 422 2157 478 di-
2186 424 2231 479 Α
2258 438 2532 492 nunquam
2557 425 2806 480 amisisti.
2830 424 3114 495 Nunquam
3141 426 3319 496 inops,
3348 434 3400 480 et
3430 427 3633 494 gaudes
3654 425 3837 481 lucris,

568 538 729 593 lectio
761 544 880 599 tua,
914 534 988 588 sit
1014 531 1207 585 anima:
1235 541 1367 580 mea:
1392 524 1545 592 quasi
1580 520 1959 576 vestimentum
1994 517 2153 570 deco-

570 630 739 694 ris,ut
754 641 858 683 non
882 622 1023 691 nuda
1042 620 1138 675 sed
1153 617 1341 673 veStita
1362 613 1686 676 inveniatur,
1710 621 1764 665 et
1790 609 1985 664 habeat
2014 606 2155 659 unde

564 717 979 775 abscondantur
1010 712 1221 767 infirma
1243 707 1361 778 ejus
1383 706 1449 761 ab
1475 704 1645 761 oculis
1675 702 1798 756 tuis.
1814 700 1993 771 ignem
2022 697 2151 752 alic-

571 825 722 873 num,
754 808 931 875 ignem
962 804 1052 873 qui
1090 818 1185 872 per
1226 797 1567 857 adversarios
1610 804 1731 851 tuos
1761 793 1973 855 ardeat,
2021 787 2156 842 Dile-

570 897 965 959 lectionistua:
1011 892 1194 963 fervor
1232 889 1450 959 elonget
1482 903 1511 940 a
1546 900 1631 940 me
1667 903 1680 937 :
1713 884 1947 938 animam
1979 891 2152 933 meam

571 993 640 1046 ad
670 1002 722 1046 te
758 988 1075 1045 Creatorem
1122 996 1281 1038 suum
1332 979 1541 1047 attollat
1569 995 1583 1041 ;
1612 984 1667 1031 et
1716 981 1973 1044 quantum
2023 969 2154 1023 satis

570 1092 675 1149 est,
698 1090 796 1151 tuo
826 1078 1007 1133 divino
1031 1074 1232 1129 lumine
1265 1086 1384 1126 eam
1413 1070 1719 1137 immergat.
1762 1063 1982 1117 Domine
2002 1059 2150 1123 Iesu,

569 1189 758 1231 omnes
790 1172 879 1243 qui
925 1180 977 1227 te
1024 1168 1276 1238 diligunt,
1326 1163 1635 1233 repleantur
1691 1156 2155 1213 benedictionibus

574 1268 699 1321 tuis.
750 1262 1085 1318 Acredentes
1146 1258 1212 1311 ad
1251 1266 1322 1320 te,
1360 1256 1411 1308 in
1452 1252 1589 1307 caelo
1625 1249 1966 1311 scribantur,
1998 1255 2056 1299 ut
2085 1245 2156 1299 sit

571 1374 676 1428 pax
710 1357 791 1413 eis
814 1353 1178 1413 intuelamcnto
1228 1347 1433 1402 alarum
1486 1354 1695 1397 tuarum
1735 1338 1907 1411 (Psal.
1938 1353 2069 1402 Lxu,
2099 1335 2152 1407 8)

571 1464 668 1517 per
703 1462 899 1514 aevum.
931 1444 1049 1499 Tibi
1074 1450 1276 1502 autem,
1317 1437 1471 1491 unice
1519 1433 1645 1497 Dei,
1678 1432 1902 1485 sitcum
1954 1437 2155 1484 aeterno

577 1540 740 1594 Patre
769 1547 824 1593 et
853 1545 1043 1592 sancto
1079 1531 1282 1601 Spiritu
1320 1529 1435 1580 laus
1477 1523 1823 1585 indeticiens,
1849 1517 2157 1574 inviolabile

573 1633 760 1697 decus,
808 1637 865 1683 et
912 1624 1142 1681 solidum
1202 1634 1445 1692 regnum,
1495 1627 1824 1687 permanens
1864 1612 1917 1666 in
1962 1608 2155 1665 saecula

575 1719 916 1777 saeculorum.
942 1717 1136 1771 Amen.

1038 1798 1417 1875 MEDITATIO
1443 1798 1559 1853 XIV
1589 1798 1684 1851 η’,

641 1902 943 1956 Ριιοιοςυε.
967 1926 1037 1936 -
1057 1893 1319 1959 Quoniam
1348 1891 1402 1945 in
1435 1889 1613 1944 medio
1644 1887 1960 1957 laqueorum
1993 1882 2154 1954 posui

531 2016 539 2031 -
574 2007 781 2056 sumus,
811 1988 968 2044 facile
995 2002 1024 2041 a
1054 1984 1263 2041 caelesti
1297 1981 1574 2039 desiderio
1602 1978 1964 2051 frigescimus.
2014 1977 2159 2043 Qua-

574 2093 795 2156 propter
839 2080 1058 2137 assiduo
1106 2076 1409 2146 indigemus
1467 2073 1801 2129 monimetito
1832 2068 2156 2142 [al.,muni-

578 2172 804 2247 mento],
830 2181 890 2227 ut
937 2167 1304 2240 expcrgel‘acti
1348 2166 1415 2221 ad
1465 2165 1634 2220 Deum
1683 2173 1925 2217 nostrum
1971 2175 2157 2217 verum

573 2278 629 2322 et
677 2278 949 2321 summum
987 2261 1210 2324 bonum,
1254 2272 1379 2313 cum
1429 2255 1742 2319 deﬁnimus,
1792 2266 2152 2308 recurramus.

575 2358 782 2415 idcirco
824 2370 931 2411 non
974 2349 1410 2425 praesumptidnis
1459 2345 1787 2412 temeritate,
1816 2343 1911 2398 sed
1963 2356 2155 2412 magna

580 2452 672 2506 Dei
726 2449 829 2505 mei
878 2428 1164 2503 dilectione
1215 2441 1339 2496 huic
1375 2437 1632 2509 opusculo
1676 2437 1743 2491 ad
1787 2434 1997 2490 laudem
2041 2432 2158 2503 ejus

574 2556 795 2612 operam
822 2538 964 2605 dedi,
993 2543 1052 2591 ut
1085 2551 1151 2590 ex
1188 2530 1608 2605 elegantioribus
1650 2528 1810 2583 dictis
1843 2534 2156 2582 sanctorum

580 2633 797 2687 Patrum
828 2630 992 2685 breve
1020 2637 1076 2683 et
1113 2622 1362 2680 manuale
1402 2620 1626 2677 verbum
1651 2618 1717 2674 de
1743 2618 1854 2673 Deo
1881 2632 2003 2673 meo
2046 2630 2158 2673 me-

577 2740 700 2778 cum
753 2734 967 2790 semper
1003 2718 1303 2781 haberem;
1333 2728 1398 2769 ex
1443 2712 1600 2784 cujus
1639 2708 1885 2765 lectionis
1910 2706 2041 2779 [al.,
2073 2707 2156 2763 di-

577 2810 844 2884 lectionis]
886 2810 1042 2881 igne,
1101 2806 1312 2877 quoties
1356 2813 1602 2874 tepesco,
1644 2802 1698 2855 in
1739 2800 1855 2870 ejus
1891 2798 2158 2854 accendar

574 2918 836 2960 amorem.
1072 2944 1076 2948 .

657 2997 695 3051 l.
720 2994 874 3051 Nunc
902 2992 1090 3049 adesto
1116 2990 1186 3023 7”
1216 2989 1367 3054 mihi,
1393 2989 1534 3042 Deus
1562 3001 1733 3050 meus,
1760 3000 1919 3055 quem
1950 2998 2153 3056 qumro,

577 3101 736 3159 quem
789 3083 971 3153 diligo,
1009 3096 1167 3150 quem
1206 3079 1369 3135 corde
1406 3086 1461 3132 ct
1499 3091 1594 3132 ore
1634 3076 1917 3142 conﬁteor,
1947 3085 2003 3130 et
2050 3089 2153 3144 qua
2183 3105 2228 3169 ο

577 3177 729 3245 valeo
774 3175 975 3231 virtute
1014 3172 1173 3228 laudo
1211 3178 1374 3241 atque
1403 3169 1591 3224 adoro.
1628 3166 1779 3223 Mens
1814 3182 1932 3223 mea
1962 3166 2155 3222 devota

579 3270 697 3334 tibi,
739 3266 815 3323 tui
848 3278 1033 3322 amore
1061 3276 1349 3327 succensa,
1387 3259 1481 3315 tibi
1511 3258 1747 3330 spirans,
1781 3257 1878 3313 tibi
1920 3257 2157 3321 inhians.

570 3372 631 3417 .te
657 3360 830 3417 solum
848 3358 1046 3414 .videre
1072 3355 1386 3411 desiderans
1409 3351 1543 3407 nihil
1566 3352 1729 3406 habet
1759 3349 1915 3407 dulce
1957 3350 2060 3405 nisi
2095 3350 2161 3407 de

579 3462 633 3508 te
655 3448 822 3520 loqui,
852 3447 919 3503 de
950 3454 1004 3501 te
1026 3444 1235 3511 audire,
1259 3443 1327 3499 de
1359 3451 1408 3497 te
1430 3441 1692 3508 scribere,
1718 3440 1784 3496 de
1816 3448 1868 3495 te
1890 3440 2157 3507 conferre,

574 3552 727 3595 tuam
785 3538 1011 3611 gloriam
1053 3535 1367 3605 frequenter
1408 3535 1507 3588 sub
1542 3532 1709 3589 corde
1755 3530 2060 3598 revolvere,
2100 3540 2161 3585 ut

574 3634 657 3689 uti
691 3630 871 3687 suavis
925 3625 1186 3684 memoria
1236 3626 1307 3680 sit
1350 3625 1493 3680 inter
1538 3625 1639 3679 bos
1685 3623 1925 3678 turbines
1979 3622 2157 3692 aliqua

577 3722 883 3794 repausatio
910 3734 1050 3776 mea.
1085 3719 1160 3775 Te
1182 3734 1313 3789 ergo
1340 3719 1556 3785 invoco,
1582 3717 2062 3782 desideratissime,
2092 3717 2159 3771 ad

580 3826 632 3871 te
664 3814 840 3890 clamo
867 3804 1106 3869 clamore
1128 3824 1321 3887 magno
1343 3809 1395 3863 in
1426 3816 1537 3864 toto
1567 3808 1733 3864 corde
1769 3821 1911 3863 meo.
1935 3806 2004 3863 Et
2035 3822 2156 3862 cum

582 3919 635 3964 te
650 3907 871 3980 invoco,
897 3902 1083 3974 utique
1108 3902 1391 3971 inmeipso
1417 3902 1608 3957 invoco
1627 3917 1640 3967 ;
1656 3900 1912 3971 quoniam
1936 3899 2157 3977 omnino

580 4014 693 4057 non
716 3977 923 4062 essem,
947 3994 1049 4051 nisi
1075 4002 1130 4049 tu
1164 4008 1314 4050 esses
1354 3994 1405 4047 in
1448 4006 1573 4059 me;
1603 4001 1657 4048 et
1688 3992 1794 4048 nisi
1834 3974 1939 4063 ego
1983 4005 2158 4048 essem

579 4093 632 4146 in
666 4098 738 4158 te,
765 4104 871 4145 non
890 4100 1043 4144 esses
1071 4086 1126 4141 in
1147 4099 1252 4141 me.
1277 4085 1334 4140 In
1356 4100 1442 4141 me
1471 4100 1550 4151 es,
1580 4084 1841 4155 quoniam
1869 4084 1923 4137 in
1956 4096 2160 4138 memo-

578 4180 659 4235 ria
683 4192 804 4234 mea
835 4190 1059 4242 manes;
1103 4190 1172 4231 ex
1200 4190 1265 4232 ea
1304 4175 1528 4247 cognovi
1563 4184 1637 4241 te,
1666 4182 1721 4229 et
1755 4173 1809 4229 in
1834 4187 1901 4231 .ea
1941 4172 2158 4229 invenio

581 4280 654 4337 te,
684 4284 808 4325 cum
854 4268 1178 4324 reminiscor
1223 4267 1320 4334 tui,
1349 4277 1406 4323 et
1446 4265 1686 4322 delector
1726 4266 1779 4321 in
1805 4274 1855 4321 te
1889 4265 1954 4321 de
1978 4275 2050 4332 te,
2088 4281 2154 4321 ex

578 4378 687 4437 quo
715 4366 919 4431 omnia,
940 4379 1039 4436 per
1066 4379 1227 4435 quem
1269 4363 1476 4430 omnia,
1507 4372 1563 4418 et
1588 4362 1641 4417 in
1670 4377 1779 4434 quo
1807 4362 2011 4418 omnia.

2244 512 2537 584 Nunquam
2566 517 2732 587 228
2761 531 2976 581 avarus,
3008 526 3063 571 ct
3095 532 3289 572 usuras
3318 517 3509 587 exigis.
3542 516 3836 586 Snpercro-

2256 619 2352 675 gas
2380 606 2465 659 cui
2491 620 2595 659 non
2618 608 2813 670 debes,
2837 607 2919 660 vel
2952 622 3166 677 semper
3186 616 3611 678 supererogatur
3644 608 3739 663 tibi
3784 616 3840 662 ut

2257 696 2472 752 debeas.
2497 697 2563 751 Et
2585 700 2707 768 quis
2733 700 2898 754 habet
2918 700 2987 731 ⁷³⁸
3017 700 3313 769 quidquam
3338 716 3444 755 non
3471 711 3619 755 tuum
3648 702 3673 755 ?
3698 700 3839 757 Red-

2254 790 2340 844 dis
2362 791 2564 855 debita,
2587 791 2719 844 nulli
2748 791 2968 846 debens.
2995 793 3173 848 Donas
3193 792 3394 857 debita,
3421 792 3553 845 nihil
3576 794 3838 862 perdens.

2258 880 2358 949 Qui
2402 883 2599 952 ubique
2622 898 2699 947 es,
2728 892 2781 937 et
2804 883 3005 953 ubique
3030 892 3195 939 totus.
3227 882 3327 949 Qui
3352 885 3542 939 sentiri
3570 894 3747 955 potes,
3786 895 3841 941 et

2256 970 2427 1025 videri
2454 987 2557 1027 non
2591 982 2763 1041 potes.
2801 972 2902 1040 Qui
2941 989 3206 1043 nusquam
3255 975 3403 1041 dees,
3446 985 3502 1031 et
3540 985 3718 1033 tamen
3771 978 3842 1033 ab

2257 1058 2565 1129 iniquorum
2595 1062 3010 1131 cogitationibus
3045 1063 3199 1134 longe
3230 1078 3307 1118 es.
3333 1062 3435 1131 Qui
3466 1081 3566 1120 nec
3591 1066 3660 1121 ibi
3686 1066 3841 1133 dces,

2258 1150 2344 1206 ubi
2371 1151 2526 1219 longe
2552 1168 2640 1217 cs;
2668 1153 2793 1222 quia
2825 1154 2915 1208 ubi
2948 1169 3051 1208 non
3086 1170 3145 1210 es
3174 1168 3269 1223 per
3298 1156 3551 1227 gratiam,
3583 1156 3714 1212 ades
3744 1173 3842 1227 per

2258 1244 2572 1323 vindictam.
2604 1243 2704 1310 Qui
2740 1245 2939 1314 ubique
2974 1259 3216 1315 praesens
3246 1261 3326 1313 es,
3372 1256 3428 1302 et
3469 1248 3559 1301 vix
3607 1248 3840 1304 inveniri

2260 1344 2427 1405 potes.
2452 1337 2621 1403 Quem
2646 1346 2876 1394 stantem
2902 1338 3199 1408 sequimur,
3224 1348 3280 1394 et
3305 1340 3711 1410 apprehendere
3732 1356 3840 1395 non

2256 1427 2516 1497 valemus.
2544 1428 2644 1495 Qui
2677 1438 2826 1484 tenes
2848 1428 3052 1495 omnia,
3079 1428 3267 1497 imples
3290 1431 3491 1496 omnia,
3522 1431 3843 1501 circumple-

2257 1521 2424 1576 cteris
2458 1522 2663 1587 omnia,
2707 1521 3090 1591 superexcedis
3128 1523 3333 1587 omnia,
3374 1524 3608 1579 sustines
3634 1524 3839 1579 omnia.

2258 1613 2359 1681 Qui
2391 1613 2553 1668 corda
2597 1611 2835 1666 ﬁdelium
2887 1612 3052 1667 doces
3094 1612 3212 1666 sine
3250 1613 3475 1683 strepitu
3523 1615 3838 1669 verborum.

2259 1704 2361 1772 Qui
2393 1703 2526 1758 locis
2555 1717 2661 1757 non
2708 1701 3058 1766 distenderis,
3090 1716 3190 1757 nec
3216 1704 3543 1773 temporibus
3584 1706 3840 1771 variaris,

2257 1811 2360 1853 nec
2389 1796 2557 1851 habes
2592 1807 2843 1849 accessus
2886 1801 2941 1849 et
2980 1808 3247 1850 recessus.
3274 1794 3375 1861 Qui
3427 1796 3632 1850 habitas
3669 1797 3839 1850 lucent

2256 1886 2659 1944 inaccessibilem
2681 1926 2697 1953 ,
2720 1902 2871 1958 quem
2892 1885 3070 1941 nullus
3102 1886 3368 1940 hominum
3398 1888 3522 1941 vidit
3543 1904 3633 1942 nec
3664 1890 3842 1943 υἱώ·ιέ

2256 1988 2419 2052 potest
2444 1977 2510 2049 '(I
2548 1976 2683 2031 Tim.
2712 1992 2792 2044 vt,
2819 1976 2929 2048 16).
2958 1976 3015 2031 ln
3049 1986 3099 2032 te
3126 1992 3350 2033 manens
3375 1978 3611 2047 quietus,
3637 1980 3842 2049 ubique

2257 2072 2457 2129 circuis
2494 2078 2684 2126 totum.
2716 2068 2833 2125 Non
2861 2069 3007 2126 enim
3041 2069 3212 2125 scindi
3233 2079 3287 2124 et
3319 2070 3482 2125 dividi
3510 2078 3683 2141 potes,
3712 2073 3841 2142 quia

2258 2179 2385 2223 vere
2413 2177 2553 2218 unus
2581 2175 2671 2227 es;
2700 2174 2803 2216 nec
2841 2161 2895 2215 in
2941 2169 3124 2229 partes
3152 2159 3381 2216 elliceris
3400 2202 3415 2224 ,
3444 2163 3537 2217 sed
3588 2172 3733 2219 totus
3760 2172 3842 2217 to-

2260 2265 2372 2308 tum
2419 2261 2599 2315 tenes,
2646 2258 2816 2305 totum
2863 2250 3086 2321 lmples,
3127 2257 3295 2305 totum
3340 2250 3574 2306 illustras
3621 2260 3677 2307 et
3716 2266 3842 2321 pos-

2258 2346 2426 2402 sides.

2329 2437 2385 2493 Si
2426 2445 2598 2493 totum
2630 2435 2889 2492 mundum
2917 2434 2984 2468 "7
3010 2433 3131 2491 libri
3177 2433 3439 2505 repleam,
3471 2442 3561 2486 tua
3609 2432 3837 2486 scientia

2260 2530 2643 2587 inenarrabilis
2667 2544 2774 2585 non
2807 2536 2985 2599 potest
3013 2528 3276 2583 enarrari.
3302 2527 3567 2594 Quoniam
3601 2540 3730 2581 vero
3757 2527 3841 2578 in-

2260 2622 2490 2678 dicibilis
2517 2637 2596 2689 es,
2614 2620 2760 2676 nullo
2789 2620 2949 2676 modo
2978 2619 3140 2675 scribi
3170 2620 3410 2691 poteris,
3433 2634 3535 2673 nec
3563 2617 3840 2673 concludi.

2260 2711 2340 2767 Tu
2371 2726 2431 2767 es
2478 2711 2599 2767 fons
2645 2710 2781 2766 lucis
2810 2709 3024 2775 divinae,
3061 2717 3117 2764 et
3164 2708 3243 2763 sol
3294 2706 3558 2762 claritatis
3598 2714 3838 2762 aeterna.

2260 2803 2483 2875 Magnus
2522 2819 2583 2860 es
2631 2804 2749 2859 sine
2794 2801 3096 2872 quantitate
3125 2800 3220 2865 ⁷⁸⁸,
3262 2809 3317 2855 et
3359 2800 3477 2854 ideo
3520 2800 3838 2853 immensus.

2258 2896 2441 2953 Bonus
2469 2895 2589 2951 sine
2610 2893 2901 2964 qualitate,
2927 2901 2982 2948 et
3010 2891 3129 2946 ideo
3157 2904 3281 2945 vere
3312 2900 3365 2945 et
3392 2903 3601 2944 summe
3628 2888 3838 2951 bonus;

2258 2995 2314 3043 et
2341 3000 2500 3041 nemo
2526 2985 2697 3039 bonus
2725 2983 2825 3038 nisi
2853 2991 2906 3037 tu
2929 2981 3095 3037 solus.
3120 2980 3285 3052 Cujus
3306 2978 3553 3035 voluntas
3572 2994 3709 3049 opus
3729 2990 3841 3045 est,

2259 3076 2412 3146 cujus
2435 3076 2570 3133 velle
2600 3088 2757 3145 posse
2786 3084 2889 3131 est.
2916 3074 3017 3140 Qui
3050 3075 3382 3142 omniaqua:
3405 3088 3470 3127 ex
3501 3072 3672 3127 nihilo
3687 3086 3845 3127 crea-

2244 3171 2355 3239 gsti,
2407 3169 2519 3225 sola
2566 3168 2840 3223 voluntate
2885 3166 3081 3222 fecisti.
3119 3166 3217 3233 Qui
3264 3181 3478 3222 omnem
3526 3176 3842 3220 creaturam

2266 3270 2412 3315 tuam
2439 3257 2641 3326 absque
2671 3256 2965 3326 indigentia
3012 3255 3190 3325 aliqua
3221 3255 3483 3325 possides,
3512 3262 3568 3308 et
3606 3255 3726 3309 sine
3760 3253 3842 3308 la-

2263 3351 2396 3406 bore
2426 3352 2715 3420 gubernas,
2753 3356 2807 3402 et
2849 3348 3054 3417 absque
3099 3345 3256 3401 tardio
3298 3346 3462 3416 regis,
3493 3355 3548 3398 et
3593 3344 3727 3399 nihil
3760 3353 3842 3400 est

2262 3444 2405 3515 quod
2436 3441 2717 3498 conturbet
2750 3440 2993 3495 ordinem
3020 3438 3228 3507 imperii
3258 3437 3353 3503 tui,
3380 3438 3463 3492 vel
3501 3437 3553 3489 in
3590 3438 3837 3502 summis,

2263 3536 2349 3603 vel
2373 3536 2424 3590 in
2448 3534 2589 3589 imis.
2616 3532 2716 3599 Qui
2757 3532 2808 3586 in
2848 3530 3106 3585 omnibus
3132 3528 3263 3584 locis
3307 3528 3424 3583 sine
3453 3528 3571 3583 loco
3598 3528 3837 3593 habt-ris,

2263 3634 2317 3682 et
2353 3624 2531 3681 omnia
2580 3622 2829 3678 contines
2861 3622 2981 3677 sine
3012 3620 3238 3685 ambitu,
3266 3627 3321 3675 et
3372 3620 3570 3690 ubique
3600 3635 3839 3689 prmsens

2262 3733 2321 3773 es
2342 3716 2460 3775 sine
2489 3718 2594 3771 situ
2622 3727 2676 3772 et
2698 3724 2867 3772 motu.
2914 3711 3013 3779 Qui
3057 3724 3155 3765 nec
3201 3710 3324 3765 mali
3353 3720 3541 3765 auctor
3572 3724 3656 3776 es,
3699 3711 3837 3780 quod

2262 3811 2443 3866 facere
2464 3829 2570 3867 non
2609 3819 2786 3883 potes.
2814 3804 2915 3872 Qui
2944 3799 3077 3855 nihil
3118 3815 3223 3855 non
3270 3810 3446 3870 potes,
3479 3814 3577 3853 nec
3599 3813 3836 3869 unquam

2261 3903 2552 3974 quidquam
2599 3912 2649 3957 te
2686 3899 2877 3955 fecisse
2920 3896 3188 3967 pmnituit.
3224 3892 3388 3961 Cujus
3426 3891 3673 3946 bonitate
3718 3890 3836 3943 facti

2261 4009 2468 4059 sumus,
2495 4001 2551 4049 et
2583 3991 2792 4063 justitia
2819 4002 3009 4060 poenas
3047 3985 3262 4049 luimus,
3296 3991 3352 4037 et
3389 3980 3682 4035 clementia
3713 3978 3837 4033 libe-

2261 4100 2467 4142 ramur.
2500 4082 2666 4152 Cujus
2710 4078 3096 4153 omnipotentia
3143 4074 3322 4130 omnia
3377 4072 3676 4143 gubernat,
3708 4070 3838 4140 regit

2260 4185 2315 4232 et
2340 4175 2525 4246 implet
2564 4188 2683 4244 quae
2724 4171 2947 4228 crearit.
2982 4166 3092 4223 Nec
3120 4166 3239 4222 ideo
3276 4174 3328 4220 te
3387 4162 3611 4234 implere
3661 4162 3836 4215 omnia

2262 4266 2513 4331 dicimus,
2541 4272 2600 4319 ut
2632 4273 2683 4318 te
2718 4261 3072 4323 contineant;
3106 4258 3197 4313 sed
3230 4258 3342 4326 ipsa
3377 4255 3556 4325 potius
3580 4268 3611 4306 a
3644 4262 3697 4307 te
3720 4268 3838 4307 con-

2263 4358 2553 4415 tineantur.
2583 4355 2694 4410 Nec
2725 4350 3087 4424 particulatim
3121 4347 3309 4417 imples
3346 4346 3549 4409 omnia,
3582 4358 3686 4401 nec
3712 4342 3838 4396 ulla-

649 4459 752 4523 Tu,
784 4457 1040 4523 Domine,
1077 4456 1272 4512 caelum
1296 4454 1367 4488 7“
1389 4464 1446 4510 et
1477 4462 1677 4509 terram
1723 4453 1934 4525 imples,
1972 4454 2153 4509 omnia
2190 4444 2236 4499 Ι)
2265 4459 2420 4508 tenus
2462 4449 2536 4503 ita
2566 4446 2861 4518 putandum
2893 4451 2995 4510 est,
3030 4450 3089 4497 ut
3109 4452 3447 4511 unaquaeque
3484 4451 3574 4492 res
3598 4450 3704 4505 pro
3731 4448 3836 4489 ma-

579 4558 804 4618 portans
837 4549 956 4604 sine
980 4562 1167 4612 onere,
1194 4546 1375 4601 omnia
1413 4544 1641 4615 implcns
1670 4545 1788 4600 sine
1834 4544 2151 4603 inclusione.

580 4637 812 4707 Semper
854 4650 1052 4707 agens,
1104 4649 1317 4705 semper
1360 4634 1597 4705 quietus.
1642 4633 1915 4706 Colligens
1949 4644 2005 4690 et
2046 4650 2155 4690 non

578 4744 764 4802 egens.
802 4728 1066 4797 Quaarens
1110 4741 1234 4782 cum
1272 4725 1419 4800 nihil
1456 4725 1599 4782 desit
1627 4725 1745 4781 tibi.
1775 4727 2012 4793 Amans,
2057 4742 2157 4782 nec

578 4822 952 4893 aestuans”;
991 4820 1197 4886 zelans,
1237 4828 1294 4876 et
1334 4832 1561 4875 securus
1598 4832 1678 4874 es.
1718 4817 1952 4873 Paenitet
1999 4826 2074 4882 te,
2102 4826 2159 4873 et

580 4929 689 4972 non
727 4914 896 4971 doles.
929 4912 1208 4979 irasceris,
1241 4908 1567 4980 tranquillus
1608 4924 1688 4965 es.
1732 4908 1908 4980 Opera
1957 4917 2155 4975 mutas,

579 5007 675 5062 sed
717 5020 825 5062 non
854 5014 1032 5065 mutas
1060 5002 1366 5071 consilium.
1415 5000 1634 5070 Recipis
1672 4999 1815 5070 quod
1841 4999 2074 5066 invenis,
2105 5010 2160 5056 et

2264 4543 2541 4617 gnitudine
2594 4555 2704 4596 sua:
2749 4536 3014 4609 portionis
3059 4535 3241 4605 capiat
3280 4540 3345 4594 te,
3382 4529 3434 4585 id
3463 4537 3548 4584 est
3603 4527 3834 4582 maxima

2264 4635 2458 4706 majus,
2482 4631 2702 4687 minima
2732 4629 3064 4693 minus,cum
3091 4623 3250 4680 sis?“
3272 4622 3448 4692 potius
3476 4620 3593 4690 ipse
3617 4627 3763 4674 totus
3788 4617 3833 4671 in

2264 4726 2535 4790 omnibus,
2564 4732 2619 4778 et
2660 4721 2839 4776 omnia
2872 4720 2927 4773 in
2952 4727 3023 4773 te.
3052 4714 3216 4786 Cujus
3246 4709 3638 4783 omnipotentia
3664 4707 3833 4765 omnia

2265 4816 2556 4883 concludit,
2580 4830 2680 4870 nec
2703 4810 2965 4869 evadendi
2989 4806 3282 4879 potentiam
3311 4813 3455 4858 tuam
3485 4801 3610 4871 quis
3640 4799 3835 4856 aditum

2267 4909 2507 4965 invenire
2541 4907 2756 4978 poterit.
2790 4903 2891 4973 Qui
2927 4901 3072 4957 enim
3106 4907 3160 4956 te
3200 4912 3307 4953 non
3344 4895 3509 4951 habet
3548 4893 3831 4963 placatum,

2267 5012 2609 5069 nequaquam
2640 4994 2832 5052 evadet
2859 4992 3080 5047 iratum.

1844 5155 2076 5213 vam/ta
2119 5144 2527 5217 LECTIONES.

648 5259 718 5291 ’δ’
748 5258 953 5312 Collata
984 5266 1055 5312 est
1082 5272 1197 5310 cum
1228 5253 1373 5309 Edit.
1406 5252 1554 5308 Som.
1591 5258 1637 5304 et
1670 5232 1795 5320 tom.
1825 5247 1891 5302 IX
1926 5249 2059 5320 Aug.
2098 5270 2202 5307 non
2223 5253 2441 5308 habetur
2466 5259 2601 5320 enim
2628 5242 2700 5320 _iu
2743 5238 2930 5320 nostris
2976 5253 3100 5320 mss.
3124 5234 3308 5320 _Deati_
3329 5234 3567 5288 Anselmi
3594 5232 3756 5320 Liber
3778 5226 3834 5320 de

583 5301 1207 5396 saluteva'nint'ae:
1228 5301 1631 5396 EB'éiw‘r'iiiibd,
1650 5319 1774 5396 _sive
1802 5301 2056 5396 marmura
2089 5301 2200 5396 die}.
2222 5301 2399 5396 ᾗᾷίέέι
2447 5316 2583 5395 alias
2628 5311 2958 5396 inscribitur.
2989 5306 3371 5396 liihelln‘sLt-len

581 5372 1724 5463 canitiei};alicam—6874a;sabaia
1752 5372 1986 5463 caelestis
2022 5372 2590 5463 desi—derfiiimetjtoria
2636 5390 2947 5463 renovetur.
2983 5378 3131 5463 Sam.
3157 5373 3522 5463 nManualeD.
3556 5372 3831 5463 Augus'tini

584 5485 679 5524 seu
724 5457 1035 5533 libellusde
1062 5457 1517 5534 contemplatione
1555 5457 1740 5534 cté._ut
1763 5460 1818 5534 in
1848 5457 2301 5534 Edit.Ragnaldi

2376 5437 2622 5509 lvi—"Nune
2678 5451 2865 5505 adesto
2925 5459 3023 5501 etc.
3057 5446 3122 5498 In
3150 5444 3298 5500 Som.
3353 5437 3691 5496 continuatur
3718 5437 3835 5509 P10:

584 5503 679 5524 συ..
724 5503 1035 5533 "genus...
1063 5503 1517 5534 ιυ...ν...,,.,....ν....
1556 5503 1653 5515 -.--
1688 5503 1738 5512 ...
1848 5503 2300 5532 -.-ηιμ-την...
2470 5503 2619 5509 -.ψη
2683 5503 2690 5505 .
2759 5503 2765 5504 κ
2872 5519 2883 5529 ο
3251 5516 3263 5526 ,
3374 5514 3425 5524 __
3658 5512 3668 5520 .
3816 5503 3826 5514 ,

584 5538 735 5603 logut
824 5538 894 5568 7“
924 5536 1001 5589 Tn
1051 5535 1275 5588 Domine
1299 5531 1493 5588 caelum
1521 5540 1621 5603 etc.
1653 5528 1720 5582 In
1756 5527 1899 5603 89m.
1919 5529 2015 5603 hic
2042 5532 2225 5603 incipit
2256 5531 2421 5603 Caput
2465 5527 2529 5603 .l,
2574 5522 2791 5603 su'q‘lzoc
2820 5517 2997 5603 ἰη-ηις)
3022 5507 3831 5603 :-Deum!rain-ltuessenttamllf:

584 5591 662 5641 ’δῖ
678 5605 786 5660 Nec
809 5616 1006 5661 testuas
1030 5607 1081 5657 in
1114 5604 1262 5658 Som.
1306 5617 1406 5657 nec
1433 5601 1707 5655 testimans
1800 5598 1871 5630 ⁷⁸⁸
1917 5599 2084 5668 Equis
2132 5591 2296 5655 liabet
2333 5591 2416 5652 ’1η
2459 5596 2605 5668 S_on_t.
2630 5591 2697 5668 Et

2744 5571 2865 5658 quis
2900 5588 3085 5658 habet
3132 5584 3199 5616 ⁷⁸⁷
3234 5586 3291 5658 _Si
3325 5592 3492 5658 totum
3533 5580 3742 5658 minium
3768 5571 3832 5658 In

587 5650 1262 5743 Sam:
1291 5650 1787 5743 e','£u'6:é3’ii¢:a'lo:
1837 5650 2447 5728 Deﬁittldi‘eiIJ—i—lﬁiwscielilia
2485 5664 2579 5718 Dei
2675 5650 2905 5713 "“ISine
2948 5656 3208 5725 qualitate
3236 5655 3289 5705 in
3324 5652 3472 5706 Sam.
3520 5650 3837 5717 sine_quan~

588 5748 743 5803 litate
815 5747 883 5805 ’δ’
916 5738 1047 5801 Dum
1081 5738 1249 5799 sis'in
1289 5741 1434 5796 Sam.
1466 5739 1591 5795 dttm
1616 5738 1694 5794 sic
