4060 6292
237 260 332 328 781

1590 236 2126 335 uentrartouss.

3395 300 3500 363 783

304 384 461 442 11⁷⁸⁸.
500 385 578 445 Te
603 385 794 459 igitur,
827 387 1249 447 clementissime
1295 389 1466 457 Deus,
1513 392 1704 449 invoco
1751 395 1804 449 in
1834 395 1999 455 Aves
2044 396 2284 455 omnium
2335 398 2597 458 bonarum
2654 403 2884 478 dapum,
2927 425 3179 484 superna:
3227 414 3501 475 satietatis

236 475 471 531 animam
497 491 693 544 meam,
718 493 879 548 quam
907 494 1179 551 prteparas
1204 481 1272 537 ad
1299 478 1618 561 capiendum
1649 490 1724 549 te,
1747 497 1816 539 ex

232 566 500 624 desiderio
533 571 675 641 quod
720 571 951 643 inspiras
987 575 1058 630 ei.
1099 572 1268 643 lntra,
1294 573 1468 648 rugo,
1507 576 1560 633 in
1589 572 1734 645 eam,
1762 586 1817 634 et

230 665 425 727 coapta
451 673 573 714 eam
605 659 726 726 tibi,
753 670 813 717 ut
855 663 1135 733 pessideas
1164 652 1311 721 illam
1351 662 1513 736 quam
1544 656 1720 723 fecisti
1761 676 1818 722 et

228 746 504 816 refecisti;
536 759 596 805 ut
625 751 854 807 habeam
899 762 949 809 te
976 750 1125 811 velut
1168 752 1508 827 signaculum
1537 751 1701 829 super
1722 773 1817 814 cor

227 840 661 909 meum.Qutcso,
684 842 947 913 piissime,
972 845 1314 917 invocantem
1347 857 1401 906 te
1429 865 1534 905 non
1558 850 1812 917 deseras;

223 928 354 999 quia
386 931 701 1002 priusquam
736 942 790 989 te
817 934 1150 1004 invocarem,
1187 941 1272 994 me
1298 941 1501 995 vocasti
1535 940 1591 995 et
1621 928 1817 1010 quaesi-

223 1017 317 1082 sti,
348 1028 408 1074 ut
432 1036 533 1092 ego
577 1037 769 1079 servus
805 1033 929 1082 tuus
967 1035 1021 1081 te
1059 1032 1384 1097 quaererem,
1420 1030 1716 1101 qtuerendo
1738 1031 1817 1087 in-

221 1109 488 1176 venirem,
512 1120 569 1168 et
594 1113 871 1170 inventum
897 1131 1162 1173 amarem.
1185 1118 1419 1185 Quaesivi
1440 1129 1495 1175 ct
1524 1120 1705 1176 inveni
1740 1116 1814 1187 te,

222 1199 476 1268 Domine,
502 1212 557 1258 et
584 1220 769 1261 amare
790 1207 1058 1264 desidero.
1080 1209 1232 1281 Auge
1254 1209 1579 1267 desiderium
1610 1225 1814 1279 meum,

219 1300 278 1346 et
327 1292 395 1347 da
433 1295 576 1364 quod
621 1304 776 1366 peto;
812 1298 1067 1369 quoniam
1121 1300 1166 1355 si
1208 1309 1405 1356 cuncta
1449 1308 1572 1372 qua:
1629 1301 1809 1359 fecisti

221 1385 358 1441 mihi
421 1385 655 1457 dederis,
695 1404 799 1444 non
842 1388 1039 1446 sullicit
1076 1406 1234 1447 servo
1275 1402 1395 1457 tuo,
1436 1394 1539 1450 nisi
1584 1395 1814 1467 teipsum

219 1476 459 1533 dederis.
498 1479 572 1533 Dn
613 1495 744 1553 ergo
784 1483 1013 1552 teipsum
1065 1484 1219 1553 mihi,
1252 1484 1395 1542 Deus
1433 1500 1585 1549 meus
1609 1504 1625 1554 ;
1648 1488 1815 1544 redde

221 1576 277 1624 te
303 1570 455 1625 mihi.
475 1571 552 1626 En
579 1587 702 1628 amo
728 1580 807 1641 te;
838 1583 893 1630 et
917 1575 963 1632 si
987 1590 1177 1645 parum
1215 1584 1320 1646 est,
1351 1593 1529 1635 amem
1560 1579 1811 1637 validius.

220 1658 326 1716 Tui
382 1677 514 1733 ergo
560 1679 746 1721 amore
796 1674 1017 1734 teneor,
1053 1668 1129 1725 tui
1182 1669 1455 1727 desiderio
1500 1669 1690 1741 ﬂagro,
1732 1673 1811 1730 tui

222 1749 371 1805 dulci
407 1753 664 1808 memoria
715 1754 980 1813 delector.
1022 1758 1161 1816 Ecce
1206 1759 1336 1817 dum
1369 1762 1466 1818 tibi
1503 1777 1658 1820 mens
1688 1781 1810 1822 mea
1838 1749 1885 1811 Β

220 1843 487 1913 suspirat,
536 1854 589 1902 et
638 1855 785 1904 tuam
830 1848 1154 1909 inelfabilem
1196 1853 1457 1923 pietatem
1495 1856 1807 1927 meditatur,

222 1929 342 2001 ipsa
369 1935 545 1991 carnis
585 1937 795 1994 sarcina
847 1940 1026 1998 minus
1050 1952 1266 2013 gravat,
1288 1944 1676 2015 cogitationum
1727 1955 1816 2003 tu-

219 2022 433 2080 multus
474 2039 672 2097 cessat,
708 2030 920 2101 pondus
969 2034 1320 2092 mortalitatis
1369 2044 1427 2093 et
1465 2038 1811 2095 miseriarum

218 2126 379 2168 more
426 2116 583 2173 solito
609 2134 717 2175 non
769 2120 1014 2190 hebetat,
1045 2122 1207 2180 silent
1250 2135 1479 2192 cuncta,
1523 2129 1813 2200 tranquilla

216 2214 357 2260 sunt
386 2210 725 2268 omnia-Cur
749 2213 927 2281 ardet,
957 2216 1174 2273 animus
1202 2218 1420 2290 gaudet,
1443 2221 1705 2277 memoria
1733 2221 1816 2276 vi-

214 2303 340 2366 get,
370 2297 678 2357 intellectus
702 2300 867 2371 lucet,
893 2312 951 2361 et
991 2314 1137 2363 totus
1174 2307 1398 2379 spiritus
1433 2324 1498 2364 ex
1543 2309 1816 2367 desiderio

214 2390 458 2447 visionis
508 2402 615 2449 tua:
660 2410 945 2462 accensus,
994 2398 1343 2456 invisibilium
1388 2414 1575 2457 amore
1608 2402 1723 2473 rapi
1754 2418 1816 2460 se

213 2482 397 2537 videt.
425 2484 685 2543 Assumat
710 2490 932 2561 spiritus
958 2506 1110 2549 meus
1143 2508 1355 2565 pennas
1382 2503 1442 2549 ut
1468 2493 1686 2564 aquilae,
1720 2510 1815 2552 vo—

212 2574 297 2631 let
326 2583 384 2632 et
414 2592 519 2633 non
542 2579 759 2636 deliciat
788 2597 805 2650 ;
839 2583 1002 2649 volet,
1025 2594 1082 2641 et
1108 2588 1389 2656 perveniat
1421 2604 1593 2660 usque
1619 2589 1685 2646 ad
1715 2587 1807 2644 de-

214 2682 413 2726 corem
460 2669 654 2729 domus
684 2681 809 2740 tttze,
850 2685 906 2731 et
943 2677 1195 2734 thronum
1236 2679 1422 2750 gloria:
1466 2690 1569 2737 tua:
1596 2698 1612 2736 :
1640 2689 1697 2737 et
1739 2668 1813 2739 iiii

214 2777 392 2834 super
421 2778 659 2820 mensam
682 2765 995 2826 refectionis
1019 2771 1214 2827 civium
1250 2787 1605 2844 supernorum
1625 2790 1817 2846 pasca-

218 2861 319 2906 tur
358 2854 427 2910 de
456 2855 628 2912 oculis
659 2857 764 2912 tuis
806 2858 859 2913 in
893 2859 1011 2917 loco
1058 2875 1270 2931 pascua:
1292 2862 1446 2934 juxta
1475 2864 1672 2921 fluenta
1703 2865 1816 2938 ple-

218 2943 474 2999 nissima.
508 2944 588 3000 Tu
619 2955 732 3003 esto
773 2950 1062 3009 exsultatio
1100 2964 1305 3021 nostra,
1332 2956 1423 3027 qui
1461 2972 1524 3012 es
1552 2973 1675 3030 spes
1711 2974 1813 3016 no-

216 3042 362 3097 stra,
393 3033 537 3090 salus
567 3043 730 3107 atque
766 3041 1084 3113 redemptio.
1130 3044 1208 3099 'l‘u
1238 3055 1357 3103 esto
1384 3057 1629 3104 nostrum
1676 3065 1811 3122 gau-

218 3124 401 3194 dium,
431 3128 521 3196 qui
569 3143 628 3184 es
664 3129 875 3189 futurus
904 3136 1206 3205 praemium.
1238 3137 1316 3195 Te
1363 3155 1579 3213 semper
1604 3154 1811 3214 qumrat

218 3215 410 3271 anima
440 3232 580 3288 mea,
611 3230 667 3276 et
695 3231 749 3277 tu
796 3236 989 3295 praesta
1017 3237 1076 3283 ut
1103 3234 1395 3300 quaerendo
1436 3249 1542 3289 non
1574 3236 1808 3294 deficiat.

298 3307 363 3364 ΙΙΙ
385 3309 477 3364 ⁷⁸⁸.
499 3309 588 3367 Vae
619 3313 831 3372 misera:
852 3319 1075 3376 animae!
1099 3336 1220 3393 quae
1238 3322 1512 3380 Christum
1536 3342 1638 3382 non
1666 3343 1813 3398 qure-

205 3398 425 3454 -ritnec
471 3410 636 3468 amat,
671 3406 822 3462 arida
871 3418 1054 3464 manet
1099 3420 1153 3466 et
1194 3412 1411 3469 misera.
1440 3414 1624 3472 Perdit
1668 3420 1812 3488 quod

218 3492 384 3557 vivit,
411 3494 502 3564 qui
549 3504 603 3551 te
633 3496 801 3554 Deum
834 3516 940 3556 non
967 3502 1161 3575 diligit.
1190 3504 1292 3573 Qui
1315 3518 1469 3563 curat
1493 3510 1674 3566 vivere
1702 3527 1808 3568 non

220 3595 451 3657 propter
480 3597 550 3655 te,
584 3592 834 3659 Domine,
864 3594 1001 3650 nihil
1021 3605 1125 3661 est,
1153 3604 1209 3652 et
1252 3600 1546 3668 pro'nihilo
1571 3612 1672 3659 est.
1708 3603 1807 3672 Qui

222 3680 325 3736 tibi
358 3683 539 3740 vivere
562 3697 800 3752 recusat,
831 3698 1076 3746 mortuus
1110 3704 1215 3749 est.
1248 3693 1348 3761 Qui
1380 3693 1473 3749 tibi
1503 3710 1610 3752 non
1646 3699 1807 3768 sapit,

221 3772 447 3845 desipit.
474 3775 998 3849 Misericordissime,
1024 3782 1129 3839 ’tibi
1168 3798 1255 3840 nte
1279 3786 1622 3854 commendo,
1648 3789 1813 3845 reddo

221 3875 280 3921 et
311 3870 574 3936 concedo,
604 3887 700 3942 per
730 3890 889 3946 quem
919 3892 1061 3943 sum,
1089 3877 1212 3933 vivo
1239 3886 1296 3933 et
1319 3878 1490 3949 sapio.
1519 3878 1577 3935 In
1608 3890 1659 3935 te
1684 3895 1814 3936 con-

222 3959 359 4027 ﬁdo,
400 3975 559 4030 spero
588 3972 648 4017 et
691 3972 856 4022 totam
910 3983 1062 4039 spem
1097 3982 1274 4025 meam
1306 3983 1478 4039 pono,
1508 3985 1605 4041 per
1649 3987 1812 4042 quem

223 4064 531 4122 resurgam,
560 4054 737 4110 vivam
763 4066 820 4113 et
850 4059 1210 4129 requiescam.
1254 4059 1334 4114 Te
1360 4061 1540 4131 cupio,
1569 4062 1732 4133 diligo
1761 4071 1815 4118 et

220 4143 436 4208 adora;
483 4160 603 4201 curn
648 4162 757 4219 quo
809 4152 1057 4220 manebo,
1100 4153 1336 4224 regnabo
1380 4162 1435 4209 et
1468 4153 1659 4210 beatus
1696 4169 1809 4211 ero.

220 4234 424 4291 Anima
455 4253 577 4309 qua:
616 4250 673 4297 te
713 4257 819 4297 non
851 4244 1047 4314 qtucrit
1085 4259 1185 4301 nec
1212 4244 1408 4316 diligit,
1437 4246 1697 4303 mundum
1729 4246 1813 4303 di-

210 4324 363 4398 ligit.
396 4331 637 4399 peccatis
679 4334 850 4389 servit
877 4344 933 4389 et
960 4335 1106 4392 vitiis
1132 4337 1374 4408 subjecta
1403 4346 1506 4405 est,
1539 4353 1812 4410 nunquam

1917 484 2322 567 opulentissime
2356 492 2584 564 largitor
2608 494 2773 565 Deus,
2796 499 2863 555 da
2900 504 3047 559 lasso
3076 504 3280 572 cibum,
3308 508 3501 580 collige

1916 577 2241 665 dispersum,
2290 581 2460 651 libera
2489 587 2760 657 captivum
2803 599 2860 647 et
2897 592 3203 665 redintegra
3247 577 3498 655 scissum.

1915 664 1994 724 En
2015 679 2124 726 stat
2153 673 2221 753 ad
2248 674 2447 731 Ostium
2475 687 2529 733 et
2553 678 2751 749 pulsat.
2777 680 3016 743 Obsecro
3044 664 3143 756 per
3167 687 3374 744 viscera
3398 691 3502 745 mi.

1915 763 2224 847 sericordiae
2265 776 2388 849 tute,
2427 769 2616 837 quibus
2672 772 2903 830 visitasti
2945 792 3041 832 nos
3081 779 3255 835 oriens
3282 796 3350 836 ex.
3388 780 3499 836 alto

1916 850 2138 929 (Lucﬁt,
2169 857 2281 929 78),
2304 859 2437 942 juhe
2462 862 2698 933 pulsanti
2735 867 2935 924 misero
2957 871 3178 942 aperiri,
3207 881 3267 929 ut
3313 874 3501 932 liberis

1914 946 2186 1015 gressibus
2216 938 2553 1018 ingrediatur
2570 952 2636 1007 ad
2666 961 2737 1019 te.
2755 964 2811 1011 et
2837 938 3142 1029 requiescat
3166 938 3221 1017 in
3250 971 3394 1031 te,et
3414 980 3499 1022 re-

1917 1035 2131 1092 liciatur
2160 1038 2226 1093 de
2258 1047 2310 1096 te
2335 1053 2473 1110 pane
2493 1042 2700 1099 caelesti
2731 1061 2745 1097 :
2777 1055 2833 1102 tu
2863 1049 3008 1106 enim
3030 1065 3090 1108 es
3109 1053 3266 1124 panis
3292 1064 3349 1111 et
3378 1055 3499 1115 fons

1915 1125 2062 1194 vitae,
2094 1136 2148 1183 tu
2180 1128 2357 1187 lumen
2404 1131 2674 1191 claritatis
2718 1145 2954 1209 aeternae,
2980 1146 3036 1196 tu
3078 1143 3260 1200 omnia
3286 1161 3351 1203 ex
3375 1148 3500 1219 qui-

1915 1218 2018 1276 bus
2043 1221 2232 1276 vivunt
2259 1224 2391 1280 recti
2416 1225 2508 1295 qui
2533 1226 2767 1299 diligunt
2800 1238 2872 1285 te.

1987 1310 2054 1366 iV
2083 1311 2174 1367 ⁷⁸³.
2216 1300 2358 1371 Deus
2381 1314 2559 1371 lumen
2598 1318 2842 1374 cordium
2886 1329 2936 1375 te
2961 1321 3279 1390 videntium,
3301 1334 3358 1382 et
3385 1328 3499 1384 vita

1916 1401 2218 1460 animarum
2250 1414 2303 1460 te
2336 1407 2656 1474 amantium,
2695 1418 2751 1464 et
2795 1410 2966 1468 virtus
3008 1413 3398 1485 cogitationum
3446 1427 3499 1474 te

1915 1494 2292 1562 qumrentium,
2310 1496 2373 1551 da
2406 1504 2463 1551 ut
2484 1506 2674 1553 sancto
2701 1508 2789 1554 tuo
2810 1503 2983 1558 amori
3009 1503 3322 1561 inhaereant.
3339 1507 3498 1573 Veni,

1916 1598 2072 1665 rogo,
2113 1585 2166 1640 in
2210 1601 2305 1643 cor
2334 1602 2536 1654 meum,
2572 1600 2629 1645 et
2669 1593 2738 1649 ab
2769 1592 3020 1652 ubertate
3053 1596 3345 1668 voluptatis
3395 1609 3500 1657 tua:

1917 1670 2123 1730 inebria
2180 1671 2340 1744 illud,
2373 1690 2433 1734 ut
2475 1679 2766 1738 obliviscar
2810 1684 2911 1740 ista
2956 1687 3290 1757 temporalia.
3328 1689 3500 1747 Pudet

1914 1781 1983 1853 ac
2012 1767 2158 1839 piget
2183 1784 2270 1824 me
2301 1769 2427 1826 talia
2449 1774 2583 1842 pati,
2611 1774 2794 1845 qualia
2824 1777 3058 1834 mundus
3089 1779 3190 1835 iste
3215 1781 3346 1853 agit.
3378 1781 3501 1838 Tri-

1880 1851 1996 1912 ’διὸ
2025 1865 2110 1914 est
2140 1859 2268 1915 mihi
2308 1861 2451 1929 quod
2481 1862 2656 1928 viduo,
2700 1874 2986 1934 grave,est
3029 1882 3191 1943 omne
3238 1851 3380 1942 quod
3429 1871 3500 1928 de

1916 1947 2247 2007 transitoriis
2276 1951 2456 2008 audio.
2497 1952 2706 2022 Adjuva
2733 1971 2839 2022 me,
2870 1957 3095 2014 Domine
3134 1960 3277 2018 Deus
3311 1976 3496 2030 meus,

1915 2048 1971 2097 et
1989 2040 2058 2096 da
2090 2042 2334 2100 laetitiam
2367 2046 2420 2101 in
2448 2048 2613 2104 corde
2642 2063 2785 2118 meo,
2817 2052 2937 2106 veni
2959 2052 3028 2107 ad
3069 2067 3156 2109 me
3192 2063 3252 2109 ut
3286 2054 3498 2111 videam

1917 2140 1989 2188 te.
2016 2134 2121 2191 Sed
2142 2148 2371 2208 angusta
2403 2147 2489 2195 est
2513 2140 2643 2197 mihi
2670 2141 3083 2218 domusanimtc
3112 2160 3265 2211 mete,
3294 2160 3496 2217 quous-

1915 2240 2023 2295 que
2048 2227 2236 2283 venias
2265 2230 2331 2284 ad
2370 2245 2517 2300 eam,
2546 2241 2601 2288 et
2641 2233 2898 2290 dilatetur
2932 2250 2966 2307 ‘a
3001 2245 3073 2291 te.
3119 2235 3359 2294 Ruinosa
3391 2249 3495 2306 est,

1916 2316 2079 2374 retice
2093 2332 2235 2374 eam.
2260 2319 2433 2377 liabet
2458 2322 2688 2393 plurima
2711 2339 2831 2395 quae
2856 2324 3133 2383 oﬂ'endant
3148 2325 3334 2386 oculos
3355 2341 3495 2400 tuos,

1917 2407 2093 2464 fateor
2115 2420 2171 2465 et
2195 2410 2343 2477 scio;
2374 2411 2471 2467 sed
2509 2412 2633 2483 quis
2672 2415 2955 2473 mundabit
2980 2431 3130 2485 eam,
3153 2429 3250 2477 aut
3287 2420 3378 2478 cui
3418 2420 3500 2494 al-

1918 2499 2019 2555 teri
2038 2509 2234 2571 prteter
2258 2510 2310 2558 te
2339 2500 2581 2559 clamabo
2608 2503 2633 2559 ἲ
2662 2504 2739 2560 Ab
2773 2507 2990 2563 occultis
3010 2510 3137 2565 meis
3167 2511 3366 2568 munda
3393 2529 3496 2580 me,

1916 2589 2160 2660 Domine,
2189 2600 2237 2646 et
2272 2592 2337 2648 ab
2374 2592 2560 2649 alienis
2590 2610 2746 2664 parce
2775 2611 2921 2652 servo
2961 2605 3072 2655 tuo.
3132 2598 3306 2672 (Paul.
3340 2618 3497 2671 xvttl,

1918 2682 2033 2755 i3.)
2060 2683 2171 2741 Fac
2191 2699 2299 2752 me,
2316 2685 2490 2742 dulcis
2511 2685 2746 2751 Christe,
2763 2686 2904 2744 bone
2920 2686 3070 2759 Jesu,
3097 2688 3181 2770 fac
3196 2707 3315 2760 'me,
3343 2709 3498 2768 rogo,

1917 2788 2103 2831 amore
2131 2783 2189 2831 et
2217 2775 2488 2833 desiderio
2514 2776 2591 2832 tui
2608 2777 2879 2849 deponere
2906 2794 3044 2837 onus
3073 2782 3376 2840 carnalium
3406 2784 3501 2842 de-

1918 2864 2265 2934 sideriorum,
2289 2876 2343 2923 et
2391 2877 2728 2924 terrenarum
2770 2872 3353 2944 concupiscentiarum.
3392 2876 3501 2934 De-

1917 2958 2155 3016 minetur
2193 2959 2346 3016 carni
2383 2959 2597 3024 anima,
2631 2961 2835 3041 anima:
2876 2965 3048 3034 ratio,
3089 2968 3286 3026 rationi
3324 2971 3500 3042 gratia
3534 3004 3539 3007 ι

1919 3058 2029 3116 tua,
2061 3059 2117 3107 et
2148 3058 2255 3107 tuae
2283 3066 2371 3108 me
2413 3050 2644 3108 interius
2672 3061 2728 3108 et
2752 3055 2994 3113 exterius
3019 3059 3190 3118 subde
3213 3061 3499 3133 voluntati.
3530 3102 3534 3106 Α

1913 3141 2117 3200 Tribus
2144 3144 2278 3200 mihi
2311 3154 2369 3199 ut
2403 3143 2587 3203 laudet
2616 3152 2667 3199 te
2691 3159 2787 3205 cor
2819 3163 3024 3215 meum,
3053 3160 3109 3205 et
3131 3149 3313 3224 lingua
3353 3168 3497 3220 mea,

1911 3244 1967 3291 et
1988 3236 2168 3291 omnia
2196 3251 2318 3293 ossa
2345 3253 2491 3294 mea.
2519 3239 2695 3296 Dilata
2726 3250 2961 3298 mentem
2999 3256 3199 3311 meam,
3232 3254 3288 3300 et
3310 3241 3499 3303 attolle

1913 3325 2169 3380 intuitum
2212 3328 2393 3384 cordis
2441 3330 2570 3399 mei,
2594 3340 2675 3385 ut-'
2689 3330 2775 3387 vel
2819 3333 3008 3403 rapida
3035 3332 3363 3403 cogitatione
3385 3336 3500 3408 spi-

1914 3417 2051 3472 ritus
2102 3430 2254 3475 meus
2293 3421 2528 3493 attingat
2568 3429 2620 3478 le
2656 3430 2918 3479 aeternam
2965 3422 3284 3494 sapientiam
3334 3439 3500 3498 super

1912 3508 2091 3563 omnia
2116 3520 2446 3567 manentem.
2471 3511 2717 3571 Dissolve
2744 3527 2850 3589 me,
2872 3528 2991 3583 oro,
3026 3531 3060 3573 a
3093 3516 3326 3575 vinculis
3378 3519 3500 3590 qui-

1913 3597 2014 3655 bus
2060 3601 2390 3660 constrictus
2430 3614 2654 3672 teneor,
2698 3616 2758 3663 ut
2788 3605 3119 3680 relinquens
3167 3608 3352 3665 omnia
3392 3609 3498 3666 ista

1916 3692 2010 3748 tibi
2052 3691 2306 3750 festinem
2335 3696 2438 3764 7“,
2479 3698 2573 3754 tibi
2611 3699 2712 3756 soli
2752 3700 3070 3767 inhaeream,
3118 3699 3217 3758 tibi
3255 3700 3358 3760 Soli
3408 3701 3499 3760 ln-

1915 3786 2148 3843 tendam.
3332 3840 3337 3845 ,

1959 3878 2125 3948 229
2142 3877 2181 3932 V
2197 3877 2290 3933 ⁷⁵⁸.
2309 3878 2461 3935 Felix
2479 3880 2680 3949 anima,
2696 3898 2816 3954 qua:
2832 3890 3049 3940 terreno
3059 3882 3299 3940 resoluta
3313 3898 3500 3942 carce-

1915 3982 1975 4024 re
1998 3969 2166 4024 libera
2192 3968 2388 4025 ctelnm
2406 3971 2561 4041 petit,
2590 3987 2709 4043 quae
2735 3982 2786 4028 te
2805 3973 3180 4030 dulcissimum
3209 3973 3500 4030 Dominum

1914 4059 2054 4116 facie
2078 4062 2145 4116 ad
2177 4060 2372 4118 faciem
2403 4063 2603 4129 cernit,
2631 4078 2750 4134 qua:
2777 4064 2926 4121 nullo
2955 4073 3101 4122 metu
3139 4065 3333 4122 mortis
3378 4064 3502 4121 alli-

1916 4152 2084 4218 citur,
2111 4154 2205 4209 sed
2225 4154 2295 4209 de
2323 4154 2731 4225 incorruptione
2751 4165 3025 4227 perpetuae
3051 4154 3238 4228 gloriae
3259 4154 3494 4235 laetatur.

1919 4242 2235 4315 Tranquilla
2267 4254 2351 4302 est
2373 4255 2429 4302 et
2450 4260 2665 4322 secura,
2687 4245 2802 4316 jam
2834 4262 2944 4303 non
2977 4246 3130 4303 timet
3154 4245 3367 4303 hostem
3395 4257 3519 4302 nec‘

1918 4347 2170 4393 mortem.
2201 4337 2374 4404 liabet
2414 4348 2466 4395 te
2494 4338 2639 4409 pium
2668 4339 2973 4406 Dominum,
2998 4353 3162 4410 quem
3183 4338 3275 4395 diu
3305 4336 3501 4410 quesi-

218 4421 568 4490 quiesciti",
590 4440 867 4498 nunquam
891 4441 1080 4483 secura
1100 4428 1529 4486 est.Famuletur
1551 4431 1642 4486 tihi
1672 4446 1812 4489 sem-
1845 4439 1891 4496 ι)
1921 4431 2016 4495 vit,
2066 4444 2389 4501 semperque
2415 4430 2642 4498 amavit,
2682 4429 3009 4502 hymnidicis
3038 4428 3244 4486 sociata
3281 4424 3499 4495 choris,

220 4528 322 4583 per
350 4531 506 4572 mens
534 4532 676 4584 mea,
707 4520 969 4591 piissime.
994 4520 1244 4593 Suspiret
1274 4523 1367 4579 tibi
1409 4538 1625 4597 semper
1653 4539 1835 4596 pere-.7

218 4610 466 4679 grinatio
506 4625 650 4677 mea,
678 4614 866 4668 ardeat
909 4613 963 4668 in
1009 4628 1196 4671 amore
1230 4616 1304 4670 tui
1333 4631 1431 4672 cor
1474 4630 1675 4672 meum.
1709 4615 1814 4674 Re-

217 4700 472 4769 qniescat
496 4700 548 4754 in
579 4710 653 4768 te,
682 4702 824 4759 Deus
846 4716 1018 4769 meus,
1042 4703 1222 4759 anima
1254 4705 1813 4776 mea,contempletur

218 4798 278 4848 te
309 4792 363 4846 in
397 4793 594 4849 mentis
619 4808 869 4861 excessu,
899 4803 1080 4852 cantet
1111 4795 1300 4852 laudes
1332 4804 1452 4851 tuas
1467 4796 1809 4867 jubilatione,

215 4893 278 4940 et
304 4885 422 4939 haec
449 4884 522 4940 sit
548 4886 600 4940 in
634 4887 737 4944 hoc
766 4887 958 4944 exsilio
987 4902 1108 4945 meo
1150 4887 1453 4945 consolatio
1497 4902 1639 4943 mea.
1667 4887 1812 4944 Con-

217 4975 393 5050 fugiat
425 4992 580 5034 mens
606 4994 724 5036 mea
754 4979 855 5038 sub
874 4982 1065 5037 umbra
1092 4981 1298 5037 alarum
1325 4989 1542 5037 tuarum
1572 4981 1642 5037 ab
1668 4981 1815 5038 testi-

204 5072 326 5127 bus
353 5070 743 5144 cogitationum
786 5073 968 5130 saeculi
999 5074 1180 5147 hujus.
1217 5073 1491 5145 Repauset
1518 5073 1572 5129 in
1612 5083 1664 5131 te
1710 5087 1809 5130 cor

214 5180 432 5236 meum,
460 5183 557 5226 cor
579 5184 730 5226 mare
781 5182 1058 5240 magnum,
1097 5177 1313 5225 tumens
1356 5166 1630 5224 ﬂuctibus.
1654 5162 1700 5222 0
1729 5164 1813 5222 di-

1913 4522 2170 4580 melliﬂua
2208 4533 2481 4594 perpetua:
2520 4522 2833 4580 festivitatis
2883 4522 3128 4579 carmina
3181 4520 3250 4578 ad
3286 4520 3500 4578 laudem

1915 4616 2100 4688 gloria:
2159 4624 2288 4682 tuae,
2340 4615 2453 4672 Rex
2484 4613 2703 4672 Christe
2752 4614 2893 4675 bone
2941 4612 3091 4685 Iesu,
3138 4613 3193 4670 in
3232 4608 3499 4670 aeternum

1915 4707 2175 4762 concinit.
2212 4706 2520 4762 inebriatur
2548 4706 2691 4761 enim
2734 4706 2803 4761 ab
2843 4705 3093 4761 ubertate
3145 4703 3338 4758 donius
3371 4710 3498 4765 tute,

1916 4806 1972 4855 et
2003 4804 2245 4853 torrente
2268 4796 2565 4868 voluptatis
2588 4805 2691 4851 tuae
2708 4804 2865 4867 potas
2883 4788 3004 4851 eam
3025 4791 3198 4865 (Paul.
3222 4805 3391 4857 xxxv,
3415 4789 3497 4862 9).

1920 4886 2076 4943 Felix
2123 4886 2359 4944 societas
2409 4901 2767 4958 supernorum
2795 4885 3022 4953 civium,
3045 4890 3101 4939 et
3119 4879 3355 4955 gloriosa
3402 4895 3498 4937 so-

1916 4964 2177 5036 ieiunitas
2208 4977 2449 5032 omnium
2476 4977 2543 5032 ad
2579 4987 2632 5032 te
2661 4975 2999 5032 redeuntium
3022 4972 3092 5030 al)
3112 4970 3270 5041 hujus
3298 4972 3498 5029 nostra?

1915 5069 2372 5142 peregrinationis
2420 5069 2561 5126 tristi
2613 5067 2801 5123 labore
2840 5068 2909 5123 ad
2960 5066 3329 5123 amoenitatem
3380 5060 3498 5134 puli-

1913 5162 2256 5230 chritudinis,
2272 5163 2339 5218 ad
2370 5160 2765 5218 formositatem
2792 5158 2958 5216 totius
2977 5156 3303 5230 splendoris,
3333 5163 3497 5225 atque

1612 5344 1849 5402 ΫΑΒΙιΕ
1888 5340 2292 5401 LECTIONES.

289 5466 368 5501 "°
428 5466 556 5523 Car.
609 5468 665 5524 2.
716 5468 787 5525 In
824 5466 969 5525 Sam.
1020 5466 1203 5536 Caput
1235 5466 1300 5536 δε
1352 5465 1430 5536 De
1477 5462 1748 5522 desiderio
1803 5461 1998 5517 animae
2046 5453 2500 5536 siti‘enti_s_lgcum
2601 5451 2673 5484 ⁷⁸³
2720 5452 2879 5536 Car;
3003 5449 3068 5536 lg
3121 5447 3283 5536 Sam.
3323 5444 3494 5536 Caput

209 5535 414 5675 ἒςιεέἶξ
440 5519 880 5663 θῗῧθὲἰρῗῖίῗὶῗῗ
897 5553 1046 5663 ἓὲξ.
1070 5519 1241 5675 32.51;.
1267 5533 1327 5660 ἐξ
1351 5532 1427 5657 3.;
1455 5519 3189 5675 $2.133}?2.5.3.2.“"5‘35'iip}'}.§t'i'33§1°5.‘33$?lab’23ﬁ'5’i.
3217 5532 3495 5646 ’³93³332

257 5717 273 5731 .
314 5675 378 5731 In
424 5676 567 5733 Sam.
595 5677 764 5750 Caput
799 5678 849 5736 6.
886 5678 959 5733 De
989 5667 1269 5734 fmlici'tate
1297 5674 1490 5731 animat
1514 5689 1543 5727 a
1589 5682 1804 5729 terreno
1833 5685 2051 5729 carcere
2089 5667 2338 5725 resoluta:
