4060 6292
569 289 690 347 783

905 293 962 355 S.
1008 294 1303 359 ANSELMI
1350 295 1701 353 CANTUAR.
1749 294 2068 353 ARClllEi’.
2101 296 2153 353 0]

2299 296 2477 354 PARS
2511 297 2574 353 ll.
2601 330 2671 341 -ς-
2693 298 3065 382 ΡΑΒΑΕΧΕΤ.
3122 304 3211 359 ΕΤ
3248 305 3497 365 ASCET.

3753 315 3870 372 78!

560 405 901 477 dignitatem
931 417 1096 465 tottus
1117 410 1420 479 elcgautlm,
1450 411 1539 465 ubi
1570 420 1621 466 te
1650 411 1875 481 jugiter,
1909 411 2164 478 Domine,
2193 419 2240 477 Α
2273 414 2388 468 dies
2413 415 2585 468 nescit
2611 415 2812 471 habere
2844 424 3077 486 tempus,
3106 419 3196 473 ubi
3230 421 3403 483 victor
3435 424 3596 479 miles
3631 437 3749 497 post
3776 429 3869 484 la-

558 499 661 552 'tui
714 499 863 554 cives
901 511 1151 555 cernunt.
1205 501 1351 556 Nihil
1407 502 1632 557 omnino
1677 504 1819 573 quod
1872 505 2164 559 conturbet

584 604 619 641 n
641 596 842 651 entcm,
862 588 1071 664 ibidem
1099 590 1320 645 auribus
1340 593 1529 647 audire
1561 594 1745 649 datur.
1770 595 1900 661 Qua:
1922 594 2167 650 cantica?

556 678 711 744 Qua:
744 679 982 750 organa?
1007 679 1140 746 Qua:
1159 681 1486 736 cantilenze?
1515 682 1645 749 Qum
1669 682 1917 739 melodize
1945 683 2015 738 ibi
2049 684 2167 738 sine

581 773 687 827 ﬁne
740 773 1131 828 decantantur?
1205 774 1543 831 Sonaut'ibi
1605 791 1821 847 semper
1909 777 2165 831 mellillna

581 865 899 933 hymnorum
936 881 1160 937 organa,
1217 868 1537 923 suavissima
1566 869 1877 937 angelorum
1906 868 2160 935 melodia,

578 958 787 1013 cantica
816 959 1154 1014 canticorum
1177 960 1334 1027 mira,
1363 975 1484 1030 qum
1510 963 1577 1014 ad
1606 960 1820 1016 laudem
1852 970 1906 1014 et
1935 960 2161 1030 gloriam

579 1057 725 1104 tuam
755 1067 784 1104 a
810 1052 1068 1121 supernis
1097 1053 1310 1109 civibus
1339 1053 1721 1109 dccantantur.
1767 1054 2085 1108 Amaritudo
2108 1064 2162 1110 et

576 1141 756 1198 omnis
785 1142 924 1198 fellis
949 1146 1219 1213 asperitas
1258 1145 1310 1199 in
1346 1146 1566 1215 regione
1596 1154 1683 1201 tua
1715 1145 1892 1200 locum
1922 1162 2027 1200 neu
2065 1146 2162 1201 ba-

578 1231 727 1287 bent.
761 1231 878 1288 Non
925 1234 1071 1289 enim
1119 1243 1204 1289 est
1235 1234 1305 1291 ibi
1338 1235 1512 1291 malus
1565 1249 1740 1305 neque
1769 1235 1993 1291 malitia.
2044 1235 2159 1294 Non

577 1323 925 1381 adversarius
947 1333 1002 1379 et
1038 1325 1379 1397 impugnans,
1416 1342 1517 1383 nec
1545 1338 1628 1383 est
1658 1327 1768 1382 ulla
1807 1329 2015 1398 peccati
2042 1328 2159 1383 ille-

572 1414 763 1469 cebra.
788 1411 942 1470 Nulla
966 1424 1047 1470 est
1070 1417 1143 1471 ibi
1174 1415 1496 1485 indigentia,
1523 1418 1757 1473 dedecus
1787 1417 2012 1481 nullum,
2041 1418 2158 1473 rixa

564 1507 744 1573 nulla,
789 1506 994 1562 nullum
1047 1508 1457 1579 improperium,
1505 1511 1753 1566 causatio
1784 1511 1950 1578 nulla,
1977 1509 2158 1566 nullus

577 1599 763 1665 timor,
816 1598 964 1654 nulla
1016 1591 1353 1671 inquietudo,
1407 1602 1552 1658 nulla
1616 1617 1801 1674 poena,
1861 1603 2005 1657 nulla
2062 1603 2157 1658 du-

577 1691 775 1757 hietas,
808 1690 954 1746 nulla
988 1691 1269 1758 violentia,
1312 1693 1456 1747 nulla
1480 1694 1779 1760 discordia;
1818 1695 1914 1750 sed
1950 1703 2035 1750 est
2082 1692 2155 1749 ibi

571 1794 677 1851 pax
709 1796 948 1847 summa,
991 1781 1233 1838 charitas
1265 1782 1446 1853 plena,
1494 1782 1747 1852 jubilatio
1794 1792 1843 1839 et
1894 1785 2013 1840 laus
2060 1775 2169 1844 De'L

569 1878 794 1935 aeterna,
840 1868 960 1924 sine
997 1868 1103 1923 fine
1133 1883 1325 1925 secura
1360 1873 1596 1943 requies,
1629 1879 1684 1927 et
1710 1872 1966 1942 gaudium
2007 1887 2154 1928 sem-

562 1977 668 2034 per
712 1963 766 2018 in
817 1962 1020 2033 Spiritu
1073 1975 1284 2020 sancto.
1336 1964 1381 2021 Ο
1429 1981 1589 2034 quam
1622 1965 1931 2023 fortunatus
1960 1981 2077 2034 ero,
2106 1968 2152 2024 si

571 2054 830 2109 audivero
857 2053 1280 2125 iucundissimas
1319 2056 1517 2111 civium
1578 2066 1793 2113 tuorum
1820 2058 2151 2128 cantilenas,

570 2143 815 2199 carmina
855 2142 1108 2199 mellillua
1168 2144 1355 2201 laudes
1409 2162 1633 2201 summa:
1673 2146 1923 2202 Trinitati
1971 2147 2154 2205 debito

570 2238 777 2293 honore
803 2237 1122 2307 prementia.
1166 2235 1272 2292 Sed
1295 2246 1349 2292 et
1391 2238 1617 2294 nimium
1648 2237 1799 2304 felix,
1830 2239 1874 2294 si
1899 2254 2000 2312 ego
2041 2239 2155 2311 ipse

570 2343 820 2385 meruero
838 2337 1062 2386 cantare
1082 2330 1356 2385 canticum
1400 2331 1632 2387 Domino
1670 2331 1797 2387 Jesu
1822 2331 2056 2399 Christo,
2086 2331 2154 2387 de

566 2418 818 2475 dulcibus
848 2419 1078 2476 canticis
1109 2419 1262 2476 Sion.

559 2540 564 2548 -
636 2508 703 2564 Vl
728 2510 823 2564 ⁷⁸⁸.
855 2511 902 2566 0
930 2510 1037 2566 vita
1068 2510 1273 2576 vitalis,
1323 2512 1432 2567 vita
1485 2512 1818 2583 sempiterna
1850 2523 1903 2570 et
1950 2515 2152 2587 sempi-

557 2610 718 2657 terno
737 2600 930 2657 beata!
965 2598 1053 2656 ubi
1079 2603 1335 2671 gaudium
1364 2602 1485 2658 sine
1512 2617 1770 2671 mterore,
1793 2606 2007 2675 requies
2031 2606 2151 2663 sine

555 2692 770 2760 labore,
796 2693 1032 2765 dignitas
1056 2696 1176 2751 sine
1218 2704 1478 2763 tremore,
1516 2709 1651 2765 opes
1674 2696 1791 2751 sine
1825 2697 2148 2764 amissione,

563 2787 771 2842 sanitas
808 2787 927 2842 sine
953 2786 1233 2859 languore,
1282 2787 1611 2842 abundantia
1647 2788 1766 2844 sine
1823 2788 2146 2857 defectione,

563 2879 674 2934 vita
700 2880 819 2935 sine
844 2890 1045 2946 morte,
1073 2881 1412 2951 perpetuitas
1434 2881 1551 2935 sine
1573 2881 1945 2952 corruptione,
1977 2881 2151 2936 beati-

565 2971 695 3027 tudo
721 2972 839 3027 sine
890 2971 1224 3038 calamitate,
1273 2972 1367 3027 ubi
1392 2973 1597 3027 omnia
1623 2973 1765 3029 bona
1791 2973 1844 3028 in
1867 2973 1937 3006 ⁷⁸⁷
1970 2974 2152 3030 chari-

554 3068 676 3118 1ate
701 3059 966 3131 perfecta,
992 3060 1080 3115 ubi
1114 3060 1325 3131 species
1371 3069 1428 3117 et
1454 3061 1594 3118 visio
1642 3060 1782 3118 facie
1810 3063 1879 3118 ad
1926 3062 2144 3132 faciem,

555 3153 656 3209 ubi
701 3125 869 3225 plena
919 3125 1231 3208 scientia'iu
1274 3152 1527 3208 omnibus
1562 3162 1615 3208 et
1664 3167 1762 3223 per
1805 3154 2010 3217 omnia,
2053 3155 2143 3211 ubi
2173 3125 2215 3183 Ο

556 3250 773 3301 summa
802 3242 895 3299 Dei
932 3243 1149 3299 bonitas
1178 3242 1424 3298 cernitur
1465 3252 1521 3298 et
1547 3242 1729 3300 lumen
1763 3243 2074 3301 illuminans
2112 3261 2143 3302 a

560 3334 766 3392 sanctis
794 3331 1157 3404 gloriﬁcatur,
1177 3332 1267 3389 ubi
1297 3347 1538 3405 praesens
1588 3335 1848 3407 majestas
1881 3335 1974 3391 Dei
2004 3351 2143 3393 "con-

553 3426 808 3497 ‘spicitur,
835 3432 890 3479 et
916 3425 1020 3480 hoc
1046 3424 1173 3479 vitae
1202 3422 1325 3480 cibo
1352 3425 1471 3481 sine
1493 3424 1703 3482 defectu
1744 3441 1898 3482 mens
1931 3426 2142 3482 intuen-

562 3521 696 3578 tium
727 3520 988 3586 satiatur;
1021 3519 1205 3575 vident
1240 3534 1480 3592 semper,
1505 3529 1563 3576 et
1598 3521 1782 3576 videre
1813 3508 2139 3587 desiderant,

560 3611 680 3666 sine
708 3610 986 3666 anxietate
1015 3610 1346 3677 desiderant,
1385 3622 1440 3667 et
1461 3612 1576 3668 sine
1602 3613 1817 3668 fastidio
1839 3615 2139 3681 satiantur;

560 3703 649 3762 ubi
669 3716 828 3759 verus
848 3700 941 3758 Sol
961 3703 1188 3771 iustitiae
1208 3703 1346 3758 mira
1362 3719 1475 3760 sua:
1492 3705 1912 3775 pulchritudinis
1939 3707 2141 3762 visione

559 3809 751 3851 omnes
775 3792 969 3863 reﬁcit,
999 3804 1054 3849 et
1085 3794 1157 3848 ita
1183 3794 1464 3851 universos
1510 3795 1749 3852 caelestis
1784 3797 1974 3869 patriae
1994 3796 2141 3853 cives

559 3889 825 3944 illuminat
860 3897 918 3943 ut
969 3887 1184 3943 luceant
1229 3887 1355 3959 ipsi,
1412 3889 1594 3944 lumen
1645 3888 1894 3944 videlicet
1944 3889 2142 3944 illumi-

550 3991 743 4037 ‘natum
766 3995 862 4052 per
892 3980 1082 4044 Deum,
1104 3978 1288 4035 lumen
1313 3979 1387 4011 ⁷⁸⁸
1408 3979 1721 4037 illuminans
1747 3979 1887 4035 ultra
1919 3993 2139 4036 omnem

557 4073 685 4131 solis
710 4073 879 4128 nostri
911 4072 1276 4143 splendorem,
1311 4080 1476 4142 atque
1510 4081 1829 4128 cunctarum
1861 4071 2139 4128 stellarum

554 4165 858 4223 claritatem
890 4163 1182 4220 immortali
1214 4164 1559 4219 adhaerentes
1593 4162 1805 4229 deitati,
1837 4178 1901 4219 ac
1923 4179 2020 4234 per
2037 4163 2141 4218 hoc

556 4259 895 4317 Immortales
931 4268 987 4314 et
1034 4259 1473 4331 incorruptibiles
1523 4258 1595 4291 m
1638 4256 1792 4323 facti,
1818 4255 1984 4326 ’juxta
2013 4272 2141 4328 pro-

558 4355 870 4428 missionem
904 4352 1117 4408 Domini
1155 4353 1456 4409 Salvatnris
1484 4367 1503 4405 :
1536 4351 1719 4415 Pater,
1779 4367 1913 4423 quos
1949 4351 2140 4406 dedisti

2248 504 2454 558 'boretn
2486 505 2643 561 donis
2675 506 3040 562 intl'l‘abilibus
3066 510 3394 568 Cllllllll‘lllll’.

2441 596 2633 652 Nobile
2651 610 2903 668 perpetua
2923 612 3078 672 caput
3101 602 3442 667 amplectente
3467 624 3686 663 corona.

2339 685 2555 743 Utinam
2598 692 2827 746 remissa
2873 704 3223 763 peccatorum
3282 696 3443 756 mole,
3472 715 3558 753 me
3609 701 3869 756 ultimam

2268 796 2551 836 servorum
2587 783 2790 838 Christi
2833 784 3049 854 juberrt
3087 787 3268 841 divina
3300 789 3472 859 pietas
3507 793 3646 846 hanc
3673 797 3872 851 Carnis

2266 877 2538 932 sarcinam
2569 880 2859 950 deponere,
2887 891 2944 936 ut
2973 884 3151 939 iusmc
3173 886 3408 941 civitatis
3431 889 3628 957 gaudia
3656 904 3867 948 :cterna

2266 970 2640 1047 repattsandus
2701 974 3026 1040 transirem,
3076 977 3442 1033 sanctissimis
3492 996 3866 1049 st-pernorum

2264 1064 2454 1120 choris
2486 1066 2827 1135 interessem,
2856 1083 2980 1124 cum
3010 1069 3341 1126 bealissimis
3363 1073 3581 1142 spiritib
3620 1090 3647 1129 ε
3672 1076 3868 1146 gloria:

2263 1152 2574 1213 Conditoris
2623 1159 2960 1227 assisterem,
2991 1171 3316 1232 praesentem
3348 1163 3441 1220 Dei
3477 1166 3687 1221 Vttllttm
3741 1184 3867 1222 cer-

2263 1263 2473 1317 nerem,
2520 1251 2666 1308 nullo
2697 1255 2886 1310 mortis
2944 1265 3094 1311 metu
3137 1267 3423 1327 tangerer,
3467 1261 3535 1317 de
3582 1274 3867 1334 perpetua:

2263 1340 2696 1400 immortalitatis
2725 1346 3134 1418 incorruptione
3174 1364 3402 1408 securus
3422 1340 3425 1343 ’
3445 1354 3774 1424 gauderem,
3802 1370 3866 1414 et

2244 1416 2452 1487 scienti
2480 1436 2661 1489 omnia
2700 1434 3023 1505 coniunctus
3054 1454 3270 1496 onmem
3320 1443 3645 1514 ignorantiae
3680 1450 3863 1514 carci-

2264 1530 2425 1577 tatem
2472 1524 2803 1593 amitterem,
2853 1536 3312 1586 terrenaeuncta
3366 1536 3864 1603 parvipenderem.

2261 1614 2562 1671 convallem
2595 1615 2962 1688 lacrymarum
3011 1619 3169 1675 istam
3209 1622 3408 1678 intueri
3448 1625 3532 1680 vel
3577 1627 3863 1684 reminisci

2260 1705 2489 1763 ulterius
2516 1722 2622 1761 non
2664 1708 2945 1778 dignarer,
2975 1711 3064 1765 ubi
3104 1713 3212 1767 vita
3244 1712 3541 1782 laboriosa,
3583 1718 3696 1773 vita
3735 1735 3863 1775 cor-

2262 1795 2555 1866 ruptibilis,
2582 1796 2690 1851 vita
2714 1799 2863 1853 omni
2892 1801 3258 1875 amaritudine
3288 1804 3464 1874 plena,
3498 1806 3609 1860 vita
3633 1807 3861 1864 domina

2244 1885 2547 1965 malorum,
2573 1886 2767 1942 ancilla
2796 1887 3156 1958 infernarum,
3186 1907 3346 1962 quam
3391 1896 3651 1952 humores
3693 1899 3864 1953 tumi-

2264 1978 2420 2045 dant,
2463 1979 2683 2036 dolores
2729 1990 3054 2048 extenuant,
3111 1984 3337 2042 ardores
3389 1988 3691 2055 exsiccant,
3724 2006 3860 2048 aera

2258 2072 2593 2137 morbidant,
2649 2089 2791 2129 esczn
2831 2074 3330 2147 inﬂuantﬁjejunia
3386 2092 3708 2150 macerant,
3740 2085 3859 2155 joci

2240 2163 2494 2241 _solvunt,
2545 2166 2778 2221 tristitia:
2808 2178 3161 2235 consumunt,
3209 2171 3521 2244 sollicitudo
3572 2187 3854 2232 coarctat.

2255 2257 2525 2313 securitas
2552 2259 2794 2328 hebetat,
2821 2259 3023 2316 divitia:
3056 2262 3286 2332 jactaut,
3317 2278 3616 2337 paupertas
3644 2268 3854 2338 dejicit,

2246 2346 2510 2418 juventus
2531 2351 2764 2419 extollit,
2789 2364 3044 2411 senectus
3075 2355 3349 2424 incurvat,
3373 2358 3672 2416 inﬁrmitas
3696 2362 3853 2418 lnior-

2252 2438 2352 2510 git,
2386 2453 2592 2496 tuosror
2630 2433 2936 2513 deprimit,
2968 2444 3219 2502 diabolus
3250 2447 3561 2517 insidiatur,
3612 2453 3858 2509 "1|"th

2253 2527 2524 2597 adulatur,
2563 2545 2695 2588 caro
2741 2533 3064 2603 delectatur,
3102 2539 3282 2593 anima
3324 2552 3655 2607 excaecatur.
3700 2554 3856 2601 totus

2255 2620 2418 2676 homo
2466 2623 2853 2681 conturbatur!
2890 2628 2957 2683 Et
2985 2628 3073 2683 his
3113 2638 3194 2685 tot
3218 2638 3275 2685 et
3307 2632 3476 2688 tantis
3512 2636 3673 2691 malis
3701 2653 3857 2693 mors

2252 2707 2539 2795 furibunda
2565 2718 2828 2782 succedit,
2861 2720 3119 2792 vanisque
3144 2723 3359 2793 gaudiis
3379 2723 3455 2779 ita
3479 2725 3643 2782 linem
3676 2728 3855 2798 “uapo-

2250 2794 2353 2868 nit,
2386 2814 2447 2860 ut
2466 2822 2590 2861 cum
2618 2823 2739 2864 esse
2768 2810 3048 2879 desicrint,
3078 2827 3177 2869 nec
3200 2814 3368 2872 fuisse
3389 2828 3671 2886 putentur.

2322 2894 2428 2952 Sed
2474 2914 2611 2968 quas
2642 2901 2708 2932 ⁷⁶¹
2739 2900 2945 2971 laudes,
3000 2922 3205 2975 quasve
3248 2911 3549 2978 gratiarum
3599 2915 3852 2970 actiones

2250 2985 2346 3042 tibi
2374 2988 2579 3047 referre
2608 2992 2903 3062 valeamus,
2931 2998 3073 3054 Deus
3094 3010 3300 3067 noster,
3326 3003 3418 3071 qui
3446 3019 3548 3060 nos
3568 3006 3738 3061 etiam
3762 3008 3851 3061 in—

2252 3089 2338 3133 ter
2382 3082 2481 3137 has
2507 3093 2684 3140 tantas
2710 3088 3059 3146 mortalitatis
3082 3103 3285 3149 nostra:
3309 3110 3588 3152 aerumnas
3613 3114 3723 3152 non
3749 3101 3848 3155 de-

2250 3171 2384 3227 sinis
2431 3177 2702 3232 consolari
2738 3180 2875 3234 mira
2919 3181 3233 3240 visitatioue
3282 3188 3471 3257 gratiae
3501 3192 3647 3245 tum!
3705 3192 3848 3249 Ecce

2250 3280 2337 3319 me
2380 3266 2638 3323 miserum
2681 3271 2867 3328 multis
2904 3277 3230 3334 mmroribus
3272 3278 3515 3350 plenum,
3560 3282 3690 3337 dum
3722 3287 3848 3340 vita:

2249 3370 2385 3412 mea:
2412 3355 2571 3414 linem
2607 3360 2793 3431 timeo,
2818 3364 2944 3420 dum
2973 3376 3196 3436 peccata
3221 3384 3342 3426 mea
3366 3372 3681 3440 considero,
3714 3378 3842 3432 dum

2242 3446 2505 3515 judicium
2539 3460 2686 3506 tuum
2722 3452 2979 3535 formido,
3015 3458 3144 3514 dum
3186 3462 3380 3518 mortis
3409 3462 3605 3519 horam
3635 3468 3839 3537 cogito,

2248 3541 2373 3628 dum
2427 3543 2687 3612 supplicia
2739 3548 2929 3603 tartari
2968 3548 3188 3618 horreo,
3223 3554 3349 3608 dum
3376 3569 3545 3623 opera
3582 3574 3707 3614 mea
3734 3574 3843 3628 qua

2247 3627 2589 3687 districtione
2610 3644 2664 3687 et
2685 3634 3023 3696 discussione
3042 3655 3073 3694 a
3099 3648 3149 3696 te
3169 3627 3842 3716 pensenturignoro,dum

2248 3733 2355 3809 quo
2402 3721 2508 3777 line
2540 3723 2625 3777 illa
2657 3726 2942 3784 clausurus
2986 3731 3090 3785 sim
3125 3734 3340 3802 penitus
3367 3738 3575 3802 nescio,
3602 3740 3848 3809 dumque

2247 3808 2362 3865 lure
2391 3820 2444 3866 et
2467 3811 2573 3867 alia
2604 3815 2770 3870 multa
2799 3832 3010 3874 mecum
3033 3814 3134 3877 Sub
3162 3823 3324 3878 corde
3351 3836 3611 3888 retracto.
3644 3808 3846 3885 conso-

2244 3901 2452 3960 laturus
2474 3908 2603 3962 ades
2624 3908 2779 3963 solita
2804 3910 3026 3980 pietate,
3044 3911 3271 3971 Domine
3298 3916 3464 3993 Deus,
3490 3930 3546 3974 et
3572 3922 3717 3976 inter
3740 3923 3846 3978 has

2246 3995 2518 4064 querelas,
2574 3999 2879 4072 nimiosque
2924 4003 3169 4073 ploratus
3215 4022 3279 4062 ac
3329 4009 3603 4078 profunda
3659 4014 3843 4068 contis

2247 4085 2504 4154 suspiria,
2538 4090 2775 4145 assumis
2796 4082 3044 4149 moestam
3081 4104 3136 4149 et
3159 4097 3376 4152 anxiam
3406 4110 3650 4157 mentem
3672 4117 3844 4177 super

2244 4175 2350 4231 alta
2371 4176 2499 4251 juga
2529 4182 2791 4238 montium
2818 4185 2887 4239 ad
2936 4186 3150 4243 areolas
3196 4204 3369 4259 usque
3420 4175 3752 4261 aromatum,
3779 4203 3843 4251 et

2246 4267 2483 4325 collocas
2513 4285 2598 4326 me
2626 4272 2681 4327 in
2733 4272 2853 4330 loco
2900 4291 3114 4346 pascuae
3155 4292 3317 4335 secus
3362 4281 3568 4338 rivulos
3595 4284 3843 4340 dulcium

2245 4370 2547 4430 aquarum,
2568 4363 2660 4419 ubi
2700 4379 2977 4437 praeparas
3010 4368 3064 4422 in
3107 4382 3398 4441 conspectu
3437 4388 3562 4429 meo
3591 4390 3841 4429 mensam

551 4446 704 4529 inihi,
744 4444 861 4501 volo
908 4459 965 4501 ut
993 4446 1081 4500 ubi
1106 4462 1198 4516 ego
1227 4462 1366 4512 sum,
1386 4454 1433 4499 et
1464 4444 1543 4498 illi
1572 4445 1674 4498 sint
1703 4458 1904 4497 mecum
1937 4455 1955 4494 :
1986 4453 2040 4496 ut
2061 4443 2140 4497 vi-
2172 4471 2216 4536 ι)
2246 4452 2560 4523 multiplicis
2610 4467 2929 4527 apparatus,
2988 4477 3109 4531 qua:
3142 4461 3430 4531 fatigatum
3463 4456 3713 4536 spiritum
3736 4479 3837 4522 re-

554 4524 709 4591 deant
729 4538 1021 4594 claritatem
1041 4554 1230 4603 nteant,
1256 4547 1310 4590 ut
1342 4553 1518 4590 omnes
1551 4551 1715 4589 unum
1756 4536 1883 4601 sint,
1907 4535 2037 4589 sicut
2081 4545 2138 4589 tu

554 4614 717 4685 Pater
740 4631 794 4686 in
829 4647 930 4699 me,
960 4636 1009 4685 ‘et
1048 4646 1141 4701 ego
1169 4631 1225 4684 in
1248 4639 1323 4697 te,
1340 4639 1386 4684 et
1414 4631 1513 4701 ipsi
1550 4630 1606 4683 in
1630 4629 1777 4683 nobis
1824 4644 1985 4683 unum
2032 4630 2138 4683 sint

550 4721 677 4793 '(Job
701 4738 833 4790 xvn,
856 4721 1068 4793 (ἒξ-⁸24).

584 4854 591 4863 ι
626 4813 714 4873 VII
747 4815 840 4871 ⁷⁸⁸.
868 4816 1113 4887 llegnum
1159 4813 1441 4884 caelorum,
1484 4827 1705 4884 regnum
1744 4811 2137 4881 felicissimum,

551 4923 777 4980 regnum
800 4922 1001 4963 carens
1024 4915 1220 4971 morte,
1248 4916 1303 4961 et
1337 4919 1541 4961 vacans
1577 4904 1710 4970 fine,
1732 4902 1979 4957 cuinulla
2003 4912 2131 4957 tem-

548 5015 683 5073 pora
715 5001 1011 5057 succedunt
1043 5016 1141 5071 per
1168 5014 1367 5066 aevum,
1392 4997 1483 5053 ubi
1506 4997 1799 5052 continuus
1827 4995 1945 5051 sine
1975 5005 2133 5051 nocte

2206 4535 2457 4614 'pauset,
2487 4555 2543 4600 et
2571 4563 2667 4602 cor
2714 4551 2867 4606 triste
2902 4551 3165 4620 lmtilicel,
3212 4554 3412 4625 quibus
3450 4558 3668 4613 tandem
3693 4560 3844 4613 refo-

2246 4633 2463 4690 cillatus
2507 4636 2739 4706 deliciis,
2776 4648 2830 4695 et
2875 4640 3166 4697 multarum
3208 4645 3556 4701 miseriarum
3589 4662 3843 4702 mearum

2242 4726 2463 4794 oblitus,
2484 4727 2715 4797 {levatus
2743 4748 2905 4803 super
2931 4734 3272 4789 altitudinem
3317 4745 3498 4803 terrae,
3531 4738 3586 4792 in
3616 4748 3667 4793 te
3701 4753 3843 4793 vera

2240 4830 2372 4886 pace
2398 4819 2623 4888 quiesco
2651 4823 2743 4875 ⁷⁸³.
3082 4864 3088 4870 .

2235 4906 2240 4912 '
2733 4914 3113 4974 MEDITATIO
3136 4917 3231 4974 xv
3251 4921 3351 4991 (δ).

2243 4996 2320 5055 De
2373 5006 2758 5072 prwtert'torum
2821 5010 3187 5077 beneﬁciorum
3280 5010 3480 5067 Christi
3554 5013 3849 5081 memoria.

1829 5159 2060 5215 νΑῐιιιΕ
2091 5159 2497 5222 LECT‘lONES.

617 5276 690 5312 ⁷³⁸
719 5274 925 5349 (λψρ.
974 5273 1040 5328 1η
1068 5273 1233 5349 Saga.
1255 5272 1423 5349 Caput
1448 5275 1502 5327 7.
1536 5272 1614 5328 De
1640 5270 1839 5349 εειρᾴἰο
1867 5270 2101 5349 paradisi
2164 5274 2469 5349 _"7‘0mnia
2498 5278 2633 5334 bona
2675 5284 2727 5336 in
2761 5285 2814 5336 in
2841 5282 2987 5337 Sent.
3014 5285 3199 5338 omnia
3231 5284 3281 5338 in
3382 5285 3457 5317 ⁷⁸⁸
3502 5285 3604 5340 Per
3626 5284 3847 5349 Deum,

549 5344 731 5421 lumen
759 5349 812 5399 in
844 5345 989 5421 Som.
1015 5361 1109 5414 per
1128 5342 1366 5421 divinant
1391 5344 1580 5421 _lumeu
1656 5342 1726 5374 ⁷⁵³
1756 5342 2123 5421 ξηθρνροηξθε
2157 5342 2212 5397 in
2239 5343 2393 5421 ξορρ.
2427 5347 2867 5421 incorruptibiles
2941 5354 3011 5385 ⁷⁸⁸
3038 5354 3169 5408 CAP.
3198 5355 3249 5408 7.
3283 5354 3348 5409 In
3379 5353 3526 5409 Sam.
3573 5352 3749 5420 Caput
3779 5342 3847 5411 8;

550 5415 817 5485 Deregno
842 5410 1125 5493 cteltiritm.
1168 5414 1266 5493 _"°'
1300 5414 1704 5493 Sedquasitc.
1749 5412 1812 5466 In
1845 5411 1988 5493 Sent.
2018 5410 2187 5493 Caput
2234 5416 2288 5469 9.
2321 5417 2603 5493 Quomodo
2626 5410 2747 5493 post
2790 5423 2985 5478 nimios
3025 5425 3267 5493 ploratus
3307 5436 3559 5482 incestam
3591 5410 3851 5481 animuin

551 5482 860 5540 consolatur
890 5485 1182 5545 Deus.,Sed
1223 5500 1360 5555 quas
1385 5494 1484 5538 etc.
1571 5484 1639 5515 ⁷⁸³
1666 5483 1808 5538 Pace
1844 5482 2103 5553 quiesco.
2128 5482 2430 5564 Sqmnalius
2456 5492 2539 5543 Iu'c
2559 5482 2743 5569 Cq'pita
2773 5495 2862 5548 27.
2887 5482 3162 5566 subjdngit

2042 5644 2045 5649 λ
2057 5594 2287 5655 NOTAE.

623 5706 699 5772 (ὃ)
730 5700 879 5759 lianc
902 5703 958 5758 S.
988 5702 1273 5773 Anselmus
1299 5702 1610 5772 scripsitad
1635 5720 1877 5762 sororem
1910 5722 2092 5762 suam.
2269 5684 2282 5689 ’
