4060 6292
208 360 300 419 785

1557 339 2083 403 ΜΕΟΙΤΛΊΊΟΝΕΒ.

3335 325 3441 383 136

187 461 195 470 ’
265 477 324 529 de
358 469 679 539 iii-mentium
712 465 1058 534 experientia.
1088 470 1132 516 et
1183 458 1562 529 exspectatione
1604 455 1750 524 {utu-
1785 457 1831 513 Α.
1858 453 1910 507 ἱιι
1943 450 2256 505 D-thlebcm
2288 462 2634 520 prosequere.
2669 454 2724 499 et
2747 445 2798 497 ia
2829 439 3439 539 hami-iturusdiverteris

268 559 452 598 rerum.

266 654 418 724 230
441 651 572 719 Quae
594 650 660 704 ad
684 649 1026 704 dilectionem
1060 645 1150 700 Dei
1185 645 1445 706 excitant,
1474 640 1674 696 nullum
1704 647 1761 694 ut

205 746 370 800 audiat
404 743 602 796 taedere
653 739 840 804 debet;
903 738 1099 809 legitur
1154 740 1330 790 autem
1384 735 1436 788 in
1472 731 1761 801 Evangelio

204 837 330 901 quod
357 836 472 888 dum
508 847 732 888 sorores
762 829 1068 887 vehementi
1103 843 1290 884 amore
1319 826 1625 882 dilexerunt
1653 823 1759 876 Do-

204 926 486 988 minum,et
506 923 632 978 licet
655 934 886 992 utraque
913 922 1082 975 Deum
1115 919 1530 989 proximumque
1567 912 1763 967 dilexe-

204 1019 286 1082 rit,
309 1015 610 1085 specialiter
641 1023 818 1069 tamen
850 1013 996 1067 circa
1041 1010 1357 1079 obsequium
1389 1005 1760 1076 proximorum

201 1108 549 1176 occupabatur
579 1105 814 1169 Martha,
835 1120 900 1159 ex
921 1104 1101 1160 divino
1129 1117 1252 1155 vero
1291 1100 1437 1154 fonte
1459 1094 1762 1151 dilectionis

200 1200 470 1254 hauriebat
517 1180 681 1252 uaria
709 1195 863 1268 (Luc.
891 1211 948 1257 κ.
988 1193 1202 1263 59-42).
1243 1192 1322 1245 Ad
1371 1191 1465 1244 Dei
1515 1203 1646 1243 vero
1681 1185 1763 1239 di-

190 1291 471 1344 lectionem
500 1289 606 1343 duo
630 1289 933 1357 pertinent:
977 1286 1203 1340 allectus
1227 1284 1440 1348 mentis,
1465 1291 1518 1336 et
1539 1279 1762 1335 allectus

195 1381 383 1450 operis.
399 1381 457 1432 Et
473 1381 575 1434 hoc
587 1394 738 1448 opus,
758 1379 808 1433 iu
829 1379 1086 1436 virtutum
1099 1375 1515 1440 exercitatione;
1537 1372 1762 1428 allectus

198 1485 315 1524 vero
339 1471 558 1536 utentis,
589 1471 640 1524 in
671 1469 968 1540 spiritualis
991 1477 1177 1538 gustus
1201 1465 1502 1525 dulcedine.
1533 1465 1762 1520 Exerci-

199 1560 322 1613 tatio
352 1560 614 1615 virtutum
655 1561 708 1614 in
739 1569 892 1615 certo
922 1559 1134 1616 vivendi
1162 1557 1340 1619 modo.
1379 1555 1683 1626 iujejuuiis,
1708 1555 1760 1610 in

198 1649 400 1718 vigiliis,
436 1652 486 1705 in
508 1653 761 1722 opere,in
787 1651 1038 1714 lectione,
1065 1650 1116 1704 in
1139 1649 1404 1714 oratione,
1441 1649 1491 1702 in
1524 1647 1756 1712 silentio,

199 1747 247 1800 in
272 1759 612 1818 paupertate,
637 1759 693 1804 et
729 1749 941 1805 ueteris
973 1745 1276 1816 huiusmodi
1319 1743 1758 1808 commendatur;

1864 559 1984 596 cum
2031 543 2119 596 illa
2158 541 2370 606 assiste,
2425 547 2478 591 et
2505 538 2803 605 obsequere
2854 531 3123 601 parienti:
3155 530 3434 597 lOralnqu:

1863 635 1915 690 in
1943 630 2455 704 prmtsepioparvulo,
2478 642 2698 697 erumpe
2728 627 2779 679 in
2829 637 3014 676 vocem
3040 618 3436 683 cxsol‘tntionis,

1861 725 2103 792 clamans
2157 739 2279 778 cum
2329 722 2460 776 Isaia
2499 737 2512 773 :
2545 717 2803 772 Parvulas
2858 722 3012 767 natus
3065 721 3142 765 est
3180 711 3344 774 nobis,
3386 722 3432 762 et

1861 819 2002 888 ﬁlius
2057 819 2212 870 dolus
2257 825 2329 870 est
2379 813 2526 867 nobis
2572 811 2706 880 (lsa.
2762 825 2842 870 ix,
2907 807 2981 874 7),
3011 817 3066 860 et
3112 803 3436 873 amplecti-re

1863 911 1992 966 illud
2023 909 2180 966 dulce
2208 907 2552 978 prmsepium.
2587 903 2794 973 Mitigct
2833 898 3215 954 verecundiam
3260 911 3437 957 amor,

1865 1005 2114 1059 timorem
2169 998 2400 1070 depellat
2439 994 2683 1060 allectus,
2716 1001 2776 1046 ut
2804 989 3182 1046 “sanctissimis
3212 986 3440 1057 pedibus

1863 1098 1995 1167 ligas
2014 1095 2175 1161 labia,
2203 1090 2455 1147 ctoscula
2479 1088 2723 1158 genibus.
2748 1083 2951 1138 Exinde
2977 1091 3248 1150 pastorum
3277 1093 3440 1132 excu-

1863 1191 1981 1246 bias
2029 1195 2211 1243 mente
2256 1192 2554 1256 pertracta,
2587 1179 2901 1250 angelorum
2928 1175 3226 1230 exercitum
3266 1171 3440 1256 admi-

1864 1297 2008 1344 rare,
2055 1253 2274 1334 coelesti
2319 1273 2562 1329 melodia:
2607 1281 2727 1325 tuas
2769 1269 3053 1337 interpono
3101 1279 3324 1334 preces,
3357 1253 3441 1316 ἐἱ-

1864 1374 1972 1430 mul
2006 1372 2169 1428 corde
2214 1380 2269 1426 et
2291 1386 2389 1425 ore
2418 1369 2711 1423 decantans
2746 1381 2760 1417 :
2790 1359 2971 1417 Gloria
2998 1359 3049 1412 in
3075 1354 3303 1411 excelsis.
3333 1352 3437 1406 Deo

1864 1466 2015 1537 (Luc.
2046 1481 2107 1530 ll,
2155 1464 2259 1534 lli).

1935 1556 2048 1613 Noli
2079 1557 2131 1610 iu
2167 1565 2252 1610 tua
2289 1553 2636 1609 meditatione
2660 1547 2935 1620 Magorum
2966 1554 3189 1598 munera
3221 1543 3442 1610 practer-

1865 1651 1963 1715 ire,
1992 1665 2092 1704 nec
2136 1647 2430 1718 fugientem
2478 1646 2530 1699 in
2561 1643 2851 1716 {Egyplum
2879 1638 3186 1707 relinquere
3212 1630 3442 1688 incomi-

1867 1751 2056 1798 talum.
2088 1740 2348 1811 luSpiciat
2377 1737 2568 1793 oculus
2602 1733 2900 1791 devotionis
2932 1730 3214 1802 parvulum
3257 1726 3438 1780 Jesum

196 1810 415 1893 allectus
447 1810 669 1898 salutari
706 1810 1057 1895 meditatione
1083 1838 1336 1893 nutritur.
1361 1835 1548 1906 itaque
1584 1842 1644 1890 ut
1672 1833 1761 1888 ille
1795 1810 1837 1870 Β
1867 1833 2053 1888 dulces
2083 1810 2409 1887 mammillas
2447 1828 2696 1905 gloriosae
2727 1825 2964 1896 Virginis
2989 1821 3180 1877 matris
3211 1818 3441 1873 dulciter

196 1923 532 1982 dulcissimus
560 1943 714 1982 amor
743 1927 868 1983 Jesu
911 1929 961 1981 in
997 1937 1092 1982 tuo
1136 1936 1350 1983 crescat
1392 1924 1605 1990 aﬂ‘ectu,
1664 1924 1760 1978 tri-

195 2015 314 2084 plici
348 2019 704 2074 meditatione
731 2034 870 2089 opus
901 2019 1089 2085 habes,
1119 2020 1186 2073 de
1209 2017 1498 2087 prmteritis
1531 2014 1758 2083 scilicet,

193 2106 554 2171 praesentibus
589 2116 646 2160 et
679 2106 897 2174 futuris,
925 2108 975 2160 id
1002 2116 1085 2162 est
1137 2107 1204 2160 de
1249 2106 1646 2176 praeteritorum
1679 2119 1763 2160 re-

179 2192 531 2258 cordatione,
561 2196 627 2250 de
663 2196 1000 2265 experientia
1027 2193 1394 2265 praesentium,
1421 2194 1488 2249 de
1513 2194 1763 2248 conside-

193 2285 399 2339 ratione
423 2285 751 2348 futurorum.
770 2288 902 2342 (lum
924 2303 1054 2357 ergo
1083 2302 1233 2341 meus
1255 2297 1344 2341 tua
1375 2285 1538 2354 fuerit
1563 2285 1764 2354 absque

189 2377 579 2448 cogitationum
625 2380 880 2444 tumultu,
929 2382 1186 2434 virtutum
1216 2378 1607 2434 exercitatione
1633 2394 1764 2448 pur-

187 2477 338 2536 gata,
367 2467 488 2537 jam
509 2469 696 2525 oculos
729 2470 1019 2526 delmeatos
1063 2471 1130 2526 ad
1157 2471 1455 2540 posteriora
1491 2479 1762 2540 retorque,

185 2575 248 2614 ac
294 2561 536 2631 primum
582 2577 704 2616 cum
761 2564 913 2617 beata
945 2562 1110 2616 Maria
1154 2562 1396 2630 ingressa
1445 2563 1760 2618 cubiculum

190 2648 373 2714 libros,
401 2651 603 2720 quibus
626 2650 863 2723 Virginis
886 2661 1072 2722 partus
1094 2661 1149 2708 et
1179 2652 1378 2709 Christi
1410 2655 1768 2724 prophetatur

191 2742 478 2818 adventus,
519 2743 728 2798 evolve.
783 2743 858 2799 lbi
888 2743 1178 2800 adventum
1218 2745 1393 2816 angeli
1432 2745 1764 2816 prtestolarc,

190 2840 248 2883 ut
278 2832 469 2888 videas
512 2832 829 2899 intrantem,
863 2834 1054 2890 audias
1086 2833 1436 2902 salutantem,
1465 2845 1524 2890 ut
1566 2835 1645 2890 sic
1684 2851 1768 2890 re—

189 2919 324 2988 pleta
377 2931 608 2992 stupore
649 2933 703 2979 et
761 2926 962 2980 exstasi
1012 2926 1380 2982 dulcissimam
1409 2925 1634 2981 Mariam
1667 2927 1768 2983 do!-

192 3012 387 3067 minam
442 3023 590 3068 tuam
629 3030 751 3069 cum
811 3016 1000 3087 angi-lo
1050 3017 1316 3072 salutante
1363 3016 1583 3083 salutes,
1650 3017 1765 3073 cla-

189 3117 338 3162 mans
365 3113 423 3158 et
464 3105 656 3160 dicens
688 3121 704 3161 :
733 3106 856 3170 Ave,
892 3107 1067 3162 Maria
1112 3108 1260 3177 (Luc.
1296 3124 1336 3175 ι,
1362 3109 1476 3175 9.7),
1503 3118 1609 3165 etc.
1655 3109 1768 3166 Hoc

190 3195 428 3268 crebrius
461 3204 721 3264 repetens
761 3212 884 3266 quae
919 3197 990 3251 sit
1041 3199 1154 3252 haec
1184 3197 1372 3268 gratia:
1402 3197 1676 3266 plenitudo
1701 3203 1766 3255 de

187 3299 285 3351 qua
317 3295 466 3342 totus
508 3288 740 3343 mundus
760 3290 1021 3342 mutuavit
1049 3289 1302 3358 gratiam,
1328 3289 1598 3359 quodnam
1628 3292 1764 3345 Ver-

188 3375 307 3429 l:nm
337 3392 470 3432 caro
508 3377 710 3434 factum
746 3389 830 3434 est
873 3379 1240 3449 contemplare
1273 3389 1328 3435 ct
1353 3380 1625 3436 admirare
1663 3381 1766 3436 Do-

189 3465 403 3531 minum,
454 3467 555 3537 qui
607 3477 806 3522 terram
854 3469 1040 3538 implet
1085 3477 1143 3523 et
1169 3468 1389 3538 caelum,
1427 3471 1564 3526 intra
1611 3471 1767 3523 unius

187 3559 368 3624 puclla:
420 3561 642 3615 viscera
694 3559 892 3620 claudi,
947 3575 1107 3630 quam
1163 3560 1323 3616 Pater
1369 3561 1764 3626 sanctiﬁcavit,

186 3652 349 3710 Filius
400 3655 744 3726 fecundavit,
795 3654 1032 3723 Spiritus
1064 3663 1284 3710 sanctus
1322 3655 1680 3710 obumbravit.
1722 3656 1766 3712 Ο

187 3747 352 3800 dulcis
379 3747 636 3812 dutn'uia,
667 3755 872 3815 quanta
924 3745 1284 3800 inebriebaris
1329 3745 1634 3814 dulcedine,
1661 3763 1767 3817 quo

186 3837 386 3892 amoris
419 3839 556 3908 igne
582 3837 1024 3900 succendebaris,
1065 3851 1186 3890 eum
1225 3836 1459 3891 sentires
1503 3837 1553 3890 in
1587 3847 1768 3892 mente

185 3936 240 3978 ct
267 3927 318 3982 in
371 3937 575 3985 ventre
626 3936 785 3982 tanta:
827 3926 1124 3996 majestatis
1150 3929 1519 3994 praesentiam,
1547 3943 1671 3982 cum
1704 3930 1768 3982 de

193 4026 273 4076 tua
303 4035 475 4084 carne
529 4019 632 4075 sibi
663 4032 883 4074 carnem
935 4028 1256 4084 assumeret,
1319 4028 1372 4073 et
1423 4020 1665 4072 membra
1715 4018 1766 4072 in

187 4111 374 4176 quibus
397 4112 770 4181 corporaliter-
792 4111 968 4166 oumis
991 4111 1264 4180 plenitudo
1291 4110 1589 4165 divinitatis
1615 4109 1768 4164 inha-

189 4198 380 4258 bitaret
418 4203 569 4272 (Col.
604 4219 663 4268 ιι,
689 4203 766 4274 9),
806 4204 871 4258 de
918 4203 1022 4256 tuis
1046 4203 1254 4258 sanctis
1315 4202 1582 4258 membris
1611 4211 1767 4272 apta-

189 4295 290 4346 ret!
340 4295 470 4350 Περι)
527 4295 708 4348 omnia
752 4301 971 4363 propter
1015 4306 1085 4360 te,
1113 4309 1146 4348 ο
1175 4293 1345 4364 virgo,
1378 4303 1436 4347 ut
1469 4292 1764 4362 Virginem,

189 4398 343 4450 quam
370 4385 582 4441 imitari
612 4385 960 4454 proposuisti,
976 4385 1190 4455 diligas,
1210 4394 1266 4440 et
1292 4385 1525 4456 Virginis
1545 4383 1766 4452 Filium,

184 4483 268 4530 cui
301 4481 565 4550 nupsisti.

253 4567 368 4624 Jam
394 4586 550 4635 nunc
575 4586 696 4626 cum
725 4571 1032 4627 dulcissima
1059 4572 1282 4632 Domina
1313 4581 1400 4627 tua
1431 4575 1483 4629 in
1513 4582 1764 4628 montana

187 4663 520 4727 conscende,
552 4663 756 4716 sterilis
799 4672 852 4716 et
896 4662 1128 4736 Virginis
1160 4667 1371 4718 intuere
1403 4666 1762 4734 complexum,

187 4762 238 4804 et
264 4754 619 4809 salutationis
668 4753 926 4817 ollicium,
966 4756 1017 4810 in
1047 4771 1153 4823 quo
1179 4757 1428 4810 servulus
1455 4756 1764 4822 Dominum,

188 4857 359 4908 prmco
409 4844 685 4907 Iudicem,
741 4861 843 4899 vox
879 4845 1135 4913 Verbum,
1183 4848 1328 4904 intus
1367 4847 1528 4900 anilia
1558 4848 1765 4902 viscera

186 4937 482 4992 conclusus
516 4919 570 4992 in
609 4937 847 5008 Virginis
900 4948 1056 4992 utero
1083 4937 1324 4992 clausum
1368 4946 1422 4991 et
1445 4939 1685 5009 agnovit,
1713 4947 1767 4993 et

183 5023 450 5080 iudicibili
494 5028 692 5097 gaudio
727 5028 1005 5088 salutavit.
1032 5026 1179 5083 Beati
1214 5038 1448 5090 ventres,
1487 5029 1538 5081 in
1569 5029 1767 5098 quibus

183 5119 348 5174 totius
399 5122 593 5175 mundi
632 5121 881 5177 Salvator
926 5123 1192 5190 exoritur,
1224 5121 1501 5191 pulsisque
1531 5123 1765 5177 tristitia:

187 5211 430 5266 tenebris
479 5214 808 5282 sempiterna
868 5213 1051 5268 laetitia
1101 5217 1471 5283 prophetatur.
1503 5216 1760 5282 Accurre,

181 5312 389 5366 quaso,
419 5318 674 5370 accurre,
711 5304 874 5363 tantis
922 5304 1130 5374 gaudiis
1168 5307 1488 5370 admiscere,
1519 5316 1763 5376 proster—

180 5403 310 5445 nere
333 5393 402 5447 ad
426 5395 593 5463 pedes
617 5397 917 5465 utriusque,
941 5404 995 5449 et
1023 5395 1077 5449 in
1110 5397 1266 5450 unius
1299 5407 1484 5453 ventre
1507 5414 1762 5470 sponsum

182 5489 332 5537 tuum
386 5486 740 5553 amplectere,
799 5488 1032 5542 amicum
1092 5502 1222 5542 vero
1276 5487 1391 5556 ejus
1439 5491 1492 5545 in
1541 5492 1765 5546 alterius

183 5581 333 5629 utero
365 5591 654 5630 venerare.
689 5577 823 5632 llinc
852 5578 1075 5633 Matrem
1126 5593 1247 5631 cum
1294 5580 1438 5633 omni
1476 5581 1762 5636 devotione

1863 1936 2165 1998 sugentem,
2191 1935 2246 1980 et
2270 1937 2535 1977 mammas
2560 1929 2832 1975 maternas
2859 1915 3005 1971 liliali
3033 1929 3181 1969 more
3209 1920 3444 1965 tractan-

1866 2030 1992 2079 tem,
2031 2019 2193 2072 matri
2229 2015 2582 2070 arridentem.
2614 2012 2754 2078 Quid
2793 2012 2911 2064 visu
2948 2005 3274 2078 jucundius?
3304 2003 3442 2069 Quid

1865 2112 2271 2168 delectabilius?
2288 2111 2461 2166 Cerne
2478 2108 2650 2170 illiilli,
2669 2106 2764 2176 qui
2778 2106 3074 2159 immensus
3089 2108 3190 2165 est,
3207 2095 3443 2170 parvul's

1862 2204 2102 2258 brachiis
2149 2205 2216 2256 ad
2270 2211 2517 2256 materna
2552 2199 2688 2256 colla
2737 2195 3085 2266 pendentem,
3136 2200 3192 2246 et
3242 2189 3440 2244 dicas:

1865 2297 2014 2352 Felix
2044 2313 2185 2360 sum,
2207 2295 2543 2364 feliciorque,
2577 2293 2705 2348 dum
2741 2289 2889 2344 illum
2917 2289 3073 2344 video
3100 2299 3260 2355 quem
3291 2295 3446 2351 reges

1864 2397 2188 2458 optaverunt
2224 2387 2427 2449 videre,
2456 2394 2510 2439 et
2537 2401 2640 2439 non
2664 2383 2916 2437 viderunt
2946 2379 3164 2451 (Matth.
3194 2372 3444 2441 tum”).

1868 2483 2071 2549 Dignus
2092 2490 2167 2535 est
2201 2481 2315 2533 visu
2337 2479 2426 2547 qui
2453 2477 2711 2546 speciosus
2742 2483 2817 2529 est
2854 2473 3027 2542 forma
3055 2487 3166 2542 pra:
3191 2469 3319 2539 ﬁliis
3350 2469 3444 2524 lto-

1863 2573 2064 2626 mimtm
2097 2568 2269 2640 (Psal.
2302 2585 2447 2634 xuv,
2473 2568 2552 2638 3).

1939 2661 2148 2731 Cogita,
2178 2668 2231 2715 et
2257 2659 2496 2729 recogita
2529 2671 2637 2726 quo
2674 2656 2857 2710 animo
2888 2660 2945 2711 et
2982 2669 3089 2724 qua
3119 2651 3448 2722 cogitatione

1871 2758 2156 2811 tenebatur
2205 2755 2294 2812 illa
2347 2754 2657 2808 dulcissima
2715 2751 2894 2806 Mater
2939 2751 3076 2822 ejus,
3133 2765 3255 2804 cum
3295 2745 3476 2804 illum'

1869 2849 2135 2903 Domimm
2164 2856 2370 2902 tantum
2394 2862 2456 2901 ac
2481 2845 2746 2902 tantillum
2781 2846 2833 2900 in
2865 2844 3106 2900 brachiis
3127 2843 3240 2899 suis
3265 2840 3449 2898 exsul-

1871 2955 1991 2997 tans
2012 2957 2077 2996 ac
2115 2941 2235 2994 laeta
2275 2947 2506 3005 teneret,
2545 2954 2668 2994 cum
2711 2938 2761 2993 ei
2793 2953 2851 2992 ut
2897 2936 3165 2992 inl'antulo
3195 2933 3447 3006 gestienti

1869 3031 2071 3088 osculis
2137 3029 2515 3100 frequentibus
2570 3031 2956 3101 congauderet,
3014 3045 3136 3083 cum
3196 3042 3319 3081 eum
3371 3025 3449 3080 la-

1795 3159 1839 3219 c
1871 3131 2208 3194 crymantem
2238 3135 2400 3190 super
2424 3135 2598 3192 genua
2623 3135 2742 3185 sua,
2774 3119 2970 3188 quibus
2997 3117 3169 3189 potuit
3195 3116 3445 3179 modulis,

1869 3213 2265 3277 consolaretur,
2298 3227 2420 3267 cum
2459 3210 2690 3278 denique
2735 3209 2856 3264 aliis
2897 3216 3060 3278 atque
3089 3207 3208 3262 aliis
3233 3207 3447 3270 studiis,

1866 3307 1933 3361 ad
1986 3321 2103 3375 qua:
2150 3306 2264 3374 ipsa
2300 3311 2539 3359 materna
2575 3302 2748 3370 pietas
2779 3300 3103 3354 informahat
3149 3312 3292 3360 eum,
3349 3311 3448 3365 pro

1867 3397 2185 3467 qualitatum
2210 3393 2695 3457 vicissitudinibus,
2719 3391 2906 3447 sedula
2934 3389 3295 3445 blandiretur.
3326 3385 3450 3458 Opi-

1869 3503 2005 3543 nare
2033 3503 2219 3542 verum
2251 3501 2372 3542 esse
2395 3485 2538 3554 quod
2570 3484 2766 3539 dicitur
2799 3497 2919 3536 cum
2954 3498 2984 3536 a
3024 3480 3325 3540 latronibus
3353 3482 3448 3535 de-

1868 3578 2192 3650 prehensum
2217 3579 2268 3632 in
2298 3579 2404 3642 via,
2433 3587 2488 3632 et
2532 3573 2918 3632 adolescentuli
2950 3574 3228 3646 cujusdam
3277 3573 3447 3628 bene—

1871 3669 1993 3724 licio
2019 3678 2287 3738 ereptura.
2325 3670 2456 3723 Erat
2479 3668 2544 3734 is,
2577 3676 2635 3723 ut
2655 3668 2862 3733 dicunt,
2889 3667 3149 3737 principis
3173 3667 3445 3722 latronum

1871 3759 2036 3823 illius,
2083 3759 2172 3828 qui
2221 3761 2397 3827 praeda
2430 3761 2633 3828 potitus
2675 3774 2799 3815 cum
2855 3759 3139 3830 parvulum
3175 3759 3227 3814 in
3261 3759 3452 3814 matris

1869 3849 2074 3920 gremio
2130 3848 2520 3916 conspexisset,
2574 3859 2726 3903 tanta
2779 3849 2833 3904 in
2883 3850 3000 3918 ejus
3051 3848 3451 3917 speciosissime

1869 3938 2018 3993 vultu
2043 3937 2348 4009 splendoris
2370 3937 2625 4004 majestas
2646 3939 2897 4009 apparuit
2924 3949 2980 3994 ut
3011 3953 3134 3993 cum
3161 3952 3320 4007 supra
3349 3939 3449 3992 ho-

1871 4033 2069 4088 minem
2101 4047 2221 4088 esse
2263 4047 2368 4086 non
2400 4031 2703 4101 ambigens,
2747 4030 3086 4086 incalescens
3114 4044 3300 4084 amore
3336 4045 3450 4082 am-

1867 4122 2113 4192 plexatus
2142 4123 2213 4178 sit
2239 4137 2367 4179 eum
2407 4129 2492 4187 et,
2529 4137 2590 4188 o,
2621 4121 2813 4191 inquit,
2847 4122 3158 4176 beatissime
3195 4120 3448 4190 parvulo-

1871 4229 2012 4279 rum,
2061 4213 2109 4271 si
2145 4213 2289 4268 aliud
2343 4229 2402 4268 se
2426 4220 2636 4282 tempus
2667 4211 2922 4266 obtulerit
2972 4210 3102 4265 mihi
3135 4211 3446 4272 miserendi,

1871 4311 1997 4358 tunc
2021 4311 2292 4358 memento
2319 4302 2448 4365 mei,
2471 4310 2527 4356 et
2567 4299 2726 4369 hujus
2757 4301 3014 4370 temporis
3045 4301 3153 4356 noli
3180 4299 3444 4355 oblivisci.

1868 4393 2070 4448 Ferunt
2109 4395 2250 4449 hunc
2280 4395 2444 4450 fuisse
2476 4394 2756 4457 latronem,
2808 4395 2899 4465 qui
2935 4395 3001 4448 ad
3051 4395 3324 4450 dexteram
3356 4395 3448 4449 Dei

1794 4494 1845 4554 ι)
1865 4483 2161 4540 cruciﬁxus
2187 4484 2413 4539 alterum
2437 4485 2898 4554 blasphemantem
2926 4484 3188 4554 corripuit
3213 4485 3398 4540 dicens
3434 4504 3445 4538 :

1873 4573 2054 4644 Neque
2077 4583 2134 4628 tu
2157 4575 2305 4629 (inter
2332 4575 2499 4629 Deum
2521 4574 2709 4648 (Joan.
2743 4593 2898 4646 xml,
2921 4576 3038 4646 40),
3069 4585 3199 4641 etc.,
3223 4593 3450 4632 conver-

1869 4679 1964 4719 sus
1986 4680 2116 4719 vero
2146 4665 2214 4719 ad
2241 4666 2548 4732 Dominum,
2584 4682 2706 4723 eum
2739 4668 2788 4722 in
2817 4668 2904 4722 illa
2955 4683 3077 4737 qua:
3133 4668 3186 4722 in
3230 4668 3451 4736 parvulo

1873 4760 2122 4830 apparuit
2162 4760 2376 4815 intuens
2402 4761 2683 4831 majestate
2711 4762 2848 4830 pacti
2879 4761 2961 4816 sui
3005 4775 3110 4816 non
3142 4761 3447 4822 immemor,

1872 4853 2154 4919 Memento,
2197 4855 2390 4924 inquit,
2427 4857 2546 4920 mei,
2587 4857 2711 4910 dum
2743 4859 2936 4910 veneris
2970 4857 3025 4908 in
3050 4871 3264 4924 regnum
3302 4864 3447 4907 tuum

1873 4945 2045 5016 (ibid.,
2095 4946 2207 5014 42).
2254 4947 2438 5017 itaque
2485 4948 2550 5002 ad
2589 4949 2920 5003 incentivum
2951 4945 3152 5000 amoris
3205 4945 3306 5000 hac
3343 4960 3448 4998 non

1873 5037 2060 5091 inutile
2097 5039 2335 5092 arbitror
2379 5039 2452 5092 uti
2506 5039 2782 5107 opinione,
2833 5046 3041 5091 remota
3093 5035 3256 5091 omni.
3307 5033 3450 5089 alﬁr-

1870 5129 2048 5183 mandi
2075 5132 2392 5186 temeritate.

1945 5218 2208 5274 l’rmterea
2236 5221 2440 5274 nihilne
2473 5220 2757 5273 suavitatis
2793 5221 3028 5273 :estimes
3067 5218 3162 5272 tibi
3193 5233 3444 5273 accessu-

1871 5324 2009 5370 rum,
2036 5311 2078 5363 si
2108 5326 2228 5364 eum
2259 5311 2395 5376 apud
2425 5309 2692 5365 Nazarelh
2732 5325 2953 5377 puerum
2987 5309 3126 5378 apud
3157 5323 3348 5378 pueros
3374 5310 3446 5341 7“

1870 5400 2249 5468 contempleris
2279 5399 2404 5464 "3',
2430 5401 2473 5453 si
2497 5401 2878 5469 obsequentem
2912 5399 3093 5464 matri,
3126 5400 3169 5453 si
3197 5400 3444 5468 operanti

1868 5490 2095 5544 nutritio
2119 5491 2456 5543 assistentem
2489 5491 2786 5545 intuearis?
2813 5491 2972 5557 Quid,
3015 5490 3061 5545 si
3103 5489 3441 5546 duodenncru

1870 5597 1991 5638 cum
2015 5581 2328 5651 parentibus
2350 5580 3342 5654 Jerosolymatnascendentem,etillis
3364 5599 3446 5635 re.

1483 5692 1712 5755 VARUS
1748 5693 2149 5755 LECTIONES.

247 5781 316 5812 ’⁸³
353 5781 522 5835 Forte
555 5795 803 5848 parentes
876 5787 945 5818 ⁷⁸³
972 5787 988 5808 ⁴
1011 5782 1170 5846 Forte
1201 5786 1428 5839 miratur
