4060 6292
594 360 695 416 78η

949 360 1009 417 8.
1055 359 1351 417 ANSELMI
1389 358 1740 417 CANTUAR.
1774 346 2097 417 ARCI‘IIEP.
2137 360 2180 417 Ο

2284 402 2288 415 .
2324 360 2504 420 PARS
2542 365 2678 422 il.-—
2710 367 3080 429 ΡΑΒᾸΞΝΕΤ.
3106 372 3194 428 ΕΤ
3224 373 3467 430 ASCET.

3754 375 3869 433 788

593 455 887 530 deuntibus
930 484 985 528 et
1028 472 1398 529 nescientibus
1445 473 1498 527 in
1535 474 1667 527 urbe
1718 483 2028 529 manentem
2080 491 2181 545 per
2207 478 2253 535 Α
2280 480 2562 534 mittuntur
2601 481 2699 535 tibi
2740 493 2955 551 peccata
3002 494 3095 537 tua
3132 479 3358 555 (Μαίη),
3398 501 3476 550 tx,
3506 486 3587 553 ξ).
3636 480 3684 541 0
3727 486 3870 542 mira

592 564 833 621 triduum
880 578 1003 618 cum
1064 570 1238 617 matre
1301 565 1618 634 quarsieris?
1667 564 1711 621 Ο
1764 575 1966 636 quanta
2013 566 2170 637 copia

590 657 758 713 ﬂuent
789 657 1061 731 Iacrymm,
1087 678 1208 718 cum
1244 663 1481 719 audieris
1512 662 1737 719 Matrem
1770 663 1910 720 dulci
1939 666 2172 739 quadam

590 751 962 822 increpatione
997 753 1195 811 Filium
1223 757 1599 833 verberantem
1636 776 1650 813 :
1685 757 1815 827 Fili,
1840 760 1965 832 quid
2004 759 2177 835 [scisti

590 843 739 904 nobis
757 845 831 899 sic
847 845 873 897 ?
897 844 1048 917 (Luc.
1073 863 1135 913 tt,
1159 847 1276 920 48.)
1862 846 1865 851 ⁴

662 931 721 988 Si
768 943 950 991 autem
999 937 1153 1007 sequi
1205 937 1474 1008 Sponsum
1534 938 1801 1010 virginem
1852 954 2177 1011 quocunque

592 1025 717 1082 ierit
743 1028 928 1100 (Apoc.
958 1046 1070 1096 xtv,
1100 1030 1155 1103 4)
1180 1031 1409 1087 delectet
1435 1032 1629 1097 altiora
1660 1032 1779 1103 ejus
1807 1043 1861 1089 et
1881 1032 2176 1090 secretiora

591 1130 865 1187 scrutare,
894 1129 955 1175 ut
985 1122 1038 1176 in
1063 1120 1314 1178 Jordanis
1357 1122 1575 1179 ﬂumine
1608 1120 1796 1179 audias
1840 1124 1892 1179 in
1926 1139 2055 1179 voce
2075 1123 2178 1179 Pa-

591 1214 756 1274 trem,
786 1207 841 1265 in
870 1224 1031 1265 carne
1058 1196 1274 1279 Filium,
1308 1212 1361 1266 in
1392 1198 1639 1268 columba
1690 1202 1881 1268 videas
1917 1212 2177 1283 Spiritum

591 1308 867 1355 sanctum.
890 1303 966 1358 lbi
991 1303 1058 1358 ad
1080 1304 1391 1373 spirituales
1414 1306 1627 1376 nuptias
1653 1305 1878 1360 invitata
1908 1305 2176 1377 Sponsum

593 1390 828 1457 suscipis
858 1392 1041 1446 datttm
1077 1408 1107 1447 a
1135 1393 1317 1460 Patre,
1345 1394 1716 1464 purgationem
1749 1410 1778 1448 a
1802 1393 1958 1461 Filio,
1987 1394 2180 1466 pignus

597 1482 806 1537 amoris
831 1498 860 1536 a
889 1482 1091 1559 Spiritu
1126 1493 1338 1560 sancto.
1373 1483 1580 1560 Exinde
1612 1476 1994 1541 dilectissimus
2023 1484 2181 1541 Jesus

596 1571 903 1627 solitudinis
945 1574 1041 1649 tibi
1087 1582 1294 1651 secreta
1328 1557 1549 1640 dicavit,
1581 1582 1635 1630 et
1664 1574 2033 1637 sanctiﬁcavit
2084 1576 2179 1653 tibi

589 1666 852 1739 jejunium
903 1668 1278 1745 subeundum,
1331 1669 1531 1724 docens
1586 1684 1708 1723 cum
1766 1667 1965 1724 callido
2025 1670 2180 1724 hoste

2273 571 2589 627 clementia!
2633 588 2666 628 o
2699 573 2990 631 indicibilis
3016 576 3420 632 misericordia!
3455 576 3684 647 Accepit
3730 578 3860 633 felix

2274 663 2649 721 remissionem
2672 675 3019 736 peccatorum
3050 682 3270 722 suorum
3295 683 3456 737 quam
3482 684 3590 723 non
3622 670 3873 737 petebat,

2274 767 2434 823 quam
2486 770 2591 809 non
2646 766 3001 824 pratcesserat
3057 756 3372 823 confessio,
3432 774 3534 813 nec
3589 770 3879 816 meruerat

2276 844 2596 909 satisfactio,
2634 861 2739 901 non
2765 848 3019 919 exigebat
3053 850 3332 905 contritio.
3354 851 3615 920 Corporis
3640 850 3880 907 salutem

2276 935 2518 1007 petebat,
2550 953 2658 993 non
2687 939 2905 1005 animae,
2936 949 2993 995 et
3020 940 3249 996 salutem
3302 943 3549 1012 corporis
3586 953 3645 999 et
3676 944 3882 1000 anima:

2280 1027 2502 1096 recepit.
2535 1027 2695 1093 Vere,
2731 1030 2989 1095 Domine,
3036 1032 3147 1086 vita
3204 1032 3258 1086 in
3310 1032 3589 1090 voluntate
3645 1045 3735 1088 tua
3772 1076 3787 1099 ,
3830 1036 3878 1090 si

2280 1116 2587 1172 decreveris
2632 1118 2847 1175 s-tlvare
2893 1135 3032 1187 nos,
3093 1137 3253 1176 nemo
3305 1123 3505 1194 poterit
3561 1123 3879 1193 prohibere.

2280 1205 2337 1261 Si
2364 1207 2509 1262 aliud
2542 1208 2879 1277 decreveris,
2911 1227 3016 1266 non
3048 1220 3131 1267 est
3155 1212 3249 1282 qui
3277 1214 3476 1268 audeat
3506 1214 3697 1268 dicere.
3726 1232 3742 1268 :
3771 1215 3883 1270 Cur

2281 1296 2355 1353 ita
2378 1295 2549 1352 facis?
2580 1297 2873 1366 Pharisaze,
2903 1300 3032 1370 quid
3057 1316 3367 1356 murnturas
3389 1302 3413 1355 ?
3438 1301 3520 1356 An
3538 1302 3732 1357 oculus
3760 1313 3884 1359 tuus

2282 1406 2501 1460 nequam
2532 1402 2638 1456 est,
2672 1393 2794 1463 quia
2831 1394 2946 1464 ipse
2997 1394 3163 1449 bonus
3214 1396 3333 1451 est?
3372 1394 3593 1466 (Matth.
3646 1412 3727 1462 lx,
3772 1398 3884 1467 15.)

2281 1481 2442 1538 Certe
2477 1483 2772 1557 miseretur
2803 1486 2887 1542 cui
2921 1485 3158 1545 voluerit
3187 1486 3361 1558 (Rom.
3412 1504 3488 1553 Ix,
3534 1489 3665 1559 £8);
3708 1490 3882 1561 plore-

2284 1589 2403 1629 mns
2432 1583 2488 1629 et
2514 1589 2733 1630 oremus
2770 1585 2831 1632 ιη
2875 1575 3024 1632 velit.
3062 1576 3225 1632 Bonis
3252 1578 3415 1632 etiam
3462 1580 3731 1648 operibus
3762 1582 3881 1650 pitt-

2284 1677 2504 1735 guescat
2534 1667 2729 1730 oratio,
2763 1676 3028 1737 augeatur
3057 1669 3294 1735 dev0tio,
3326 1670 3599 1732 excitetur
3632 1673 3881 1727 dilectio.

594 1760 928 1817 conﬂictum.
986 1762 1110 1817 Harc
1138 1760 1209 1816 ibi
1254 1760 1416 1824 facta,
1447 1776 1544 1831 pro
1576 1772 1626 1816 te
1656 1761 1822 1827 facta,
1853 1770 1909 1816 et
1941 1776 2177 1832 quonam
2211 1827 2251 1836 n
2285 1760 2559 1814 Leventur
2588 1775 2736 1830 purte
2757 1776 2956 1817 manus
2975 1761 3029 1815 in
3056 1761 3323 1827 oratione,
3355 1778 3489 1833 quas
3518 1780 3627 1817 non
3662 1768 3885 1836 sanguis

596 1851 761 1905 modo
790 1847 932 1905 facta
967 1860 1093 1905 sunt
1138 1850 1422 1920 diligenter
1447 1827 1731 1907 attendas.
1763 1851 1929 1922 Dilige
1960 1827 2091 1907 eum
2148 1866 2177 1905 a
2211 1827 2255 1886 Β
2288 1827 2649 1906 itnmunditiie
2675 1852 2987 1917 maculavit,
3031 1862 3210 1909 tactus
3240 1827 3457 1910 illicitas
3494 1871 3598 1909 non
3632 1827 3881 1924 Remisit,

596 1955 705 2009 quo
737 1940 876 1996 facta
910 1951 1034 1997 sunt
1054 1951 1108 2017 et
1132 1941 1349 2019 imitare
1377 1957 1495 2011 qua:
1524 1942 1663 1996 fat-ta
1698 1952 1841 1998 sunt.

667 2032 931 2092 Occurrat
951 2034 1064 2103 jam
1101 2050 1240 2089 nunc
1269 2025 1546 2090 meniorite
1573 2035 1869 2089 mtilierilla
1899 2036 1949 2089 in
1978 2034 2183 2090 adulte-

598 2125 681 2181 rio
704 2126 1065 2195 deprehensa,
1092 2135 1147 2181 et
1172 2111 1329 2181 Jestis
1363 2135 1581 2197 rogatus
1613 2127 1679 2180 ad
1708 2127 2029 2201 sententiam
2053 2127 2182 2196 quid

597 2217 792 2291 egerit,
820 2218 1016 2288 quidve
1043 2216 1264 2284 dixerit,
1316 2218 1624 2274 recordare.
1659 2218 1715 2272 lu
1749 2228 1948 2274 terram
1995 2212 2182 2276 Oculos

593 2310 749 2380 jecit,
775 2326 841 2365 ne
873 2310 1013 2365 forte
1035 2296 1343 2383 accusatam
1376 2310 1668 2379 respiciens
1700 2311 1860 2366 nimis
1886 2309 2183 2383 COllflIlltin

598 2411 700 2458 ret.
728 2401 863 2458 Cum
892 2403 1036 2458 enim
1069 2388 1313 2458 scribens
1357 2401 1408 2457 in
1443 2410 1609 2468 terra,
1657 2392 1900 2457 terrenos
1943 2419 2037 2458 eos
2075 2419 2180 2458 non

598 2495 848 2552 cmlestes
894 2494 1244 2566 prodidisset,
1292 2494 1382 2565 qui
1422 2494 1537 2548 sine
1568 2504 1779 2563 peccato
1806 2506 1879 2549 est
1911 2508 2176 2562 vestrum,

594 2584 999 2655 ittqnitqtrimus
1027 2583 1079 2637 in
1102 2582 1249 2637 illam
1272 2582 1502 2653 lapidem
1522 2585 1699 2636 mittat
1739 2582 1921 2654 (Joan.
1948 2598 2068 2648 vttt,
2102 2584 2177 2653 7).

596 2676 642 2731 0
665 2657 800 2729 mira
830 2658 1371 2743 etinexstinguibilis
1400 2672 1603 2729 Christi
1642 2674 1978 2741 benignitas!
2007 2677 2179 2740 Quam

596 2750 966 2822 condemnare
986 2750 1131 2837 juste
1161 2757 1354 2835 potuit,
1380 2760 1787 2835 adverthuatn
1821 2767 1906 2835 pie
1935 2774 1990 2820 et
2018 2781 2180 2835 quam

597 2866 757 2917 caute
784 2857 1051 2912 liberavit.
1086 2855 1220 2912 Cum
1258 2857 1402 2910 enim
1433 2870 1623 2910 omnes
1641 2857 1912 2909 sententia
1947 2856 2183 2910 trivisset

598 2960 655 3006 et
694 2936 993 3021 expulisset
1023 2966 1056 3005 e
1087 2949 1306 3018 templo,
1350 2950 1647 3019 imaginare
1680 2949 1837 3019 231
1872 2964 2031 3018 quam
2066 2949 2183 3017 pios

598 3024 785 3097 oculos
816 3041 870 3117 in
903 3042 1046 3096 illam
1077 3036 1362 3104 levaverit,
1401 3055 1562 3109 quam
1595 3038 1737 3094 dulci
1770 3050 1823 3093 et
1862 3040 2013 3093 suavi
2051 3054 2183 3095 voce

598 3118 928 3187 sententiam
962 3122 1323 3186 absolutionis
1369 3130 1485 3199 ejus
1521 3129 1840 3201 protulerit?
1868 3129 2003 3184 Puta
2038 3132 2181 3201 quod

598 3208 919 3290 suspiravit,
976 3223 1125 3290 quod
1169 3212 1503 3292 lacrytnatns
1539 3218 1723 3285 fuerit,
1774 3236 1895 3274 eutn
1931 3221 2176 3276 diceret:

600 3310 771 3366 Nemo
793 3322 840 3367 te
867 3313 1229 3367 condemnavit
1257 3312 1449 3366 mulier
1472 3312 1648 3385 (ibid.,
1674 3312 1782 3384 10),
1811 3322 1916 3367 etc.
1935 3313 2103 3376 Felix,
2131 3322 2189 3369 ut

597 3405 674 3459 ita
707 3405 902 3471 dicam,
926 3394 1059 3460 luec'
1091 3404 1333 3460 adultera
1376 3404 1588 3471 mulier,
1636 3422 1755 3475 quae
1802 3406 1866 3461 de
1891 3407 2187 3477 praeteritis

600 3495 918 3563 absolvitur,
952 3488 1143 3552 secura
1167 3496 1398 3551 edicitur
1431 3497 1497 3552 de
1533 3496 1749 3555 futuris.
1778 3496 1905 3553 Jesu
1940 3499 2097 3563 bone,
2134 3509 2185 3554 te

598 3585 834 3650 dicente,
870 3604 961 3640 ure
986 3603 1078 3656 ego
1104 3596 1153 3641 te
1186 3583 1538 3641 condemnabo
1563 3588 1739 3658 (ibid.,
1770 3588 1881 3660 Η),
1907 3591 2028 3659 quis
2054 3585 2185 3645 eon-

600 3670 916 3751 demnabit?
948 3674 1089 3730 Deus
1122 3685 1196 3730 est
1234 3676 1324 3746 qui
1357 3676 1640 3746 justi/ient,
1670 3678 1785 3747 quis
1834 3688 1908 3732 est
1943 3681 2032 3749 qui
2063 3696 2187 3735 con-

598 3765 800 3819 damnet
816 3754 1037 3838 illlam.
1070 3781 1188 3832 vin,
1212 3764 1302 3833 53,
1325 3765 1443 3837 34.)
1473 3768 1739 3822 Audiatur
1768 3769 1834 3823 de
1857 3780 2052 3827 etetero
2082 3770 2182 3827 v0x

599 3855 895 3925 tua,Vade,‘
914 3868 962 3912 et
975 3854 1345 3929 jam'amplius
1360 3858 1467 3912 noli
1479 3876 1693 3929 peccare
1720 3858 1901 3931 (Joan.
1934 3878 2054 3927 vm,
2074 3863 2092 3916 Ι
2111 3864 2183 3933 ι).

664 3944 782 4001 Jam
824 3963 965 4003 nunc
997 3948 1289 4026 ingredere
1312 3948 1530 4004 domum
1554 3938 1836 4019 PhariStei,
1862 3955 2183 4009 recumben-

596 4054 704 4094 tem
737 4040 805 4095 ibi
835 4040 1120 4097 Dominum
1154 4050 1304 4097 tuum
1331 4041 1568 4105 attende,
1600 4038 1799 4100 accede
1827 4060 1948 4100 cum
1977 4036 2181 4102 beatis-

595 4134 731 4188 sima
781 4128 1085 4203 peccat'rice
1120 4133 1187 4188 ad
1217 4131 1383 4205 pedes
1412 4133 1548 4203 ejus,
1580 4134 1700 4189 lava
1727 4135 2000 4208 lacrymis,
2033 4147 2183 4206 terge

594 4214 1098 4296 capillis,'demulce
1125 4226 1343 4293 osculis,
1371 4225 1491 4281 l'ove
1519 4228 1829 4296 unguentis.
1860 4228 2047 4284 Nonne
2070 4230 2181 4300 jam

595 4334 754 4373 sacro
777 4305 1002 4389 liquoris
1032 4314 1177 4374 illius
1197 4320 1364 4376 odore
1387 4312 1769 4390 perfunderis?
1798 4320 1854 4375 Si
1886 4322 1980 4376 tibi
2005 4322 2181 4378 adhuc

595 4424 726 4463 suos
756 4420 915 4481 negat
950 4402 1140 4482 pedes,
1176 4406 1347 4481 insta,
1395 4424 1522 4480 ora,
1552 4418 1606 4466 et
1640 4413 1892 4483 gravidos
1928 4408 2183 4487 lacrymis

592 4502 782 4557 oculos
809 4498 1013 4569 attolle,
1064 4506 1278 4576 tuisque
1314 4504 1587 4576 suspiriis,
1619 4498 2183 4578 inenarrabilibusque

594 4592 1171 4673 gemitibnsextorqne
1190 4596 1330 4664 quod
1355 4595 1514 4667 petis.
1531 4588 1766 4652 Luctare
1792 4612 1913 4652 cum
1940 4613 2026 4665 eo,
2044 4599 2185 4654 sic‘ut

594 4682 764 4739 Jacob
795 4683 947 4767 (Gen.
986 4702 1172 4753 χχχιι,
1201 4674 1328 4758 24),
1380 4696 1437 4745 ut
1494 4694 1610 4774 ipse
1666 4708 1724 4749 se
1754 4693 1984 4762 gaudeat
2027 4708 2186 4763 snpe-

598 4775 729 4830 rari.
764 4774 1047 4832 Videbitur
1080 4777 1173 4833 tibi
1213 4779 1507 4850 aliquando
1537 4784 1681 4852 quod
1714 4784 1926 4838 av‘ertat
1972 4784 2179 4849 oculos,

594 4868 738 4937 quod
766 4876 926 4925 aures
956 4864 1201 4934 claudat,
1229 4871 1372 4939 quad
1395 4864 1734 4929 desideratos
1763 4874 1925 4944 pedes
1954 4875 2185 4930 abscon-

592 4962 705 5017 dat.
747 4950 826 5013 Tu
862 4954 1214 5017 nihilominus
1240 4963 1380 5017 insta
1424 4952 1746 5033 opportune,
1775 4958 2069 5035 importune
2096 4965 2180 5037 (ll

592 5052 727 5108 Tim.
760 5054 936 5123 tv,2),
965 5052 1137 5112 clama
1168 5072 1180 5107 :
1209 5052 1483 5126 Usquequo
1508 5055 1776 5121 clamabo,
1804 5068 1853 5110 et
1892 5073 1995 5111 non
2019 5073 2185 5111 exau-

590 5148 747 5202 tlies?
779 5144 941 5218 (llub.
971 5164 1021 5213 I,
1062 5146 1144 5219 2.)
1174 5144 1353 5200 Redde
1379 5146 1507 5200 ntihi
1531 5186 1546 5212 ,
1573 5144 1698 5201 Jesu
1743 5147 1899 5211 boue,
1943 5147 2182 5201 lwtitiant

590 5240 841 5295 salutaris
875 5241 951 5292 tui
978 5237 1149 5311 (Psal.
1181 5254 1230 5305 L,
1263 5238 1350 5309 M)
1372 5228 1543 5308 {quia
1577 5235 1670 5291 tibi
1694 5238 1826 5292 dixit
1854 5255 1944 5292 cor
1974 5232 2141 5291 meum
2163 5279 2179 5305 ,

589 5335 806 5403 qua'sivi
849 5335 1039 5403 facient
1084 5343 1256 5399 tuam,
1292 5334 1479 5403 faciem
1526 5346 1671 5389 luant
1700 5337 1960 5405 requiram
1993 5332 2177 5404 (Psal.

591 5441 743 5489 xxvr,
775 5418 1027 5495 8).Certe
1058 5439 1163 5478 non
1196 5426 1417 5495 negabit
1448 5427 1612 5495 pedes
1640 5442 1768 5481 suos
1784 5426 2014 5496 virgini,
2043 5440 2179 5495 quos

592 5515 916 5570 osculandos
936 5514 1164 5585 pratbuit
1190 5514 1504 5583 peccatrici.
1752 5532 1762 5542 ·
2084 5522 2090 5541 ‘

668 5607 775 5661 Sed
803 5618 859 5663 et
883 5608 1100 5664 domum
1129 5605 1274 5662 illam
1303 5623 1409 5662 non
1436 5608 1759 5677 pratteribis,
1785 5608 1873 5663 ubi
1901 5620 1997 5678 per
2025 5616 2177 5678 tegu-

593 5700 675 5755 las
711 5701 1045 5771 paralyticus
1092 5708 1219 5753 ante
1268 5699 1433 5767 pedes
1485 5697 1601 5767 ejus
1649 5700 2032 5765 submittitur,
2086 5696 2174 5753 ubi

591 5794 768 5894 pietas
796 5804 847 5848 et
892 5803 1127 5863 potestas
1157 5792 1512 5848 obviuvcrunt
1545 5790 1665 5844 sibi.
1706 5790 1830 5857 lt‘ili,
1864 5793 2055 5860 inquit,
2093 5809 2169 5846 re-

2286 1944 2514 1999 avaritia
2553 1934 2661 2000 nan
2708 1946 3072 2015 exasperavit,
3104 1946 3313 2001 levetur
3338 1955 3395 2001 et
3433 1962 3529 2001 σοι’
3556 1948 3683 2002 sine
3712 1949 3792 2001 ira
3832 1958 3886 2001 et

2285 2024 2714 2105 disceptatione,
2754 2037 2901 2104 quod
2948 2037 3319 2107 tranquillitas
3371 2038 3615 2105 sedavit,
3666 2049 3725 2092 ct
3782 2056 3882 2107 pax

2285 2127 2592 2197 composuit
2664 2127 2875 2199 puritas
2900 2128 3249 2183 conscientiae
3277 2128 3427 2182 lavit.
3466 2129 3573 2183 Sed
3614 2131 3752 2183 nihil
3786 2132 3883 2186 hu-

2285 2233 2403 2273 rum
2437 2218 2769 2290 paralyticus
2798 2219 2899 2274 iste
2946 2218 3143 2289 legitur
3182 2220 3536 2290 praemisisse,
3568 2223 3665 2291 qui
3701 2231 3883 2276 tamen

2283 2310 2482 2382 legitur
2526 2312 2903 2367 remissionem
2935 2313 3173 2366 omnium
3204 2322 3551 2383 peccatorum
3584 2308 3882 2369 metuisse.

2286 2399 2413 2457 Haec
2441 2410 2522 2457 est
2554 2413 2734 2455 autem
2782 2400 3068 2457 iueﬂ'abilis
3107 2402 3491 2458 misericordiae
3519 2403 3639 2474 ejus
3672 2405 3878 2469 virtus,

2284 2491 2369 2547 cui
2406 2494 2547 2545 sicut
2582 2491 2955 2562 blasphemum
2988 2500 3075 2547 est
3120 2492 3408 2563 derogare.
3446 2495 3519 2547 ita
3551 2502 3611 2548 et
3643 2495 3748 2549 hoc
3774 2494 3886 2548 sibi

2284 2599 2635 2657 praesumere,
2662 2574 3070 2639 stultissimum.
3090 2584 3281 2639 Potest
3301 2586 3609 2655 cuicunque
3639 2583 3753 2645 vult
3780 2585 3884 2640 hoc

2287 2676 2461 2749 ipsum
2492 2664 2788 2731 efficaciter
2816 2674 3001 2730 dicere
3030 2674 3172 2746 quod
3223 2674 3362 2735 dixit
3410 2672 3753 2746 paralytieo:
3784 2675 3883 2729 οδ.

2283 2768 2565 2821 mittuntur
2583 2767 2676 2823 tibi
2694 2777 2906 2837 peccata
2934 2776 3027 2819 tua
3050 2764 3267 2837 (Matth.
3292 2781 3369 2830 ts,
3394 2766 3470 2833 5).
3509 2765 3617 2821 Sed
3650 2766 3887 2836 quicun-

2283 2871 2387 2927 que
2408 2848 2527 2913 sine
2553 2870 2651 2911 suo
2685 2855 2888 2924 labore,
2911 2855 2995 2911 vel
3016 2856 3365 2920 contritione,
3392 2856 3474 2910 vel
3505 2855 3886 2920 confessione,

2284 2947 2367 3002 vel
2416 2948 2578 3003 etiam
2616 2946 2885 3013 oratione,
2937 2947 3038 3002 sibi
3104 2946 3205 3004 hoc
3249 2947 3534 3003 dicendum
3563 2955 3885 3017 exspectat,

2286 3055 2559 3110 nunquam
2589 3039 2638 3094 ei
2670 3040 3017 3094 remittuntur
3040 3046 3281 3109 peccata.
3390 3022 3393 3029 λ
3692 3042 3693 3047 ‘

2357 3130 2463 3185 Sed
2487 3130 2793 3184 exeundum
2823 3138 2912 3184 est
2942 3129 3091 3195 bittc,
3122 3139 3178 3184 et
3202 3130 3273 3184 ad
3314 3127 3635 3184 Bethaniam
3662 3128 3888 3183 venien-

2292 3222 2443 3287 dum,
2478 3222 2567 3276 ubi
2611 3221 2981 3277 sacratissima
3030 3221 3236 3299 hedera
3267 3220 3525 3279 amicitia:
3556 3221 3887 3279 auctoritate

2294 3314 2503 3368 Domini
2554 3322 2966 3369 consecrantur.
3020 3312 3282 3384 Diligebat
3339 3313 3484 3369 enim
3528 3312 3687 3367 Jesns
3733 3310 3883 3369 Mar:

2289 3406 2434 3459 litant
2455 3446 2470 3469 ,
2520 3406 2749 3460 Mariam
2791 3415 2839 3460 et
2884 3405 3150 3459 Lazarum
3181 3404 3363 3476 (Joan.
3392 3421 3472 3470 XI,
3508 3404 3587 3473 5).
3621 3404 3783 3471 Quod
3814 3402 3885 3457 ob

2290 3497 2524 3567 speciale
2555 3498 2805 3552 amicitiae
2846 3496 3210 3567 privilegium,
3261 3510 3371 3565 quo
3408 3494 3484 3550 illi
3537 3492 3883 3557 fatuiliariori

2291 3589 2641 3645 adluerebant
2689 3589 2885 3645 aﬂ'ectu
2931 3589 3133 3644 dictum
3168 3603 3328 3643 nemo
3358 3596 3443 3643 est
3494 3587 3584 3657 qui
3617 3585 3881 3665 ambigat.

2290 3681 2483 3737 Testes
2509 3689 2635 3734 sunt
2655 3679 2905 3751 lacrymte
2933 3678 3035 3733 illa:
3058 3677 3267 3744 dulces,
3298 3678 3501 3747 quibus
3521 3676 3889 3745 coliacrytna-V

2292 3783 2381 3827 tus
2406 3783 2488 3827 est
2529 3771 2952 3843 lacrymantibus
2985 3785 3123 3839 quas
3166 3779 3309 3824 totus
3340 3768 3570 3840 p0pulus
3601 3769 3879 3838 interpr-ea

2288 3865 2505 3921 labatur
2532 3862 2734 3917 amoris
2763 3861 3043 3916 indicium.
3087 3859 3289 3927 Videte,
3321 3859 3595 3929 inquiens,
3620 3858 3884 3929 quomodo

2287 3957 2501 4013 amabat
2518 3973 2633 4012 eum
2667 3954 2848 4024 (Joan.
2877 3970 2953 4020 XI,
2982 3952 3093 4023 36).
3130 3952 3197 4007 Et
3225 3967 3352 4008 ecce
3375 3952 3583 4022 faciunt
3611 3953 3661 4006 ei
3684 3969 3885 4007 crearent

2284 4048 2380 4112 ibi,
2403 4058 2449 4103 et
2474 4045 2687 4101 Martha
2717 4045 3084 4109 ministrabat;
3119 4043 3355 4098 Lazarus
3386 4051 3566 4097 autem
3604 4061 3743 4099 unus
3771 4053 3884 4098 erat

2286 4156 2349 4195 ea:
2403 4136 2867 4193 discumbentibus.
2909 4135 3084 4189 Maria
3138 4136 3357 4204 sumpsit
3415 4133 3745 4189 alabastrum
3787 4150 3887 4186 utt-

2286 4231 2462 4300 guenli
2493 4228 2673 4300 (Joan.
2696 4242 2770 4281 sn
2793 4267 2808 4294 ,
2834 4226 2889 4292 Ξ,
2915 4226 2994 4296 3),
3024 4233 3132 4280 etc.
3162 4222 3369 4290 Gaude,
3399 4238 3608 4294 quaso,
3644 4222 3773 4278 huic
3802 4222 3884 4275 in—

2287 4333 2493 4377 teresse
2518 4320 2786 4376 convivio.
2813 4319 3161 4389 Singulorum
3208 4318 3483 4389 distingue
3506 4316 3709 4371 cilicia.
3740 4315 3885 4371 Mar-

2289 4415 2377 4468 tha
2403 4411 2779 4473 ministrabat,
2794 4410 3179 4469 discumbebat
3208 4409 3471 4476 Lazarus,
3504 4408 3661 4480 ungit
3686 4406 3879 4463 Maria.

2217 4542 2271 4601 D
2296 4507 2408 4562 Hoc
2438 4506 2686 4560 ultimum
2725 4512 2872 4559 tuum
2902 4512 3013 4569 est;
3047 4501 3241 4571 frange
3268 4501 3342 4557 ibi
3376 4501 3717 4557 alabastrum
3758 4514 3884 4555 cor-

2272 4598 2404 4662 dis,
2433 4606 2489 4652 et
2528 4590 2789 4666 quidquid
2820 4589 2989 4649 babes
3013 4593 3337 4661 devotionis,
3361 4592 3626 4664 quidquid
3654 4590 3882 4655 amoris,

2290 4688 2550 4760 quidquid
2598 4687 2872 4751 desiderii,
2911 4684 3174 4757 quidquid
3203 4684 3541 4751 an'ectionis,
3589 4694 3762 4739 totum
3803 4682 3885 4738 el-

2288 4781 2452 4837 l‘unde
2479 4796 2643 4851 super
2677 4787 2840 4850 caput
2888 4777 3083 4849 Sponsi
3132 4777 3231 4845 tui,
3262 4777 3499 4833 adorans
3550 4776 3609 4831 in
3660 4772 3885 4847 homine

2289 4874 2479 4938 Deum,
2501 4881 2557 4925 et
2572 4862 2848 4927 hominém
2890 4871 2945 4926 in
2978 4871 3106 4925 Deo.
3133 4868 3192 4925 Si
3224 4869 3428 4935 fremit,
3459 4868 3507 4925 si
3546 4856 3879 4932 murmurat,

2288 4965 2335 5021 si
2384 4963 2591 5019 invidet
2627 4962 2892 5033 proditor,
2924 4960 2971 5017 si
3025 4961 3385 5032 perditionem
3410 4958 3578 5015 vocat
3627 4958 3879 5015 devotio-

2288 5070 2441 5120 nem,
2476 5068 2581 5109 non
2611 5053 2683 5109 sit
2711 5051 2810 5107 tibi
2845 5059 3011 5108 curat.
3046 5050 3113 5107 Ut
3153 5052 3303 5123 quid,
3337 5052 3435 5117 ait,
3468 5048 3701 5122 perditio
3726 5050 3887 5104 bere!

2284 5154 2485 5217 poterat
2511 5144 2608 5198 hoc
2635 5152 2960 5214 unguentum
2986 5142 3277 5197 renuntiari
3304 5141 3471 5195 multo
3509 5140 3710 5212 (Marc.
3756 5154 3880 5205 xiv,

2283 5240 2340 5310 4)
2374 5280 2389 5305 ,
2428 5247 2534 5295 etc.
2570 5237 2881 5293 Pbarisams
2933 5245 3239 5292 murmurat
3284 5232 3536 5291 invidens
3564 5232 3879 5305 pmniteuti,

2284 5338 2593 5388 murmurat
2638 5329 2806 5385 Judas
2854 5328 3104 5385 invidens
3151 5324 3403 5384 eﬂ‘usioni
3446 5325 3731 5396 unguenti.
3765 5323 3890 5380 Sed

2283 5423 2457 5479 Judex
2502 5421 2905 5477 accusationem
2943 5420 3049 5477 non
3102 5419 3335 5491 recipit,
3402 5425 3716 5473 accusatam
3781 5415 3891 5471 ah-
3928 5440 3947 5457 ο

2283 5516 2462 5573 solvit.
2518 5502 2727 5581 Sinite,
2788 5513 3001 5583 inquit,
3048 5506 3238 5579 illam;
3301 5511 3495 5566 bonum
3545 5510 3683 5564 enim
3743 5524 3891 5577 opus

2283 5596 2458 5679 (ibid.,
2502 5607 2589 5677 6),
2626 5616 2732 5663 etc.
2786 5605 3023 5661 Laboret
3049 5598 3327 5675 gMartba‘,
3368 5602 3669 5665 ministret,
3714 5610 3893 5671 paret

2280 5702 2571 5773 huspitium
2617 5699 2930 5770 peregrino,
2984 5698 3242 5755 esurienti
3272 5698 3485 5763 cibum,
3537 5696 3739 5754 sitienti
3778 5710 3893 5765 po-

2284 5809 2420 5859 tum,
2460 5804 2663 5849 vestem
2707 5791 2926 5862 algenti.
2964 5790 3075 5863 Ego
3105 5792 3251 5852 solus
3274 5791 3457 5848 Maria:
3493 5803 3546 5846 et
3595 5790 3678 5851 illa
3711 5787 3889 5843 mihi.
