4060 6292
289 329 388 387 789

1662 335 2189 394 HEDITATIONES.

3434 340 3543 398 790

285 446 482 503 Totum
511 456 729 516 praestat
779 451 924 520 quod
965 451 1158 516 liabet;
1188 465 1217 504 ει
1255 465 1340 505 me
1387 453 1650 522 quidquid
1687 460 1861 522 optat,
1897 453 1940 509 Α
1963 451 2130 504 sudor
2156 449 2308 519 (an.
2341 466 2475 516 xxtt,
2503 449 2625 520 44),
2653 457 2755 505 etc.
2773 447 2910 517 Quid
2937 457 3050 504 stas
3078 465 3320 517 accurre,
3347 458 3400 506 et
3420 467 3544 507 sua-

283 549 580 610 exspcctct.
609 542 749 610 Quid
785 545 962 600 enim?
1007 546 1158 602 Tune
1187 547 1367 603 Maria:
1402 548 1673 613 consulis,
1699 548 1864 602 relin-

283 632 498 700 quendo
537 633 701 700 pedes
747 650 884 705 quos
930 636 1159 692 dulciter
1210 639 1525 705 osculatur,
1571 640 1864 695 avertendo

281 722 468 778 oculos
491 725 562 778 ab
591 724 678 778 illa
724 728 1128 797 speciosissima
1165 728 1304 785 [acie
1329 746 1494 802 quam
1532 731 1865 801 contempla-

282 824 394 881 tur,
423 817 726 874 amovendo
759 819 1000 875 auditum
1029 820 1100 876 ab
1139 820 1257 892 ejus
1296 824 1448 878 suavi
1481 837 1730 879 sermone
1756 837 1864 895 quo

279 907 555 962 reﬁcitur?

351 997 459 1056 Sed
473 998 587 1068 jam
618 1012 904 1074 surgentes
924 1020 1112 1062 eamus
1132 1007 1279 1064 hinc.
1305 1007 1455 1076 Quo?
1484 1009 1684 1079 inquis.
1704 1008 1862 1066 Certe

273 1097 336 1145 ut
361 1091 685 1148 insidentem
719 1097 889 1152 asello
913 1098 1038 1153 cadi
1088 1108 1356 1170 terraeque
1385 1101 1670 1156 Dominum
1696 1101 1863 1156 comi-

277 1181 431 1245 teris,
466 1192 730 1254 tantaque
773 1185 890 1243 ﬁeri
934 1204 1032 1258 pro
1062 1197 1111 1244 te
1131 1191 1547 1263 obstupescens,
1572 1209 1862 1264 parvorum

270 1270 523 1328 laudibus
553 1284 672 1332 tuas
699 1277 926 1344 inseras,
949 1280 1196 1336 clamans
1235 1293 1292 1340 et
1321 1285 1511 1341 dicens
1545 1303 1558 1341 :
1602 1285 1859 1342 llosanea

268 1362 385 1428 ﬁlio
409 1363 580 1419 David
612 1366 829 1437 (Matth.
853 1385 967 1434 x11,
997 1371 1085 1440 9),
1113 1381 1222 1428 etc.
1787 1419 1789 1422 ‹

340 1455 463 1511 Jam
493 1472 637 1513 nunc
678 1462 912 1518 ascende
939 1477 1062 1518 cum
1086 1478 1155 1520 eo
1190 1465 1242 1520 in
1272 1465 1594 1522 cenaculum
1638 1469 1858 1537 grands,

263 1553 494 1599 stratum
528 1546 722 1615 (Marc.
749 1567 861 1617 xtv,
893 1552 1017 1623 15),
1039 1560 1096 1608 et
1121 1553 1571 1612 salutariscteme
1599 1556 1861 1614 interesse

261 1634 483 1692 deliciis
505 1640 804 1707 gratulare.
832 1643 1029 1700 Vincat
1072 1647 1456 1702 verecundiam
1489 1663 1664 1714 amor,
1698 1649 1857 1706 timo-

262 1739 387 1782 rem
429 1729 684 1786 excludat
724 1731 972 1802 aﬂ'ectus,
1010 1744 1071 1792 ut
1107 1737 1300 1793 saltem
1345 1738 1413 1793 de
1463 1739 1621 1794 micis
1658 1756 1858 1796 mensa:

1967 538 2217 594 vissimas
2246 537 2366 593 illas
2394 547 2575 609 guttas
2620 537 2825 603 lambe,
2857 546 2910 594 et
2943 538 3217 608 pulverem
3243 539 3439 610 pedum
3473 541 3540 595 il-

1965 629 2068 684 lius
2110 628 2273 700 linge.
2319 629 2438 684 Noli
2481 629 2720 688 dormire
2769 644 2898 686 cum
2945 628 3139 694 Petro,
3171 645 3238 684 ne
3285 631 3548 686 merearis

1963 721 2154 778 audire
2191 739 2208 780 ε
2241 721 2330 777 Sic
2370 738 2473 778 nou
2503 723 2718 792 potestis
2751 738 2858 776 una
2903 721 3036 776 hora
3066 720 3280 791 vigilare
3309 721 3548 778 mecum?

1965 812 2178 886 (Manli.
2213 827 2340 870 xxvr
2358 853 2374 880 ,
2405 811 2521 882 40.)

1975 957 1978 960 .
2032 904 2325 977 232,8ed
2350 919 2480 962 ecce
2495 905 2607 976 jam
2636 906 2969 976 proditorem
2993 917 3324 976 prteeuntem
3357 905 3548 974 impio-

1964 1013 2084 1053 rum
2111 998 2268 1055 turba
2312 997 2678 1068 prosequitur,
2713 1006 2770 1053 et
2815 998 3061 1053 osculum
3105 997 3380 1068 prtebente
3409 994 3546 1051 Juda

1964 1103 2155 1145 manus
2193 1087 2444 1160 injiciunt
2491 1089 2545 1143 in
2595 1087 2804 1154 Jesum,
2834 1088 3120 1142 Dominum
3160 1104 3314 1142 suum
3363 1096 3550 1144 tenent

1963 1180 2208 1250 ligatum,
2257 1188 2313 1235 et
2349 1179 2470 1246 illas
2525 1179 2709 1236 dulces
2750 1195 2944 1234 manus
2991 1178 3223 1234 vinculis
3247 1181 3545 1245 stringunt.

1963 1272 2096 1340 Quis
2125 1272 2302 1328 ferat?
2351 1271 2501 1338 Scio,
2529 1281 2760 1342 occupat
2805 1285 2948 1326 nunc
2997 1286 3092 1326 cor
3143 1279 3290 1325 tuum
3329 1271 3546 1340 pictas,

1962 1365 2147 1426 Omnia
2175 1366 2386 1423 viscera
2419 1373 2508 1419 tua
2539 1364 2693 1420 zelus
2721 1363 3042 1419 inﬂammat.
3077 1363 3239 1428 Sine,
3275 1377 3421 1432 rogo,
3455 1376 3549 1432 pa-

1963 1459 2148 1524 tiatur,
2181 1459 2272 1529 qui
2303 1472 2401 1528 pro
2434 1465 2486 1513 te
2511 1456 2739 1526 patitur.
2771 1455 2910 1522 Quid
2930 1463 3086 1524 optas
3104 1453 3384 1525 gladium?
3419 1451 3549 1523 quid

1963 1551 2253 1608 irasceris?
2273 1550 2403 1621 quid
2429 1547 2764 1619 indignaris?
2795 1546 2851 1601 Si
2886 1547 3060 1602 instar
3085 1545 3235 1602 Petri
3263 1543 3553 1613 cujuslibet

1963 1651 2144 1698 autem
2173 1639 2494 1706 abscideris,
2525 1638 2570 1694 si
2620 1637 2764 1692 ferro
2810 1634 3092 1690 brachium
3126 1633 3334 1698 tuleris,
3366 1632 3411 1687 si
3459 1645 3550 1700 pe-

1963 1737 2085 1790 dem
2117 1733 2455 1789 truncaveris
2474 1771 2490 1798 ,
2520 1731 2638 1802 ipse
2674 1729 2922 1785 restituet
2950 1726 3154 1783 omnia.
3184 1724 3285 1794 Qui
3316 1722 3548 1779 etiamsi

262 1817 416 1874 illius
439 1818 835 1894 eleemosyuam
859 1828 1097 1896 prtelieat
1121 1828 1475 1884 mendicanti.
1510 1830 1603 1887 Vel
1633 1847 1663 1884 a
1696 1831 1854 1902 longe

1963 1838 2124 1894 quem
2178 1822 2470 1888 occideris,
2504 1799 2711 1891 absque
2755 1819 2920 1874 dubio
2969 1815 3274 1874 suscitabit.
3309 1813 3551 1883 Sequere

260 1918 377 1973 sta,
415 1919 468 1963 et
492 1914 646 1980 quasi
673 1929 876 1984 pauper
893 1917 1182 1973 attendens
1207 1917 1260 1972 in
1291 1919 1533 1988 divitem,
1564 1931 1620 1974 ut
1649 1920 1853 1992 aliquid

259 2003 510 2073 accipias
556 2008 788 2062 extende
833 2023 1074 2074 manum,
1120 2010 1318 2066 famem
1372 2012 1628 2084 lacrytuis
1663 2013 1850 2085 prode.

255 2093 404 2150 Cum
437 2106 618 2153 autem
659 2115 887 2171 surgens
915 2119 948 2156 a
978 2119 1132 2158 cmna
1159 2104 1326 2160 linteo
1366 2121 1424 2161 se
1458 2109 1805 2176 praicinxerit
1827 2151 1845 2176 ,

252 2185 585 2258 rniscritque
609 2205 806 2260 aquam
837 2192 890 2247 in
917 2194 1116 2264 pelvim
1141 2194 1321 2264 (Joan.
1340 2213 1461 2266 xui,
1489 2198 1542 2262 ι,
1574 2198 1654 2268 5),
1677 2202 1853 2270 cogita

253 2290 390 2345 quae
421 2278 698 2349 majestas,
727 2298 848 2351 qua:
885 2293 1126 2352 potestas
1166 2286 1449 2343 hominum
1481 2290 1646 2359 pedes
1681 2291 1852 2348 abluit

251 2377 311 2421 et
341 2371 610 2440 extergit,
635 2387 758 2440 qua:
786 2374 1089 2445 benignitas
1121 2377 1411 2445 proditoris
1435 2380 1657 2452 vestigia
1683 2382 1856 2438 sacris

245 2458 524 2519 manibus
554 2461 748 2529 tangit.
789 2461 1011 2530 Specta,
1037 2474 1092 2518 et
1135 2479 1417 2537 exspeCta,
1445 2476 1500 2524 ct
1527 2469 1716 2525 ultimo
1740 2486 1857 2526 om-

246 2551 416 2604 nium
447 2559 567 2606 tuos
589 2553 638 2607 ei
659 2554 842 2621 praebe
872 2555 1527 2630 pedes,abluendos.tquia
1553 2577 1714 2632 quem
1741 2562 1856 2634 ipse

247 2656 370 2696 non
403 2641 618 2708 laverit,
648 2661 754 2699 non
806 2647 1027 2702 habebit
1069 2658 1276 2718 partem
1317 2668 1440 2707 cum
1471 2668 1537 2708 eo
1568 2653 1745 2724 (ibid.,
1773 2655 1852 2726 8).

248 2734 404 2801 Quid
457 2735 617 2791 modo
660 2736 888 2794 festinas
933 2740 1118 2796 exire?
1162 2743 1380 2800 Sustine
1412 2745 1712 2814 paululum.
1768 2750 1858 2804 Vi-

249 2827 436 2886 desne
461 2827 712 2896 quisnam
760 2830 850 2887 ille
879 2840 964 2888 est
986 2872 1002 2898 ,
1041 2848 1173 2902 rogo
1222 2844 1304 2900 te,
1353 2835 1444 2906 qui
1477 2851 1642 2906 super
1667 2847 1854 2908 pectus

249 2916 382 2985 ejus
413 2919 661 2974 recubuit
705 2920 881 2992 (ibid,
925 2924 1052 2994 25),
1097 2935 1153 2980 et
1197 2926 1250 2980 in
1298 2927 1478 2982 sinum
1523 2927 1640 2998 ejus
1692 2940 1855 3002 caput

253 3008 529 3064 reclinat?
556 3011 731 3078 Felix,
756 3014 1069 3088 quicunque
1095 3027 1180 3074 est
1211 3018 1320 3073 ille.
1348 3018 1394 3076 Ο
1422 3030 1571 3078 certe
1588 3039 1732 3080 ecce.
1739 3024 1852 3095 jam

251 3101 422 3207 rideo
440 3100 721 3207 {Joannes-
745 3113 830 3207 est
856 3122 1057 3207 nomen
1080 3108 1219 3179 ejus.
1249 3109 1294 3166 Ο
1318 3111 1574 3180 Joannes,
1601 3117 1728 3186 quid
1755 3116 1847 3172 tibi
1877 3149 1919 3207 ϐ

249 3193 584 3262 dulcedinis,
629 3196 758 3266 quid
783 3200 978 3268 gratia:
1025 3209 1080 3255 et
1117 3203 1424 3269 suavitatis,
1461 3207 1590 3276 quid
1632 3208 1849 3264 luminis

249 3291 310 3338 et
339 3283 644 3345 devotionis
671 3290 967 3348 hauriebas
987 3293 1056 3348 ab
1088 3293 1180 3347 illo
1215 3293 1402 3350 fonte?
1429 3295 1506 3352 lbi
1546 3306 1698 3353 certe
1727 3313 1848 3353 om-

249 3389 361 3429 nes
407 3375 644 3435 thesauri
677 3381 961 3450 sapientiae
1005 3390 1061 3436 et
1109 3383 1351 3439 scientiae
1382 3384 1685 3442 absconditi
1725 3397 1851 3443 sunt

251 3461 398 3534 (Col.
449 3481 508 3533 ιι,
551 3467 628 3532 5).
657 3470 735 3526 lbi
781 3471 903 3528 fons
951 3472 1361 3541 misericordiae,
1391 3475 1469 3530 ibi
1513 3476 1848 3550 domicilium

229 3555 502 3624 pietatis,
544 3557 616 3613 ibi
671 3558 826 3615 favus
872 3571 1090 3617 aeternae
1135 3565 1440 3619 suavitatis.
1478 3564 1630 3632 Unde
1673 3567 1850 3633 tibi,o

250 3646 523 3714 Joannes,
560 3650 917 3710 omniaista?
966 3652 1216 3724 Nunquid
1260 3665 1312 3710 tu
1357 3657 1638 3721 sublimior
1664 3658 1848 3727 Petro,

251 3735 479 3795 Andrea
531 3741 799 3808 sanctior,
848 3751 942 3796 aut
977 3752 1126 3798 certe
1158 3744 1413 3800 otnnibus
1443 3746 1701 3817 apostolis
1729 3763 1846 3819 gra-

256 3827 776 3901 tiosior?_Speciale
823 3833 924 3889 hoc
956 3835 1286 3906 virginitatis
1319 3839 1681 3910 privilegium,
1719 3843 1849 3912 quia

259 3920 420 3992 virgo
455 3936 540 3991 es,
599 3923 804 3980 electus
851 3942 884 3981 a
934 3927 1183 3995 Domino,
1218 3939 1382 3999 atque
1430 3931 1575 3987 inter
1622 3942 1850 3992 caeteros

255 4010 437 4080 magis
455 4011 708 4070 dilectus.
734 4013 855 4071 iam
883 4032 1027 4074 nunc
1049 4018 1462 4092 exsulta,virgo,
1491 4025 1693 4080 accede
1720 4041 1847 4095 pro,

256 4103 412 4172 pius,
458 4111 512 4158 et
540 4103 778 4174 aliquam
806 4107 965 4176 hujus
1005 4109 1306 4170 dulcedinis
1337 4114 1641 4183 portionem
1671 4116 1849 4176 vindi-

255 4207 392 4246 care
440 4208 544 4246 non
595 4194 855 4263 diﬂ‘eras,
909 4198 952 4252 si
985 4200 1198 4268 potiora
1253 4216 1361 4256 non
1415 4213 1592 4274 potes,
1641 4205 1851 4262 dimitte

255 4282 456 4349 Joannl
483 4296 692 4354 pectus,
724 4287 814 4341 ubi
845 4303 905 4343 se
928 4305 1051 4345 cum
1084 4291 1207 4348 vino
1229 4292 1430 4349 laetitia:
1457 4295 1513 4350 in
1554 4296 1851 4362 divinitatis

257 4373 912 4444 cogitationeintebriat;
979 4389 1031 4434 tu
1091 4398 1316 4440 currens
1369 4386 1438 4440 ..d
1496 4387 1851 4445 humanitatis

1957 1919 2137 1991 potius
2163 1934 2288 1974 eum
2316 1932 2486 1989 usque
2532 1917 2599 1972 ad
2628 1914 2828 1979 atrium
2885 1912 3150 1985 principis
3179 1910 3544 1976 sacerdotum,

1957 2019 2014 2066 et
2040 2009 2503 2080 speciosissimam
2528 2007 2725 2073 faciem
2757 2004 2876 2076 ejus
2902 2018 3065 2075 quam
3108 2002 3282 2070 sputis
3312 1999 3546 2066 illinunt,

1960 2111 2013 2156 tu
2046 2102 2302 2174 lacrymis
2335 2101 2479 2156 lava.
2526 2100 2745 2156 lntucre
2792 2113 2954 2167 quam
2997 2097 3100 2166 piis
3131 2093 3340 2157 oculis,
3383 2108 3546 2164 quant

1960 2194 2432 2260 misericorditer,
2482 2208 2644 2263 quam
2700 2188 2999 2246 cllicaciter
3059 2186 3217 2242 tertio
3262 2193 3548 2255 negantem

1960 2286 2265 2356 respexerit
2293 2285 2536 2351 Petrum,
2571 2283 2791 2354 quando
2839 2281 2932 2337 ille
2962 2294 3259 2337 conversus
3291 2287 3348 2334 et
3392 2278 3445 2332 in
3490 2291 3552 2337 se

1961 2390 2214 2431 reversus
2245 2373 2392 2430 ﬂevit
2417 2389 2622 2429 amare.
2675 2373 2919 2438 Utinam,
2947 2372 3086 2427 bone
3129 2369 3281 2436 Jesu,
3309 2377 3434 2425 tuus
3463 2383 3550 2424 me

1959 2465 2134 2521 dulcis
2163 2463 2352 2521 oculus
2393 2463 2668 2535 respiciat,
2721 2463 2813 2532 qui
2848 2473 2898 2517 te
2945 2462 3106 2518 toties
3132 2462 3201 2514 ad
3233 2473 3417 2515 vocem
3445 2473 3548 2513 an-

1958 2555 2093 2622 cilia:
2139 2555 2405 2626 procacis,
2449 2553 2631 2610 carnis
2679 2552 2887 2608 scilicet
2950 2565 3105 2617 meae,
3142 2549 3391 2619 pessimis
3414 2560 3545 2616 ope-

1958 2647 2110 2702 ribus
2139 2645 2534 2715 aﬂ‘ectibusque
2565 2644 2781 2714 negavi.
2825 2642 2930 2698 Sed
2956 2640 3068 2710 jam
3095 2681 3110 2707 ,
3154 2654 3313 2695 mane
3361 2638 3505 2695 facto
3529 2679 3546 2705 ,

1963 2739 2196 2795 traditur
2252 2736 2448 2802 Pilato,
2508 2737 2583 2792 ibi
2631 2743 2942 2800 accusatur,
2972 2743 3027 2789 et
3077 2741 3240 2798 tacet,
3287 2731 3545 2801 quoniam

1958 2838 2208 2900 tanquam
2246 2828 2354 2882 ovis
2378 2827 2446 2881 ad
2483 2827 2796 2880 occisionem
2822 2825 3010 2879 ductus
3047 2833 3121 2879 est
3148 2823 3282 2893 (Ira.
3328 2838 3446 2886 LIII,
3471 2822 3546 2887 7;

1957 2924 2075 2976 Act.
2101 2936 2222 2987 vnt,
2250 2919 2365 2982 52).
2384 2919 2540 2984 Vide,
2573 2918 2794 2973 attende
2826 2917 3101 2988 quomodo
3121 2925 3232 2972 stat
3256 2926 3383 2971 ante
3409 2931 3546 2986 pra:-

1956 3013 2131 3070 sidem
2157 3011 2444 3082 ,inclinalo
2473 3011 2677 3081 capite,
2711 3008 2964 3064 demissis
3012 3006 3206 3071 oculis,
3242 3006 3394 3062 vultu
3434 3004 3550 3076 pla-

1956 3103 2103 3169 cido.
2125 3117 2378 3160 sermone
2407 3118 2552 3167 raro,
2581 3108 2804 3172 paratus
2835 3099 2901 3154 ad
2927 3097 3239 3171 opprobria,
3265 3107 3546 3169 promptus

1951 3195 2020 3250 ad
2050 3195 2296 3249 verbera.
2321 3193 2468 3260 Scio,
2497 3208 2604 3248 non
2629 3193 2834 3262 poteris
2862 3191 3089 3247 ulterius
3128 3190 3419 3255 sustinere,
3446 3204 3548 3246 nec

1952 3285 2330 3344 dulcissimum
2363 3287 2583 3342 dorsum
2614 3283 2731 3353 ejus
2759 3284 2986 3356 ﬂagellis
3014 3284 3199 3350 atteri,
3221 3298 3321 3340 nec
3347 3281 3544 3338 faciem

1951 3377 2125 3447 alapis
2151 3378 2305 3446 exedi,
2343 3393 2443 3432 nec
2476 3388 2723 3434 tenerum
2773 3376 2905 3430 illud
2957 3384 3121 3450 caput
3159 3376 3333 3447 spinis
3381 3390 3543 3432 coro-

1953 3469 2096 3535 nari,
2127 3486 2228 3525 nec
2262 3470 2565 3534 dexteram,
2601 3484 2722 3540 quae
2764 3469 2965 3524 coelum
3018 3469 3158 3541 regit
3201 3477 3256 3524 et
3303 3478 3542 3534 terram,

1951 3563 2216 3626 arundine
2279 3562 2652 3630 dehonestari,
2685 3561 2795 3617 tuis
2832 3559 3006 3617 oculis
3037 3561 3284 3632 aspicere
3317 3563 3543 3632 poteris.

1953 3655 2094 3719 Ecce
2121 3655 2390 3722 educitur,
2423 3654 2731 3727 ﬂagellatur:
2760 3663 2984 3726 portans
3015 3653 3258 3725 spineam
3285 3669 3542 3710 coronam

1951 3756 2006 3802 et
2049 3762 2380 3818 purpureum
2406 3748 2813 3812 vestimentum,
2844 3756 2900 3804 et
2946 3746 3152 3804 Pilatus
3181 3747 3307 3803 dicit
3345 3762 3360 3802 :
3411 3745 3546 3804 Ecce

1951 3838 2106 3893 homo
2133 3837 2320 3908 (Joan.
2353 3854 2467 3907 nx,
2498 3839 2576 3910 5).
2624 3839 2764 3894 Vere
2811 3841 2976 3902 homo
3004 3848 3122 3907 est,
3141 3840 3264 3909 quis
3292 3837 3548 3895 dubitet?

1951 3928 2144 3986 Testes
2168 3928 2824 4004 sunt.plagas,.virgarttm,,
2857 3929 2996 3989 livor
3026 3930 3346 3994 vulnerum)»
3374 3927 3536 3988 (cedi—

1952 4027 2053 4082 tas,
2083 4027 2388 4090 Sputorum.
2431 4018 2550 4078 iam
2601 4034 2747 4080 nunc
2795 4034 3087 4090 cognosce,
3117 4018 3348 4085 Zabule,
3379 4019 3542 4074 homo

1953 4117 2054 4173 est.
2089 4109 2421 4176 Verebanto
2463 4117 2558 4168 est,
2586 4109 2714 4174 iste,
2745 4107 2944 4178 inquis.
2975 4110 3084 4165 Sed
3131 4111 3263 4180 quid
3292 4119 3378 4166 est
3415 4110 3540 4175 iste,

1954 4200 2154 4271 inquis.
2184 4199 2290 4255 Sed
2317 4199 2445 4270 quid
2474 4209 2580 4268 est,
2603 4201 2747 4271 quod
2776 4200 2828 4256 in
2863 4209 2942 4256 tot
2963 4200 3176 4272 injuriis
3212 4216 3318 4256 non
3347 4199 3538 4256 irasci,

1955 4301 2040 4348 tur
2069 4302 2127 4350 ut
2149 4294 2336 4359 homo,
2367 4309 2474 4350 non
2523 4304 2772 4352 movetur
2801 4305 2859 4351 ut
2889 4295 3072 4360 homo,
3107 4311 3214 4351 non
3259 4295 3374 4351 suis
3404 4292 3542 4349 indi-

1953 4395 2149 4456 gnatnr
2204 4385 2500 4442 tortoribus
2551 4395 2610 4442 ut
2663 4388 2866 4442 homo?
2921 4388 3059 4459 Erga
3098 4387 3218 4458 plus
3250 4398 3333 4444 est
3378 4403 3542 4458 quam

255 4465 432 4519 ubera
465 4464 546 4522 lac
574 4468 840 4538 exprime,
881 4484 989 4538 quo
1019 4473 1298 4530 nutriaris.
1354 4475 1498 4531 Inter
1526 4477 1640 4530 haec
1664 4519 1680 4544 ,
1725 4489 1927 4548 eumn
1956 4477 2136 4532 homo.
2168 4476 2276 4533 Sed
2305 4477 2430 4548 quis
2475 4479 2753 4548 cognoscit
2787 4479 2972 4532 illum?
2997 4478 3356 4549 Cognoscitur
3393 4487 3544 4535 certe

259 4557 612 4615 sanctissima
669 4560 756 4616 illa
820 4564 1070 4617 oratione
1124 4567 1418 4637 discipulos
1468 4570 1852 4628 commendans

257 4645 410 4700 Patri
442 4647 644 4705 dixerit
671 4665 686 4704 :
723 4648 904 4716 Pater,
935 4671 1081 4708 serva
1109 4672 1194 4710 eos
1225 4658 1278 4712 in
1323 4659 1527 4712 nomine
1553 4670 1642 4713 tuo
1665 4659 1846 4731 (Joan.

245 4753 406 4801 -xvtl,
437 4740 524 4810 ll)
546 4781 559 4804 ,
592 4742 791 4798 inclina
816 4756 978 4813 caput
1009 4755 1192 4812 tuum,
1226 4758 1285 4802 ut
1321 4751 1587 4806 merearis
1611 4751 1800 4806 audire
1832 4769 1845 4805 :

274 4828 404 4882 Volo
423 4839 480 4887 ut
503 4831 590 4885 ubi
620 4848 712 4902 ego
727 4851 863 4899 sum,
885 4845 931 4888 et
962 4835 1039 4889 illi
1065 4837 1165 4890 sint
1193 4855 1391 4893 mecum
1420 4839 1593 4908 (ibid.,
1621 4841 1734 4909 24).

344 4919 550 4975 Bonum
573 4931 658 4976 est
693 4923 787 4978 tibi
817 4925 905 4979 hic
926 4940 1077 4993 esse,
1104 4929 1198 4984 sed
1225 4931 1529 4988 exenmlum
1556 4939 1659 4984 est.
1699 4931 1848 4987 Prae-

260 5013 422 5067 cedet
451 5014 566 5084 ipse
594 5017 661 5071 ad
706 5029 947 5080 montem
980 5020 1174 5077 Oliseti
1196 5063 1210 5085 ,
1246 5033 1298 5077 tu
1331 5037 1454 5076 cum
1487 5037 1737 5092 sequere.
1783 5024 1851 5089 Et

249 5107 395 5165 cluet
438 5119 714 5180 assumpto
770 5111 934 5169 Petro
985 5125 1042 5170 et
1088 5118 1296 5172 duobus
1347 5117 1471 5172 [iliis
1506 5116 1748 5173 Zebedzei
1779 5119 1848 5174 ad

245 5207 475 5254 secreta
503 5203 822 5269 secesserit,
855 5203 939 5260 vel
983 5221 1013 5258 a
1054 5205 1210 5275 longe
1255 5207 1466 5263 intuere
1493 5207 1764 5277 quomodo
1793 5207 1847 5267 in

243 5304 323 5346 .Se
349 5301 590 5348 nostram
623 5295 964 5351 transtulerit
985 5299 1383 5356 necessitatem.
1415 5299 1548 5354 Vide
1576 5299 1847 5370 quomodo

264 5380 356 5435 ille
409 5381 564 5452 cujus
609 5393 736 5439 sunt
773 5387 996 5451 omnia,
1056 5403 1252 5457 pavere
1310 5390 1473 5460 cmpit
1513 5401 1568 5446 et
1625 5393 1842 5448 taedere.

267 5470 454 5528 Tristis
478 5485 570 5538 est,
589 5476 857 5544 inquiens,
879 5478 1057 5532 anima
1079 5496 1190 5532 nitu:
1217 5479 1430 5551 (Matth.
1447 5482 1839 5555 xxvr,38),etc.

270 5564 424 5620 Unde
449 5567 573 5633 bac,
597 5566 737 5622 Deus
759 5570 956 5639 meus?
972 5570 1047 5625 lta
1072 5572 1398 5641 compateris
1427 5573 1560 5631 mibi
1581 5575 1845 5639 exhibens

239 5656 566 5723 .buminem,
607 5669 668 5713 ut
717 5662 1114 5730 quodammodo
1152 5663 1388 5720 videaris
1440 5665 1650 5721 nescire
1704 5669 1845 5736 quo-.l

241 5743 419 5816 usus
447 5761 525 5804 es.
559 5747 870 5813 Prostratus
911 5752 962 5807 in
1005 5751 1196 5808 faciem
1248 5769 1412 5817 oras,
1451 5765 1497 5807 et
1554 5755 1726 5824 factus
1771 5765 1844 5813 est
1906 5830 1909 5833 ι

1957 4569 2118 4624 Ιιοιιιο
2155 4568 2444 4640 impiorum
2500 4578 2658 4626 terra:
2707 4569 2914 4638 judicia
2956 4570 3253 4636 sustinens,
3303 4571 3396 4626 sed
3454 4585 3542 4625 co-

1954 4667 2245 4728 gnoscetur
2271 4659 2424 4717 Deus,
2441 4660 2641 4732 judicia
2667 4660 2894 4722 faciens.
2923 4661 3058 4716 Sero
3089 4661 3541 4721 animadvertiSti.

1953 4749 2174 4804 Zabnle.
2218 4749 2354 4819 Quid
2390 4752 2482 4806 tibi
2515 4768 2613 4823 per
2641 4752 2924 4809 mulierem
2956 4769 3121 4823 agere
3150 4754 3322 4808 visum
3355 4761 3456 4817 est,
3485 4761 3544 4806 ut

1934 4840 2302 4907 dimittatur?
2340 4841 2517 4908 Tarde
2563 4843 2776 4905 locutus
2825 4859 2904 4899 es.
2940 4843 3105 4905 Sedet
3153 4859 3250 4912 pro
3287 4841 3540 4896 tribunali

1946 4930 2134 5000 judex,
2168 4931 2376 5002 prolata
2427 4941 2510 4987 est
2539 4935 2831 4989 sententia.
2861 4931 2979 4988 Jam
3009 4932 3283 5003 propriam
3317 4940 3540 5001 portans

1951 5033 2170 5080 crucem
2201 5021 2418 5079 ducitur
2442 5023 2510 5078 ad
2545 5031 2797 5078 mortem.
2842 5022 2887 5078 0
2918 5023 3322 5093 spectaculum!
3353 5020 3538 5078 Vides-

1926 5111 2057 5172 ,ne?
2091 5111 2228 5172 Ecce
2264 5114 2588 5184 principatus
2636 5114 2749 5186 ejus
2777 5130 2933 5184 super
2957 5115 3230 5172 humerum
3255 5113 3370 5184 ejus
3399 5111 3536 5184 (lsa.

1953 5219 2028 5267 ix,
2062 5203 2137 5274 6).
2187 5203 2314 5267 Haec
2345 5215 2430 5265 est
2477 5206 2630 5276 virga
2687 5203 2982 5275 aequitatis,
3035 5204 3195 5275 virga.
3236 5203 3386 5274 regni
3429 5203 3536 5263 sui.

1951 5296 2122 5352 Datur
2149 5297 2200 5352 ei
2231 5299 2414 5352 vinum
2446 5296 2570 5352 felle
2593 5297 3068 5365 mistum,exuitur
3093 5297 3453 5362 vestimentis,
3480 5303 3551 5351 et-

1949 5387 2092 5447 inter
2123 5388 2322 5442 milites
2353 5387 2690 5450 dividuntur,
2736 5385 2943 5450 Tunica
2980 5403 3086 5447 non
3128 5386 3412 5452 scinditur,
3440 5386 3535 5446 sed

1948 5487 2095 5535 sorte
2125 5478 2320 5533 transit
2359 5477 2423 5534 ad
2453 5493 2642 5532 unum.
2690 5477 2884 5537 Dulces
2917 5493 3112 5536 manus
3137 5477 3252 5548 ejus
3278 5487 3333 5533 et
3371 5477 3537 5550 pedes

1949 5571 2119 5626 clavis
2152 5568 2518 5639 perforantur,
2559 5579 2614 5625 et
2647 5579 2905 5627 extensus
2929 5571 2983 5627 in
3008 5588 3170 5629 cruce
3211 5573 3350 5628 inter
3372 5571 3533 5629 latro-

1948 5679 2046 5723 nes
2085 5661 2452 5734 suspenditur.
2487 5661 2753 5718 Mediator
2804 5662 2897 5718 Dei
2939 5673 2995 5720 et
3040 5665 3342 5731 hominum,
3390 5665 3533 5722 inter

1949 5755 2148 5814 cmlum
2175 5762 2228 5810 et
2255 5764 2454 5810 terram
2488 5753 2694 5810 medius
2740 5757 2995 5823 pendens,
3021 5756 3124 5812 ima
3156 5756 3364 5824 superis
3393 5757 3545 5833 nuit.
