4060 6292
529 304 622 404 7m

849 347 911 404 8.
952 347 1249 402 ANSELlll
1289 348 1642 406 CAN'l‘UAR.
1680 335 1998 404 ARClllE'P.
2030 345 2182 402 ΟΡΡ.
2225 344 2405 400 PARS
2443 345 2506 398 ll.
2552 376 2617 384 —
2656 343 3026 400 PARE’NET.
3069 345 3158 402 ΕΤ
3185 345 3427 405 ASCliT.

3702 352 3805 407 79%

531 460 840 515 emlcstilais
877 469 1088 514 terrena
1117 461 1412 530 conjungit.
1462 444 1657 532 Stupet
1702 460 1923 526 cmlum,
1968 469 2109 515 terra
2140 467 2186 524 Α
2215 460 2406 530 Spiritu
2438 473 2661 515 cernere
2695 462 2954 518 merearis
2977 478 3119 516 nunc
3150 478 3312 531 super
3335 463 3564 532 lapidem
3594 467 3805 522 revolu-

531 553 828 608 miseratur
851 551 941 605 ⁷⁸³.
991 551 1127 617 QniJ
1162 553 1262 605 tu?
1297 551 1414 606 Non
1451 556 1644 608 tnirtnn
1691 554 1774 618 si,
1820 552 1933 608 sole
1980 554 2118 607 con-4

530 644 769 708 tristato,
803 653 857 697 ιιι
889 643 1268 708 contristaris;
1307 643 1350 698 si
1374 645 1524 699 terra
1551 646 2027 709 contremiscente,
2062 653 2121 697 tu?

530 735 906 790 contremiscis
942 753 954 787 :
998 736 1042 789 si
1078 737 1263 791 scissis
1297 737 1464 801 saxis,
1494 753 1590 792 cor
1621 745 1769 791 tuum
1811 735 2121 801 scinditur;

445 879 455 887 ,
530 826 575 877 si
626 823 878 880 ﬂentibus
921 827 1076 896 juxta
1133 842 1350 882 crucem
1399 827 1762 892 mulieribus,"
1795 836 1847 881 tu
1901 826 2119 881 concla-

531 917 718 972 maris.
777 917 904 973 lude
955 919 1007 973 in
1068 915 1320 973 omnilnis
1371 919 1775 988 iis;eonsidera
1827 919 1956 974 illud
2005 917 2120 973 dul-

531 1008 812 1063 cfssimum
853 1020 1041 1080 pectus
1091 1026 1250 1080 quam
1309 1010 1752 1080 tranquillitatem
1823 1008 2121 1064 servaverit

530 1100 769 1170 pietatis.
817 1100 930 1157 Non
962 1118 1114 1157 suam
1150 1102 1382 1156 attendit
1417 1102 1672 1172 iujuriam
1703 1143 1717 1166 ,
1766 1116 1870 1154 non
1907 1114 2119 1170 poenam

533 1201 770 1261 reputat,
821 1209 925 1246 non
965 1194 1133 1248 sentit
1167 1193 1546 1248 contumelias.
1585 1193 1688 1245 Sed
1723 1191 1853 1261 ipsis
1884 1191 2061 1258 potius
2089 1206 2120 1242 a

535 1283 732 1350 quibus
763 1285 987 1352 patitur,
1016 1284 1104 1338 ille
1126 1284 1482 1352 compatitur;
1516 1299 1544 1334 a
1572 1282 1766 1352 quibus
1790 1280 2033 1335 vulnerat
2071 1294 2120 1344 ι’,

534 1375 626 1430 ille
653 1377 926 1443 medetur;
959 1377 1046 1432 ille
1075 1377 1238 1431 vitam
1268 1385 1588 1445 procurat,a
1621 1375 1816 1442 quibus
1837 1373 2120 1428 occiditur.

536 1465 673 1520 Cum
713 1482 817 1536 qua
850 1467 1046 1521 mentis
1093 1465 1396 1529 dulcedine,
1429 1479 1549 1517 cum
1597 1478 1704 1532 qua
1753 1462 1982 1531 spiritus
2033 1460 2124 1516 d3-

537 1559 917 1624 votione,ctuu
945 1573 1050 1627 qua
1079 1557 1366 1611 charitatis
1386 1546 1720 1624 plenitudine
1734 1555 1936 1610 clamat
1963 1568 1978 1607 :
2016 1553 2125 1606 Pn-

539 1659 638 1715 ter,
669 1651 876 1718 ignosce
903 1647 1048 1702 illis?
1072 1646 1222 1717 (Luc.
1249 1631 1542 1718 xxttt.,54.)
1572 1647 1710 1700 Ecce
1731 1661 1852 1716 ego,
1878 1645 2123 1709 Domine,

540 1747 645 1789 tua:
700 1737 996 1806 majestatis
1048 1737 1334 1802 adorator,
1394 1751 1499 1790 non
1553 1737 1624 1790 tui
1667 1737 1909 1806 corporis
1959 1735 2126 1790 liter-

2219 559 2327 604 tum
2352 551 2420 605 ab
2445 553 2587 606 ostio
2609 554 2942 607 monumenti
2977 553 3229 622 angelum
3260 555 3801 628 residentemﬂlarc.

2217 656 2332 706 xvr,
2365 642 2509 710 55);
2544 658 2688 697 nunc
2728 643 2867 696 intra
2899 653 3304 698 monumentum
3336 660 3499 698 unum
3528 647 3594 699 ad
3622 645 3808 718 caput,

2224 748 2392 788 unum
2425 736 2492 790 ad
2530 736 2692 804 pedes
2724 736 3143 791 resurrectionis
3177 736 3404 806 gloriam
3447 739 3810 807 praedicantes

2220 821 2405 892 (Joan.
2425 839 2515 890 xx,
2549 824 2660 894 19.);
2684 826 3018 894 nuncipsnm
3050 827 3326 882 Christum
3346 826 3568 883 Mariam
3591 829 3809 884 ﬂentem

2218 929 2273 972 et
2316 917 2522 972 tristem
2578 929 2684 974 tam
2721 919 2863 974 dulei
2905 920 3232 976 reficientem
3275 921 3455 986 oculo,
3509 933 3617 976 tam
3657 925 3811 977 suavi

2219 1021 2351 1067 voce
2380 1012 2646 1067 dicentem
2692 1031 2704 1064 :
2765 1012 2941 1066 Maria
2980 1013 3159 1083 (tbid.,
3189 1014 3300 1083 l6).
3346 1013 3696 1084 Rumpuntur
3749 1018 3812 1070 ad

2221 1106 2364 1161 bane
2405 1121 2593 1160 vocem
2626 1122 2815 1160 omnes
2847 1107 3038 1176 capitis
3081 1117 3392 1176 cataractae,
3424 1109 3490 1162 ab
3536 1109 3671 1177 ipsis
3703 1126 3814 1162 mc-

2221 1199 2380 1253 dullis
2410 1199 2702 1253 eliciuntur
2744 1199 3020 1269 lacrytute,
3052 1200 3320 1270 singultus
3361 1209 3415 1255 et
3461 1181 3702 1271 suspiria
3753 1204 3815 1257 ab

2224 1289 2348 1346 imis
2393 1291 2681 1343 tralnmtur
2730 1291 3051 1345 visceribus.
3099 1291 3297 1346 Maria.
3334 1293 3378 1348 Ο
3425 1293 3580 1349 beata
3611 1335 3628 1358 ,
3682 1296 3814 1365 quid

2225 1380 2323 1436 tibi
2355 1380 2552 1434 mentis
2579 1381 2698 1446 fuit,
2727 1381 3078 1449 quidauimi,
3107 1398 3232 1437 cum
3271 1385 3338 1437 ad
3367 1386 3508 1439 hanc
3532 1400 3730 1440 vocem
3767 1395 3816 1441 te

2224 1482 2594 1542 prosternens,
2628 1482 2682 1526 et
2723 1472 2954 1528 reddens
2981 1473 3152 1527 vicem
3203 1473 3484 1540 salutanti,
3521 1475 3814 1541 clamat-rs,

2227 1561 2501 1615 Rabbom‘?
2531 1562 2705 1633 (ibid)
2750 1561 2888 1629 Quo,
2935 1579 3086 1634 rogo,
3123 1564 3340 1627 all'ectn,
3385 1581 3492 1635 quo
3520 1569 3812 1631 desiderio,

2228 1655 2531 1723 mentisque
2555 1656 2748 1708 ardore
2766 1653 3034 1719 clamasti,
3070 1654 3345 1708 Rabboni?
3365 1655 3517 1711 Nune
3546 1658 3705 1725 plura
3739 1659 3816 1711 di-

2229 1760 2353 1801 cere
2392 1745 2647 1815 lacrynne
2695 1745 2982 1815 prohibent
3009 1785 3025 1810 ,
3068 1761 3191 1799 cum
3225 1760 3411 1800 vocem
3460 1747 3706 1802 excludit
3745 1748 3820 1801 alo

538 1827 743 1896 fector;
789 1839 891 1882 tum
929 1829 1119 1883 mortis
1176 1838 1492 1895 veneralor,
1543 1845 1649 1883 ηυη
1703 1836 1804 1883 illa?
1858 1828 2123 1898 Ρειδείοηίε
2152 1819 2200 1880 Β
2228 1836 2421 1901 fectus,
2448 1851 2745 1906 ontncsque
2779 1837 2976 1891 anitum
3017 1839 3371 1907 corporisque
3399 1853 3590 1893 sensus
3617 1840 3820 1894 nimius

539 1919 782 1986 derisor;
827 1929 929 1974 tua:
973 1921 1360 1976 misericordiae
1389 1920 1802 1989 contemplator,
1838 1937 1942 1976 non
1973 1919 2125 1974 infir-

539 2013 746 2067 mitatis
782 2023 1140 2083 contemptor.
1187 2013 1495 2083 luterpellet
1537 2014 1718 2083 itaque
1766 2030 1864 2084 pro
1913 2030 1998 2068 me
2035 2022 2125 2068 tua

545 2104 721 2158 dulcis
749 2105 1078 2170 humanitas,
1105 2106 1443 2161 commendet
1468 2121 1552 2160 me
1578 2105 1724 2159 Patri
1762 2115 1850 2159 tuo
1873 2114 1960 2159 tua
1988 2105 2124 2159 incf-

541 2195 723 2249 labilis
765 2196 958 2264 pictas.
1015 2195 1106 2252 Dic
1153 2196 1338 2268 igitur,
1381 2197 1553 2254 dulcis
1604 2198 1826 2254 Domine
1881 2216 1892 2250 :
1944 2197 2123 2262 Pater,

542 2287 750 2354 iynoxce
773 2286 871 2343 illi.

618 2376 688 2431 At
717 2385 794 2440 tu,
830 2377 1001 2448 virgo,
1032 2380 1116 2435 cui
1159 2379 1333 2448 major
1363 2391 1446 2438 est
1493 2384 1633 2453 apud
1673 2382 1908 2454 Virginis
1932 2384 2125 2444 Filium

545 2467 870 2522 confidentia
904 2485 1065 2538 quam
1099 2470 1416 2528 mulieribus
1463 2489 1582 2543 qua:
1610 2473 1765 2544 longe
1807 2481 1970 2542 stant,
2004 2488 2127 2530 cum

546 2567 719 2611 matre
734 2557 953 2631 Virgine
978 2571 1030 2616 et
1061 2563 1322 2633 discipulo
1345 2565 1551 2636 virgine
1580 2567 1776 2621 accede
1799 2566 1864 2620 ad
1887 2581 2127 2630 crucem,

547 2659 601 2702 et
629 2650 904 2720 perfusum
941 2653 1144 2723 pallore
1182 2655 1387 2709 vultum
1436 2656 1686 2711 cominus
1729 2658 1958 2712 intuere.
1992 2655 2130 2723 Quid

544 2742 714 2812 ergo?
741 2743 819 2797 Tu
848 2745 962 2801 sine
994 2746 1268 2817 lacrymis,
1305 2748 1700 2814 amantissima,
1745 2748 1984 2804 Dominae
2029 2759 2133 2804 tua:

534 2833 819 2906 'lacrymas
848 2838 1089 2892 videbis?
1117 2838 1196 2893 Tu
1244 2840 1404 2895 siccis
1436 2857 1622 2896 inanes
1672 2841 1845 2897 oculis
1868 2883 1884 2908 ,
1936 2851 1992 2897 et
2017 2841 2133 2909 ejus

547 2927 786 2981 animam
818 2930 1110 2997 pertransit
1141 2931 1352 3001 gladius
1379 2933 1614 2988 doloris?
1646 2933 1796 3005 (Luc.
1825 2951 1884 3001 ll,
1909 2934 2022 3004 55.)
2052 2935 2132 2988 'l‘u

550 3018 670 3070 sine
703 3019 937 3088 singultu
985 3022 1172 3076 audies
1219 3022 1486 3078 dicentem
1516 3025 1671 3082 Matri
1705 3041 1718 3079 :
1753 3024 1947 3093 Mulier
1973 3067 1988 3092 ,
2019 3043 2134 3080 ecce

550 3105 695 3175 [ilius
723 3118 877 3171 tuus;
904 3119 959 3164 et
999 3109 1190 3165 Joanni
1219 3130 1230 3164 :
1261 3109 1393 3166 Ecce
1436 3124 1602 3168 mater
1628 3115 1758 3168 tua?
1792 3099 1991 3186 (Joan.
2018 3131 2133 3181 xu,

539 3197 642 3262 ‘26,
681 3199 792 3269 27.)
820 3199 1083 3256 Similiter
1127 3204 1249 3258 cum
1289 3205 1549 3275 discipulo
1575 3206 1800 3261 Matrem
1826 3208 2133 3262 committe-

551 3301 666 3357 ret,
699 3291 892 3346 latroni
923 3294 1232 3364 paradisum
1276 3298 1652 3368 promitteret,
1709 3307 1834 3354 tunc
1885 3315 2024 3354 unus
2067 3313 2134 3354 ex

551 3381 812 3437 militibus
861 3383 1044 3441 lancea
1084 3385 1232 3457 latus
1282 3389 1398 3456 ejus
1455 3388 1749 3458 perforavit
1795 3389 1968 3456 (ibid.,
2019 3390 2132 3461 54).

553 3471 794 3539 Festina,
829 3492 896 3530 ne
949 3479 1270 3544 tardaveris,
1304 3482 1528 3535 comede
1578 3482 1758 3534 favum
1813 3491 1961 3535 tuum
2011 3495 2134 3536 cum

555 3567 717 3620 melle
751 3577 842 3622 tuo
890 3571 1065 3639 (Cant.
1091 3587 1143 3637 ν,
1177 3571 1250 3641 1).
1278 3571 1407 3626 Bibe
1435 3574 1621 3626 vinum
1656 3585 1802 3626 tuum
1835 3590 1958 3627 eum
1998 3574 2137 3628 lacte

563 3667 652 3710 tuo
686 3660 880 3730 (ibid).
921 3661 1156 3732 Sanguis
1196 3663 1293 3717 tibi
1341 3664 1393 3716 in
1446 3665 1625 3718 vinum
1673 3665 2030 3730 convertitur,
2079 3675 2138 3720 ut

533 3749 865 3809 iinebricris.
899 3752 953 3806 lu
996 3753 1080 3808 lac
1109 3770 1247 3824 aqua
1278 3763 1542 3827 mutatur,
1571 3765 1629 3809 ut
1655 3757 1938 3814 nutriaris.
1975 3757 2136 3812 Facta

545 3850 684 3897 .snnt
710 3836 801 3896 tibi
831 3843 882 3898 in
915 3853 1065 3913 petra
1098 3844 1342 3914 flumina,
1375 3847 1428 3900 iu
1466 3846 1722 3903 membris
1754 3847 1868 3916 ejus
1894 3849 2134 3917 vulnera,

555 3941 611 3999 et
640 3935 692 3988 in
717 3937 960 4005 corporis
984 3937 1099 4009 ejus
1127 3939 1644 4003 mareria,caverna.
1665 3941 1722 3995 ln
1745 3942 1940 4012 quibus
1969 3943 2140 3998 instar

557 4025 820 4081 columba:
847 4027 1064 4084 latitans
1093 4040 1148 4084 et
1176 4029 1492 4085 deosculans
1521 4031 1753 4102 singula,
1782 4048 1846 4086 ex
1881 4036 2139 4105 sattgu'ne

557 4116 673 4185 ejus
704 4117 835 4171 fiant
880 4118 1012 4191 sicut
1064 4120 1185 4174 ritla
1209 4120 1419 4196 coccina
1460 4121 1602 4178 labia
1651 4111 1764 4187 tua,
1803 4132 1849 4175 cl
1880 4122 2138 4193 eloquium

557 4217 705 4258 tuum
750 4206 903 4260 dulce
928 4207 1104 4279 (Cant.
1131 4224 1203 4275 tv,
1226 4210 1306 4281 5).

631 4298 738 4352 Sed
780 4299 957 4353 adhuc
987 4311 1242 4371 exspecta
1269 4344 1283 4365 ,
1333 4303 1506 4358 donec
1545 4305 1738 4360 nubilis
1770 4305 1874 4374 ille
1921 4306 2140 4361 decurio

557 4391 783 4446 veniens
823 4394 1080 4447 extractis
1113 4393 1281 4449 clavis
1309 4410 1502 4448 manus
1540 4397 1812 4466 pedesque
1857 4397 2136 4452 dissolvat.

2227 1941 2378 1980 amor
2400 1926 2706 1982 absorbent.
2741 1925 2915 1988 Sed,o
2940 1926 3112 1997 dulcis
3145 1926 3296 1991 Jesu,
3323 1944 3423 1982 cur
3443 1944 3473 1981 a
3498 1930 3738 1984 sacratis
3760 1945 3821 1985 ac

2226 2015 2704 2070 desideratissimis
2753 2015 2978 2084 pedibus
3027 2017 3132 2070 tuis
3178 2017 3257 2074 sic
3300 2033 3455 2071 arces
3495 2020 3821 2073 amantem?

2230 2105 2383 2170 Noli,
2429 2106 2609 2176 inquis
2635 2147 2650 2172 ,
2682 2122 2766 2161 me
2801 2118 3014 2178 tangere
3061 2108 3236 2178 (ibid.,
3269 2109 3376 2180 Π).
3429 2108 3497 2163 Ut
3531 2111 3684 2178 quid,
3723 2111 3822 2162 Ι)οη

2230 2197 2410 2252 mine?
2433 2197 2612 2264 Quare
2635 2213 2740 2253 non
2774 2211 2987 2268 tangam
3021 2199 3111 2254 illa
3137 2201 3440 2255 desiderata
3480 2202 3708 2272 vestigia
3737 2212 3820 2256 tua

2229 2305 2326 2360 pro
2357 2307 2442 2345 me
2473 2290 2745 2360 perforata
2781 2291 2970 2355 clavis,
3010 2290 3225 2362 perfusa
3253 2294 3538 2364 sanguine,
3571 2309 3681 2348 non
3709 2303 3823 2348 tan-

2229 2397 2371 2458 gam,
2403 2398 2501 2437 nec
2535 2382 2926 2438 deosculabor?
2961 2383 3040 2436 An
3092 2383 3408 2438 iuimicitior
3455 2384 3636 2446 solito,
3673 2386 3815 2455 quia

2229 2471 2554 2542 gloriosior?
2581 2471 2718 2527 Ecce
2748 2486 2851 2525 non
2879 2472 3144 2526 dimittam
3179 2481 3248 2538 te,
3275 2488 3374 2526 nec
3412 2474 3663 2537 recedam
3691 2490 3726 2541 ξι
3752 2483 3818 2541 te,

2230 2576 2336 2616 non
2373 2577 2594 2632 parcam
2648 2561 2922 2633 lacrymis,
2954 2573 3143 2630 pectus
3176 2563 3502 2632 singultibus
3549 2565 3823 2634 suspiriis-

2231 2667 2336 2723 que
2393 2661 2691 2721 rumpetur,
2725 2652 2827 2706 nisi
2869 2659 3108 2721 tangant.
3144 2651 3214 2706 Et
3267 2653 3356 2706 ille
3411 2653 3638 2722 inquit:
3695 2651 3824 2706 Noli

2232 2747 2432 2806 timere.
2462 2744 2576 2801 Non
2608 2744 2882 2799 auferetur
2919 2744 3011 2798 tibi
3058 2745 3157 2799 hoc
3191 2745 3415 2808 bonum,
3462 2746 3506 2798 si
3540 2743 3820 2809 differtur;

2235 2837 2368 2891 vade
2418 2845 2619 2900 tamen,
2649 2845 2708 2890 et
2738 2835 2927 2888 nuntia
2957 2833 3218 2889 fratribus
3263 2837 3399 2889 tncis
3428 2836 3552 2904 quia
3602 2839 3823 2894 surrexi

2235 2927 2430 3000 (ΜΛ).
2477 2926 2733 2980 Cucurrit
2757 2925 2890 2990 cito,
2917 2926 3028 2979 cito
3057 2925 3241 2980 volens
3274 2925 3471 2979 redire.
3505 2926 3696 2992 ltedit;
3732 2928 3827 2981 sed

2235 3037 2358 3075 cum
2390 3018 2511 3073 aliis
2541 3018 2881 3081 mulieribus,
2929 3017 3128 3087 quibus
3165 3018 3280 3087 ipse
3314 3016 3478 3075 Jesus
3529 3033 3827 3073 occurrens

2238 3110 2431 3164 blanda
2461 3107 3054 3176 salutationedejectas
3078 3108 3262 3178 erigit.
3297 3109 3480 3163 tristes
3509 3109 3827 3164 consolatur

2237 3200 2450 3273 (Matth.
2485 3217 2675 3265 xxvnt,
2700 3200 2776 3271 9).
2799 3199 3030 3255 Adverte
3049 3218 3062 3254 :
3083 3210 3212 3256 tunc
3234 3211 3317 3256 est
3336 3200 3522 3261 datum
3546 3203 3692 3272 quod
3724 3201 3827 3256 fuit

2236 3302 2363 3347 ante
2399 3292 2646 3346 dilatum.
2690 3291 3026 3346 Accesserant
3058 3292 3203 3347 enim
3231 3333 3244 3356 ,
3279 3302 3328 3346 et
3354 3304 3633 3347 tenuerunt
3669 3295 3828 3363 pedes

2235 3384 2349 3453 ejus
2369 3383 2542 3452 (ibid.)
2567 3382 2665 3438 llic
2690 3381 2926 3452 quandiu
2951 3389 3124 3453 potes,
3141 3382 3561 3451 virgo,morare.
3579 3379 3696 3436 Non
3726 3383 3823 3436 bas

2239 3475 2464 3531 delicias
2495 3484 2618 3530 tuus
2648 3490 2872 3530 somnus
2903 3473 3231 3546 interpellet,
3259 3474 3440 3544 nullus
3477 3474 3718 3542 exterior
3743 3484 3824 3530 ιιιο

2240 3565 2440 3620 multus
2487 3566 2766 3635 impediat.
2824 3565 3024 3622 Verum
3060 3567 3186 3637 quia
3227 3567 3281 3622 in
3333 3567 3436 3622 hac
3462 3568 3572 3622 vita
3624 3568 3825 3623 misera

2241 3656 2374 3712 nillil
2405 3657 2616 3724 stabile,
2647 3657 2778 3710 nihil
2801 3667 3064 3711 :eteruum
3097 3667 3212 3726 est;
3243 3673 3344 3713 nec
3365 3673 3602 3728 unquam
3634 3657 3823 3712 eodem

2240 3761 2383 3804 statu
2429 3764 2707 3819 permanet
2735 3751 2920 3814 homo,
2955 3764 3175 3804 necesse
3203 3759 3291 3805 est
3316 3759 3378 3827 ut
3395 3749 3580 3804 anima
3609 3761 3821 3814 nostra,

2241 3845 2366 3898 dum
2418 3844 2670 3908 vivimus,
2715 3844 2947 3914 quadam
2987 3845 3252 3902 varietate
3297 3854 3574 3914 pascatur.
3617 3844 3820 3900 Unde:

2240 3936 2640 4005 praeteritorum
2687 3936 3084 4001 recordatione,
3136 3936 3204 3990 ad
3243 3935 3633 4005 experientiam
3688 3951 3823 4011 pne-

2241 4029 2476 4083 seutium
2516 4037 2875 4092 transeamus,
2911 4036 2970 4082 ut
2997 4043 3063 4080 ex
3107 4027 3193 4081 bis
3227 4040 3462 4097 quoque,
3500 4037 3759 4098 quantum
3791 4043 3820 4079 a

2241 4121 2396 4175 nobis
2421 4119 2724 4190 diligendus
2754 4119 2827 4174 sit
2855 4119 3029 4176 Deus.
3060 4118 3445 4182 intelligamus.

2747 4230 3119 4287 MEDlTATlO
3163 4230 3298 4296 XVI,

2244 4323 2363 4380 Sire‘
2405 4324 2751 4386 meditationis
2795 4322 2991 4392 quinta:
3051 4321 3423 4392 decimreipafs
3470 4321 3717 4374 secunda.
3751 4349 3819 4358 —

2596 4393 2675 4446 De
2695 4390 3037 4466 prwsentibus
3065 4391 3322 4459 beneﬁciis
3349 4390 3467 4445 Dei.

559 4480 695 4536 Vide
718 4484 992 4551 quomodo,
1009 4484 1334 4541 felicissimis
1362 4487 1599 4542 bracl.iis
1633 4503 1830 4559 corpus
1855 4489 2131 4560 amplecti.

2312 4486 2471 4572 233
2511 4484 2627 4540 Non
2658 4499 2884 4560 parvum
2914 4483 3126 4558 testimo
3151 4480 3499 4546 beneficium,
3538 4496 3652 4552 quo
3684 4481 3822 4535 Deus

558 4580 671 4638 tur,
705 4587 768 4625 ac
814 4588 912 4627 suo
964 4575 1216 4645 astringit
1254 4578 1480 4646 pectori.
1511 4579 1663 4633 Tunc
1713 4581 1888 4650 potuit
1925 4581 2006 4634 vir
2051 4581 2139 4636 ile

559 4665 938 4721 sanctissimus
988 4668 1168 4722 dicere
1217 4682 1236 4722 ι
1282 4666 1595 4724 Fasciculus
1642 4674 1868 4742 myrrlut'
1921 4674 2138 4728 dilectas

556 4773 704 4812 meus
736 4757 912 4827 (Cant.
959 4773 1001 4824 ι,
1030 4759 1151 4829 12),
1195 4769 1298 4815 etc.
1334 4761 1573 4830 Sequere
1605 4771 1659 4816 ιιι
1690 4764 2136 4834 pretios?Ssiinum

562 4849 686 4905 εαξη
743 4860 1006 4919 terrteque
1050 4851 1362 4906 thesaurum
1393 4895 1407 4918 ,
1460 4862 1514 4907 et
1545 4855 1625 4925 vel
1657 4865 1810 4924 porta
1842 4857 2026 4924 peles,
2057 4855 2140 4908 vel

562 4957 757 4998 manus
805 4941 1136 5013 brachiaque
1182 4953 1456 5010 sustenta,
1511 4947 1592 5001 vel
1649 4956 1797 5001 certe
1847 4947 2140 5019 detinentes

561 5035 874 5088 minutatim
924 5037 1309 5106 pretiosissimi
1343 5040 1625 5108 sanguinis
1651 5049 1830 5110 guttas
1876 5043 2141 5098 curiosius

560 5127 772 5197 collige,
799 5136 853 5180 et
901 5127 1175 5200 pulverem
1213 5137 1409 5197 pedum
1447 5129 1564 5198 ejus
1598 5130 1761 5201 linge.
1805 5133 1978 5188 Cerne
2008 5149 2145 5202 pne-

561 5216 709 5273 tcrca
743 5236 905 5288 quam
959 5217 1208 5287 dulciter,
1257 5236 1418 5290 quam
1471 5223 1756 5292 diligenter
1799 5223 2142 5278 beatissimus

560 5310 892 5367 Nicodemus
919 5308 1266 5365 sanctissima
1295 5314 1411 5379 ejus
1444 5315 1683 5368 membra
1721 5321 1916 5366 tractat
1941 5314 2139 5382 digitis,

561 5402 705 5459 fovet
733 5406 1039 5477 unguentis,
1061 5415 1114 5462 et
1143 5419 1264 5460 cum
1289 5405 1347 5459 S.
1377 5402 1574 5474 Joseplt
1599 5405 1892 5459 involutum
1919 5405 2144 5458 sindone

564 5499 794 5552 collocat
819 5495 872 5552 in
907 5497 1154 5568 sepulcro
1182 5495 1334 5570 (Luc.
1379 5513 1490 5562 xix,
1516 5497 1728 5567 5842).

635 5587 750 5645 Noli
790 5601 1050 5662 praeterea
1088 5590 1271 5646 Maria:
1295 5591 1618 5661 Magdalenae
1641 5592 1889 5645 deserere
1923 5589 2145 5644 comita-

567 5693 699 5748 tum,
734 5684 824 5737 sed
853 5685 1058 5752 paratis
1080 5683 1414 5736 aromatibus
1433 5697 1555 5736 cum
1586 5697 1648 5736 ea
1688 5681 2027 5736 Dominicum
2063 5695 2146 5736 θεν

567 5775 810 5835 Bttlt't'utn
833 5776 1065 5832 visitare
1099 5786 1389 5830 memento.
1427 5774 1468 5828 Ο
1499 5774 1636 5830 sicut
1665 5774 1750 5829 illa
1784 5776 1972 5831 oculis.
2006 5784 2058 5826 tu
2091 5775 2141 5826 in

2242 4579 2380 4634 bene
2406 4587 2559 4632 utens
2580 4574 2733 4643 malo
2744 4581 3029 4644 parentum
3057 4580 3364 4626 nostrorum
3393 4571 3605 4626 creavit
3631 4587 3726 4625 nos
3751 4571 3821 4622 de

2241 4686 2403 4728 carne
2426 4670 2726 4734 illorum,et
2756 4666 3038 4736 inspiravit
3065 4666 3118 4720 in
3144 4665 3304 4734 nobis
3330 4664 3666 4734 spiraculum
3679 4665 3816 4726 vitm,

2242 4764 2556 4819 discernens
2603 4774 2702 4814 nos
2739 4758 2806 4813 ab
2846 4757 2951 4811 illis
3019 4756 3114 4824 qui
3167 4753 3252 4808 vel
3292 4742 3816 4822 arbortivi‘projecti

2241 4864 2369 4911 sunt
2391 4854 2459 4908 ab
2488 4861 2664 4915 utero,
2687 4849 2768 4905 vel
2793 4849 2884 4919 qui
2914 4849 3055 4902 inter
3077 4855 3322 4900 materna
3344 4847 3557 4900 viscera
3580 4842 3816 4914 suﬂ'ocati

2242 4962 2418 5018 paena:
2446 4944 2696 4998 videntur
2725 4939 2970 5009 concepti
3005 4953 3110 4992 non
3141 4939 3283 4992 vitm.
3314 4935 3468 5004 Quod
3491 4935 3660 5015 etiam
3691 4935 3819 4988 inte-

2242 5052 2336 5106 gra
2365 5033 2526 5108 nobis
2545 5041 2603 5088 et
2644 5046 2772 5108 sana
2801 5029 3044 5085 membra
3073 5027 3299 5096 creavit,
3337 5040 3406 5081 ne
3441 5040 3692 5082 essemus
3727 5039 3794 5076 no

2242 5126 2371 5183 stris
2402 5122 2804 5188 dol0~ri,alienis
2822 5119 3146 5191 opprobrio.
3165 5118 3416 5193 Magnum
3439 5126 3526 5172 est
3542 5117 3646 5171 hoc
3657 5122 3814 5170 cute.

2245 5217 2352 5272 Sed
2379 5214 2650 5285 quomodo
2672 5211 2802 5266 illud
2821 5218 3106 5281 quantaave
3127 5208 3385 5265 bonitatis
3411 5207 3814 5264 aestimabimus.

2244 5308 2387 5380 quod
2409 5321 2474 5361 eo
2503 5318 2742 5381 tempore
2770 5313 2825 5358 et
2849 5301 2993 5380 inter
3021 5300 3158 5357 tales
3179 5301 3330 5356 nasci
3347 5300 3542 5375 voluit,
3567 5316 3664 5371 per
3689 5311 3818 5368 quos

2245 5400 2311 5453 ad
2345 5398 2505 5453 fidem
2540 5411 2694 5451 suam
2719 5403 2775 5449 et
2798 5399 3136 5469 sacramenta
3163 5391 3546 5466 pervenimus?
3573 5391 3818 5447 Videmus

2246 5485 3046 5547 iturumerabitibushominibus
3073 5484 3175 5540 hoc
3199 5469 3476 5554 negatum,
3505 5483 3650 5555 quod
3671 5480 3818 5536 nobis

2246 5583 2581 5654 gratulamur
2621 5594 2742 5635 esse
2770 5591 3112 5642 concessum,
3155 5592 3280 5633 cum
3313 5585 3513 5649 qubus
3535 5592 3636 5632 una
3664 5580 3820 5628 estet

2249 5677 2404 5733 nobis
2436 5674 2694 5729 conditio.
2728 5671 2802 5726 Illi
2834 5669 3076 5726 derelicti
3113 5679 3239 5723 sunt
3272 5685 3368 5740 per
3403 5668 3692 5738 justitiam,
3720 5678 3820 5716 nos

2250 5769 2420 5824 \ocati
2473 5784 2658 5824 sumus
2702 5782 2796 5822 oer
2843 5766 3092 5830 gratiam.
3138 5764 3508 5836 Procodamus
3554 5761 3822 5829 iutueutpi
