4060 6292
225 350 325 408 Ἱ95

226 473 417 519 munus
447 453 564 524 ejus
590 449 778 511 fuisse,
803 443 946 515 quod
966 437 1180 496 educati
1209 455 1235 490 a
1267 432 1586 505 parentibus
1610 428 1810 482 fuimus
1843 433 1886 488 Α

226 545 568 606 Christianis.
599 538 750 608 Quod
783 551 882 590 nos
925 532 1136 585 ﬂanuna
1169 542 1272 580 nou
1304 524 1459 587 lzcsit,
1495 518 1634 589 quod
1663 532 1801 586 aqua

225 659 332 699 non
362 635 663 696 absorbuit,
710 628 852 700 quod
899 641 1002 680 non
1053 621 1222 675 vorati
1274 609 1318 670 ai
1352 617 1614 678 ilzenionc,
1661 609 1805 681 quod

222 749 328 791 non
365 726 603 802 percussi
641 741 668 778 a
710 720 916 785 bestiis,
945 715 1085 786 quod
1115 710 1410 784 praecipitio
1458 723 1562 761 non
1605 703 1802 769 necati,

226 796 378 896 quod.
420 834 589 888 usque
635 815 701 870 ad
742 825 1032 881 congruam
1073 814 1286 860 aetatem
1327 802 1380 856 in
1428 801 1542 870 ejus
1599 796 1700 850 fide
1751 802 1826 866 et,

225 914 365 969 bona
392 909 665 964 voluntate
707 901 916 957 nutriti.
950 897 1064 951 llue
1102 910 1270 964 usque
1312 909 1372 948 ea
1418 890 1804 962 percurrinms,

225 1019 405 1066 soror,
437 998 632 1070 quibus
683 994 781 1048 fuit
829 989 984 1045 nobis
1021 1003 1126 1042 una
1171 985 1432 1049 conditio,
1481 998 1616 1053 quos
1665 981 1804 1036 idem

224 1105 380 1165 pater
410 1090 617 1163 genuit,
664 1101 727 1141 ac
767 1085 907 1140 idem
932 1089 1122 1135 venter
1149 1078 1461 1148 complexus
1487 1085 1590 1140 est,
1620 1063 1842 1144 eadem?

224 1186 437 1240 viscera
471 1181 846 1252 profuderunt.

295 1273 416 1326 Jant
465 1287 627 1334 nunc,
677 1283 850 1330 soror,
901 1267 954 1320 iu
1001 1279 1085 1319 me
1134 1262 1356 1316 adverte
1382 1268 1583 1330 quanta
1626 1256 1812 1312 fecerit

224 1366 370 1447 Deus
413 1365 604 1417 animae
634 1371 758 1416 tua}.
787 1358 983 1414 Divisit
1016 1356 1158 1411 enim
1196 1355 1333 1408 inter
1359 1341 1446 1408 me
1480 1359 1531 1406 et
1561 1361 1629 1414 te,
1657 1349 1812 1418 quasi

225 1445 374 1513 inter
397 1457 568 1512 lucem
601 1464 657 1510 et
679 1451 947 1518 tenebras,
976 1449 1075 1505 sibi
1103 1457 1154 1504 te
1184 1435 1428 1510 servans,
1459 1461 1544 1500 me
1571 1443 1700 1498 mihi
1726 1457 1811 1497 re-

223 1551 499 1620 linquens.
537 1548 674 1601 Deus
705 1561 874 1609 meus,
899 1558 1004 1613 quo
1032 1542 1174 1596 abii?
1201 1556 1307 1610 quo
1333 1527 1478 1610 fugi?
1501 1554 1608 1608 quo
1628 1535 1814 1591 evasi?

225 1641 448 1708 Ejectus
476 1656 505 1692 a
535 1638 674 1694 faeie
707 1650 793 1692 tua
825 1637 965 1692 sicut
998 1633 1152 1700 Cain,
1187 1631 1423 1688 habitari
1455 1631 1506 1684 in
1547 1640 1691 1684 terra
1724 1643 1816 1682 va-

225 1749 330 1802 gus
358 1741 410 1787 et
453 1731 732 1802 profugus,
765 1741 820 1785 et
844 1729 1152 1799 quicunque
1179 1725 1445 1779 invenerit
1475 1739 1580 1786 me,
1607 1721 1817 1777 occidet

225 1842 340 1880 me.
375 1822 513 1890 Quid
561 1824 705 1878 enim
743 1831 928 1892 ageret
973 1819 1298 1877 miserabilis
1343 1827 1618 1881 creatura,
1657 1833 1686 1869 a
1720 1832 1816 1869 suo

225 1918 488 1973 derelicta
526 1916 820 1972 Creatore?
852 1915 970 1982 Quo
998 1914 1118 1975 iret,
1145 1926 1322 1981 quove
1353 1911 1548 1966 lateret
1579 1909 1696 1963 ovis
1729 1925 1816 1962 er-

226 2025 399 2064 ronea
428 2023 526 2063 suo
555 2007 806 2062 destituta
836 2004 1091 2076 pastore?
1135 2001 1179 2058 Ο
1215 2018 1388 2065 soror,
1431 2000 1543 2054 fera
1585 1999 1820 2069 pessima

225 2099 516 2155 tlevoravit
537 2097 758 2158 fratrem
790 2104 960 2150 tuum.
985 2095 1041 2148 lu
1075 2109 1161 2148 me
1188 2108 1316 2164 ergo
1341 2106 1522 2156 cerne,
1561 2101 1820 2162 quantum

225 2191 302 2245 iui
332 2191 622 2244 contulerit
647 2188 737 2257 qui
769 2196 819 2241 te
848 2202 877 2239 a
907 2185 994 2240 tali
1025 2184 1194 2239 bestia
1219 2182 1818 2242 conservavitillaesam.

224 2281 410 2347 Quam
436 2280 601 2333 miser
622 2293 721 2346 ego
743 2292 884 2343 sum,
916 2275 1005 2344 qui
1033 2289 1205 2327 meam
1238 2273 1548 2342 pudicitiam
1582 2273 1820 2339 perdidi;

223 2383 349 2436 tam
383 2370 538 2424 beata
573 2379 652 2433 tu,
672 2368 825 2438 cujus
847 2365 1216 2435 virginitatem
1242 2362 1612 2417 misericordia
1641 2361 1824 2416 divina

221 2463 500 2533 protexit.
532 2461 755 2527 Quoties
793 2466 1017 2522 tentata,
1059 2457 1271 2527 quoties
1308 2457 1548 2525 impetita
1595 2465 1683 2508 tua
1729 2455 1827 2510 tibi

223 2552 470 2606 castitas
491 2561 574 2605 est
591 2558 824 2615 servata,
849 2564 971 2607 eum
996 2563 1094 2620 ego
1118 2548 1290 2604 libens
1320 2549 1370 2602 in
1402 2547 1575 2616 turpia
1605 2562 1829 2617 qumque

225 2643 617 2714 progrediens,
668 2641 988 2696 coacervavi
1028 2641 1160 2695 mihi
1211 2640 1498 2696 materiam
1547 2639 1686 2710 ignis
1723 2652 1830 2707 quo

226 2737 618 2798 comburerer,
670 2733 952 2798 materiam
993 2731 1184 2787 fetoris
1213 2748 1320 2801 quo
1362 2747 1610 2794 necarer,
1660 2740 1831 2784 matc-

230 2829 386 2882 riam
426 2826 688 2880 vermium
718 2843 746 2878 a
781 2825 979 2894 quibus
1019 2825 1375 2880 corroderer?
1404 2822 1601 2877 Recole
1637 2823 1680 2876 si
1719 2823 1832 2892 plu-

229 2931 329 2976 cct
385 2919 505 2973 illas
550 2917 824 2973 fmditates
859 2933 1006 2973 meas
1034 2932 1131 2988 pro
1177 2917 1373 2986 quibus
1412 2916 1722 2987 plangebas,
1779 2925 1833 2970 et

232 3012 583 3082 corripiebas
611 3027 771 3080 smpe,
806 3009 978 3080 puclla
1025 3009 1333 3080 parvulum,
1373 3009 1570 3064 femina
1621 3023 1832 3062 mascu-

1608 307 2139 371 MEDITATIONES.

3391 285 3492 344 79!

1917 423 2057 492 quod
2088 420 2381 490 fugientem
2413 421 2725 486 persecutus
2759 417 2862 473 est,
2894 402 3149 461 metuenti
3179 399 3485 454 blandieba‘

1908 491 2017 580 tur,
2050 513 2190 582 quod
2233 510 2407 565 erexit
2452 509 2501 560 in
2549 520 2696 576 spem
2733 502 2894 556 totius
2935 498 3301 566 desperatum,
3351 491 3500 559 quod

1907 606 2018 661 suis
2048 603 2227 658 obruit
2258 599 2534 656 beneficiis
2559 599 2850 668 ingratum,
2874 589 3014 660 quod
3038 598 3192 657 gustu
3217 583 3495 639 inter-ieris

1908 695 2226 758 dulcedinis,
2270 690 2562 745 immundis
2613 695 2883 740 assuetum
2916 675 3362 736 delectationibus
3398 682 3453 726 at
3473 675 3503 713 -'

1912 789 2070 843 traxit
2097 795 2150 840 et
2192 784 2381 847 illexit,
2420 781 2560 852 quod
2596 771 2986 832 indissolubilia
3017 770 3171 824 make
3208 757 3506 821 consuetu-'

1910 878 2051 934 diuis
2089 875 2300 930 vincula
2330 872 2594 934 dissolvit,
2634 879 2687 924 et
2726 869 3055 921 abstractum
3093 860 3291 916 szecnlo
3349 855 3500 910 beni-

1911 987 2011 1044 gne
2037 968 2308 1038 sns:epit?
2333 965 2510 1042 Taceo
2558 962 2746 1024 multa,
2778 971 2830 1014 et
2861 973 3066 1027 magna:
3110 949 3500 1008 misericordia:

1912 1081 2021 1120 sua:
2046 1064 2191 1118 circa
2221 1076 2305 1114 me
2326 1073 2513 1128 opera,
2545 1070 2610 1109 ne
2632 1052 2833 1122 aliquid
2863 1049 3046 1120 gloria:
3075 1064 3209 1109 διιεῖ),
3239 1060 3357 1113 qua:
3389 1051 3498 1095 tota

1913 1156 2056 1211 illius
2087 1162 2190 1220 est,
2222 1153 2289 1206 ad
2322 1166 2407 1206 me
2438 1149 2682 1203 videatur
2712 1145 2963 1200 transire.
2999 1141 3074 1194 lta
3105 1139 3269 1192 etiam
3299 1151 3501 1191 secun-

1914 1247 2041 1301 dum
2089 1244 2366 1300 hominum
2419 1238 2834 1295 :estiznationein
2888 1233 2991 1288 sibi
3044 1232 3284 1299 colizeret
3327 1228 3503 1298 gratia

1915 1335 2093 1391 dantis
2124 1345 2178 1388 et
2220 1332 2447 1386 felicitas
2479 1328 2808 1399 recipientis,
2846 1334 2904 1378 ut
2943 1341 3048 1377 non
3100 1321 3270 1376 solum
3320 1319 3507 1372 Iaude-

1917 1437 2028 1491 tur,
2063 1427 2191 1496 quia
2242 1424 2388 1478 solus
2437 1419 2737 1476 laudandus
2771 1425 2916 1470 esset
2946 1414 3033 1467 ille
3069 1413 3156 1482 qui
3198 1411 3364 1472 dedit,
3406 1409 3505 1462 sed

1915 1521 2079 1576 etiam
2114 1519 2201 1573 ille
2227 1517 2318 1588 qui
2363 1512 2573 1582 recipit.
2606 1511 2737 1578 Quis
2766 1508 2907 1563 enim
2942 1506 3101 1560 habet
3133 1503 3332 1571 aliquid
3361 1498 3507 1569 quod

1918 1631 2024 1670 non
2058 1609 2359 1679 receperit?
2413 1605 2470 1660 Si
2521 1611 2699 1656 autem
2729 1599 2897 1671 gratis
2929 1595 3155 1663 accepit,
3187 1606 3354 1661 quare
3396 1590 3508 1642 latt-

1921 1708 2083 1763 datur
2133 1704 2282 1759 velut
2331 1695 2730 1772 promeruerit?
2784 1693 2902 1747 Tibi
2962 1691 3120 1760 igitur
3178 1688 3311 1747 laus,
3369 1685 3510 1739 Deus

1851 1777 1893 1836 Β
1925 1795 2098 1861 meus,
2135 1794 2228 1848 tibi
2255 1793 2445 1864 gloria,
2491 1789 2583 1843 tibi
2614 1786 2910 1859 gratiarum
2953 1781 3125 1843 actio;
3168 1777 3294 1830 mihi
3329 1788 3509 1828 autem

1922 1887 2169 1946 confusio
2199 1885 2354 1940 faciei
2388 1898 2518 1937 meae
2549 1880 2709 1952 (Dan.
2746 1893 2821 1940 ιχ,
2849 1875 2925 1946 7),
2963 1871 3053 1942 qui
3085 1879 3160 1924 tot
3203 1868 3340 1921 mala
3384 1864 3510 1928 feci,

1923 1994 1978 2038 ct
2004 1990 2081 2036 tot
2121 1980 2259 2033 bona
2292 1974 2480 2045 recipi.
2510 1973 2649 2040 Quid
2673 1972 2834 2039 igitur
2861 1965 3084 2036 (inquis)
3116 1978 3200 2016 me
3225 1959 3401 2013 minus
3423 1973 3513 2012 ac-

1925 2073 2148 2146 cepisti"
2178 2070 2220 2126 Ο
2251 2085 2428 2134 soror,
2464 2067 2592 2136 quia
2623 2062 2835 2117 felicior
2867 2070 2952 2112 est
2979 2056 3088 2120 ille,
3125 2052 3277 2122 cujus
3316 2064 3510 2104 navem

1925 2171 2143 2242 plenam
2167 2163 2438 2222 mercibus
2466 2171 2521 2216 et
2548 2165 2798 2213 onustam
2826 2150 3026 2207 divitiis
3047 2148 3204 2201 flatus
3228 2152 3515 2198 ventorum
3582 2135 3584 2137 ’

1928 2263 2196 2332 integram
2227 2255 2434 2334 revexit
2468 2253 2533 2307 ad
2565 2259 2801 2322 portum,
2835 2260 2996 2315 quam
3027 2241 3118 2309 qui
3150 2253 3344 2310 passus
3381 2251 3517 2290 nano

1929 2351 2164 2420 fragium
2198 2348 2374 2402 nudus
2402 2329 2575 2400 evasit
2606 2349 2856 2395 mortem.
2891 2335 2971 2390 Tu
3007 2349 3134 2404 ergo
3162 2331 3213 2385 in
3249 2329 3356 2394 his,
3387 2341 3521 2398 quas

1933 2427 2029 2500 tibi
2059 2443 2238 2497 divina
2263 2438 2436 2510 gratia
2464 2432 2826 2496 conservavit,
2854 2427 3096 2483 exsultas
3121 2423 3354 2487 divitiis;
3385 2419 3522 2474 mihi

1931 2537 2201 2594 maximus
2258 2534 2410 2587 labor
2462 2526 2724 2583 incumbit
2777 2533 2836 2576 ut
2888 2522 3061 2574 fracta
3119 2517 3521 2582 redintegrent,

1932 2629 2130 2684 amissa
2157 2637 2494 2693 recuperem,
2519 2619 2690 2674 scissa
2715 2613 3026 2669 resarciam.
3055 2609 3439 2662 Verumtamen
3467 2611 3524 2657 et

1933 2737 2020 2777 me
2051 2718 2171 2773 volo
2195 2726 2252 2770 nt
2275 2712 2564 2773 remuleris,
2601 2708 2862 2778 valdeque
2886 2711 3043 2774 putes
3066 2695 3519 2758 erubescendum,

1934 2814 1979 2868 si
2031 2819 2154 2883 post
2187 2817 2266 2864 tot
2322 2805 2523 2876 flagitia
2579 2803 2630 2857 in
2666 2800 2754 2854 illa
2792 2799 2900 2851 vita
2945 2794 3039 2848 tibi
3076 2793 3327 2847 inventus
3373 2786 3526 2840 fuero

1933 2902 2180 2973 aequalis,
2208 2917 2326 2955 cum
2347 2912 2487 2966 saepe
2512 2891 2836 2964 virginitatis
2852 2887 3078 2962 gloriam
3107 2871 3526 2937 intervenientia

236 3059 581 3082 γ“’·--ιν-ν--ν--
611 3059 771 3080 τηινγ,
807 3059 978 3080 .----τ--
1025 3059 1113 3080 rm
1138 3059 1146 3062 -
1957 3059 1972 3065 -

236 3108 384 3168 lum.
420 3104 525 3159 Sed
554 3119 658 3157 non
690 3103 823 3156 fallit
851 3101 1134 3171 Scriptura
1160 3117 1278 3170 qua:
1310 3100 1386 3155 ait
1428 3118 1441 3155 :
1469 3100 1638 3154 Nemo
1666 3109 1831 3166 potest
1862 3122 1903 3178 ο
1937 3083 2214 3155 ιινυῦνῑυηι
2247 3095 2456 3135 morm“
2503 3073 2732 3130 ίίηίίίηίθ
2769 3081 2820 3124 οι
2851 3068 3202 3123 ⁵ί¹⁶⁰⁰¹¹¹³¹¹ί⁰⁵
3236 3060 3388 3115 "iliis
3418 3059 3527 3111 vi“

2171 3174 2180 3178 _
2208 3173 2236 3178 -.
2516 3167 2546 3178 η
2609 3167 2618 3178 ι
2664 3163 2675 3174 ο
2805 3162 2855 3178 'II
2963 3160 3008 3178 9,.
3058 3156 3245 3178 “Hild...
3294 3153 3385 3178 ΛΜΞ
3415 3150 3524 3178 ιιΛΙΛ

237 3200 531 3268 corrigere,
580 3212 729 3268 quem
784 3194 925 3250 Deus
968 3194 1198 3265 despexit
1245 3193 1442 3266 (Eccle.
1496 3208 1592 3254 γη,
1641 3191 1749 3261 Η).
1793 3191 1836 3247 Ο

239 3308 417 3360 quam
450 3286 747 3359 diligendus
777 3295 859 3342 est
881 3302 910 3340 a
949 3295 1020 3350 te,
1046 3285 1138 3356 qui
1167 3301 1292 3345 cum
1336 3300 1420 3338 me
1451 3281 1756 3352 repelleret,
1788 3291 1840 3336 te

240 3379 512 3443 aztraxit;
541 3387 595 3433 et
621 3393 740 3432 cum
770 3391 922 3445 aequa
964 3375 1203 3431 conditio
1243 3373 1380 3427 foret
1411 3373 1712 3445 utriusque,
1755 3383 1839 3427 ta—

240 3491 382 3528 men
425 3489 510 3525 me
551 3470 878 3540 despexerit,
940 3477 993 3524 te
1040 3467 1308 3522 dilexerit.
1344 3465 1541 3520 Recole
1571 3443 1732 3527 iiunc,
1785 3474 1844 3519 ut

243 3568 278 3626 ιι
307 3565 391 3624 xi.
426 3563 801 3631 corruptiones
830 3575 998 3623 meas,
1047 3575 1168 3614 cum
1198 3557 1532 3616 exaltaretur
1554 3555 1750 3610 nebula
1775 3553 1841 3606 li-

245 3654 460 3708 bidinis
507 3667 572 3706 ex
619 3651 894 3706 luxuriosa
922 3647 1360 3718 concupiscentia
1401 3646 1602 3713 carnis,
1645 3653 1699 3704 et
1737 3660 1843 3698 non

245 3757 403 3803 esset
434 3747 527 3817 qui
566 3747 800 3816 eriperet
837 3755 892 3800 et
925 3743 1131 3797 salvum
1167 3740 1371 3795 faceret
1408 3738 1582 3810 (Psal.
1642 3754 1739 3802 vn,
1766 3739 1843 3806 3).

256 3835 442 3891 Verba
470 3835 610 3890 enim
649 3834 946 3903 iniquorum
967 3830 1351 3901 prwrulueruut
1377 3844 1532 3898 super
1559 3844 1639 3882 me
1671 3824 1842 3896 (Psal.

249 3926 532 3996 ruma),
560 3926 664 3997 qui
711 3925 762 3978 in
807 3923 958 3979 suavi
1010 3921 1200 3992 poculo
1246 3920 1447 3974 amoris
1491 3919 1849 3988 propinaLant

251 4024 395 4079 inihi
425 4036 688 4076 venenum
731 4018 978 4073 lthUl‘iJP.
1020 4014 1414 4070 Convenientes
1441 4013 1494 4067 in
1527 4027 1692 4066 unum
1720 4011 1850 4065 affe-

251 4115 464 4173 ctionis
507 4115 745 4180 suavitas
793 4120 847 4166 et
872 4106 1184 4178 cupiditatis
1225 4105 1531 4175 iinpnritas,
1571 4103 1853 4172 rapiebant

254 4207 592 4264 imbecillum
629 4206 807 4259 adhuc
842 4211 1056 4256 aetatem
1087 4213 1260 4252 meam
1297 4211 1392 4267 per
1421 4195 1650 4264 abrupta
1692 4194 1851 4248 vitio-

257 4318 414 4368 rum,
453 4307 616 4368 atque
661 4295 980 4366 mergebant
1027 4290 1235 4360 gurgite
1281 4287 1628 4358 flagitiorum.
1678 4286 1854 4342 Vene-

257 4403 401 4451 runt
453 4407 617 4462 super
645 4406 732 4446 me
764 4390 843 4443 ira
883 4394 940 4442 et
970 4383 1268 4455 indignatio
1295 4391 1418 4459 tua,
1467 4381 1627 4446 Deus,
1676 4389 1730 4432 et
1755 4392 1856 4449 ego

1943 3150 2087 3251 tutes
2133 3173 2468 3230 oblitterent.
2515 3167 2620 3221 Sed
2655 3163 2769 3232 jam
2805 3162 2913 3226 illa,
2963 3160 3014 3212 in
3052 3156 3248 3227 quibus
3294 3153 3386 3206 tibi
3415 3150 3529 3204 sola

1942 3250 2156 3324 Conscia
2198 3280 2257 3319 es
2301 3262 2496 3316 divina:
2535 3255 2811 3318 bonitatis,
2860 3250 3064 3319 inspice
3101 3260 3246 3300 nunc
3280 3256 3528 3306 munera,

1944 3374 2104 3431 quam
2144 3354 2382 3425 jucunda
2423 3351 2562 3403 facie
2601 3341 3005 3401 abrenuntianti
3039 3336 3236 3393 sa'eulo
3281 3333 3533 3387 Christus

1944 3447 2266 3512 occurrerit,
2315 3443 2511 3512 quibus
2560 3437 2888 3493 esurientem
2925 3428 3134 3485 deliciis
3180 3424 3350 3497 pavit,
3398 3437 3534 3492 quas

1946 3538 2354 3597 miserationum
2398 3547 2616 3588 suarum
2647 3525 2860 3582 divitias
2905 3519 3163 3585 ostendit,
3196 3531 3331 3588 quos
3360 3513 3531 3582 inspi-

1949 3631 2089 3689 ravit
2118 3628 2364 3693 affectus,
2390 3640 2498 3696 quo
2529 3634 2580 3678 te
2607 3618 2888 3681 charitatis
2905 3613 3096 3687 poculo
3123 3609 3374 3666 cbriavit.
3397 3605 3534 3660 Nam

1949 3727 1993 3783 si
2043 3724 2328 3792 fugitivum
2373 3710 2588 3775 servum
2621 3729 2675 3769 et
2706 3711 2961 3767 rebellem
3007 3704 3120 3762 sola
3165 3719 3262 3760 sua
3304 3702 3551 3768 misera:

1950 3820 2096 3873 tione
2126 3821 2434 3869 revocatum
2463 3805 2820 3881 spiritualium
2847 3797 3282 3857 consolationum
3312 3807 3418 3845 non
3445 3803 3534 3844 re-

1949 3910 2108 3980 liquit
2133 3907 2512 3973 inexpertum;
2545 3897 2673 3969 quid
2704 3891 3003 3949 dulcedinis
3043 3885 3369 3944 crediderim
3412 3895 3538 3934 eum

1950 4001 2146 4072 virgini
2171 3993 2495 4053 contulisse?
2523 3992 2578 4046 Si
2607 3988 2924 4050 tentabaris,
2959 3983 3048 4036 ille
3080 3974 3454 4037 sustentabat;
3491 3971 3540 4024 si

1953 4093 2277 4155 ﬂuctuabas,
2309 4091 2398 4146 ille
2437 4084 2727 4148 solidabat.
2771 4080 2996 4147 Quoties
3038 4089 3146 4144 pra:
3185 4073 3380 4125 timore
3416 4081 3551 4136 are-g

1955 4187 2126 4245 sceuti
2155 4185 2275 4256 pius
2300 4178 2608 4238 consolator
2633 4171 2881 4228 astabat?
2911 4166 3135 4236 Quoties
3157 4158 3407 4218 aestuanti
3431 4171 3541 4227 pra:

1957 4296 2168 4344 amore,
2206 4279 2321 4347 ipse
2351 4289 2409 4329 se
2451 4269 2555 4326 tuis
2587 4264 2884 4320 visceribus
2921 4253 3270 4315 infundebat?
3316 4249 3540 4319 Quoties

1957 4373 2273 4445 psallentem
2321 4365 2405 4420 vel
2445 4363 2710 4431 legentem
2761 4351 3122 4425 spiritualium
3163 4360 3416 4402 sensuum
3461 4340 3538 4394 lu-

257 4431 401 4451 m...
453 4431 606 4462 ουνν.
645 4431 732 4446 ...ν
765 4431 843 4443 ....
886 4431 939 4442 ..-
970 4431 1262 4455 ...φο-ηπ-
1311 4431 1418 4446 -_-,,
1467 4431 1627 4446 _-_-,
1696 4431 1721 4432 η
1770 4431 1843 4449 κοί
1960 4431 1992 4445 Γ

257 4487 608 4544 nesciebam.
637 4483 781 4539 Ibam
812 4479 1022 4551 longius
1063 4492 1092 4531 a
1137 4485 1204 4538 te,
1239 4458 1298 4529 et
1319 4472 1551 4530 sinebas.
1575 4472 1851 4537 laetabar,
1886 4459 1932 4518 Ι)
1964 4464 2108 4518 mine
2138 4454 2470 4514 illustrabat?
2500 4448 2724 4525 Quoties
2750 4451 2996 4500 orantem
3023 4441 3077 4494 in
3106 4436 3376 4508 quoddam
3408 4431 3548 4487 inel—

261 4595 322 4637 et
353 4579 689 4643 etfundebar,
730 4585 788 4631 et
810 4572 1096 4646 .defluebar
1141 4585 1237 4640 per
1266 4567 1636 4636 immunditias
1663 4581 1814 4620 meas
1840 4605 1855 4629 ,

262 4686 321 4734 et
358 4674 600 4729 iacebas.
634 4669 749 4735 Eia,
779 4681 960 4730 soror,
984 4663 1265 4733 diligenter
1286 4660 1509 4715 attende
1543 4657 1725 4712 omnia
1757 4657 1857 4709 ista

264 4767 455 4835 turpia
488 4773 543 4818 et
565 4760 819 4824 nefanda,
853 4758 907 4813 in
930 4773 1050 4827 qua:
1078 4770 1163 4810 me
1191 4749 1550 4824 praecipitavit
1573 4763 1748 4802 meum
1778 4760 1864 4799 ar-

264 4857 535 4920 bitrium;
564 4863 619 4907 et
643 4851 778 4909 scito
805 4849 946 4918 quod
977 4847 1028 4902 in
1055 4847 1170 4900 luce
1197 4841 1519 4904 eorruisses,
1554 4839 1598 4893 si
1628 4847 1679 4892 te
1709 4835 1865 4890 Chri-

266 4952 344 5006 sti
374 4944 742 5002 misericordia
771 4958 876 4997 non
911 4945 1198 4994 servasset.
1239 4933 1356 4989 Non
1400 4933 1516 4988 btee
1559 4931 1679 4986 dico
1711 4929 1868 4999 quasi

267 5039 420 5096 nihil
453 5037 583 5091 mihi
623 5031 914 5099 contulerit
938 5027 1084 5092 boni,
1112 5025 1238 5083 dum
1271 5021 1514 5093 exceptis
1542 5020 1608 5075 iis
1631 5033 1750 5090 qua:
1778 5032 1868 5071 su-

271 5135 471 5205 perius
523 5130 758 5186 diximus
816 5124 1100 5192 utriusque
1145 5119 1364 5184 collata,
1417 5117 1554 5172 mira
1607 5113 1868 5185 patientia

270 5240 440 5283 meas
477 5220 795 5278 sustinuerit
823 5216 1160 5285 iniquitates.
1194 5211 1294 5267 Cui
1334 5211 1504 5266 debeo
1535 5206 1682 5278 quod
1727 5215 1872 5260 terra

273 5334 396 5374 non
425 5334 511 5371 me
551 5313 854 5378 absorbuit,
889 5322 990 5364 nec
1033 5304 1342 5360 fulminavit
1365 5302 1587 5366 coelum,
1633 5313 1733 5354 nec
1769 5297 1874 5361 ﬂue

274 5415 433 5481 mina
461 5403 900 5469 submersernnt?
925 5398 1204 5468 Quomodo
1225 5396 1368 5451 enim
1391 5395 1684 5450 sustineret
1713 5406 1875 5455 creas

277 5519 413 5562 tura
448 5511 650 5558 tantam
679 5497 930 5570 injuriam
953 5492 1228 5548 Creatoris
1256 5490 1358 5549 sui.
1393 5489 1437 5542 si
1477 5502 1582 5542 non
1615 5487 1872 5554 impetum

277 5605 412 5673 ejus
458 5599 734 5654 cohiberet
781 5593 870 5648 ille
917 5589 1032 5656 ipse
1068 5585 1158 5653 qui
1207 5583 1466 5645 condidit,
1501 5581 1593 5650 qui
1626 5595 1731 5632 non
1766 5575 1878 5632 vult

281 5709 513 5752 mortem
543 5692 844 5756 veecatoris,
877 5689 966 5743 sed
993 5683 1166 5754 magis
1193 5691 1246 5735 ut
1271 5682 1602 5731 convertatur
1624 5681 1670 5724 et
1701 5667 1877 5723 vivat?

294 5787 502 5849 (Ezech
566 5801 756 5844 xum.
819 5780 928 5856 li.)
961 5775 1039 5849 Ad
1080 5772 1209 5827 illud
1251 5777 1462 5830 quauta'
1516 5763 1614 5816 fuit
1665 5759 1871 5826 gratiae.

1963 4556 2128 4612 fabile
2167 4549 2492 4608 desiderium
2543 4559 2700 4600 suum
2739 4536 3014 4609 rapiebat?
3056 4533 3278 4600 Quoties
3309 4537 3544 4583 mentem
3595 4529 3600 4534 ’

1968 4659 2112 4703 tuam
2143 4661 2172 4698 a
2199 4639 2428 4696 terrenis
2472 4636 2831 4695 subtractam,
2867 4627 2932 4681 ad
2963 4624 3216 4681 cwlestcs
3243 4617 3463 4675 delicias
3495 4622 3551 4668 et

1965 4737 2202 4812 paradisi
2238 4731 2586 4788 ammnitates
2623 4717 3060 4794 transportabat?
3089 4715 3214 4770 Haec
3249 4710 3430 4766 omnia
3466 4720 3551 4760 re-

1969 4831 2124 4886 volve
2153 4826 2352 4886 animo,
2385 4828 2442 4876 ut
2476 4820 2530 4874 in
2559 4833 2682 4873 eum
2715 4826 2838 4870 tuus
2869 4822 3014 4867 totus
3060 4803 3370 4876 revolvatur
3414 4795 3544 4850 affe-

1969 4933 2109 4986 ctus.
2146 4919 2386 4975 ‘Vileseat
2436 4913 2532 4968 tibi
2582 4909 2836 4972 mundus,
2886 4902 3064 4959 onmis
3113 4911 3265 4952 amor
3312 4887 3554 4948 carnalis

1971 5016 2207 5077 sordeat,
2236 5010 2458 5078 nescias.
2478 5014 2528 5060 te
2548 5019 2670 5060 esse
2701 5004 2754 5056 iu
2783 4995 2984 5054 mundo
3023 4993 3158 5055 hoc;
3193 4984 3448 5058 quoniam
3481 4979 3554 5034 ad

1972 5106 2092 5162 illos
2119 5102 2211 5174 qui
2245 5101 2298 5156 in
2332 5097 2471 5153 caelo
2501 5101 2626 5148 sunt
2671 5100 2727 5144 et
2753 5089 2863 5142 Deo
2901 5087 3111 5144 vivunt,
3140 5088 3290 5132 tuum
3316 5078 3554 5128 transtu-

1973 5199 2080 5256 listi
2111 5164 2463 5266 prepositum.
2496 5181 2594 5239 Ubi
2622 5192 2696 5239 est
2727 5181 3002 5252 thesaurus
3026 5182 3172 5235 tuus,
3196 5167 3266 5222 ibi
3296 5164 3366 5221 sit
3394 5171 3440 5217 et
3463 5176 3561 5216 cor—

2153 5250 2369 5361 (diattli.
2399 5299 2476 5346 vi,
2497 5280 2611 5350 2|).
2656 5273 2774 5328 Noli
2804 5250 2926 5325 cum
2949 5260 3220 5335 argenteis
3247 5250 3558 5313 simulacris

1975 5385 2066 5440 vili
2119 5377 2393 5448 marsupio
2430 5382 2522 5428 tuo
2579 5379 2726 5424 tuum
2775 5359 3051 5418 includere
3102 5351 3373 5412 animum;
3423 5344 3561 5414 quia-

1977 5487 2249 5541 nunquam
2281 5480 2407 5522 eum
2433 5468 2770 5516 nnnunorum
2805 5447 3041 5519 pondere
3072 5439 3274 5513 poteris
3307 5445 3553 5490 transvo-

1979 5527 2187 5624 lare-ad
2218 5561 2436 5626 ctelmn.
2484 5556 2614 5609 Puta
2667 5558 2717 5618 te
2764 5541 3005 5617 quotidie
3036 5535 3376 5596 morituram,
3406 5537 3461 5584 et
3491 5527 3559 5582 de

1981 5655 2220 5716 crastino
2245 5623 2356 5707 non
2380 5643 2662 5716 cogitabis.
2691 5616 2804 5694 Non
2840 5644 2889 5688 te
2925 5625 3088 5700 234
3116 5621 3280 5676 futuri
3304 5616 3562 5689 temporis

1983 5749 2243 5809 sterilitas
2284 5751 2504 5804 terreat,
2553 5752 2657 5792 non
2711 5733 2899 5788 futuris
2947 5720 3101 5778 fatuis
3130 5717 3290 5772 timor
3327 5719 3563 5768 mentem
