4060 6292
507 317 618 407 πε»

867 342 931 401 8.
970 341 1273 400 ANSELHI
1310 337 1670 398 CANTUAR.
1714 334 2037 393 AltClllEP.
2078 337 2087 383 4

2192 333 2235 390 2.
2274 297 2455 392 rans
2491 334 2632 391 n.—
2668 336 3038 396 mxumum.
3077 338 3167 394 ET
3205 335 3454 395 sscs'r.

3671 335 3782 393 τοο

511 471 661 519 tuam
707 457 946 531 dejiciat,
995 458 1089 514 sed
1131 472 1201 513 ex
1251 456 1369 528 ipso
1419 461 1530 510 tota
1578 451 1775 507 fiducia
1822 459 1911 504 tua
1956 463 2090 520 pen-
2117 446 2166 504 A
2193 444 2395 517 duplici
2424 448 2583 515 stola,
2605 449 2814 507 scilicet
2837 458 3158 522 corporiset
3182 450 3380 505 anima!
3412 457 3674 521 perpetua
3700 451 3785 507 fe-

510 548 755 619 deat‘qui
792 560 920 602 aves
953 547 1151 617 pascit,
1200 543 1308 612 lilia
1352 542 1535 599 vestit.
1583 541 1700 610 Ipse
1729 539 1803 596 sit
1832 539 2085 595 horreum

510 649 697 707 tuum,
730 638 844 709 ipse
893 637 1178 708 apotheca,
1210 635 1326 705 ipse
1373 632 1707 706 marsupium
1751 640 1926 695 tuum,
1973 628 2089 698 ipse

487 733 735 796 'divitite,
797 731 911 801 ipse
955 729 1165 796 deliciae
1221 737 1366 796 tute;
1427 724 1574 792 solus
1626 723 1724 780 tibi
1783 722 1856 786 sit
1903 720 2088 778 omnia

507 824 561 879 in
613 822 881 878 omnibus.
948 819 1076 888 llaec
1129 820 1349 885 interim
1408 817 1476 875 de
1533 813 1893 889 praesentibus
1954 811 2088 869 satis

505 915 630 971 sint.

1008 1026 1382 1111 MEDITATIO
1417 1023 1582 1093 xvu,

505 1165 627 1224 Sive
655 1166 1011 1238 meditationis
1055 1168 1252 1238 quinta:
1291 1166 1520 1238 decima:
1551 1177 1676 1238 pars
1704 1160 1882 1226 tertia.
1912 1190 1983 1201 —
2014 1157 2090 1214 De

975 1235 1169 1307 futuris
1195 1237 1456 1306 beneﬁciis
1483 1235 1603 1290 Dei.

573 1375 675 1443 Qui
706 1384 887 1430 autem
916 1380 1136 1445 prtcstat
1162 1373 1275 1428 suis
1317 1380 1465 1426 tanta
1506 1371 1559 1426 in
1591 1367 1846 1441 praesenti
1886 1374 2088 1441 quanta

502 1468 611 1524 illis
634 1476 815 1524 servat
845 1468 898 1523 in
927 1467 1148 1522 futuro?
1175 1464 1506 1535 Principium
1538 1462 1846 1518 futurorum
1883 1469 1938 1517 et
1964 1457 2090 1512 ﬁnis

502 1558 874 1628 praesentium,
906 1572 1053 1612 mors
1098 1565 1199 1611 est.
1246 1555 1397 1620 lianc
1444 1553 1597 1624 cujus
1630 1561 1824 1614 natura
1852 1565 1960 1606 non
1993 1547 2090 1604 ab-

500 1648 722 1705 horret?
752 1646 903 1717 cujus
935 1663 1039 1702 non
1073 1647 1382 1716 expavescit
1422 1643 1679 1708 affectus?
1729 1642 1861 1698 Nam
1901 1641 2088 1697 bestia:

499 1738 648 1811 fuga,
692 1738 948 1805 latibulis,
989 1748 1044 1794 et
1084 1738 1205 1796 aliis
1237 1737 1381 1792 mille
1412 1737 1583 1791 modis
1613 1745 1843 1791 mortem
1868 1741 2085 1801 cavent,

2188 538 2397 605 licitatc
2436 540 2709 598 fruantur.
3543 560 3567 569 "

2218 640 2221 641 '
2258 630 2377 687 Jam
2434 648 2580 687 nunc
2628 633 2842 695 intuere
2883 633 3030 691 illius
3078 633 3183 691 diei
3230 643 3521 699 terrorem,
3556 634 3784 704 quando

2190 725 2450 791 caelorum
2472 727 2700 783 virtutes
2724 726 3109 793 movebuntur,
3135 725 3403 782 elementa
3428 725 3575 797 ignis
3594 725 3786 782 calore

2189 817 2489 885 solventur,
2518 819 2780 890 patebunt
2810 818 2997 885 inferi,
3023 818 3237 874 occulta
3275 819 3458 874 omnia
3486 817 3783 873 nudabun-

2191 919 2308 983 tur;
2332 910 2511 967 veniet
2540 910 2773 982 desuper
2800 910 2975 967 iratus
3008 909 3206 977 Judex,
3237 911 3435 966 ardens
3461 907 3614 965 furor
3633 906 3780 977 ejus,

2188 1013 2246 1063 et
2265 1012 2317 1057 ut
2346 1011 2624 1073 tempestas
2652 1018 2840 1059 currus
2859 1001 2975 1073 ejus
2999 1000 3134 1073 (Jer.
3163 1017 3240 1068 tv,
3272 1002 3385 1072 13),
3413 1008 3477 1056 ιιι
3506 999 3706 1055 reddat
3727 999 3783 1054 in

2188 1095 2269 1150 ira
2299 1093 2594 1149 vindictam
2622 1102 2679 1154 et
2708 1094 3019 1150 vastitatem
3051 1093 3109 1149 in
3139 1091 3356 1148 flamma
3384 1088 3546 1163 ignis.
3575 1089 3784 1147 Beatus

2187 1193 2270 1242 est
2299 1185 2390 1264 qui
2419 1195 2641 1256 paratus
2660 1192 2746 1241 est
2771 1200 3060 1242 occurrere
3102 1184 3199 1240 illi.
3232 1184 3370 1255 Quid
3397 1193 3529 1239 tunc
3560 1183 3785 1245 miseris

2189 1277 2472 1332 animabus
2499 1275 2640 1332 erit?
2663 1276 2836 1345 Quam
2865 1285 2995 1333 tunc
3023 1277 3209 1333 miseri
3249 1285 3435 1345 erunt,
3464 1288 3606 1345 quos
3637 1288 3787 1330 nunc

2189 1367 2400 1423 luxuria
2444 1367 2635 1437 foedat,
2678 1368 2907 1425 avaritia
2954 1369 3201 1441 dissipat,
3244 1367 3454 1424 extollit
3495 1367 3782 1438 superbia.

2188 1460 2422 1522 Exibunt
2456 1462 2650 1534 angeli,
2689 1470 2738 1517 et
2770 1461 3089 1532 separabunt
3113 1461 3283 1518 mutos
3308 1462 3373 1516 de
3404 1460 3579 1524 medio
3604 1460 3787 1530 justo-

2189 1570 2305 1608 rum
2329 1553 2546 1625 (Matth.
2573 1568 2697 1623 χιιι,
2727 1551 2844 1622 49),
2872 1553 2991 1610 illos
3019 1568 3050 1608 a
3077 1553 3305 1618 dextris,
3334 1551 3510 1609 illosa
3537 1536 3786 1607 sinistris

2187 1655 2507 1702 statuentes.
3280 1656 3281 1659 “

2259 1738 2444 1808 Cogita
2475 1745 2528 1793 te
2558 1753 2701 1793 nunc
2727 1746 2853 1793 ante
2887 1736 3128 1793 tribuuai
3158 1735 3365 1793 Christi
3392 1735 3536 1790 inter
3562 1743 3785 1788 utram-

499 1831 665 1892 vitam
693 1838 931 1884 tuentur.
963 1826 1080 1883 1am
1109 1844 1251 1883 nunc
1282 1826 1567 1899 diligenter
1595 1824 1813 1880 attende
1842 1824 1970 1895 quid
1994 1835 2085 1878 tua
2116 1818 2162 1878 B
2190 1845 2295 1900 que
2317 1831 2458 1886 hanc
2479 1829 2792 1886 societatem
2823 1829 3099 1894 assistere,
3126 1841 3178 1884 et
3202 1829 3431 1885 necdum
3461 1828 3515 1882 in
3543 1826 3786 1881 alteram

500 1916 597 1976 tibi
651 1921 973 1991 respondeat
1016 1919 1370 1985 conscientia,
1417 1918 1547 1987 quid
1592 1924 1883 1987 prtesumat
1930 1914 2081 1981 fides,

499 2013 628 2082 quid
664 2027 786 2083 spes
827 2012 1130 2083 promittat,
1162 2010 1291 2081 quid
1333 2017 1554 2079 expetat
1599 2006 1844 2062 affectus.
1878 2006 1937 2062 Si
1975 2007 2084 2063 vita

501 2113 591 2157 tua
619 2103 713 2157 tibi
740 2102 889 2157 oneri
919 2109 1022 2165 est,
1052 2100 1097 2156 si
1126 2101 1356 2155 mundus
1391 2098 1628 2163 fastidio,
1659 2097 1704 2153 si
1731 2112 1861 2153 caro
1889 2096 2082 2165 dolori,

501 2195 741 2266 profecto
770 2194 1043 2250 desiderio
1085 2208 1232 2248 mors
1274 2203 1361 2247 est
1405 2192 1523 2257 tibi,
1558 2206 1681 2262 quae
1704 2189 1890 2262 jugum
1927 2188 2086 2259 hujus

500 2286 685 2341 oneris
732 2285 974 2357 deponit,
1029 2284 1170 2340 tollit
1218 2283 1513 2351 fastidium,
1565 2283 1813 2355 corporis
1840 2284 2083 2339 dolorem

500 2381 753 2436 assumit.
780 2381 894 2436 nuc
920 2397 1086 2436 unum
1118 2382 1239 2436 dico
1267 2381 1520 2437 omnibus
1549 2379 1710 2451 hujus
1738 2381 1920 2437 mundi
1948 2397 2087 2453 prte-

500 2479 648 2526 stare
684 2469 918 2536 deliciis,
948 2470 1248 2526 honoribus
1278 2479 1443 2540 atque
1495 2471 1723 2538 divitiis,
1762 2472 1806 2525 si
1850 2470 1919 2526 ob
1955 2486 2089 2533 eon-

499 2562 741 2618 scieutize
770 2564 1141 2628 serenitatem,
1176 2563 1296 2620 fidei
1322 2565 1662 2627 firmitatem,
1715 2566 1829 2636 spei
1860 2567 2086 2625 certitu-

503 2653 685 2709 dinem
716 2665 942 2710 mortem
962 2656 1073 2709 non
1100 2656 1311 2711 timeas.
1333 2655 1486 2725 Quod
1513 2656 1601 2711 ille
1631 2659 1831 2727 poterit
1851 2659 2087 2716 maxime

499 2745 730 2816 experiri
762 2746 874 2816 qui,
907 2746 1088 2818 aliquo
1112 2756 1355 2817 tempore
1377 2747 1477 2803 sub
1503 2748 1603 2803 hac
1627 2749 1891 2804 servitute
1913 2750 2089 2820 suspi-

500 2851 651 2897 rans,
693 2835 745 2890 in
795 2834 1076 2891 liberiores
1116 2837 1465 2892 conscientiae
1513 2853 1677 2894 auras
1714 2839 1907 2894 evasit.
1958 2838 2086 2897 Haec

498 2935 627 2978 sunt
673 2924 867 2979 futttrre
910 2924 1265 2981 beatitudinis
1298 2938 1402 2981 tua:
1426 2928 1683 2997 primitiae
1710 2928 1996 2997 salutares,
2027 2940 2089 2986 ut

502 3024 676 3071 tuorte
702 3018 1116 3086 superveniente
1155 3019 1456 3073 naturalem
1500 3019 1782 3075 horrorem
1820 3021 1953 3078 fides
1991 3037 2086 3079 su-

502 3098 675 3178 peret,
707 3123 832 3179 spes
887 3117 1172 3179 temperet,
1203 3110 1536 3167 conscientia
1570 3127 1703 3182 pura
1732 3114 1988 3184 repellat;
2028 3124 2085 3172 et

501 3198 626 3254 inde
650 3200 1046 3270 quodammodo
1069 3215 1216 3257 mors
1242 3212 1327 3257 est
1347 3201 1672 3273 principium
1691 3204 1911 3274 quietis,
1939 3204 2084 3262 labo-

501 3306 621 3346 rum
657 3300 823 3357 meta,
849 3292 1206 3362 peremptoria
1239 3292 1517 3349 vitiorum.
1539 3294 1631 3352 Sic
1651 3296 1796 3351 enim
1820 3296 2085 3367 scriptum

499 3390 579 3436 est
613 3399 627 3436 :
660 3382 810 3437 Beati
837 3384 1050 3450 mortui,
1091 3385 1181 3453 qui
1217 3384 1272 3439 in
1302 3384 1527 3441 Domino
1557 3387 1856 3441 moriuntur
1896 3388 2081 3459 (Apoc.

502 3488 615 3535 xlv,
648 3472 759 3542 15).
812 3472 967 3529 Unde
1010 3475 1271 3545 propheta
1324 3475 1677 3546 reprobornm
1736 3489 1968 3534 mortem
2017 3479 2086 3535 ab

495 3562 795 3631 electorum
833 3575 1006 3621 morte
1046 3567 1386 3633 discernens,
1425 3569 1638 3635 Omnes,
1689 3571 1889 3640 inquit,
1943 3589 2084 3643 reges

501 3649 825 3708 dtirmierunt
873 3656 926 3709 in
963 3657 1155 3727 gloria,
1197 3660 1553 3730 unusquilque
1594 3661 1648 3714 in
1687 3660 1843 3715 domo
1870 3680 2003 3728 sua;
2031 3674 2086 3718 tu

501 3737 674 3794 autem
707 3742 970 3811 profectus
998 3761 1052 3799 es
1081 3745 1146 3800 de
1175 3745 1416 3816 sepulcro
1447 3756 1556 3813 tu‘o,
1588 3749 1740 3819 quasi
1760 3751 1937 3819 stirpis
1968 3752 2087 3806 inu-

500 3825 627 3893 tilis,
657 3832 887 3901 pollutus
916 3845 963 3888 et
994 3836 1264 3892 obvolutus
1307 3838 1445 3910 (Isa.
1498 3857 1611 3908 xw,
1662 3844 1750 3906 18,
1792 3843 1903 3916 i9).
1954 3844 2091 3899 Dor-

501 3923 739 3978 micrunt
774 3926 972 3995 quippe
1012 3926 1064 3981 in
1095 3928 1261 3999 gloria
1295 3946 1522 4000 quarunt
1552 3942 1779 3988 mortem
1810 3949 2089 3990 comment-

501 4010 593 4066 dat
620 4013 758 4069 bona
799 4017 1155 4083 conscientia,
1196 4020 1321 4088 quia
1352 4022 1578 4088 pretiosa
1609 4031 1685 4077 est
1719 4024 1774 4078 in
1813 4036 2088 4095 compertu

500 4101 713 4158 Domini
750 4120 891 4161 mors
930 4118 1232 4164 sanctorum
1272 4110 1387 4182 ejus
1426 4111 1601 4183 (Psnl.
1631 4130 1754 4182 cxv,
1790 4114 1902 4187 15).
1947 4116 2088 4171 Dor-

500 4195 736 4250 mieruut
771 4212 902 4254 sane
938 4199 990 4254 in
1023 4201 1193 4271 gloria
1218 4218 1452 4272 quorum
1483 4204 1795 4261 dormitioni
1829 4208 2090 4265 assistunt

502 4287 698 4358 angeli,
722 4302 1019 4346 occurrunt
1046 4294 1242 4359 sancti,
1275 4295 1486 4351 concivi
1520 4311 1619 4352 suo
1657 4299 1963 4368 praebentes
1987 4315 2088 4355 au-

502 4377 713 4443 xilium,
741 4387 797 4434 et
840 4381 1212 4450 impertientes
1241 4385 1525 4451 solatium;
1558 4385 1805 4443 hostibus
1834 4402 1893 4443 se
1919 4403 2088 4459 oppo—

2111 3160 2162 3225 C

2188 1932 2394 1994 partem
2416 1933 2743 1994 separatam.
2767 1921 3003 1977 Deﬂecte
3014 1921 3201 1976 oculos
3222 1934 3370 1983 nune
3389 1921 3458 1973 ad
3488 1918 3786 1973 sinistram

2186 2015 2481 2084 Judicis,et
2504 2016 2759 2071 miseram
2785 2015 2933 2078 illam
2956 2015 3359 2070 multitudinem
3381 2012 3784 2082 contemplare.

2188 2110 2374 2178 Qualis
2418 2109 2490 2165 ibi
2531 2109 2746 2173 horror,
2778 2109 2900 2181 quis
2944 2108 3142 2180 pudor,
3183 2108 3306 2180 quis
3342 2107 3504 2173 fetor,
3550 2108 3678 2178 quis
3717 2107 3788 2161 ti-

2185 2218 2329 2267 mor,
2353 2202 2474 2273 quis
2500 2201 2689 2257 dolor?
2714 2201 2871 2257 Stant
2900 2201 3081 2256 miseri
3109 2209 3164 2256 et
3187 2200 3452 2263 infelices,
3483 2199 3790 2256 stridentes

2179 2293 2460 2361 dentibus,
2494 2293 2640 2348 nudo
2667 2293 2839 2348 latere
2879 2292 3225 2365 palpitantes,
3254 2278 3497 2363 aspectu
3542 2291 3786 2346 horribi-

2188 2383 2287 2450 les,
2326 2384 2475 2438 vultu
2505 2382 2797 2450 deformes,
2822 2383 3017 2454 dejecti
3042 2398 3154 2454 prae
3177 2383 3403 2454 pudore,
3438 2397 3551 2453 prze
3579 2396 3782 2451 corpo-

2186 2474 2264 2530 ris
2293 2473 2626 2545 turpitudine
2652 2482 2707 2528 et
2730 2471 2975 2528 nuditate
3003 2471 3234 2527 confusi.
3262 2471 3463 2527 Latere
3488 2471 3703 2536 volunt,
3726 2481 3783 2528 et

2187 2582 2296 2622 non
2319 2567 2506 2634 datur;
2537 2564 2727 2637 fugere
2757 2571 2993 2629 tentant,
3030 2578 3133 2620 nec
3172 2564 3525 2641 permittitur.
3559 2562 3619 2623 Si
3649 2578 3784 2617 ocu-

2187 2656 2270 2714 los
2301 2657 2482 2714 levant
2521 2657 2772 2726 desuper,
2805 2652 3011 2709 Judicis
3036 2652 3284 2709 imminet
3309 2654 3493 2717 furor;
3531 2652 3579 2706 si
3617 2652 3782 2719 depo-

2188 2759 2347 2816 nunt,
2375 2747 2663 2805 infernalis
2689 2746 2839 2817 putei
2865 2745 2946 2800 eis
2968 2744 3235 2815 ingeritur
3256 2743 3473 2798 horror.
3500 2741 3620 2795 Non
3654 2758 3781 2809 sup.-

2188 2845 2324 2916 petit
2370 2843 2663 2900 criminum
2705 2838 3021 2904 excusatio,
3072 2850 3173 2893 nec
3222 2837 3288 2891 de
3339 2836 3526 2905 iniquo
3567 2833 3781 2903 iudicio

2187 2949 2314 3004 erga
2344 2933 2512 2988 Deum
2545 2931 2724 3002 aliqua
2767 2927 2970 3001 poterit
2998 2940 3120 2983 esse
3148 2925 3412 2993 causatio,
3445 2939 3573 2980 eum
3614 2922 3777 2993 quid-

2188 3025 2318 3098 quid
2343 3024 2615 3080 decretum
2638 3020 2826 3085 fuerit,
2843 3019 3051 3090 justum
3087 3030 3210 3072 esse
3234 3016 3409 3087 ipsam
3429 3029 3621 3070 eorum
3643 3027 3777 3067 con»

2191 3115 2477 3174 scientiam
2517 3127 2622 3168 non
2666 3110 2876 3167 latebit.
2918 3108 3095 3164 Cerne
3127 3121 3273 3162 nunc
3303 3120 3469 3176 quam
3512 3102 3779 3158 atuaudus

2192 3205 2287 3263 tibi
2320 3206 2416 3271 sit,
2443 3204 2534 3275 qui
2573 3211 2627 3258 te
2655 3203 2724 3258 ab
2766 3202 2870 3257 hac
2907 3200 3163 3256 damnata
3198 3198 3463 3254 societate
3490 3193 3770 3266 ιιι-ωειδιὶ-

2187 3295 2367 3351 nando
2391 3293 2669 3359 discrevit,
2705 3290 2953 3346 vocando
2977 3287 3271 3359 separavit,
3301 3284 3658 3356 justificando
3683 3297 3779 3352 puc

2190 3386 2441 3444 ritlcavit.

2259 3478 2535 3549 Retorqne
2569 3489 2712 3531 nunc
2748 3475 2817 3530 ad
2862 3474 3144 3531 dexteram
3172 3470 3380 3534 oculos,
3412 3476 3469 3524 et
3491 3467 3696 3538 quibus
3728 3474 3784 3521 to

2189 3569 2540 3642 gioriﬂcaudo
2575 3569 2646 3624 sit
2671 3569 2976 3623 inserturus
3002 3565 3256 3620 adverte.
3297 3562 3432 3630 Quis
3472 3560 3545 3615 ibi
3592 3558 3789 3633 decor,

2188 3661 2311 3732 quis
2336 3661 2509 3715 honor
2553 3667 2610 3713 et
2635 3673 2757 3728 qute
2785 3654 3038 3723 felicitas,
3084 3661 3140 3709 et
3177 3667 3299 3724 qua:
3323 3649 3635 3708 securitas?
3680 3647 3791 3705 Alii

2183 3749 2470 3823 judiciaria
2506 3748 2635 3804 sede
2666 3745 2947 3812 sublimes,
2976 3743 3068 3798 alii
3093 3749 3294 3798 corona
3327 3739 3577 3812 martyrii
3605 3736 3788 3810 splen-1

2189 3845 2395 3909 dentes,
2426 3841 2512 3897 alii
2543 3840 2675 3896 flore
2700 3837 3031 3909 virginitatis
3074 3834 3315 3900 candidi,
3343 3833 3434 3888 alii
3473 3832 3783 3903 cleetnosy-

2191 3947 2381 3987 uarum
2428 3930 2714 4000 largitione
2758 3926 2996 3993 fecundi,
3052 3925 3144 3980 alii
3193 3923 3438 3980 doctrina
3492 3931 3550 3977 et
3597 3921 3783 3987 caudis

2193 4022 2335 4076 tione
2383 4020 2625 4091 prteclari
2653 4062 2667 4087 ,
2722 4018 2776 4074 in
2828 4032 2994 4073 unum
3061 4015 3348 4071 charitatis
3392 4012 3574 4070 fmdus
3621 4028 3783 4083 copu-

2191 4114 2390 4169 lantur.
2436 4112 2605 4168 Lucet
2648 4113 2730 4168 eis
2773 4110 2955 4166 vultus
3001 4108 3153 4173 Jesu,
3194 4122 3305 4162 non
3353 4105 3643 4171 terribilis,
3692 4102 3791 4160 sed

2191 4204 2469 4271 amabifis;
2503 4219 2610 4259 non
2642 4217 2888 4270 amarus,
2916 4201 3013 4258 sed
3043 4199 3252 4265 dulcis;
3286 4212 3391 4254 non
3418 4207 3660 4263 terrens,
3690 4194 3788 4252 sed

2190 4297 2493 4354 blandiens.

2208 4395 2214 4407 '
2263 4388 2361 4445 Sta
2391 4404 2534 4442 nunc
2562 4385 2716 4457 quasi
2744 4384 2795 4440 in
2828 4383 3026 4448 medio,
3050 4380 3302 4436 nesciens
3330 4378 3529 4449 quibus
3556 4388 3611 4433 te
3639 4376 3781 4431 Judi—

463 4534 477 4546 .
504 4477 642 4522 nunt
667 4508 683 4534 ,
728 4471 1054 4528 obsistentes
1093 4474 1376 4544 repellunt,
1434 4474 1677 4533 refellunt
1743 4490 2084 4546 accusantes,
2122 4504 2167 4559 ι)
2192 4480 2273 4537 eis
2296 4478 2561 4535 sententia
2585 4475 2886 4546 deputabit.
2913 4472 2958 4529 Ο
2981 4472 3117 4528 dura
3140 4469 3507 4542 exspectatio!
3538 4466 3782 4522 Timent

503 4568 561 4616 et
607 4561 686 4615 sic
731 4577 901 4632 usque
940 4564 1007 4618 ad
1053 4565 1229 4620 sinum
1276 4567 1510 4623 Abrahae
1554 4578 1802 4624 sanctam
1846 4572 2084 4629 animam

504 4652 827 4709 cemitantes
875 4654 928 4708 in
969 4655 1086 4709 loco
1134 4657 1283 4726 pacis
1310 4658 1577 4713 collocant
1617 4668 1673 4715 et
1705 4660 1924 4730 quietis.
1968 4662 2084 4719 Non

503 4743 583 4798 sic
615 4742 783 4813 impii,
818 4759 923 4798 non
954 4747 1057 4810 sic,
1087 4762 1224 4816 quos
1253 4746 1322 4802 de
1357 4762 1586 4818 corpore
1614 4752 1767 4820 quasi
1799 4752 1866 4807 de
1895 4751 2087 4809 fetenti

503 4836 754 4908 sepulcro
783 4838 999 4908 pessimi
1028 4838 1252 4910 spiritus
1276 4855 1397 4895 cum
1432 4841 1809 4900 instrumentis
1851 4845 2089 4902 inferna-

504 4928 644 4984 libus
670 4930 1039 4996 extrahentes,
1071 4930 1303 5000 pollutos
1337 4931 1578 5002 libidine,
1610 4935 1892 4992 obvolutos
1935 4938 2089 5009 cupi-

504 5022 674 5076 ditate
717 5020 966 5092 iujiciunt
996 5023 1211 5094 ignibus
1239 5024 1568 5091 exnrcndos,
1609 5026 1801 5083 avibus
1844 5027 2090 5084 laceran-

504 5110 622 5179 dos,
671 5112 887 5166 aeternis
941 5112 1204 5168 fetoribus
1251 5114 1510 5185 deputant
1555 5113 1916 5174 suil‘oeandos.
1961 5116 2090 5175 Vere

504 5191 818 5272 exspectatio
854 5203 1124 5273 justorum
1167 5204 1381 5272 thitia;
1429 5223 1542 5278 spes
1592 5217 1765 5262 autem
1810 5209 2089 5281 impiorum

505 5294 690 5363 peribit
722 5292 904 5366 (Prov.
947 5311 1002 5359 ιι,
1040 5296 1157 5367 28).
1211 5295 1359 5353 Sane
1387 5300 1563 5370 qualis
1601 5301 1672 5356 sit
1710 5300 1799 5355 illa
1853 5301 2088 5372 requies,

508 5378 629 5456 Quae
661 5405 764 5460 pax
794 5390 903 5455 illa,
933 5407 1053 5461 qua:
1080 5391 1395 5461 jucunditas
1434 5392 1486 5447 in
1534 5393 1654 5449 sinu
1692 5392 1941 5460 Abrahae,
1972 5409 2092 5465 quae

484 5470 617 5534 ciliis
640 5480 1044 5553 quiescentibus
1081 5482 1436 5553 promittitur,
1473 5493 1528 5539 et
1562 5490 1913 5554 exspectatur
1960 5484 2095 5540 larti-

513 5559 609 5633 tia,
658 5570 783 5637 quia
831 5573 1164 5642 experientia
1207 5588 1315 5628 non
1363 5574 1564 5639 docuit,
1603 5574 1777 5645 stylus
1822 5574 2093 5646 explicem

514 5677 619 5717 non
672 5661 890 5731 poterit.
949 5665 1280 5735 Exsriectant
1333 5665 1519 5722 felices
1574 5666 1747 5723 donec
1807 5667 2095 5738 impleatur

511 5766 775 5809 numerus
805 5749 1029 5810 fratrum
1078 5758 1321 5824 suorum,
1365 5766 1423 5812 ut
1461 5756 1513 5810 iu
1551 5757 1637 5813 die
1679 5758 2094 5815 resurrectionis

2189 4587 2384 4630 tremor
2411 4579 2658 4626 venerunt
2684 4584 2841 4638 super
2884 4582 2985 4631 me,
3015 4576 3062 4620 ει
3084 4570 3428 4619 εοιιιεπτιιιιε
3449 4577 3535 4615 me
3563 4558 3782 4614 temer.

2190 4664 2362 4737 (Psul.
2400 4666 2509 4725 Liv,
2536 4662 2614 4732 6).
2647 4659 2703 4716 Si
2738 4675 2824 4715 me
2853 4657 3091 4715 sinistris
3120 4654 3431 4717 sociaverit,
3458 4666 3567 4706 non
3595 4664 3781 4707 causa-

2188 4756 2289 4811 bor
2314 4754 2603 4825 iujustum;
2633 4753 2676 4807 si
2707 4751 2916 4806 dextris
2946 4747 3289 4819 ascripserit,
3326 4744 3518 4816 gratia:
3540 4743 3665 4812 ejus
3684 4744 3782 4797 hoc

2189 4858 2296 4901 non
2343 4845 2480 4900 meis
2526 4841 2736 4897 meritis
2773 4849 2859 4894 est
2892 4837 3288 4911 imputandum.
3323 4833 3484 4898 Vere,
3535 4832 3779 4895 Domine,

2186 4939 2300 4994 vita
2331 4938 2384 4993 in
2412 4935 2687 4992 voluntate
2717 4942 2829 4988 tua.
2865 4931 3028 4988 Vides
3069 4946 3203 5003 ergo
3246 4939 3515 5001 quantum
3565 4930 3623 4983 in
3671 4925 3781 4997 ejus

2191 5045 2375 5087 amore
2400 5037 2526 5084 tuus
2546 5025 2765 5083 extendi
2792 5025 2989 5081 debeat
3010 5024 3245 5088 animus,
3277 5022 3395 5092 qui,
3416 5037 3543 5077 cum
3572 5019 3781 5088 iniustis

2190 5120 2463 5195 possetrin
2496 5128 2549 5175 te
2570 5117 2840 5189 prolatam
2888 5124 3208 5185 retorquere
3237 5112 3590 5176 sententiam,
3628 5109 3781 5181 justi!

2195 5221 2246 5268 te
2273 5210 2465 5266 maluit
2493 5210 2560 5264 ad
2602 5207 2923 5263 salvandum
2964 5207 3227 5261 inserere.
3263 5202 3386 5260 Jam
3419 5213 3471 5259 te
3505 5212 3637 5272 puta
3664 5217 3775 5256 sau-

2192 5313 2295 5361 etze
2336 5302 2409 5358 illi
2438 5300 2684 5357 societati
2724 5298 3068 5368 coniunctam
3103 5297 3257 5353 vocis
3287 5296 3443 5351 illius.
3466 5295 3664 5350 audire
3690 5293 3779 5347 de-

2193 5404 2447 5451 cretum:
2492 5392 2695 5457 Venite,
2736 5391 2996 5446 benedicti
3039 5389 3223 5444 Patris
3258 5389 3383 5453 mei,
3424 5388 3678 5458 pereipite
3712 5400 3778 5439 re-

2194 5505 2353 5559 gmtm
2407 5486 2549 5559 quod
2591 5486 2732 5541 vobis
2789 5494 3037 5556 paratum
3080 5492 3155 5539 est
3214 5482 3284 5536 ab
3345 5482 3552 5551 origine
3608 5478 3779 5534 mund'

2196 5579 2410 5651 (Matth.
2448 5593 2578 5649 xxv,
2618 5578 2735 5644 54).
2772 5577 2899 5633 inde
2929 5575 3144 5632 miseris
3182 5573 3538 5630 audientibus
3564 5573 3777 5628 verben-

2197 5669 2409 5727 Domiui
2430 5670 2651 5745 plenum
2683 5671 2780 5726 ira:
2806 5678 2862 5725 et
2890 5667 3092 5723 furoris
3119 5683 3132 5721 :
3161 5665 3426 5721 Discedite
3444 5680 3479 5718 ο
3501 5679 3608 5727 me,
3630 5659 3773 5715 ιω

2198 5763 2346 5831 dicti,
2372 5763 2430 5818 in
2478 5765 2650 5835 ignem
2698 5772 2953 5819 a'ternnm
2995 5759 3169 5831 (ibid.,
3202 5756 3313 5831 4i).
3352 5756 3500 5814 Tunc
3538 5756 3682 5819 ibunt
3718 5752 3760 5813 ii
