4060 6292
294 323 381 380 791
954 292 976 311 ³
1222 298 1225 305 ’
1668 309 2203 370 MEDITATIONES.

3438 301 3543 365 798

293 430 466 501 inquit,
498 428 550 481 in
579 424 896 496 supplicium
922 435 1207 491 retentum;
1226 424 1361 495 justi
1393 433 1568 479 autem
1610 424 1665 478 in
1692 425 1848 477 vitam
1880 428 1923 486 Α
1954 432 2014 478 υι
2043 437 2142 477 nec
2170 421 2395 476 satietas
2430 420 2756 478 desiderium
2776 465 2789 489 ,
2826 439 2925 480 nec
2954 422 3281 479 desiderium
3316 423 3540 481 satieta-

290 532 519 577 teterumn
550 516 724 588 (ibitl.,
755 518 864 589 λϐ).
892 516 937 573 Ο
969 518 1098 571 dura
1127 517 1427 587 separatio!
1462 532 1495 571 0
1527 515 1853 571 miserabilis

289 610 537 667 conditio!
571 607 809 669 Sublatis
850 608 995 663 enim
1037 608 1217 679 impiis
1259 622 1327 663 ne
1370 607 1587 662 videant
1629 606 1851 677 gloriam

287 704 399 766 Dei;
423 702 482 754 de
502 699 666 769 justis
690 714 820 755 vero
849 700 1075 771 singulis
1107 701 1408 755 secundum
1444 701 1669 770 gradum
1698 714 1853 755 suum

285 804 333 848 et
380 793 623 846 meritum
678 791 937 861 angelicis
986 790 1269 846 ordinibus
1332 789 1574 855 insertis,
1620 788 1716 845 lict
1766 788 1853 843 illa

284 886 497 958 gloriosa
545 883 843 954 processio,
890 883 1109 938 Christo
1164 882 1503 954 princedente
1542 881 1719 950 capite
1759 894 1857 934 no-

282 987 403 1041 stro,
457 976 815 1045 omnibusque
869 976 982 1029 suis
1036 973 1298 1029 membris
1354 970 1737 1043 sequentibus,
1800 977 1853 1024 et

283 1070 508 1125 tradetur
539 1083 762 1137 regnum
809 1067 918 1123 Deo
951 1066 1124 1133 Patri,
1165 1074 1223 1119 ut
1267 1066 1384 1135 ipse
1425 1073 1614 1136 regnet
1652 1064 1706 1118 in
1752 1063 1852 1129 eis,

277 1171 327 1216 et
364 1160 459 1229 ipsi
497 1160 547 1213 in
593 1175 680 1224 eo,
720 1175 942 1230 regnum
982 1159 1111 1214 illud
1157 1158 1539 1228 percipientes,
1576 1158 1717 1229 quod
1756 1174 1856 1228 pa-

278 1262 437 1305 rtitum
467 1262 540 1306 es!
572 1252 676 1305 illis
724 1236 793 1305 ab,
832 1251 1030 1322 origine
1058 1250 1268 1317 mundi,
1306 1251 1461 1321 cujus
1491 1250 1643 1323 regni
1684 1258 1856 1306 status

277 1357 339 1405 ne
360 1342 577 1412 cogitari
609 1341 824 1411 quidem
858 1358 886 1395 a
918 1342 1075 1395 nobis
1109 1350 1311 1410 potest,
1342 1340 1512 1395 multo
1539 1340 1720 1395 minus
1747 1338 1853 1396 dici

276 1433 351 1488 vel
375 1434 557 1488 scribi.
599 1432 711 1489 Hoc
741 1434 854 1490 scio
878 1434 1023 1505 quod
1050 1433 1184 1488 nihil
1225 1433 1446 1489 omnino
1491 1433 1667 1488 aberit
1711 1431 1855 1504 quod

273 1524 399 1580 velis
424 1526 636 1580 adesse.

337 1614 521 1671 Nullus
552 1616 715 1686 igitur
744 1616 815 1670 ibi
841 1615 1040 1682 luctus,
1064 1615 1241 1671 nullus
1262 1615 1441 1680 fletus,
1468 1615 1649 1671 nullus
1676 1613 1850 1681 dolor,

272 1710 440 1764 nullus
472 1711 650 1764 timur.
684 1709 799 1765 Non
833 1712 1070 1777 tristitia,
1110 1728 1217 1766 non
1244 1712 1537 1775 discordia,
1578 1727 1683 1767 non
1716 1712 1852 1765 invi-

1957 524 2065 569 tetn
2100 515 2374 584 impediat.
2405 514 2541 581 Quid
2582 524 2666 569 est
2696 516 2828 571 hoc?
2856 516 3016 572 Certe
3044 516 3183 586 quod
3215 516 3399 570 oculus
3437 533 3541 573 non

1956 608 2113 673 vidit,
2146 624 2237 661 nec
2263 608 2409 661 auris
2439 607 2638 660 audivit
2658 647 2673 670 ,
2707 624 2797 661 nec
2831 608 2888 661 in
2930 624 3020 661 cor
3052 608 3278 662 hominis
3311 608 3543 664 ascendit

1954 716 2073 770 qua:
2102 698 2417 768 prwparurit
2449 697 2590 752 Deus
2619 696 2949 767 diligentibus
2976 715 3031 752 se
3058 697 3107 770 (l
3141 697 3263 752 Cor.
3296 715 3360 764 ιι,
3390 699 3468 769 9).

2029 789 2154 844 llaec
2198 789 2292 843 tibi
2320 829 2335 853 ,
2374 803 2552 853 soror,
2601 788 2668 843 de
2709 790 3105 858 praeteritorum
3155 789 3540 845 beneﬁciorum

1955 880 2157 937 Christi
2204 880 2465 936 memoria
2495 918 2510 944 ,
2559 880 2623 934 de
2666 880 3009 949 pricsentium
3054 880 3387 949 experientia
3415 921 3431 946 ,
3475 881 3543 936 de

1954 973 2352 1045 exspectatione
2409 973 2752 1049 futurorum,
2818 973 3064 1044 quaedam
3128 974 3539 1029 meditationum

1955 1065 2316 1137 spiritualium
2348 1065 2555 1121 semina
2588 1066 2957 1136 proseminare
2982 1068 3203 1132 curavi,
3242 1082 3307 1122 ex
3346 1067 3543 1137 quibus

1956 1157 2121 1213 divini
2158 1157 2364 1213 amoris
2399 1157 2667 1213 fructibus
2696 1156 2914 1213 uberior
2946 1158 3156 1212 oriatur
3198 1168 3253 1212 et
3289 1168 3539 1214 crescat:

1954 1258 2015 1303 ut
2057 1249 2336 1305 meditatio
2382 1247 2634 1304 affectum
2675 1248 2913 1314 excitet,
2950 1247 3175 1304 allectus
3217 1249 3541 1304 desiderium

1954 1344 2149 1414 pariat,
2175 1343 2442 1414 lacrymas
2465 1342 2793 1399 desiderium
2816 1350 3137 1411 extorqueat
3165 1360 3179 1396 :
3212 1352 3267 1395 ut
3291 1343 3385 1397 tibi
3435 1342 3545 1397 sint

1957 1435 2206 1506 lacrgmw
2236 1444 2340 1490 tua:
2364 1452 2525 1504 panes
2551 1436 2636 1489 die
2659 1451 2721 1488 ac
2748 1445 2895 1489 nocte
2921 1434 3093 1501 (Paul.
3124 1451 3233 1497 xu,
3262 1435 3341 1503 4),
3373 1435 3545 1489 donec

1953 1540 2216 1595 apparens
2262 1527 2316 1580 in
2357 1533 2647 1597 conspectu
2690 1525 2834 1593 ejus,
2881 1535 2935 1579 et
2976 1526 3291 1595 suscipiaris
3322 1526 3388 1579 ab
3424 1541 3540 1578 ant-

1954 1616 2199 1687 plexibus
2225 1615 2371 1685 ejus,
2408 1617 2666 1687 dicasque
2694 1616 2821 1671 illud
2868 1616 3009 1685 quod
3043 1616 3095 1669 in
3134 1616 3373 1670 Cantieis
3410 1616 3545 1670 scri-

1952 1720 2101 1781 ptum
2120 1719 2205 1765 est
2235 1727 2249 1763 ;
2282 1709 2514 1764 Dilectus
2543 1725 2685 1763 meus
2712 1707 2859 1771 milii,
2890 1718 2937 1761 et
2966 1724 3059 1776 ego
3091 1707 3167 1759 illi
3186 1724 3209 1771 ;η
3227 1708 3358 1760 inter
3384 1709 3543 1759 ubera

271 1801 497 1865 dia,uon
519 1800 820 1867 tribulatio,
851 1819 956 1857 non
978 1806 1223 1871 tentalio,
1250 1804 1512 1859 nonaeris
1526 1804 1753 1858 mutatio
1767 1803 1851 1858 vel
1884 1783 1930 1843 Β
1958 1822 2070 1861 mea
2097 1803 2505 1858 commorabitur
2531 1801 2709 1873 (Cant.
2744 1818 2781 1867 ι,
2814 1800 2921 1869 12).
2960 1799 3019 1866 Ως
3044 1800 3113 1854 od
3145 1799 3256 1868 ipse
3287 1798 3378 1852 tibi
3408 1817 3546 1869 pra--

269 1893 563 1962 corruptio,
609 1908 715 1947 non
755 1894 1013 1963 StiSpicio,
1046 1910 1149 1948 non
1176 1894 1424 1959 ambitio,
1453 1909 1561 1949 non
1588 1893 1850 1960 adulatio,

269 1998 367 2037 non
395 1983 682 2047 detractio.
702 2000 808 2038 non
828 1985 1113 2055 (egritudo,
1133 2001 1238 2040 non
1255 1994 1531 2052 senectus,
1553 2000 1660 2041 non
1682 2000 1850 2051 mors,

265 2090 367 2142 non
397 2084 711 2146 paupertas,
749 2092 854 2131 non
888 2093 1016 2143 nox,
1061 2093 1167 2132 non
1210 2078 1467 2143 tenebrae,
1507 2092 1614 2132 non
1656 2077 1853 2134 edendi

264 2165 346 2229 vel
395 2168 615 2222 bibendi
650 2168 732 2223 vel
768 2168 1072 2223 dormiendi
1113 2168 1218 2221 ulla
1251 2168 1572 2234 necessitas,
1610 2168 1853 2239 fatigatio

260 2257 428 2310 nulla.
478 2258 619 2325 Quid
664 2272 794 2329 ergo
842 2260 913 2314 ibi
958 2259 1084 2314 boui
1130 2260 1251 2314 est?
1295 2260 1395 2315 Ubi
1433 2276 1610 2330 neque
1656 2261 1849 2329 luctus,

257 2348 421 2418 235
452 2364 629 2419 neque
658 2350 833 2417 ﬂetus,
868 2364 1045 2420 neque
1082 2350 1253 2415 dolor,
1286 2366 1388 2405 nec
1421 2351 1643 2406 tristitia
1669 2392 1684 2418 ,
1724 2351 1853 2422 quid

253 2424 437 2508 potest
463 2456 586 2496 esse
618 2441 719 2497 nisi
753 2443 995 2512 perfecta
1025 2442 1249 2497 Ιιιξιίιὶιιῖ
1293 2442 1395 2498 Ubi
1429 2442 1573 2498 nulla
1603 2444 1850 2510 tentatio,

257 2534 339 2588 vel
370 2534 675 2603 tribulatio,
702 2537 843 2592 nulla
868 2548 1172 2608 temporum
1199 2543 1453 2609 mutatio,
1475 2543 1557 2598 vel
1578 2542 1853 2613 corruptio

257 2628 421 2691 acris,
452 2636 618 2699 cestus
650 2629 1039 2702 vehementior,
1083 2648 1181 2687 nec
1222 2634 1399 2689 hiems
1428 2635 1690 2705 asperior,
1724 2636 1853 2705 quid

258 2728 437 2803 posst
461 2734 586 2776 esse
606 2722 711 2779 nisi
734 2738 946 2779 summa
977 2727 1222 2795 quaedam
1256 2744 1435 2781 rerum
1462 2730 1766 2799 temperies,
1799 2737 1853 2785 et

258 2813 457 2868 mentis
487 2821 543 2869 et
578 2818 759 2871 carnis
798 2831 924 2871 vera
963 2826 1019 2872 et
1062 2834 1274 2873 summa
1308 2820 1715 2892 tranquillitas?
1748 2820 1850 2877 Ubi

259 2902 394 2965 nihil
427 2914 515 2959 est
553 2907 695 2976 quod
730 2908 944 2979 timeas,
987 2910 1116 2979 quid
1148 2919 1323 2979 potest
1353 2926 1473 2967 esse
1507 2913 1608 2968 nisi
1637 2928 1850 2969 sunnna

257 2996 558 3052 securitas?
586 2998 687 3055 Ubi
726 2999 869 3054 nulla
911 3000 1201 3063 discordia,
1246 3002 1389 3055 milla
1440 3002 1674 3069 invidia,
1718 3004 1849 3075 quid

1955 1904 2101 1952 stare
2145 1894 2420 1965 dignetur,
2451 1892 2544 1963 qui
2576 1894 2708 1947 vivit
2746 1900 2799 1948 ct
2850 1898 3039 1961 regnat
3077 1889 3217 1944 Deus
3252 1888 3304 1942 iu
3351 1887 3545 1943 siccula

1954 1991 2298 2047 saeculorum.
2330 1990 2524 2045 Amen.

2452 2078 2825 2135 MEDITATIO
2864 2077 3045 2132 XVlll.

1955 2194 2261 2252 Gratiarum
2283 2195 2512 2248 actiones
2533 2209 2625 2261 pro
2649 2192 2910 2254 beneﬁciis
2922 2192 3109 2244 dit-ina:
3134 2190 3505 2245 misericordia:

2376 2274 2423 2318 et
2452 2264 2632 2333 petitio
2658 2263 2821 2331 divini
2849 2262 3122 2332 adjutorii.

1956 2354 2095 2425 Spes
2124 2368 2265 2417 mea,
2290 2352 2505 2407 Christe
2528 2352 2693 2416 Deus,
2723 2352 3002 2406 hominum
3031 2360 3084 2403 tu
3110 2349 3284 2405 dulcis
3308 2358 3545 2415 amator,

1956 2446 2075 2501 Lux
2100 2459 2240 2510 mea,
2266 2443 2396 2507 vita,
2425 2441 2595 2507 salus,
2622 2458 2725 2510 pax
2748 2451 2805 2496 et
2829 2443 2993 2495 decus
3014 2455 3174 2495 omne
3204 2448 3437 2507 tuorum,

1955 2539 2149 2596 Omnia
2178 2552 2276 2608 pro
2303 2549 2534 2605 quorum
2564 2533 2781 2588 voluisti
2815 2534 2958 2588 ferre
2984 2533 3187 2599 salute,

1956 2634 2223 2699 Carnem,
2256 2629 2455 2693 vincla,
2485 2643 2727 2696 crucem,
2759 2628 2971 2694 vulnus,
3001 2637 3337 2697 mortemque
3367 2625 3547 2697 sepul-

3277 2720 3473 2792 [cruri].

1952 2819 2084 2876 Post
2114 2828 2222 2875 tres
2249 2818 2374 2874 inde
2401 2816 2516 2872 dies
2546 2814 2759 2870 devicta
2790 2822 2962 2869 morte
2993 2828 3281 2883 resurgens

1956 2910 2245 2981 Diseipulis
2276 2909 2447 2973 visus,
2478 2905 2724 2962 nutantia
2756 2906 2921 2961 corda
2952 2905 3280 2972 reformans,

1952 3003 2079 3059 Inde
2111 3001 2443 3071 quaterdena
2479 2998 2740 3056 etelorum
2774 3012 2982 3052 summa
3016 2997 3236 3067 petisti,

257 3095 432 3152 potest
474 3102 600 3143 esse
642 3088 744 3143 nisi
777 3104 985 3145 summa
1018 3100 1072 3145 et
1117 3106 1242 3145 vera
1285 3092 1538 3148 dilectio?
1573 3093 1669 3149 Ubi
1705 3094 1847 3149 nulla
1876 3127 1923 3191 α
1955 3096 2105 3152 Vivis
2138 3094 2191 3149 in
2222 3102 2508 3157 aeternum,
2546 3104 2692 3144 nunc
2719 3098 2773 3144 et
2804 3104 2900 3158 per
2928 3088 3122 3143 saecula
3154 3103 3367 3161 regnas.

257 3172 600 3243 deformitas,
622 3178 750 3248 quid
782 3187 959 3255 potest
985 3194 1105 3235 esse
1137 3182 1238 3238 nisi
1264 3198 1475 3237 summa
1499 3193 1555 3238 et
1580 3200 1705 3238 vera
1732 3185 1848 3254 pul-

262 3266 555 3363 chritudo?
588 3268 686 3363 Ubi
715 3270 858 3363 nulla
889 3281 1197 3341 paupertas,
1223 3274 1354 3343 quid
1400 3283 1575 3363 potest
1602 3290 1722 3331 esse
1750 3276 1854 3345 nisi

261 3359 439 3414 onmis
462 3359 783 3427 plenitudo?
806 3359 906 3416 Ubi
934 3362 1116 3417 nullus
1146 3363 1301 3418 labor
1330 3359 1418 3419 vel
1442 3364 1695 3431 defectio,
1724 3367 1854 3436 quid

260 3448 361 3517 erit
404 3449 509 3504 nisi
547 3464 761 3505 sununa
790 3452 1003 3521 requies
1040 3462 1097 3507 et
1132 3452 1431 3509 fortitudo?
1464 3455 1563 3511 Ubi
1596 3458 1728 3511 nihil
1772 3465 1855 3513 est

259 3540 398 3605 quod
456 3549 655 3611 gravet
706 3541 789 3596 vel
842 3551 1065 3608 oneret,
1122 3546 1251 3615 quid
1310 3548 1415 3602 erit
1476 3548 1578 3603 nisi
1642 3565 1853 3604 summa

260 3625 528 3687 felicitas?
568 3630 668 3686 Ubi
695 3647 797 3688 nec
826 3646 1077 3706 senectus
1107 3646 1475 3705 exspectatur,
1508 3656 1608 3695 nec
1636 3641 1855 3707 morbus

261 3720 499 3795 timetur,
533 3723 667 3794 quid
701 3713 881 3803 potest
910 3741 1029 3781 esse
1058 3727 1161 3783 nisi
1193 3743 1318 3783 vera
1353 3731 1593 3801 sanitas?
1628 3732 1725 3787 Ubi
1758 3749 1855 3789 nec

260 3826 384 3879 nox,
424 3830 531 3870 nec
590 3814 845 3879 tenebrae,
875 3815 1004 3889 quid
1050 3827 1136 3872 est
1164 3817 1266 3871 nisi
1314 3818 1404 3872 lux
1452 3820 1722 3889 perfecta?
1758 3822 1854 3877 Ubi

260 3919 405 3982 mors
434 3916 489 3961 et
522 3906 832 3963 mortalitas
854 3902 1033 3965 omnis
1060 3910 1339 3982 absorpta,
1363 3912 1492 3982 quid
1512 3923 1596 3970 est
1620 3915 1722 3971 nisi
1750 3916 1857 3971 vita

260 3998 499 4073 aeterna?
1820 3984 1821 3987 Ἴ

330 4089 471 4156 Quid
505 4097 599 4146 est
642 4090 782 4145 ultra
822 4092 964 4162 quod
1004 4093 1355 4162 quieramus?
1392 4091 1573 4160 Certe,
1609 4096 1750 4163 quod
1794 4097 1861 4152 iis

263 4182 519 4239 omnibus
548 4172 907 4238 excellentius
936 4193 1052 4249 est,
1093 4186 1303 4240 scilicet
1337 4185 1503 4245 visio,
1543 4186 1779 4257 cognitio
1809 4198 1862 4243 et

260 4272 480 4330 dilcCtio
520 4274 821 4330 Creatoris.
854 4276 1139 4331 Videbitur
1163 4277 1214 4331 in
1243 4291 1331 4342 se,
1364 4270 1633 4333 videbitur
1657 4280 1708 4331 in
1740 4295 1859 4333 om—

261 4363 421 4419 nibus
443 4364 721 4420 creaturis
747 4364 880 4431 suis,
908 4380 1102 4437 rcgens
1122 4367 1302 4422 omnia
1331 4369 1450 4422 sine
1473 4367 1860 4433 sollicitudine,

261 4463 589 4509 sustentans
622 4454 806 4508 omnia
844 4456 960 4510 sine
1001 4455 1209 4518 labore,
1245 4456 1560 4526 impertiens
1601 4457 1863 4526 quoiam-

260 4546 423 4621 modo
456 4561 518 4601 se
556 4544 782 4616 singulis
826 4562 924 4616 pro
967 4562 1063 4602 sua
1101 4548 1432 4615 capacitate,
1476 4548 1595 4603 sine
1630 4549 1862 4603 diminu-

261 4635 409 4709 tione
437 4638 527 4691 vel
577 4636 857 4691 divisione.
893 4637 1169 4692 Videbitur
1196 4638 1283 4692 ille
1316 4638 1492 4693 vultus
1518 4639 1768 4694 amabilis
1806 4648 1861 4693 et

262 4727 670 4795 desiderabilis,
700 4728 753 4782 in
780 4744 939 4798 quem
972 4729 1143 4800 angeli
1172 4729 1479 4784 desiderant
1508 4730 1818 4800 prospicere
1845 4748 1859 4784 :

262 4821 329 4876 de
353 4821 516 4891 cujus
549 4821 903 4891 plenitudine,
934 4823 999 4876 de
1030 4821 1184 4891 cujus
1212 4822 1439 4884 lumine,
1470 4822 1535 4876 de
1563 4822 1714 4892 cujus
1739 4838 1864 4876 sua-

260 4914 431 4967 vitale
461 4914 592 4984 quis
627 4913 812 4968 dicet?
844 4896 1125 4968 Videbitur
1156 4912 1319 4968 Pater
1346 4914 1396 4966 in
1422 4911 1580 4983 Filio,
1603 4922 1655 4967 et
1692 4912 1864 4985 Filius

263 5004 316 5058 in
368 5005 542 5060 Patre
570 5046 585 5069 ,
632 5004 868 5074 Spiritus
912 5012 1132 5059 sanctus
1172 5005 1223 5059 in
1277 5014 1528 5074 utroque.
1583 5003 1867 5058 Videbitur

265 5098 410 5152 enim
443 5098 609 5152 sicuti
640 5106 745 5158 est,
776 5096 994 5169 impleta
1026 5095 1143 5165 ejus
1173 5088 1529 5166 promissimie
1556 5111 1661 5165 qua
1686 5096 1818 5151 dicit
1848 5114 1861 5150 :

266 5188 371 5253 Qui
397 5189 578 5258 diligit
610 5205 711 5253 me,
741 5186 981 5257 diligitur
1013 5205 1044 5240 a
1070 5177 1231 5241 Patre
1278 5205 1407 5255 meo,
1444 5198 1493 5243 et
1519 5204 1612 5257 ego
1646 5186 1866 5257 diligunt

265 5294 407 5345 eum,
439 5290 490 5335 et
530 5280 879 5349 manifestubo
908 5281 954 5334 ei
980 5281 1232 5349 meipsum
1268 5279 1447 5351 (Joan.
1486 5296 1596 5346 xxv,
1636 5280 1750 5351 21).
1786 5280 1865 5335 Ex

266 5368 372 5425 hac
408 5372 623 5427 visione
654 5372 739 5427 illa
773 5371 1011 5441 procedit
1049 5371 1312 5441 cognitio,
1346 5372 1412 5426 de
1447 5386 1552 5440 qua
1594 5370 1709 5441 ipse
1746 5371 1817 5425 ait
1846 5388 1861 5425 :

271 5459 405 5515 Πιιέ
441 5472 521 5516 est
560 5464 663 5517 vita
698 5474 928 5529 (eterna,
968 5472 1022 5515 ut
1054 5470 1364 5531 cognoscant
1402 5472 1451 5515 te
1482 5462 1648 5515 solum
1688 5478 1866 5516 verum

269 5554 445 5609 Deum
485 5554 667 5625 (Joan.
702 5571 842 5620 xvii,
885 5555 960 5625 ὅ).
1006 5554 1080 5608 Ex
1124 5555 1208 5609 his
1251 5561 1396 5607 tanta
1442 5563 1695 5609 nascetur
1728 5553 1865 5609 dile-

271 5645 405 5712 ctio,
440 5654 627 5701 tantus
652 5647 813 5703 ardor
838 5646 908 5717 pii
937 5645 1169 5711 amoris,
1202 5652 1347 5698 tanta
1380 5644 1605 5700 dulcedo
1631 5644 1867 5699 Charita-

274 5736 365 5819 tis,
403 5743 559 5792 tanta
592 5737 801 5794 fruendi
830 5736 1007 5807 copia,
1038 5744 1184 5791 tanta
1213 5735 1466 5793 desiderii
1502 5738 1865 5804 vehementia,

2025 3183 2106 3238 Tu
2143 3198 2202 3239 es
2240 3182 2382 3239 Deus
2416 3196 2573 3237 meus
2599 3180 2756 3234 vivus
2778 3218 2793 3238 .
2826 3179 3075 3235 Christus
3106 3196 3259 3235 meus
3298 3187 3547 3245 sanctus,

1958 3277 2223 3332 Dominus
2254 3290 2406 3332 meus
2431 3274 2573 3344 pius,
2605 3289 2698 3328 rex
2730 3287 2881 3327 meus
2908 3286 3152 3340 magnus,
3180 3280 3363 3341 pastor
3395 3286 3548 3326 meus

1957 3371 2165 3435 bonus,
2198 3367 2458 3437 magister
2497 3379 2650 3419 meus
2686 3377 2849 3417 verax
2872 3402 2887 3426 ,
2918 3363 3131 3431 adjutor
3170 3376 3323 3416 meus
3352 3377 3551 3432 oppor-

1960 3470 2144 3524 tunus,
2174 3458 2400 3513 dilectus
2428 3470 2581 3510 meus
2619 3453 3051 3524 pulcherrimus,
3081 3453 3236 3523 panis
3275 3469 3427 3508 meus
3468 3454 3547 3508 vi-

1956 3569 2090 3618 vus,
2126 3550 2381 3607 sacerdos
2410 3561 2565 3601 meus
2600 3546 2652 3599 in
2683 3554 2978 3605 aeternum,
3017 3544 3122 3597 dux
3164 3558 3318 3598 meus
3356 3544 3423 3598 ad
3454 3559 3549 3614 pa-

1958 3647 2139 3711 triam,
2172 3644 2259 3698 lux
2292 3657 2407 3697 mea
2434 3654 2618 3698 verax,
2650 3636 2874 3692 dulcedo
2898 3650 3015 3689 mea
3046 3645 3260 3699 sancta,
3285 3636 3394 3690 vita
3428 3650 3547 3691 mea

1959 3744 2130 3800 recta,
2165 3732 2426 3803 sapientia
2453 3745 2571 3785 mea
2597 3728 2875 3797 prieclara,
2904 3727 3222 3798 simplicitas
3245 3742 3361 3782 utea
3390 3742 3547 3796 pura,

1959 3826 2243 3883 concordia
2286 3838 2403 3878 mea
2435 3820 2658 3892 pacifica
2680 3861 2694 3885 ,
2744 3818 2989 3872 custodia
3036 3832 3151 3871 mea
3184 3826 3294 3871 tuta
3323 3858 3337 3883 ,
3370 3815 3549 3883 portio

1960 3934 2079 3973 mca
2111 3918 2272 3978 bona,
2302 3914 2445 3968 salus
2484 3926 2600 3965 mea
2631 3908 2994 3976 sempiterna,
3028 3906 3396 3961 misericordia
3426 3920 3545 3959 mea

1961 4020 2155 4073 magna
2181 4043 2195 4065 ,
2236 3999 2494 4071 patientia
2535 4011 2655 4051 mea
2707 3995 3081 4050 robustissima
3109 4037 3123 4061 ,
3170 3994 3386 4049 victima
3429 4009 3548 4049 mea

1963 4091 2324 4156 immaculata,
2357 4091 2655 4161 redemptio
2684 4105 2801 4144 mea
2830 4095 3040 4151 sancta,
3067 4100 3191 4155 spes
3216 4100 3334 4139 mea
3366 4086 3542 4151 firma,

1963 4187 2200 4243 cltaritas
2234 4199 2349 4238 mea
2390 4184 2650 4253 perfecta,
2684 4181 3015 4237 resurrectio
3041 4194 3157 4233 mea
3191 4186 3400 4243 sancta,
3437 4177 3547 4231 vita

1964 4294 2081 4335 mea
2112 4286 2314 4331 aeterna
2337 4316 2351 4341 ,
2383 4274 2670 4331 exsultatio
2712 4284 2767 4329 et
2794 4274 2900 4327 vita
2940 4287 3058 4328 mea
3088 4271 3400 4327 beatissima
3431 4271 3549 4325 sine

1967 4372 2070 4423 line
2096 4383 2369 4422 mansura.
2403 4367 2479 4422 Te
2506 4366 2786 4437 deprecor,
2817 4364 3059 4434 supplico
3113 4373 3166 4419 et
3194 4380 3291 4420 oro
3330 4372 3387 4419 ut
3422 4379 3550 4434 per-

1888 4468 1938 4526 ι)
1968 4459 2117 4527 licias
2161 4458 2212 4512 in
2251 4474 2338 4513 me
2374 4473 2509 4527 opus
2550 4467 2786 4527 emptum
2826 4455 3213 4512 misericordia:
3257 4464 3363 4513 tua:
3397 4470 3412 4510 :
3448 4469 3552 4526 ego

1963 4551 2131 4617 enim,
2166 4550 2385 4605 ultimus
2415 4565 2698 4605 servorum
2731 4558 2965 4613 tuorum,
2999 4564 3106 4604 non
3148 4549 3431 4604 immemor
3456 4549 3549 4603 be-

1965 4642 2285 4699 neficiorum
2336 4642 2704 4696 miserationis
2753 4650 2893 4707 tua},
2934 4657 3054 4711 quae
3101 4642 3231 4695 mihi
3281 4641 3551 4711 pcccatori

1964 4734 2159 4791 collata
2190 4742 2337 4800 sunt,
2367 4734 2571 4803 gratias
2599 4732 2693 4787 tibi
2725 4749 2847 4803 ago,
2877 4734 3001 4803 quia
3031 4747 3115 4787 me
3147 4734 3421 4798 indignum
3453 4746 3553 4799 pro

1968 4834 2058 4879 tua
2090 4823 2203 4879 sola
2251 4822 2540 4879 clementia
2571 4839 2638 4877 cx
2684 4823 3013 4878 Christianis
3053 4820 3369 4890 parentibus
3406 4818 3552 4874 nasci

1966 4913 2173 4974 fecisti,
2215 4925 2269 4968 et
2303 4928 2400 4983 per
2429 4927 2625 4982 aquam
2661 4912 2834 4966 sancti
2868 4909 3207 4979 baptismatis
3235 4917 3289 4962 et
3326 4923 3555 4963 renova-

1970 5008 2171 5062 tionem
2202 5005 2373 5060 sancti
2399 5004 2634 5077 Spiritus
2657 5004 2724 5057 ab
2747 5001 3100 5070 originalibus
3129 5000 3360 5056 vinculis
3392 5016 3555 5070 expe-

1970 5098 2125 5166 disti,
2162 5104 2217 5153 et
2257 5098 2309 5153 in
2347 5108 2467 5152 tuos
2506 5095 2811 5166 adoptionis
2858 5094 2994 5148 filios
3025 5094 3373 5165 aggregasti;
3419 5107 3553 5162 quo—

1968 5193 2111 5247 niam
2145 5191 2273 5245 milti
2321 5198 2522 5244 rectam
2558 5187 2713 5240 fidem
2746 5186 2992 5248 donasti,
3037 5198 3263 5253 eamque
3302 5182 3354 5237 in
3390 5181 3554 5238 cordo

1971 5298 2092 5339 meo
2127 5296 2344 5350 semper
2384 5292 2583 5348 augere
2630 5285 2682 5331 et
2720 5275 3042 5331 confirmare
3079 5274 3329 5343 dignatus
3362 5289 3421 5328 es
3460 5289 3555 5344 per

1970 5375 2416 5434 illuminationem
2441 5369 2627 5441 gratim
2651 5378 2772 5429 true,
2800 5376 2856 5423 et
2882 5383 2977 5437 per
3003 5368 3323 5421 documenta
3352 5373 3555 5421 sancta

1972 5467 2162 5524 matris
2192 5463 2472 5526 licclcsiie;
2507 5462 2841 5531 obsecroquc
2879 5470 2952 5524 te,
2988 5459 3236 5520 Domine,
3267 5466 3321 5510 et
3355 5456 3554 5527 suppli-

1972 5560 2105 5615 citer
2136 5572 2284 5627 rogo,
2314 5554 2520 5625 adange
2550 5568 2767 5623 semper
2796 5554 2847 5609 iu
2881 5568 2966 5607 me
2996 5553 3134 5607 hanc
3166 5548 3359 5614 fidem,
3393 5548 3553 5602 ﬁdem

1974 5663 2154 5703 veram
2178 5656 2233 5702 et
2264 5648 2420 5702 lidcm
2449 5655 2717 5710 sanctam,
2745 5645 3067 5701 catholicam
3096 5653 3152 5699 et
3175 5643 3552 5707 orthodoxam,

1977 5741 2132 5794 fidem
2180 5740 2653 5796 m'udenlissimam
2691 5747 2743 5796 ct
2778 5737 3220 5801 invictissimum.
3257 5737 3414 5794 bouis
3440 5749 3547 5790 om-
