4060 6292
256 305 353 361 8M

1639 300 1893 358 “EDITA
1902 299 2064 358 T30N
2073 301 2175 357 ES.

3424 310 3532 368 80?.

256 413 498 485 spiritale
536 414 709 470 otium
760 414 1270 470 abremmtiantibns
1327 415 1547 483 mundo,
1594 425 1653 472 ut
1709 418 1834 486 ipso
1866 415 2224 485 Aangustiis,
2255 414 2714 483 tribulationibus,
2753 418 3155 477 Calamitatibns
3198 431 3253 477 et
3283 424 3519 482 infirmi-6
3561 424 3565 431 ’

235 511 437 566 cordis
485 509 665 581 palato
718 520 938 580 gustcat
993 520 1049 565 ct
1091 513 1306 585 sapiant
1359 510 1610 581 quoniam
1664 508 1837 563 dulcis

254 599 308 671 (Ι
367 600 512 656 Petr.
561 617 623 665 ιι,
678 602 735 672 5)
789 611 844 658 et
889 604 1071 657 suavis
1129 620 1209 666 es,
1263 603 1509 669 Domine,
1560 601 1701 656 sicut
1750 610 1839 655 tua

252 692 538 763 Scriptura
575 694 855 757 admonet,
901 694 1127 749 dicens:
1165 692 1356 747 γαί-(ιω
1406 704 1454 747 et
1490 692 1677 756 videte,
1709 707 1843 763 quo-

251 786 394 839 niam
420 802 516 855 ego
540 782 656 839 sum
682 784 1009 857 Deus(l’sal.
1037 801 1143 849 LIV,
1170 786 1280 857 Η).
1307 785 1375 839 Et
1412 785 1539 839 alibi
1568 782 1841 854 {Sapien-

251 878 379 934 tiam
437 878 622 933 discite
664 879 719 932 in
760 888 992 948 tempore
1018 880 1209 942 otii,et
1260 879 1349 948 qui
1376 878 1673 932 minoratttr
1717 887 1839 931 actu

252 972 362 1039 ipse
390 971 636 1041 percipiet
665 986 782 1025 eam
808 968 1002 1039 (Eccli.
1037 984 1267 1037 xxxvm,
1294 971 1415 1041 25).
1443 970 1551 1026 Sed
1581 980 1635 1025 et
1654 984 1841 1026 sacra-

227 1063 465 1119 ftissima
488 1062 757 1117 sententia
787 1071 875 1117 tua
903 1075 998 1119 ore
1023 1072 1114 1118 tuo
1143 1065 1230 1132 pio
1266 1064 1475 1133 prolata
1503 1063 1716 1133 plenius
1748 1064 1844 1118 in-

228 1150 455 1208 -format
487 1167 606 1216 nos,
640 1163 695 1207 et
720 1167 750 1206 a
786 1152 1071 1207 mundanis
1115 1152 1262 1207 curis
1306 1168 1530 1222 prorsus
1568 1152 1840 1222 prohibet,

246 1244 437 1317 dicens
485 1260 500 1297 :
559 1242 683 1298 Non
747 1244 962 1314 potestis
1036 1244 1143 1299 Deo
1190 1246 1386 1300 servire
1436 1254 1485 1299 et
1530 1261 1843 1299 ntnmmana:

247 1334 466 1404 (Hnttlt.
523 1351 602 1402 vi,
653 1336 756 1402 2‘;
792 1335 924 1391 Luc.
950 1352 1061 1401 xvi,
1090 1338 1202 1407 15).
1251 1338 1320 1395 Et
1365 1353 1581 1393 rursum
1619 1353 1633 1389 :
1671 1337 1842 1391 Nemo

244 1429 459 1482 mittens
505 1444 721 1482 manum
752 1430 904 1483 sitam
940 1429 1011 1481 ad
1039 1440 1299 1494 aratrum,
1321 1440 1371 1482 et
1398 1429 1658 1499 aspiciens
1680 1437 1842 1494 retro,

244 1531 404 1590 aptus
436 1530 512 1575 est
552 1537 708 1591 regno
744 1522 990 1581 caelorum
1024 1525 1043 1594 (
1062 1521 1189 1577 'an.
1228 1539 1303 1590 ιχ,
1335 1523 1447 1595 62).
1475 1522 1541 1578 Et
1571 1523 1697 1594 alibi
1744 1536 1841 1578 nos

240 1612 484 1667 evidenti
526 1614 777 1683 exemplo
828 1602 1113 1671 retrahere
1156 1616 1421 1687 dignaris,
1460 1615 1692 1672 dicens:
1730 1615 1841 1670 He-

240 1714 472 1759 mentote
499 1707 677 1761 uxoris
723 1704 826 1760 Lat
859 1706 1007 1780 (an.
1038 1724 1172 1773 xvn,
1199 1708 1315 1780 52).

318 1792 535 1848 Gratias
575 1795 667 1849 tibi
714 1811 835 1865 ago,
885 1797 1392 1853 misericordissima
1441 1798 1691 1862 Domine,
1743 1798 1837 1869 qui

239 1900 336 1941 me
359 1887 615 1942 miserum
654 1888 988 1959 multumque
1020 1890 1381 1961 negligentem
1418 1898 1757 1961 peccatorcm
1805 1906 1835 1946 a

240 1978 539 2048 principio,
568 1989 624 2037 et
653 1995 684 2035 a
716 1979 997 2037 cunabulis
1020 1994 1118 2050 per
1148 1981 1402 2039 universa
1440 1997 1577 2051 pene
1618 1982 1746 2036 vitia
1782 1990 1838 2037 et

237 2078 476 2139 peccata
531 2071 937 2132 decurrentem,
980 2069 1214 2138 benigne
1260 2078 1315 2126 et
1342 2071 1615 2140 patienter
1658 2071 1835 2133 adhuc

234 2161 311 2216 ad
356 2162 733 2230 pmnitentiam
774 2171 1080 2232 exspectas,
1112 2162 1302 2216 nolens
1348 2177 1435 2218 me
1456 2163 1682 2232 perdere
1712 2179 1836 2221 cum

232 2252 510 2320 pet-catis,
544 2253 712 2317 vitiis,
747 2253 921 2323 culpis
945 2261 1001 2308 et
1029 2253 1371 2324 ncgligentiis
1411 2254 1566 2310 meis.
1598 2254 1657 2309 Si
1688 2255 1836 2310 enim

232 2344 408 2409 Inibi,
441 2345 690 2410 Domine,
740 2348 1042 2402 sceundmn
1075 2355 1305 2417 peccata
1355 2360 1473 2408 mea
1517 2347 1698 2407 facere
1741 2362 1838 2408 v0.-

214 2433 472 2498 .lnisses,
499 2435 630 2489 olim
684 2453 769 2491 me
797 2446 942 2495 terra
986 2439 1168 2494 vivum
1192 2439 1510 2496 absorbere
1537 2439 1832 2496 debuisset.

233 2524 369 2583 Sed
396 2541 555 2595 rogo,
587 2527 672 2595 pie
700 2529 949 2596 Domine,
983 2545 1051 2585 ne
1078 2539 1166 2585 tua
1203 2531 1256 2585 in
1298 2546 1386 2589 me
1410 2530 1744 2604 exspectatio
1766 2534 1839 2589 sit

230 2633 445 2681 vacua,
473 2619 546 2673 sit
575 2621 718 2689 quod
749 2621 911 2687 absit,
957 2622 1312 2680 infructuosa.
1356 2624 1435 2679 Tu
1464 2624 1559 2695 qui
1607 2639 1715 2680 non
1756 2624 1838 2679 vis

230 2719 479 2766 mortem
515 2713 824 2781 peccatoris
854 2713 1075 2782 (Each.
1108 2731 1305 2781 χχχιιι,
1349 2714 1461 2783 Η),
1493 2716 1560 2772 da
1615 2715 1744 2770 mibi
1770 2715 1838 2771 de

214 2804 540 2874 .praatcritis
574 2803 734 2859 malis
760 2806 899 2860 meis
930 2806 1367 2877 indulgentiam;
1386 2807 1454 2862 de
1478 2808 1837 2877 przesentjbtts

234 2894 486 2948 concede
507 2894 979 2961 emendationem;
1022 2896 1092 2951 de
1116 2895 1321 2952 futuris
1348 2907 1479 2953 vero
1531 2896 1728 2967 largire
1748 2899 1836 2968 ju-

232 2982 388 3053 gitcr
408 2984 708 3039 castoJiam
729 2994 894 3056 atque
916 2986 1203 3041 cautelam.
1231 2988 1306 3042 Da
1324 2988 1499 3043 locum
1526 2997 1580 3045 et
1600 2990 1836 3061 spatium

217 3072 313 3135 ad
373 3072 593 3145 dignos,
619 3076 953 3146 pertinentia:
998 3076 1207 3135 fructus
1250 3077 1403 3150 (Lua.
1442 3095 1529 3145 ιιι,
1555 3080 1635 3149 8).
1673 3081 1836 3151 Aperi

238 3168 438 3225 oculos
487 3171 668 3226 cordis
715 3171 818 3225 mei
863 3187 961 3241 per
990 3170 1254 3243 Spiritum
1284 3181 1536 3228 sanetum
1565 3180 1741 3240 tuum,
1776 3182 1838 3229 ut

218 3261 528 3316 .videatnet
545 3261 790 3333 plangam
812 3264 992 3318 omnia
1015 3275 1240 3334 peccata
1270 3280 1412 3319 mea.
1442 3264 1691 3332 Domine,
1709 3275 1843 3320 tem-

237 3372 347 3425 pus
376 3363 464 3409 est
491 3356 827 3425 acceptabiie,
847 3365 898 3410 et
911 3356 1022 3411 dies
1044 3362 1164 3411 sunt
1188 3357 1375 3411 salutis
1413 3355 1498 3425 (Il
1529 3357 1836 3423 Car.vr,2).

220 3445 508 3513 ,niscrete
535 3445 666 3509 mei,
685 3446 930 3510 Domine,
945 3457 999 3499 et
1020 3461 1088 3502 ne
1111 3447 1308 3515 perdas
1337 3461 1424 3500 me
1446 3462 1573 3503 cum
1601 3447 1840 3516 peccatis

238 3538 388 3594 meis
411 3535 586 3609 (Psal.
619 3553 745 3603 xxv,
773 3536 853 3607 9),
879 3554 947 3594 ne
972 3553 1220 3594 reserves
1250 3539 1390 3594 mala
1412 3554 1541 3595 mea
1568 3539 1838 3611 punienda

220 3632 299 3687 in
329 3632 423 3687 illa
455 3631 631 3687 futura
668 3633 799 3697 vita,
835 3633 889 3686 in
917 3632 1022 3688 illis
1058 3630 1414 3689 infernalibus
1456 3634 1836 3705 suppliciis,'in

240 3723 340 3779 illo
382 3724 667 3778 tremendo
704 3724 954 3779 examine
1012 3735 1126 3781 tuo.
1169 3726 1400 3797 Propter
1434 3742 1685 3798 magnam
1724 3726 1836 3779 ele-

240 3812 510 3868 mentiam
542 3823 684 3867 tuam
728 3814 876 3869 solve
916 3816 1159 3870 omnium
1202 3824 1552 3885 peccatorum
1591 3831 1834 3870 meorum

238 3900 485 3971 vincula,
517 3901 830 3972 priusquam
859 3903 929 3959 ab
979 3905 1081 3960 hac
1106 3905 1220 3959 vita
1257 3906 1530 3976 egrediar.
1586 3906 1662 3959 Da
1704 3905 1837 3960 mihi

240 4007 345 4048 eor
366 3993 663 4049 contritum
708 4003 764 4049 et
792 3994 1157 4061 ltumiiiatum,
1202 3997 1267 4051 da
1301 3997 1438 4052 mihi
1475 3998 1704 4067 gratiam
1757 4000 1836 4051 la-

241 4098 585 4157 crymarnm.
616 4086 688 4143 Da
714 4085 897 4143 lutuen
924 4087 978 4142 in
1007 4088 1207 4156 corde,
1244 4089 1311 4144 da
1335 4089 1482 4145 vires
1504 4090 1557 4143 in
1588 4105 1835 4161 corpore,

242 4184 311 4231 ut
331 4190 456 4245 qua:
483 4177 693 4245 agenda
723 4185 850 4234 sunt
873 4178 1111 4245 videam,
1138 4188 1193 4234 et
1220 4180 1286 4234 ad
1316 4195 1382 4234 ca
1409 4177 1693 4249 implenda,
1719 4195 1840 4249 qua:

241 4267 459 4329 videro,
512 4268 726 4324 fortiter
783 4268 1163 4325 convalescam
1208 4272 1421 4324 cunctis
1469 4270 1657 4325 diebus
1717 4271 1840 4324 vita:

246 4375 408 4415 metu.
430 4360 677 4415 Miserere
692 4361 812 4427 mei,
831 4360 1069 4427 Domine,
1083 4363 1324 4417 miserere
1336 4363 1436 4416 mei
1450 4364 1467 4433 (
1476 4360 1623 4416 Psal.
1639 4378 1743 4427 ιιι,
1755 4362 1838 4435 Ξ).

1940 505 2180 571 tatibus;
2242 508 2309 561 de
2358 507 2544 563 multis
2586 509 2780 575 foveis,
2836 510 3068 587 laqueis,
3118 514 3414 582 seandalo,
3473 528 3533 574 et

1931 599 2216 667 peccatis;
2239 599 2305 653 de
2333 599 2517 655 multis
2543 600 2750 657 insidiis
2787 603 3073 659 visibilium
3099 614 3155 661 et
3184 607 3536 667 invisibilium

1938 688 2326 755 inimicorum;
2370 692 2436 745 de
2486 693 2670 749 multis
2705 694 2884 762 malis‘,
2915 705 2972 752 et
3004 698 3349 768 gravissimis
3389 701 3537 771 peri-

1932 781 2083 836 renlis
2112 782 2383 837 hactenus
2414 783 2651 839 liberare
2680 787 2936 858 dignatus
2974 804 3053 855 es,
3086 790 3328 862 dirigens
3364 790 3535 848 mira-

1930 870 2128 926 biiiter
2162 882 2219 927 et
2249 873 2680 931 misericorditer
2708 878 2875 933 vitam
2919 894 3093 936 meam
3138 882 3280 939 inter
3302 886 3531 941 adversa

1932 971 2001 1017 et
2028 974 2319 1033 prospera;
2360 965 2431 1019 ita
2476 974 2535 1021 ut
2562 983 2660 1022 nec
2703 971 2930 1024 adversa
2961 986 3045 1025 me
3072 972 3394 1042 dejicerent,
3425 986 3526 1032 nec

1946 1056 2206 1123 prospera
2255 1055 2603 1112 extollerent.
2644 1057 2878 1114 Posuisti
2930 1062 3075 1117 enim
3114 1064 3326 1121 frenum
3381 1076 3530 1125 tuum

1949 1144 2001 1197 in
2040 1145 2278 1199 maxillis
2320 1146 2478 1210 meis,
2514 1155 2566 1202 et
2596 1162 2704 1203 non
2742 1149 3081 1220 dereliquisti
3112 1169 3198 1209 me
3230 1156 3445 1227 penitus
3476 1158 3531 1214 in

1948 1250 2111 1291 mamt
2160 1237 2373 1293 arbitrii
2414 1238 2543 1305 mei,
2595 1240 2803 1296 habens
2880 1258 3065 1298 curam
3144 1248 3249 1302 mei
3308 1258 3531 1319 paterna

1948 1328 2171 1395 pietate,
2201 1338 2386 1383 etnon
2414 1331 2739 1399 permittens
2769 1334 3003 1403 amplius
3039 1339 3238 1392 tentari
3277 1352 3436 1409 supra
3479 1342 3530 1395 id

1947 1419 2091 1489 quod
2125 1428 2315 1489 potero
2341 1422 2611 1477 sustinere
2637 1422 2691 1493 (I
2721 1422 2843 1476 Cor.
2874 1441 2929 1491 ι,
2964 1427 3072 1495 15).
3102 1425 3202 1482 Ubi
3257 1428 3406 1484 locus
3430 1430 3531 1486 fuit

1947 1514 2226 1581 peccandi,
2271 1515 2599 1584 quandoque
2624 1529 2732 1570 non
2769 1515 2873 1571 fuit
2894 1519 3177 1587 voluntas;
3214 1522 3295 1577 vel
3320 1522 3533 1592 quando

1946 1602 2219 1671 voluntas,
2253 1620 2358 1660 non
2390 1603 2493 1659 fuit
2524 1606 2692 1661 locus.

2019 1694 2104 1749 Sit
2128 1696 2310 1767 itaque
2345 1697 2438 1753 tibi
2468 1698 2616 1763 laus,
2647 1698 2717 1753 sit
2743 1699 3082 1767 benedictio,
3120 1702 3190 1756 sit
3231 1704 3531 1772 gratiarum

1868 1775 1914 1836 Β
1942 1788 2106 1854 actio,
2127 1787 2353 1844 Domine
2374 1790 2512 1845 Deus
2540 1805 2716 1859 meus,
2736 1806 2834 1861 pro
2866 1792 3138 1847 universis
3165 1795 3270 1848 tuis
3296 1795 3451 1849 donis
3473 1801 3531 1851 tt

1940 1882 2098 1947 datis,
2127 1881 2288 1953 237
2328 1890 2383 1936 et
2414 1898 2511 1953 pro
2547 1884 2799 1940 omnibus
2824 1885 3100 1941 beneficiis
3124 1888 3248 1951 tuis,
3273 1903 3390 1956 qua:
3411 1887 3533 1944 an:-

1924 1985 2122 2029 -m:ect
2147 1975 2360 2044 cor‘pori
2403 1990 2526 2031 meo
2562 1976 2812 2046 largiris,
2839 1986 2895 2033 et
2949 1992 3168 2050 semper
3196 1978 3426 2051 largitus
3472 1994 3535 2036 cs

1942 2066 2010 2119 ab
2040 2066 2169 2135 ipsis
2194 2066 2501 2130 cunabulis,
2527 2083 2627 2138 pro
2656 2071 2854 2139 pietate
2883 2079 2995 2138 tua,
3026 2082 3079 2126 et
3112 2073 3373 2138 bonitate,
3412 2075 3533 2128 nul-

1926 2158 2006 2214 ‘lis
2026 2161 2162 2214 meis
2192 2162 2399 2216 meritis
2421 2164 2794 2232 cXigeutibus,
2829 2165 2938 2218 imo
2964 2180 3094 2235 pcce
3116 2167 3203 2221 .tis
3234 2167 3370 2221 meis
3401 2182 3528 2238 gra-

1923 2252 2178 2305 .vissimis
2207 2269 2311 2305 non
2350 2253 2711 2310 obstantibus.
2758 2252 2865 2310 Sed
2897 2270 3051 2327 rogo,
3107 2256 3352 2323 Domine,
3402 2271 3533 2329 rogo

1928 2357 2009 2397 .ne
2028 2343 2177 2397 sinas
2206 2360 2290 2397 me
2326 2344 2596 2415 ingratum
2623 2361 2745 2401 esse
2775 2348 2938 2403 tantis
2962 2348 3263 2415 beneflciis,
3290 2361 3345 2405 ct
3395 2351 3534 2405 indi-

1930 2444 2105 2504 ‘gnum
2139 2445 2245 2487 tam
2280 2434 2464 2489 inultis
2522 2436 2985 2493 miserationibus.
3026 2438 3143 2493 Non
3200 2442 3361 2505 mihi,
3427 2457 3531 2496 ron

1938 2523 2172 2589 diabolo,
2203 2539 2308 2578 non
2343 2526 2560 2588 nmndo,
2585 2541 2691 2581 non
2732 2528 2891 2583 alieni
2924 2524 3129 2595 rerum,
3160 2542 3282 2585 ’nou
3313 2533 3535 2586 cuilibet

1930 2615 2221 2671 hominum
2254 2616 2413 2672 liceat
2437 2618 2490 2671 itt
2517 2631 2603 2672 me
2624 2625 2718 2674 tua
2746 2620 2888 2675 dona
2936 2623 3270 2687 subvertere,
3299 2625 3422 2693 quia
3447 2633 3529 2678 to-

1930 2712 2056 2760 .tum
2086 2707 2388 2779 est'fragile
2420 2707 2685 2780 quidquid
2713 2710 2809 2765 tibi
2840 2712 3036 2767 nititur
3064 2714 3305 2769 obviare.
3358 2714 3529 2781 Pone,

1927 2814 2124 2869 quam
2148 2842 2164 2865 ,
2190 2802 2367 2872 magis
2398 2802 2678 2874 magisque
2735 2803 2948 2860 frenum
3009 2816 3159 2861 tuum
3214 2808 3265 2862 in
3301 2809 3534 2865 maxillis

1940 2893 2098 2958 meis,
2129 2902 2184 2949 et
2213 2896 2369 2949 trahe
2396 2910 2483 2950 me
2500 2903 2628 2965 post
2652 2903 2705 2952 te
2743 2905 3000 2967 tanquam
3038 2909 3377 2954 mansuetum
3409 2900 3532 2953 ani-

1934 2981 2147 3047 mal,iu
2191 2983 2340 3041 nullo
2365 2984 2471 3048 tuis
2511 2982 2873 3053 jussionibus.
2902 2988 3374 3057 recalcitrantem,
3434 2990 3534 3046 sed

1927 3072 2102 3144 plano
2126 3073 2522 3147 moderatoque
2550 3074 2767 3132 incessu
2802 3089 2852 3132 te
2884 3076 3172 3133 Dominum
3207 3094 3382 3136 meum
3406 3096 3534 3153 por-

1928 3174 2163 3230 tantem,
2185 3175 2242 3221 et
2266 3165 2529 3223 voluntati
2560 3175 2664 3221 tua:
2692 3167 2745 3222 in
2768 3169 3024 3224 erunibus
3051 3172 3530 3241 obtemperantem.

1939 3258 2161 3324 Escita,‘
2187 3257 2434 3323 Domine,
2463 3267 2737 3328 torporem
2768 3262 2948 3314 meum
2967 3261 3074 3316 tuis
3091 3261 3342 3325 stimulis,
3367 3262 3527 3327 οι,ίίιο

1931 3365 2028 3405 me
2058 3358 2171 3405 toto
2197 3350 2362 3404 corde
2389 3358 2608 3418 totaque
2636 3350 2836 3405 virtute
2857 3366 3103 3420 quaerere
3158 3351 3350 3406 faciem
3383 3361 3531 3407 tuam

1938 3440 2152 3495 eunetis
2188 3439 2378 3493 diebus
2411 3439 2537 3494 vita:
2564 3454 2716 3494 mem.
2756 3441 2988 3496 Attrahe
3021 3456 3108 3496 me
3148 3442 3215 3496 ad
3243 3450 3294 3495 te
3316 3483 3329 3507 ,
3363 3442 3536 3497 virtus

1924 3528 2132 3583 .salutis
2161 3539 2393 3593 nostrae,
2425 3528 2590 3596 Deus,
2619 3528 2774 3586 freno
2808 3530 3048 3602 patentis
3088 3532 3276 3605 gratiae
3327 3541 3452 3597 tute,
3480 3540 3535 3588 ct

1938 3636 2046 3676 non
2072 3621 2221 3676 sinas
2246 3635 2331 3676 me
2358 3621 2577 3692 propria
2618 3622 2895 3679 voluntate
2944 3624 2997 3678 in
3025 3625 3268 3679 arbitrio
3309 3627 3532 3696 propr'o

1939 3711 2177 3782 evagari.
2225 3710 2517 3783 Imaginem
2538 3722 2693 3767 tuam
2719 3729 2825 3769 non
2847 3714 2994 3769 sinas
3021 3714 3073 3769 in
3098 3730 3184 3769 me
3208 3715 3527 3780 obscurari;

1925 3819 2060 3874 ,qtun
2080 3804 2125 3859 si
2167 3813 2219 3858 te
2246 3813 2541 3873 praestante
2562 3804 2911 3869 defendatur,
2935 3820 3150 3874 semper
3175 3808 3413 3876 egregia,
3438 3823 3534 3861 no-

1940 3896 2063 3950 bilis
2090 3907 2145 3951 et
2172 3897 2458 3966 perspicua
2484 3906 2590 3951 est.
2625 3896 2904 3961 Miserere,
2933 3896 3179 3961 Domine,
3206 3897 3311 3951 mei
3341 3899 3533 3952 miser-

1942 3987 2063 4040 rimi
2086 3995 2143 4041 et
2168 3986 2375 4057 indigni
2402 3987 2547 4041 servi
2584 3986 2696 4051 tui',
2729 3987 2853 4056 qttia
2886 3994 2990 4042 nan
3022 4003 3139 4055 sum
3201 3990 3341 4043 sicut
3375 3989 3533 4043 innu-

1941 4078 2161 4133 meriret
2186 4078 2514 4149 multiplices
2542 4078 2729 4133 famuli
2782 4079 2881 4144 lui,
2910 4080 3001 4149 qui
3033 4079 3129 4135 tibi
3165 4080 3235 4134 ab
3281 4081 3413 4150 ipsis
3431 4096 3529 4135 cu-

1930 4171 2157 4226 nabulis
2191 4170 2547 4227 devotissime
2587 4170 2928 4237 servierunt;
2962 4187 3071 4227 non
3122 4171 3265 4227 sicut
3316 4173 3391 4226 illi
3437 4172 3531 4242 qui

1939 4272 2062 4336 post
2099 4264 2314 4336 publica
2344 4263 2541 4336 ﬂagitia
2567 4263 2900 4334 pteuitendo,
2920 4264 3023 4324 ,tibi
3071 4275 3386 4320 meruerunt
3412 4278 3535 4322 esse

1932 4358 2142 4416 .devoti.
2175 4357 2293 4413 Non
2318 4373 2439 4414 sunt
2474 4358 2617 4414 sicut
2646 4356 3267 4414 normul'lte'Christianxe
3319 4358 3537 4415 femina

247 4452 373 4508 Non
400 4454 685 4523 permittas
713 4452 860 4508 hanc
898 4453 1135 4509 animam
1181 4456 1564 4525 peccatricem,
1610 4470 1706 4524 pro
1732 4469 1835 4523 qua
1868 4464 1917 4526 ι)
1941 4453 2076 4510 viris
2104 4454 2411 4523 conjuncta:
2448 4468 2569 4524 quae
2590 4452 2685 4509 tibi
2707 4451 2954 4508 serviunt
2981 4452 3035 4508 in
3074 4452 3283 4508 actibus
3320 4453 3534 4508 miseri-

246 4554 305 4599 et
344 4543 498 4598 nasci
520 4544 585 4597 de
611 4543 849 4614 Virgine,
883 4551 940 4599 et
977 4544 1115 4598 mori
1161 4543 1216 4598 in
1249 4559 1413 4598 cruce
1454 4544 1705 4615 dignatus
1744 4559 1832 4613 es;

226 4651 359 4709 non
404 4632 618 4701 iubeas.
658 4648 864 4702 quaeso,
912 4633 1159 4703 separari
1210 4648 1331 4689 eam
1375 4635 1444 4689 ab
1482 4635 1586 4688 hoc
1622 4633 1873 4701 mortali,

243 4740 485 4795 corpore
516 4726 833 4795 priusquam
854 4739 955 4779 'mc
987 4724 1155 4780 facias
1180 4724 1340 4796 plene
1362 4737 1418 4779 et
1448 4725 1687 4795 perfecte
1719 4741 1836 4796 pte-

246 4818 451 4883 nitere,
484 4828 538 4872 et
576 4817 834 4890 plangere
880 4818 1059 4872 omnia
1089 4824 1334 4888 peccata
1355 4833 1470 4873 mea
1504 4833 1838 4889 quaecunque

224 4912 335 4982 ’egi
387 4920 506 4981 post
548 4906 875 4982 baptismum
920 4911 988 4966 ab
1035 4910 1167 4981 ipsis
1196 4905 1484 4966 cunabulis
1535 4912 1690 4972 meis.
1724 4911 1839 4969 sive

245 5004 493 5059 scienter
513 5012 568 5057 et
597 5001 1056 5068 nescienter,sivc
1080 5001 1334 5071 superbe,
1360 5002 1441 5056 vel
1471 5002 1835 5073 negligenter;

246 5098 328 5152 ita
354 5107 409 5151 ut
444 5098 495 5151 in
527 5097 613 5152 die
642 5097 821 5151 exitus
852 5095 977 5158 mei,
1006 5094 1315 5150 etnundatis
1346 5094 1558 5149 dilectis
1585 5094 1838 5149 otnnibns

223 5182 308 5245 ἐι
336 5190 475 5260 bene
505 5189 766 5243 correctis
815 5184 1082 5255 moribus,
1121 5203 1345 5242 secures
1392 5196 1448 5241 et
1489 5188 1730 5257 gaudens
1756 5188 1836 5240 vi-

245 5280 412 5334 deam
462 5279 831 5335 dulcissimam
872 5287 929 5333 et
965 5279 1386 5347 pulcherrimam
1438 5279 1631 5333 faciem
1691 5288 1838 5333 tuam

245 5382 379 5425 eum
419 5370 601 5423 laetitia
651 5380 706 5423 et
731 5370 1098 5423 exsultatione
1152 5379 1375 5439 propter
1414 5379 1561 5422 Inani
1615 5369 1836 5423 nimiam

248 5463 686 5518 misericordiam
722 5472 771 5516 et
803 5460 1123 5515 bonitatem.

326 5551 545 5609 Gratias
572 5554 667 5607 tibi
696 5569 797 5623 ago
828 5554 1024 5607 iterum
1056 5553 1382 5620 itcrtnnqnc,
1410 5542 1754 5622 omnipotens
1782 5564 1838 5607 ct

248 5644 569 5699 misericors
613 5646 849 5708 Christe,
907 5645 998 5713 qui
1074 5644 1398 5699 immeritam
1487 5645 1837 5713 exiguitatem

250 5747 668 5808 meamproptcr
692 5750 766 5807 te,
787 5749 839 5795 et
867 5753 1061 5793 no.::en
1088 5732 1336 5794 sanetum
1363 5746 1535 5804 tuoin,
1563 5738 1628 5792 de
1654 5737 1838 5792 inultis

1941 4547 2140 4603 cordite
2190 4561 2311 4605 cum
2337 4561 2547 4601 summa
2594 4547 2904 4603 devotione.
2951 4546 3069 4603 Non
3119 4562 3239 4603 sum
3288 4547 3429 4602 sicut
3479 4556 3535 4602 et

1938 4639 2094 4696 multi
2127 4639 2342 4699 illorum
2371 4638 2464 4708 qui
2508 4638 2562 4693 in
2593 4638 2767 4695 oculis
2792 4639 3077 4697 hominum
3135 4648 3403 4710 tanquam
3427 4638 3532 4692 ini-

1941 4731 2031 4802 qui
2072 4738 2127 4785 et
2151 4731 2392 4800 perversi
2422 4740 2543 4785 esse
2573 4730 2863 4803 videntur,
2902 4731 2998 4786 sed
3054 4730 3223 4784 multo
3269 4730 3432 4784 aliter
3474 4744 3538 4784 se

1941 4820 2141 4875 habent
2181 4821 2538 4890 inccnspectn
2564 4830 2698 4874 tuo:
2738 4814 2813 4872 Tu
2842 4820 2978 4874 enim
3007 4817 3150 4872 solus
3200 4818 3337 4870 nosti
3372 4817 3536 4870 corda

1941 4912 2172 4981 ﬁliorum
2200 4910 2469 4966 hominum
2500 4909 2585 4983 (Il
2620 4910 2745 4964 Par.
2775 4926 2849 4975 γι,
2873 4910 2989 4981 50).
3047 4907 3106 4964 Si
3137 4907 3262 4976 quid
3328 4919 3531 4972 tamen,

1942 5006 2191 5072 Domine,
2217 5005 2340 5060 boui
2371 5004 2541 5070 facio,
2569 5012 2662 5058 aut
2685 5002 2890 5066 fecero,
2920 5010 3009 5056 tua
3033 5000 3205 5071 gratia
3232 4999 3496 5068 largiente
3515 5040 3535 5065 ,

1941 5112 2050 5168 quo
2078 5096 2182 5150 fine
2214 5097 2315 5151 hoc
2348 5096 2542 5151 faciam
2562 5136 2576 5160 ,
2607 5097 2782 5166 quave
2809 5091 3151 5147 tliStrietione
3181 5108 3209 5146 a
3260 5100 3313 5145 te
3338 5103 3530 5160 pense-

1944 5199 2055 5254 tur,
2085 5188 2293 5260 ignoro.
2322 5184 2497 5248 Unde,
2539 5185 2679 5257 Deus
2711 5182 2961 5237 terribilis
2995 5184 3049 5236 in
3096 5180 3329 5237 consiliis
3377 5196 3529 5246 super
3572 5232 3577 5233 ,

1940 5279 2077 5348 ﬁlios
2102 5280 2369 5333 hominum
2401 5274 2574 5347 (Psul.
2617 5289 2751 5339 va,
2778 5273 2862 5343 5),
2885 5282 3031 5327 tuam
3061 5283 3304 5329 sanetam
3349 5281 3403 5326 et
3433 5273 3521 5324 im-

1943 5386 2185 5425 mensam
2211 5372 2432 5441 supplcx
2463 5375 2519 5422 et
2580 5365 2809 5420 multum
2856 5375 3095 5421 tremens
3132 5364 3393 5435 deprecor
3421 5361 3531 5417 cle-

1941 5462 2222 5524 mentiam,
2250 5470 2307 5514 ut
2333 5461 2424 5531 qui
2455 5458 2724 5515 neminem
2753 5456 3059 5527 vis'perire,
3097 5454 3188 5510 sed
3208 5469 3395 5508 omnes
3418 5452 3530 5507 sal-

1941 5568 2037 5608 vos
2060 5552 2238 5609 facere
2261 5552 2312 5623 (1
2337 5552 2471 5607 Tim.
2500 5569 2564 5619 ιι,
2584 5554 2663 5620 4i),
2691 5570 2794 5608 non
2821 5568 2905 5608 me
2926 5548 3266 5618 dereli:.quas
3290 5546 3344 5601 in
3365 5559 3530 5602 manu

1940 5645 2153 5701 consilii
2203 5646 2331 5711 mei,
2376 5660 2552 5715 neque
2588 5646 2639 5700 in
2674 5645 2875 5717 judicio
2929 5641 3137 5696 arbitrii
3188 5638 3315 5724 mei,
3357 5649 3530 5706 neque

1944 5738 1998 5792 iu
2031 5747 2300 5809 potestate
2330 5748 2422 5794 aut
2455 5738 2753 5793 tentatione
2784 5737 3081 5792 dat-umnam
3102 5775 3117 5800 ,
3157 5745 3329 5801 neque
3363 5729 3528 5786 er-
