4060 6292
529 285 638 342 803

859 285 919 340 S.
970 285 1269 341 A'NSELMI
1300 284 1655 341 CANTUAR.
1694 283 2014 339 ARCHIEP.
2041 282 2191 339 OPP.
2227 283 2406 338 PARS
2446 284 2507 337 Il.
2549 314 2620 323 —
2654 285 3024 340 PAR/ENE'].
3061 285 3139 341 E'l
3187 287 3431 343 ASCET.

3719 292 3832 345 θυι

530 376 906 468 rantejudicio
947 408 1039 455 aut
1070 396 1494 456 noxio—consilio
1520 396 1802 452 hominum
1832 438 1846 462 ,
1877 396 1972 452 sed
2020 410 2120 467 pro
2145 400 2194 459 Α
2225 394 2526 465 intelligens
2552 395 2779 462 habere,
2827 396 3133 452 mirandum
3180 406 3264 454 est
3315 407 3372 454 et
3393 395 3620 453 multum
3642 388 3837 457 obsim

532 492 776 548 bonitate
799 507 863 548 ac
891 492 1091 562 pietate
1122 502 1235 556 tua,
1261 491 1413 561 juxta
1447 505 1603 546 suam
1644 489 2116 560 benignissimam,

536 596 662 651 qua:
687 582 843 637 insui
874 564 1219 651 dispositione
1268 581 1376 636 falli
1422 597 1529 636 non
1582 588 1781 651 potest,
1828 578 2121 649 providen-

535 671 691 736 tiam,
712 672 933 741 dispone
964 672 1051 727 hic
1076 681 1131 728 et
1179 672 1403 743 ubique,
1456 687 1600 727 nunc
1630 681 1686 726 et
1728 685 1976 742 semper,
2005 669 2125 727 dies

534 763 663 818 vita:
703 779 836 819 mea:
861 764 915 819 iu
955 764 1293 836 beneplacito
1322 774 1433 832 tuo,
1466 773 1521 819 et
1541 764 1712 835 dirige
1735 778 1833 833 per
1863 761 2123 833 Spiritum

530 866 786 913 sanctum
834 864 984 911 tuum
1015 872 1130 924 cor,
1164 857 1424 928 linguam,
1455 866 1716 925 actusque
1755 869 1906 909 meos
1929 868 2127 910 secun-

534 948 662 1002 dum
690 946 1021 1003 voluntatem
1052 956 1199 1002 tuam
1226 948 1278 1002 in
1314 958 1403 1002 tua
1440 946 1810 1002 misericordia
1841 954 1902 999 ut
1933 954 1984 1000 te
2006 960 2128 1001 rec-

536 1051 673 1105 tore,
706 1048 757 1094 te
783 1043 922 1094 duce
949 1039 1038 1094 illa
1068 1054 1285 1109 semper
1311 1039 1557 1095 studeam
1587 1038 1827 1109 cogitare
1850 1076 1865 1105 ,
1894 1036 2038 1106 loqui
2068 1046 2128 1091 et

533 1145 695 1202 agere
721 1146 843 1200 qua:
869 1130 962 1185 tibi
989 1132 1204 1201 placent
1225 1172 1239 1195 ,
1265 1146 1361 1201 per
1383 1131 1611 1202 gratiam
1661 1139 1806 1185 tuam
1837 1131 1889 1184 in
1920 1130 2127 1184 verita-

536 1234 629 1290 te;
670 1232 724 1277 et
762 1237 849 1278 me
873 1225 1090 1277 tandem
1124 1224 1189 1277 ad
1219 1222 1385 1277 vitam
1428 1221 1729 1293 perducant
1764 1230 2051 1285 aeternam,
2079 1227 2132 1276 te

534 1314 834 1369 miserante
862 1321 917 1367 et
965 1313 1219 1377 donante,
1276 1312 1366 1382 qui
1400 1327 1460 1366 es
1514 1311 1736 1383 largitor
1764 1311 2008 1365 omnium
2032 1312 2131 1366 bo-

533 1420 752 1471 norum,
781 1415 837 1460 et
859 1406 948 1475 qui
972 1420 1033 1459 es
1058 1406 1195 1459 Deus
1228 1404 1543 1459 benedictus
1584 1419 1707 1475 cum
1740 1403 1903 1457 Patre
1929 1410 1982 1458 et
2011 1401 2135 1471 Spi-

534 1497 641 1552 ritu
670 1506 860 1551 sancto
883 1496 935 1549 in
964 1495 1156 1550 saecula
1188 1494 1531 1548 srcculorum.
1582 1498 1774 1550 Amen.

1032 1587 1404 1643 MEDI'I‘ATIO
1446 1586 1663 1641 xw“.

533 1678 612 1733 De
635 1680 911 1733 dulcedine
952 1679 1147 1732 divina:
1196 1679 1520 1748 ntttjcsttttis,
1553 1690 1600 1733 et
1648 1682 1712 1732 de
1753 1679 1873 1733 aliis
1931 1678 2132 1734 inultis.

2225 487 2552 558 poscendum
2591 489 2863 558 quomodo
2890 506 3127 559 unquam
3156 490 3326 560 ipsius
3361 490 3726 549 obliviscatur
3746 492 3837 551 CIII

2234 578 2566 650 complacuit
2601 580 2703 635 sibi
2731 581 2912 635 omnia
2941 582 3042 635 ista
3072 582 3225 636 dare.

2296 672 2340 727 II
2401 673 2493 728 ⁷⁷⁸.
2547 672 2816 738 Quantum
2865 674 3020 727 homo
3069 674 3133 727 ab
3180 674 3387 729 homine
3432 674 3742 745 diligatur;
3788 683 3839 730 et

2230 780 2394 833 quare
2427 762 2568 818 Deus
2598 762 2716 832 plus
2745 762 2926 816 debeat
2959 763 3130 833 diligi,
3168 780 3327 834 quant
3350 764 3542 835 aliquis
3577 765 3840 819 home.—

2228 858 2297 890 ⁷⁷⁷
2332 856 2503 910 Homo
2539 856 2718 925 itaque
2764 855 2855 919 ⁷⁷⁸,
2890 856 2976 911 cui
3000 856 3068 909 ab
3098 854 3205 910 alio
3226 854 3446 911 homine
3484 855 3715 927 aliquod
3740 857 3822 911 bo

2231 961 2358 1002 num
2384 946 2555 1001 inhoc
2578 946 2778 1001 smculo
2817 946 3002 1011 datur,
3021 946 3218 1016 saepius
3242 958 3348 1001 tam
3372 946 3653 1002 ferventer
3668 947 3748 979 ⁷⁷⁹
3780 947 3815 1002 il

2231 1037 2341 1093 lum
2364 1038 2500 1093 solet
2515 1037 2761 1107 diligere,
2784 1040 2875 1109 qui
2893 1037 2995 1092 sibi
3033 1038 3102 1070 7”
3118 1039 3221 1095 hoc
3243 1038 3443 1093 bonum
3460 1037 3618 1103 fecit,
3644 1040 3841 1110 sicque

2227 1131 2433 1201 jngiter
2457 1147 2514 1187 se
2544 1140 2876 1202 prmsentare
2906 1132 2957 1185 in
2988 1130 3106 1200 ejus
3171 1131 3495 1201 obsequium
3542 1132 3641 1198 ⁷⁸⁸,
3680 1142 3748 1187 ut
3794 1132 3841 1188 si

2234 1225 2398 1281 causa
2423 1227 2565 1282 illius
2594 1224 2958 1281 benefactoris
2996 1225 3109 1280 suis
3154 1225 3361 1296 exigat,
3396 1235 3630 1281 mortem
3669 1227 3839 1280 etiam

2236 1318 2433 1388 saepius
2482 1318 2762 1373 incurrere
2786 1328 2886 1390 pro
2909 1317 2997 1372 illo
3028 1333 3137 1373 non
3190 1327 3397 1373 metuat
3416 1318 3487 1350 ⁷⁸³
3515 1335 3531 1383 ;
3561 1327 3621 1373 et
3651 1328 3841 1373 tamen

2242 1411 2469 1475 nullum,
2503 1411 2644 1479 qttod
2687 1427 2924 1481 unquam
2984 1412 3221 1466 homoin
3254 1412 3356 1465 hoc
3415 1412 3616 1467 steculo
3665 1414 3845 1481 possit

2237 1503 2462 1582 habere,
2496 1504 2577 1557 vel
2601 1503 2746 1573 quod
2776 1504 2919 1558 alius
2945 1502 3018 1535 ⁷⁸³
3044 1503 3133 1556 alii
3162 1504 3336 1573 possit
3356 1503 3505 1567 dare,
3540 1504 3737 1558 nullus
3760 1512 3843 1558 est

2240 1602 2347 1647 tam
2366 1593 2720 1662 parvisensus
2733 1593 2823 1662 qui
2847 1608 2950 1647 non
2968 1592 3229 1663 intelligat
3246 1608 3422 1647 senon
3440 1594 3839 1663 inperpetuum

2240 1685 2504 1748 retinere,
2533 1683 2734 1749 sed,vel
2758 1691 3046 1755 antequam
3072 1684 3193 1738 linis
3219 1684 3267 1739 ei
3294 1685 3527 1747 eveniat,
3553 1685 3638 1738 vel
3655 1686 3703 1740 si
3737 1702 3841 1739 non

620 1773 661 1827 I.
695 1773 990 1827 Admiratio
1032 1773 1095 1825 de
1132 1773 1385 1841 inc/fabili
1417 1774 1644 1827 bonitate
1667 1773 1962 1841 Creatoris,
1993 1784 2039 1827 et
2070 1774 2133 1827 de
2165 1774 2207 1833 Β
2236 1774 2591 1840 ante,saltem
2621 1785 2748 1831 tunc
2764 1775 3085 1830 cumliuisei
3114 1775 3411 1839 advenerit,
3437 1773 3726 1831 dimittere
3750 1779 3840 1830 ⁷⁸⁵.

532 1882 726 1936 magna
780 1867 993 1919 miseria
1049 1866 1207 1918 creati
1255 1866 1501 1918 Itontt'm's.
1542 1895 1613 1904 ——
1651 1864 1787 1919 Dum
1848 1866 2132 1920 considero

537 1958 669 2027 quid
706 1958 773 2013 sit
836 1959 993 2022 Deus,
1046 1972 1207 2027 quam
1270 1955 1439 2011 dulcis
1485 1966 1717 2022 natttra,
1771 1971 1934 2025 quam
1984 1971 2132 2010 ama-

536 2048 686 2113 bilis,
739 2064 900 2119 quam
961 2050 1123 2113 bona,
1185 2062 1347 2120 quam
1403 2048 1711 2116 inell'ahilis,
1766 2064 1927 2117 quam
1957 2047 2132 2103 admi-

534 2138 748 2206 rabilis,
779 2146 1039 2208 quautum
1100 2137 1169 2192 ab
1228 2138 1373 2192 omni
1440 2146 1687 2193 creatura
1723 2140 2028 2194 veneranda
2076 2147 2131 2194 et

532 2232 905 2297 adoranda,ct
931 2232 1126 2287 iterum
1150 2230 1310 2286 video
1336 2240 1389 2285 et
1422 2231 1659 2302 intelligo
1689 2232 1815 2302 quid
1845 2232 1917 2286 sit
1943 2233 2128 2299 homo,

532 2338 698 2395 quem
729 2324 843 2394 ipse
870 2326 1009 2379 Deus
1039 2323 1171 2381 fecit
1194 2326 1263 2380 ad
1309 2325 1595 2395 imaginem
1623 2336 1677 2380 et
1719 2325 2126 2381 similitudinem

544 2433 727 2483 suam,
760 2433 1031 2488 quemque
1058 2428 1319 2489 praeterea
1346 2419 1417 2450 ⁷⁸⁸
1451 2418 1608 2473 talem
1643 2420 1870 2482 creavit,
1901 2427 1958 2473 ut
1985 2419 2129 2474 sicut

538 2521 753 2578 semper
783 2508 835 2562 iu
868 2523 927 2563 se
978 2506 1308 2578 exprimeret
1340 2508 1627 2578 imaginem
1675 2507 1952 2563 Creatoris
1993 2508 2076 2563 sui
2107 2524 2123 2574 ;

532 2599 611 2655 sic
638 2613 857 2669 semper
883 2598 934 2653 in
977 2600 1236 2655 memoria
1292 2599 1519 2655 haberet
1558 2600 1892 2655 voluntatem
1925 2598 2042 2670 ejus
2072 2608 2127 2656 et

530 2686 893 2756 dilectionem,
914 2690 1003 2760 qui
1028 2705 1151 2743 cum
1178 2690 1250 2721 ⁷⁸⁸
1277 2689 1436 2745 talem
1457 2690 1684 2756 creavit,
1707 2692 1874 2745 miror
1896 2691 2124 2746 multum

535 2788 592 2834 ct
618 2781 943 2850 ohstupesco
970 2790 1025 2834 et
1056 2781 1122 2835 de
1150 2779 1508 2834 inatstimabili
1544 2781 1784 2836 bonitate
1835 2779 1928 2835 Dei
1970 2796 2127 2836 crea-

534 2874 687 2938 toris,
724 2883 778 2927 et
809 2875 875 2928 de
898 2889 1091 2943 magna
1124 2873 1338 2927 miseria
1380 2872 1556 2928 creati
1584 2872 1839 2927 hominis.
2098 2922 2101 2925 γ

580 2966 679 3020 De
703 2965 959 3021 iuell‘abili
1019 2966 1261 3021 bonitate
1286 2964 1382 3020 Dei
1415 2966 1584 3020 miror
1616 2967 1780 3035 quod,
1807 2982 1929 3021 eum
1955 2968 2025 2999 ⁷⁷⁷
2055 2968 2125 3023 sit

534 3059 650 3127 ipse
676 3058 1239 3128 omnipotentissimus
1270 3066 1325 3113 et
1350 3055 1708 3126 iustissimus,
1733 3058 1940 3129 patitur
1960 3061 2123 3115 homi-

533 3165 658 3204 nem
683 3149 765 3204 vel
800 3150 867 3202 ad
909 3149 1308 3218 horamvivere,
1337 3168 1495 3222 quem
1519 3159 1803 3222 prOpterea
1826 3153 1993 3208 voluit
2017 3163 2125 3208 tam
2154 3123 2195 3181 Ο

532 3242 904 3297 honorabilem
934 3258 1124 3298 creare
1162 3244 1235 3276 ⁷⁸⁸
1268 3255 1326 3299 ιιι
1362 3246 1504 3301 sicut
1544 3246 1661 3316 ipse
1693 3246 1854 3302 homo
1883 3248 2121 3303 honora-

533 3336 696 3390 bilior
715 3343 859 3391 esset
882 3335 1094 3391 caeteris
1125 3336 1195 3369 ⁷⁸⁸
1225 3338 1513 3403 creaturis,
1559 3337 1929 3394 honorabilius
1956 3349 2124 3395 crete-

534 3427 610 3481 ris
642 3428 908 3482 creaturis
935 3428 1139 3483 viveret
1198 3443 1416 3499 semper
1439 3428 1737 3484 secundum
1788 3429 2122 3487 voluntatem

531 3519 615 3573 sui
640 3518 918 3573 Creatoris
951 3535 963 3571 :
993 3530 1049 3573 et
1095 3519 1212 3589 ipse
1252 3519 1592 3574 miserrimus
1622 3526 1678 3572 et
1707 3517 2126 3578 .inl‘clicissimus

533 3624 635 3682 per
652 3610 983 3664 contrarium
1014 3610 1145 3680 agit,
1171 3611 1334 3680 quod,
1353 3628 1476 3666 cum
1504 3626 1695 3668 omnes
1721 3611 1839 3667 alia:
1863 3623 2131 3670 creatura:

538 3714 754 3771 semper
782 3701 1112 3756 concordent
1132 3716 1252 3756 cum
1276 3702 1550 3758 voluntate
1580 3702 1860 3760 Creatoris
1877 3706 1982 3770 sui,
2010 3706 2127 3775 ipse

536 3808 754 3865 semper
776 3792 1004 3849 autferc
1038 3809 1251 3865 semper
1300 3796 1371 3828 ⁷⁷⁰
1430 3796 1634 3852 resistit
1660 3797 1801 3854 illius
1840 3798 2125 3854 voluntati.

539 3886 616 3940 De
651 3885 914 3939 immensa
945 3900 1072 3939 vero
1096 3885 1316 3940 miseria
1370 3886 1607 3942 hominis
1631 3888 1803 3944 miror
1855 3890 2126 3960 quomodo

535 3992 758 4032 sensum
780 3977 860 4032 sic
880 3978 950 4009 "“
990 3979 1258 4048 perditum
1285 3978 1482 4034 habeat
1505 4019 1521 4046 ,
1561 3981 1640 4035 sic
1660 3981 1814 4051 quasi
1843 3995 2007 4052 pecus
2028 3983 2124 4047 ⁷⁷³,

532 4071 678 4139 quod
707 4085 924 4125 sensum
954 4085 1061 4125 non
1088 4071 1270 4137 habet,
1301 4071 1470 4139 vivat,
1505 4081 1566 4127 ut
1617 4073 1691 4105 ⁷⁷³
1719 4090 1957 4144 unquam
1988 4074 2123 4130 obli-

533 4161 775 4216 viscatur
809 4163 1087 4218 Creatoris
1127 4163 1210 4217 sui
1268 4165 1359 4235 qui
1425 4164 1508 4219 sui
1552 4164 1623 4197 ⁷⁷⁸
1662 4165 1830 4236 ipsius
1884 4182 1989 4221 non
2027 4181 2125 4236 po-

534 4262 643 4308 test
671 4254 939 4311 oblivisci.
971 4255 1129 4323 Puto,
1177 4256 1279 4311 nisi
1339 4258 1562 4313 insanus
1587 4258 1678 4325 sit,
1726 4275 1999 4329 nttuqttam
2039 4261 2121 4316 sui

536 4342 705 4412 ipsius
732 4353 817 4400 est
861 4347 1148 4402 immemor
1189 4347 1299 4414 7";
1335 4356 1395 4403 ut
1424 4363 1529 4403 non
1571 4348 1838 4421 intelligat
1870 4365 1931 4406 se
1977 4365 2119 4417 esse,

2306 1885 2459 1953 Quod
2489 1885 2775 1942 veroDeus
2806 1885 3010 1941 homini
3042 1886 3094 1941 in
3120 1886 3223 1941 hoc
3245 1885 3444 1942 sarculo
3465 1886 3577 1952 dat,
3610 1895 3712 1941 aut
3738 1887 3843 1943 tale

2234 1978 2481 2047 estquod
2533 1976 2817 2047 nunquam
2854 1976 3090 2041 amittat,
3133 1985 3191 2031 et
3234 1992 3508 2046 nunquam
3551 1977 3601 2031 ei
3637 1977 3841 2048 aliquis

2234 2068 2447 2123 auferat
2471 2077 2561 2123 aut
2588 2068 2694 2123 tale
2727 2077 2834 2133 est,
2858 2076 2917 2121 ut
2946 2067 3016 2099 ⁷⁸⁸
3070 2068 3282 2122 etiamsi
3329 2069 3492 2122 homo
3548 2068 3681 2123 illud
3719 2085 3843 2140 per-

2232 2162 2345 2226 dat,
2372 2175 2469 2232 per
2498 2159 2624 2214 illud
2653 2167 2830 2214 tamen
2856 2160 3152 2229 promereri
3184 2160 3350 2229 possit
3394 2160 3489 2224 ⁷⁸⁶,
3513 2159 3669 2214 ﬁnita
3700 2177 3843 2230 ptat-

2234 2252 2533 2319 sentivita,
2560 2254 2692 2308 utin
2721 2261 2982 2307 :eteruum
3013 2251 3084 2305 sit
3126 2265 3246 2305 cum
3307 2249 3568 2305 Creatore
3624 2266 3733 2307 suo
3782 2252 3836 2306 in

2231 2344 2389 2399 beata
2415 2343 2547 2399 vita.
2594 2344 2697 2399 Dat
2742 2352 2926 2398 autem
2961 2343 3103 2397 Deus
3165 2341 3369 2396 homini
3401 2342 3600 2413 saepius
3648 2342 3707 2396 in
3740 2342 3842 2398 hoc

2231 2435 2432 2491 smculo
2480 2435 2776 2491 secundum
2849 2434 3114 2489 rationem
3175 2427 3360 2489 vivere
3387 2442 3443 2489 et
3506 2433 3838 2490 Creatorem

2230 2541 2411 2593 suum,
2432 2524 2695 2595 sicutipse
2715 2524 2959 2596 praecipit
2980 2532 3037 2579 et
3052 2523 3259 2593 justum
3287 2533 3393 2591 est,
3409 2523 3663 2594 diligere,
3693 2539 3840 2595 pra:-

2230 2619 2403 2689 ceptis
2452 2616 2571 2688 ejus
2603 2619 2720 2674 sine
2751 2617 2857 2672 ulla
2911 2616 3344 2673 contradictione
3372 2631 3471 2687 per
3513 2619 3702 2671 omnia
3732 2618 3837 2671 ob-

2231 2720 2557 2782 temperare,
2582 2720 2635 2766 et
2664 2711 2768 2766 hoc
2797 2711 2997 2766 bonum
3026 2709 3208 2764 nullus
3238 2710 3537 2777 hominum,
3571 2709 3677 2765 nisi
3722 2710 3840 2781 ipse

2228 2802 2341 2859 sola
2374 2818 2470 2858 sua
2502 2801 2784 2858 voluntate
2833 2800 3086 2864 dimittat,
3135 2807 3314 2869 potest
3375 2798 3611 2853 auferre.
3664 2797 3838 2855 Pecu.

2227 2895 2372 2949 niam
2407 2892 2781 2964 temporalem,
2812 2892 2943 2946 velit
2979 2891 3112 2946 nolit
3160 2892 3356 2955 homo,
3396 2905 3623 2946 necesse
3650 2891 3703 2947 ei
3730 2893 3840 2947 erit

2227 2984 2525 3051 dimittere;
2559 2984 2675 3048 sed,
2705 2982 2832 3037 dum
2856 2996 2971 3037 eam
2996 2980 3189 3047 habet,
3216 2980 3262 3036 si
3289 2980 3513 3051 largitur
3530 2996 3656 3036 eam
3688 2983 3839 3037 sicut

2228 3077 2370 3131 Dens
2400 3091 2531 3131 suus
2585 3074 2858 3146 praecepit,
2892 3073 3190 3129 merebitur
3238 3074 3318 3129 sic
3350 3074 3418 3108 ⁷⁸⁷
3448 3072 3708 3130 faciendo
3769 3076 3838 3131 ad

2230 3172 2544 3235 perpetuam
2569 3165 2736 3218 vitam
2771 3164 3081 3233 pervenire.

2302 3255 2346 3311 0
2382 3255 2647 3310 immensa
2679 3255 2955 3311 Creatoris
2987 3255 3157 3310 nostri
3188 3256 3437 3310 bonitas!
3467 3270 3502 3309 ο
3528 3255 3837 3311 inaestima-

2228 3349 2355 3405 bilis
2390 3349 2804 3405 misericordia!
2843 3349 2959 3419 Ipse
2983 3350 3036 3403 in
3078 3349 3226 3404 nullo
3264 3350 3336 3381 ⁷⁸⁸
3361 3364 3601 3419 unquam
3664 3367 3835 3422 egens

2228 3441 2468 3504 homine,
2482 3440 2756 3496 hominem
2781 3448 2958 3495 tamen
2984 3440 3196 3510 prosola
3222 3440 3400 3495 Itonita
3411 3449 3460 3494 te
3480 3456 3578 3495 sua
3598 3442 3831 3508 creavit,

2235 3531 2470 3587 creando
2500 3530 2870 3586 rationalitate
2893 3534 3179 3586 exornavit
3198 3531 3303 3597 "9;
3335 3542 3395 3586 ut
3415 3530 3696 3587 felicitatis
3716 3534 3833 3603 ejus

2233 3630 2289 3678 et
2315 3622 2639 3678 aatcrnitatis
2663 3633 2845 3693 posset
2869 3639 2990 3679 esse
3011 3625 3081 3656 ⁷⁹⁰
3112 3625 3406 3694 particeps,
3437 3634 3493 3679 et
3514 3624 3597 3679 sic
3620 3641 3744 3680 cum
3766 3641 3834 3679 eo

2233 3714 2487 3784 gaudium
2518 3714 2684 3785 238
2712 3724 2768 3770 et
2800 3715 3042 3770 lrctitiam
3074 3716 3125 3769 in
3172 3725 3494 3786 perpetuum
3544 3716 3835 3785 possidere

2230 3804 2323 3858 ⁷⁸⁷.
2366 3806 2559 3861 Adhuc
2584 3809 2746 3862 etiam
2788 3823 2910 3862 cum
2961 3809 3122 3862 homo
3175 3807 3228 3861 in
3270 3807 3458 3861 multis
3508 3809 3832 3861 contrarius

2230 3899 2278 3952 ei
2306 3898 2526 3964 existat,
2559 3898 2749 3962 multa,
2782 3914 3091 3969 quanquam
3114 3899 3162 3954 ei
3186 3898 3507 3968 displiceant
3528 3899 3622 3960 ⁷³⁷,
3651 3901 3833 3954 sciens

2232 3990 2525 4061 volensque
2554 3989 2747 4049 faciat:
2794 4001 2975 4057 monet
3018 4000 3197 4046 tamen
3246 4006 3370 4045 eum
3418 3999 3478 4044 ut
3510 3992 3745 4055 redeat,
3776 4000 3833 4045 et

2231 4082 2657 4137 misericordiam
2702 4083 2977 4138 Creatoris
3012 4084 3094 4138 sui
3126 4083 3388 4153 requirat,
3442 4098 3544 4139 nec
3582 4098 3683 4152 pro
3720 4084 3833 4137 ttllo

2230 4173 2554 4239 commisso,
2589 4176 2801 4229 tametsi
2836 4176 2983 4244 gravi
3031 4176 3321 4245 desperare
3359 4189 3680 4243 praesumat.
3732 4176 3833 4231 Est

2229 4261 2371 4314 enim
2402 4260 2520 4314 fons
2549 4261 2766 4329 pietatis
2817 4275 2871 4317 et
2896 4263 3310 4328 misericordiar,
3351 4272 3403 4317 el
3436 4280 3655 4329 omnes,
3689 4281 3832 4334 qua-

2228 4364 2442 4422 cunque
2468 4353 2677 4408 macula
2699 4354 2769 4384 ⁷³³
2786 4356 2989 4424 peccati
3011 4354 3119 4409 sint
3140 4354 3343 4415 lmdati,
3370 4354 3651 4410 desiderat
3670 4371 3833 4409 mttu-

537 4432 727 4490 vivere
751 4442 808 4489 et
854 4435 1174 4506 intelligere.
1224 4436 1351 4493 Haec
1387 4446 1566 4493 autem
1613 4440 1794 4494 omnia
1841 4440 2004 4495 homo
2062 4456 2121 4497 se
2152 4431 2199 4491 υ
2226 4444 2355 4498 dare
2380 4485 2395 4510 ,
2426 4446 2700 4501 mttndatis
2751 4446 3009 4517 perennis
3044 4446 3119 4480 m
3144 4447 3268 4500 vita:
3304 4446 3547 4500 laetitiam
3578 4448 3829 4501 reddere.

1820 4547 2055 4605 VARUE
2090 4550 2489 4609 LECTIONES.

613 4635 691 4715 7“_
711 4635 918 4715 Collatq
949 4647 1302 4715 εςιειέηιλης.
1439 4636 1663 4715 Martini
1694 4638 2038 4715 Tornacensis
2085 4640 2113 4713 ᾗ
2165 4641 2204 4695 I.
2235 4642 2435 4715 Stupor
2455 4644 2522 4699 de
2547 4661 2811 4701 memoria
2875 4646 2968 4701 Dei
3015 4655 3068 4702 et
3114 4646 3349 4700 hominis
3384 4646 3677 4701 oblivione.
3724 4664 3828 4702 ms.

536 4707 844 4762 Adtniratio
878 4709 944 4763 de
979 4707 1237 4763 inetl‘abili
1267 4709 1510 4785 bonitate
1555 4710 1851 4774 Creatoris,
1906 4719 1961 4785 et
2000 4713 2067 4765 de
2088 4707 2311 4785 'magua
2338 4707 2569 4770 "miseria
2601 4717 2768 4771 creati
2802 4718 3055 4772 hominis.
3130 4718 3200 4748 ⁷⁸⁵
3225 4717 3509 4785 Quamque
3535 4728 3826 4785 propterea

536 4795 635 4832 ms.
661 4788 1215 4857 quemqueprteterea
1289 4779 1359 4811 ⁷⁸⁸
1389 4778 1525 4846 Quia
1557 4796 1693 4857 eum
1721 4798 1817 4857 ηις.
1847 4780 1936 4849 qui
1985 4796 2116 4857 eum
2185 4778 2252 4815 7"
2284 4784 2437 4851 Quod
2496 4801 2619 4840 eum
2670 4787 2744 4843 sit
2769 4804 2867 4841 ηις.
2891 4790 2981 4857 qui
3023 4804 3143 4842 cum
3172 4778 3270 4842 sit'
3314 4788 3386 4819 ⁷⁸⁸
3412 4778 3829 4843 Honorabiliter

537 4865 724 4902 creare
772 4866 870 4902 ms.
901 4849 1553 4928 “honorabilemnereare
1625 4851 1695 4881 ⁷⁸³
1732 4850 1887 4905 Esset
1939 4853 2151 4908 cunctis
2187 4870 2287 4928 ms.
2311 4849 2462 4910 esset
2487 4857 2702 4928 caeteris
2794 4859 2864 4889 "°
2909 4849 3146 4928 'Semper
3194 4858 3307 4913 fere
3336 4868 3431 4911 aut
3477 4874 3695 4925 semper
3722 4876 3827 4912 ins.

537 4934 755 4997 semper
779 4929 871 4973 aut
899 4921 1009 4974 fere
1031 4935 1245 4997 semper
1317 4919 1404 4997 ⁷⁷⁷.
1423 4919 1513 4974 Sic
1539 4936 1899 4997 sens_u_m_nt_s.
1949 4938 2164 4997 sensum
2193 4926 2273 4978 sic
2374 4928 2444 4957 ⁷⁷²
2498 4927 2660 4993 Quasi
2693 4944 2857 4997 pecus
2890 4946 2989 4981 ms.
3038 4919 3117 4982 sic
3161 4930 3316 4997 quasi
3345 4944 3511 4996 pecus
3584 4919 3658 4961 ⁷⁷³
3705 4928 3826 4982 Νοιι

539 4991 701 5044 habet
744 5001 800 5043 ut
844 5007 943 5043 ms.
992 5005 1102 5047 non
1140 4992 1321 5057 habet,
1355 4990 1502 5044 vivat
1531 5000 1589 5044 ιιι
1661 4992 1733 5022 ⁷⁷⁵
1763 4991 1880 5057 Sui,
1909 4994 1998 5060 qui
2050 4993 2134 5048 sui
2186 5010 2283 5049 ms.
2335 4997 2440 5060 sui,
2476 4990 2615 5051 sicut
2644 4990 2748 5051 non
2788 4999 2870 5053 sui
2947 5000 3017 5034 ⁷⁷⁸
3067 4990 3192 5053 Erit"
3239 4990 3530 5053 immemor
3578 5015 3680 5053 ms.
3734 5009 3829 5052 est

539 5061 824 5138 innnemor
894 5061 972 5138 "°_
997 5061 1024 5132 §
1058 5061 1121 5114 ll.
1154 5060 1423 5138 Quantum
1450 5062 1610 5138 homo
1628 5062 1701 5138 ab
1724 5062 1940 5117 homine
1965 5062 2225 5138 diligitur,
2255 5074 2310 5138 et
2332 5083 2503 5136 quare
2535 5067 2794 5121 Dominus
2824 5069 2943 5137 plus
2967 5068 3205 5138 diligitur
3229 5084 3391 5137 quam
3420 5069 3623 5137 aliquis
3658 5070 3829 5123 homo

537 5148 635 5183 ms.
665 5136 939 5208 Quantum
962 5133 1128 5208 homo
1151 5136 1219 5208 ab
1247 5132 1465 5186 homine
1496 5132 1762 5203 diligitur;
1783 5144 1848 5208 get
1878 5148 2047 5208 quare
2070 5132 2221 5189 Deus
2263 5132 2381 5208 plus
2413 5139 2607 5192 debeat
2633 5139 2780 5208 diligi
2813 5132 2973 5208 quam
3027 5132 3223 5208 aliquis
3249 5132 3442 5194 homo.
3515 5132 3589 5172 ⁷⁷⁷
3624 5139 3826 5193 Auset-

538 5216 801 5276 ttttts_nts_.
836 5205 1019 5276 emit.“
1058 5202 1130 5233 ⁷⁷⁸
1152 5202 1333 5276 Ilomo
1369 5202 1611 5276 namque
1629 5218 1743 5276 ηις.Δ
1781 5206 1939 5257 homo
1968 5205 2147 5276 itaque
2191 5202 2308 5276 77"“
2335 5206 2628 5261 Ferventer
2664 5202 2762 5261 ηιςῖ
2800 5202 2905 5262 tam
2953 5202 3223 5264 ferventer
3310 5210 3381 5241 ⁷⁸⁵⁰
3413 5210 3550 5276 Quia
3587 5210 3693 5264 sibi
3719 5224 3825 5262 ας.

537 5274 619 5340 qtr'
670 5270 780 5340 lsibi
854 5273 922 5305 ⁷⁸¹
964 5271 1091 5344 Ejus
1113 5274 1389 5344 obsequiis
1417 5270 1525 5327 ηις.
1548 5274 1664 5343 ejus
1697 5274 2012 5342 obsequium
2060 5270 2158 5306 ’⁷⁸⁷
2182 5275 2385 5332 Metuat
2411 5278 2571 5340 mori,
2599 5288 2655 5332 et
2679 5295 2775 5332 ms.
2807 5290 3034 5344 metuat,
3067 5292 3121 5333 et
3193 5279 3265 5310 ⁷⁸³
3296 5277 3388 5333 Vel
3423 5270 3574 5335 alios
3604 5296 3702 5333 ηις.
3732 5279 3827 5333 vel

538 5344 690 5409 quod
716 5344 856 5419 alios
925 5344 996 5419 ⁷⁸⁷⁸
1032 5342 1167 5397 Illud
1213 5343 1485 5412 oportebit
1527 5342 1626 5419 ηις.
1678 5345 1827 5398 omit.
1860 5414 1871 5419 _
1906 5344 1975 5375 ⁷⁸⁸
2027 5345 2126 5399 Dat
2184 5348 2288 5419 tale
2318 5359 2466 5402 est...
2505 5350 2788 5403 amittatur
2832 5360 2887 5404 et
2932 5342 3210 5419 nunquam
3255 5351 3305 5405 ei
3333 5366 3427 5419 per
3454 5351 3625 5405 ttllum
3666 5349 3826 5403 aule-

540 5422 722 5489 ratur._
744 5413 893 5478 'I‘ale,
924 5414 1165 5489 inquam,
1185 5426 1273 5489 est
1300 5423 1376 5489 ut
1398 5430 1494 5468 ms.
1524 5413 1640 5476 dat,
1659 5424 1770 5489 aut
1802 5414 1908 5468 tale
1951 5426 2053 5477 est,
2095 5418 2236 5486 quod
2283 5434 2559 5489 nunquam
2595 5420 2834 5486 amittat,
2877 5436 2976 5474 nec
3010 5413 3244 5489 utiquam
3276 5413 3546 5489 ei'aliquis
3573 5421 3827 5483 attferat;

538 5486 760 5559 autta'e
786 5495 887 5559 est,
940 5482 1009 5538 ut
1072 5482 1143 5559 7‘“
1183 5484 1476 5559 Providere
1528 5484 1697 5559 possit
1733 5502 1839 5559 ms.
1885 5482 2182 5559 premereri
2228 5482 2428 5558 possit'
2468 5490 2537 5522 ⁷⁸⁷
2601 5482 2874 5549 Membris.
2922 5482 3207 5559 potest-sic
3246 5507 3343 5545 ms.
3396 5482 3694 5546 tut-rebitur
3736 5482 3827 5544 sic

538 5550 609 5584 ⁷⁴³
639 5552 753 5620 Ipse
779 5556 924 5607 nullo
962 5570 1058 5607 ms.
1089 5554 1201 5620 ipse
1233 5554 1283 5607 in
1318 5554 1461 5607 nullo
1528 5550 1603 5587 ⁷⁸⁸
1625 5550 2187 5611 (ἐι-θηιίιΙοόςυτιιεινίι
2228 5550 2333 5613 ἠις.
2358 5559 2593 5614 creando
2636 5550 2998 5614 rationalitate
3030 5563 3315 5615 exornavit
3384 5562 3456 5592 ⁷⁹⁰
3483 5562 3667 5616 Posset
3696 5574 3827 5614 esse

539 5637 639 5676 ms.
673 5626 840 5690 possit
868 5640 990 5703 esse
1062 5625 1131 5655 ⁷⁹¹
1165 5624 1469 5703 I’ossideret
1498 5640 1594 5679 ms.
1628 5628 1942 5703 possidere“
1979 5628 2048 5703 ⁷⁷⁷
2074 5628 2390 5698 Quanquam
2420 5631 2740 5699 displiceant
2765 5648 2866 5687 ms.
2919 5646 3039 5684 cum
3093 5633 3141 5686 ei
3166 5633 3487 5703 displict-ant
3560 5633 3630 5662 '”
3669 5632 3825 5696 Qua-

540 5705 753 5762 cuuqtte
806 5695 1012 5749 macula
1069 5711 1167 5747 ms.
1214 5695 1524 5764 quicunque
1581 5695 1787 5750 marula
1883 5695 2261 5753 "‘I’crennis'
2295 5704 2475 5770 gloria-
2510 5695 2639 5754 ⁷ηις.
2709 5703 2959 5768 perennis
3023 5706 3144 5757 vita:
