4060 6292
245 272 334 329 803
1567 262 1999 321 MEDLTATION
2012 264 2113 321 ES.

278 384 360 438 ~li|
390 382 475 436 ’9‘.
509 380 661 447 Quod
692 380 865 434 omnia
905 378 1038 433 bona
1072 376 1210 432 Deus
1235 378 1353 445 fecit
1375 417 1390 441 ,
1416 386 1462 431 et
1494 377 1633 447 quod
1660 376 1805 431 ςοΙιις
1836 385 1881 443 Α

244 480 337 547 ipse
360 472 697 529 essentialiter
726 473 887 525 bonus
910 472 996 525 sit.
1020 501 1090 509 -—
1120 471 1192 507 ’9“
1218 468 1554 525 Suavissime
1606 479 1661 525 et
1691 470 1809 525 dul-

243 568 436 623 eissime
458 566 525 596 ⁷⁸⁷
555 564 683 620 Jesu
731 564 968 629 Christe,
1009 563 1099 634 qui
1129 579 1187 617 es
1218 564 1336 633 pius
1388 573 1599 620 amator
1628 565 1808 620 homi-

242 676 373 723 mnn,
396 673 455 712 ac
483 658 553 697 "9'
600 654 1027 726 benignissimus
1068 655 1399 724 Redemptor
1432 664 1805 727 peccatorum,

242 760 288 806 te
312 750 491 804 adoret
511 747 579 780 79“
604 746 785 819 anima
817 764 960 813 mea,
985 748 1078 802 libi
1104 747 1307 802 serviat
1329 749 1507 803 omnis
1530 749 1640 803 vita
1666 766 1805 817 mea,

242 853 286 897 lc
323 841 625 895 desiderent
671 840 851 895 omnia
905 839 1163 894 interiora
1199 855 1343 896 mea.
1392 839 1539 908 Vult,
1565 843 1808 912 piissime

236 932 467 995 Domine,
497 930 611 984 vult
641 946 758 985 mea
786 930 983 985 misera
1036 931 1105 962 ⁸⁰⁰
1131 932 1311 987 anima
1364 934 1606 1005 cogitare
1642 936 1706 990 de
1732 944 1804 1001 te,

236 1036 316 1080 tua
345 1022 606 1079 mirabilia
636 1023 925 1092 insiticere,
951 1030 1003 1077 et
1030 1038 1191 1092 quam
1220 1025 1393 1080 bonus
1415 1034 1471 1079 et
1494 1026 1807 1083 misericors

232 1119 301 1172 sis
325 1132 445 1186 erga
486 1124 801 1186 peceatores
835 1114 1133 1185 intelligere
1153 1156 1167 1180 ,
1202 1131 1268 1171 ne
1295 1124 1515 1187 propter
1538 1132 1653 1172 mea
1678 1133 1805 1187 pec-

232 1202 338 1264 cata
362 1208 677 1276 desperans,
703 1222 732 1258 a
756 1206 997 1261 bonitate
1029 1214 1117 1259 tua
1153 1207 1304 1276 (heu,
1332 1207 1523 1263 miser!
1551 1207 1570 1279 )
1602 1223 1687 1262 me
1715 1224 1807 1263 vc-

229 1302 314 1356 lim
345 1301 599 1365 alienare,
626 1308 684 1353 ut
708 1300 787 1354 sic
818 1302 1063 1371 cogitans
1085 1340 1101 1363 ,
1124 1308 1177 1353 et
1210 1300 1325 1369 tibi,
1352 1300 1444 1371 qui
1494 1301 1697 1356 veritas
1722 1318 1803 1369 es,

226 1394 462 1456 credens,
491 1389 608 1460 jam
637 1389 931 1458 aliquando
957 1390 1025 1446 ab
1057 1389 1429 1459 iniquitatibus
1460 1392 1659 1462 possim
1683 1407 1805 1447 ces-

224 1499 370 1552 sare,
408 1493 463 1539 et
487 1485 556 1539 ad
581 1492 725 1539 recta
752 1483 993 1538 facienda
1026 1484 1263 1537 animum
1293 1499 1471 1539 meum
1496 1484 1651 1541 malis
1671 1500 1802 1555 ope-

223 1577 362 1633 ribus
387 1586 443 1632 et
468 1577 706 1646 peccatis
733 1576 1069 1631 incurvatum
1100 1574 1397 1631 reformare
1424 1578 1518 1632 θοι.
1750 1638 1765 1643 __

287 1669 424 1724 Ecce
450 1669 589 1733 scio,
620 1668 867 1734 Domine,
897 1668 1023 1737 quia
1049 1671 1229 1723 omnia
1255 1684 1375 1739 qua:
1400 1680 1547 1735 sunt,
1571 1670 1635 1725 de
1664 1670 1806 1724 nihi-

3396 276 3504 333 806

1983 377 2070 432 IV.
2102 377 2254 444 Quod
2282 379 2448 433 ontnis
2473 392 2711 434 creatum
2733 399 2886 436 suum
2908 382 3082 439 laudet
3108 382 3505 442 Creatorem-

1911 467 1981 499 3”
2014 466 2225 522 Laudat
2253 476 2304 523 te
2325 469 2487 524 etiam
2532 469 2621 524 illa
2645 480 2917 537 creatura,
2942 472 3027 527 cui
3078 474 3276 528 donum
3307 474 3507 535 intelli-

1909 559 2106 628 gentia)
2137 574 2242 613 non
2269 559 2465 614 dedisti
2490 600 2504 625 ,
2537 563 2753 630 quando
2780 562 3060 619 rationalis
3090 572 3493 624 ereatura'eam

1909 664 1938 703 a
1967 656 2018 705 te
2045 658 2284 705 creatam
2327 651 2523 705 bonam
2569 654 2903 726 pulchreque
2958 657 3263 712 ordinatam
3286 660 3504 733 conspi-

1909 740 2021 807 cit;
2047 749 2102 797 et
2127 742 2225 796 hoc
2247 750 2330 796 est
2352 742 2419 796 ab
2444 741 2533 795 illa
2577 752 2628 796 te
2658 743 2890 812 laudari,
2914 761 2943 801 a
2974 747 3222 802 rationali
3251 747 3322 781 ⁸η
3347 765 3503 807 crea-

1910 840 2051 897 tura,
2081 831 2290 886 seilicet
2318 832 2541 901 intelligi
2576 842 2626 887 te
2653 851 2771 890 eam
2805 838 2998 892 bonam
3026 837 3220 894 fecisse
3248 840 3500 910 pulchre-

1907 938 2013 992 que
2042 925 2344 980 ordinasse.
2380 924 2680 981 Humanam
2710 944 2839 984 vero
2872 938 3121 985 naturam
3144 947 3305 1001 quam
3338 936 3505 990 ratio-

1908 1015 2083 1070 nalem
2109 1016 2304 1078 fecisti,
2339 1026 2395 1073 et
2421 1018 2564 1073 illam
2590 1030 2839 1076 naturam
2887 1023 2974 1078 eui
3000 1024 3367 1097 intelligentia:
3400 1029 3498 1085 do-

1908 1123 2036 1161 num
2058 1123 2163 1162 non
2193 1110 2426 1175 dedisti,
2460 1112 2538 1167 sic
2590 1114 2882 1170 distinxisti
2914 1127 2974 1171 ut
3013 1119 3249 1174 lmmana
3309 1131 3502 1177 natura

1906 1199 1997 1268 ⁸⁸³,
2025 1210 2248 1270 propter
2279 1218 2439 1271 quam
2472 1205 2634 1260 aliam
2671 1217 2978 1263 creaturam
3012 1209 3209 1277 fecisti,
3238 1212 3381 1267 illam
3413 1230 3500 1269 se-

1906 1294 2142 1349 ctmdum
2172 1303 2317 1348 tuam
2345 1296 2673 1352 voluntatem
2702 1300 3047 1369 disponeret,
3100 1313 3154 1358 et
3180 1320 3246 1359 ex
3280 1305 3415 1373 ipsa,
3450 1316 3503 1361 te

1906 1388 2255 1450 concedente,
2270 1386 2582 1443 alimentum
2598 1390 2736 1445 unde
2750 1408 2806 1445 se
2827 1404 3179 1459 sustentaret,
3208 1398 3501 1465 acciperet.

1978 1477 2084 1533 Sed
2115 1478 2238 1547 quia
2276 1480 2439 1536 homo
2467 1480 2537 1512 8”
2577 1497 2641 1537 ex
2683 1484 2893 1539 duabus
2922 1486 3130 1540 naturis
3160 1497 3393 1552 constat,
3432 1502 3499 1543 ex

1906 1570 2084 1623 anima
2111 1570 2320 1625 scilicet
2344 1582 2400 1626 et
2420 1588 2607 1638 carne,
2640 1574 2985 1643 alimentum,
3016 1578 3161 1633 unde
3201 1580 3499 1635 secundum

1906 1674 2129 1715 carnem
2162 1659 2317 1725 vivit,
2350 1662 2551 1731 accipit
2584 1662 2658 1694 ⁸¹⁸
2684 1679 2715 1717 a
2771 1674 3052 1730 creatura;
3086 1669 3228 1721 unde
3252 1684 3382 1722 vero
3414 1685 3503 1723 se-

219 1757 265 1811 lo
295 1756 503 1823 fecisti;
535 1758 585 1813 id
610 1767 711 1823 est,
736 1772 841 1813 non
868 1764 1053 1821 erant,
1085 1767 1139 1813 et
1159 1772 1223 1813 ea
1255 1758 1453 1826 fecisti;
1479 1760 1572 1814 sed
1608 1767 1660 1813 tu
1687 1760 1800 1830 ipse
1834 1752 1875 1808 Β
1902 1752 2137 1809 cundum
2172 1750 2407 1805 animam
2430 1752 2585 1817 vivit,
2616 1753 2811 1824 accipit
2834 1771 2862 1807 a
2892 1754 3174 1822 Creatore,
3196 1758 3289 1811 sed
3321 1767 3501 1812 tamen

218 1855 299 1922 qui
333 1869 395 1908 ea
430 1853 628 1919 fecisti,
659 1870 873 1924 semper
896 1854 1064 1917 fuisti,
1089 1862 1142 1908 et
1164 1868 1439 1924 nunquam
1466 1851 1801 1922 fuitquando

214 1944 404 2011 fueris;
434 1945 581 2001 fuisti
625 1961 751 2001 vero
773 1962 987 2016 semper
1012 1946 1084 1978 ⁸⁰¹
1115 1946 1312 2017 bonus,
1355 1954 1409 2001 et
1438 1959 1654 2015 semper
1678 1960 1799 1999 om-

215 2036 482 2105 nipotens,
513 2047 569 2092 et
591 2047 874 2107 propterea
904 2036 1087 2091 omnia
1120 2050 1453 2107 quaecunque
1479 2034 1676 2098 fecisti,
1704 2035 1801 2089 bo-

211 2142 272 2180 na
302 2126 504 2183 fecisti.
543 2128 621 2182 Tu
646 2142 777 2199 ergo
814 2127 906 2198 qui
937 2141 1154 2198 semper
1182 2126 1370 2192 fuisti,
1411 2135 1549 2182 etes
1575 2134 1630 2181 et
1657 2125 1798 2190 eris,

208 2228 392 2273 etnon
426 2219 520 2288 qui
543 2221 610 2275 de
636 2219 706 2250 ⁸⁰³
740 2234 843 2274 non
875 2234 996 2274 esse
1022 2217 1087 2273 ad
1113 2233 1233 2275 esse
1270 2218 1504 2283 venisti,
1537 2217 1676 2273 sicut
1704 2217 1799 2273 tibi

205 2325 425 2381 semper
451 2326 574 2366 esse
606 2310 729 2378 fuit,
763 2311 835 2365 ita
863 2309 957 2364 tibi
987 2324 1202 2381 semper
1230 2309 1444 2364 bonitas
1472 2315 1527 2364 et
1554 2306 1801 2379 omnipc-

205 2402 370 2455 tentia
405 2400 529 2454 fuit.
561 2401 630 2454 Et
649 2410 869 2472 promer
896 2400 999 2455 hoc
1026 2414 1130 2455 non
1154 2399 1250 2455 tibi
1278 2406 1365 2454 est
1394 2398 1539 2453 aliud
1566 2398 1797 2453 essentia

202 2507 362 2561 quam
411 2492 631 2547 bonitas
657 2502 711 2547 et
742 2492 1169 2563 omnipotentia;
1218 2490 1314 2546 sed
1339 2505 1458 2561 quae
1486 2499 1570 2545 est
1599 2490 1692 2546 tibi
1718 2505 1803 2546 cs-

204 2586 396 2646 scntia,
420 2581 615 2639 eadem
639 2593 722 2639 est
747 2583 960 2641 bonitas
980 2593 1035 2639 et
1053 2583 1448 2656 omnipotentia
1470 2580 1561 2636 θοι.
1590 2581 1654 2636 Ει
1679 2582 1801 2639 ideo

202 2691 303 2728 non
334 2684 497 2745 potes
524 2689 663 2741 esse,
694 2675 796 2730 nisi
827 2675 1000 2730 bonus
1020 2684 1074 2730 et
1122 2674 1487 2745 omnipotens,
1534 2681 1589 2728 et
1620 2672 1798 2728 omnia

205 2766 288 2820 illa
315 2783 440 2836 quae
475 2767 724 2823 similiter
755 2767 821 2823 de
860 2777 913 2823 te
944 2768 1197 2822 dicuntur
1222 2775 1277 2822 et
1304 2766 1620 2822 creduntur.

271 2860 348 2916 Tu
376 2876 512 2916 vero
536 2876 662 2916 vere
687 2874 779 2927 es,
819 2871 875 2916 et
920 2876 1027 2919 non
1051 2868 1135 2916 est
1159 2860 1305 2916 aliud
1333 2859 1437 2915 nisi
1471 2868 1526 2914 tu
1550 2899 1566 2926 ,
1609 2868 1667 2915 et
1692 2876 1797 2914 non

203 2952 400 3006 esttibi
451 2952 555 3006 nisi
589 2968 753 3007 unum
795 2960 913 3018 est,
953 2952 1083 3022 quia
1120 2966 1227 3007 non
1288 2951 1435 3021 quod
1493 2951 1660 3009 modo
1705 2966 1797 3016 es,

204 3044 357 3098 modo
381 3060 492 3099 non
518 3059 601 3110 es,
625 3044 720 3099 sed
743 3046 886 3115 quod
910 3044 1066 3100 modo
1088 3058 1169 3110 es,
1191 3057 1405 3115 semper
1425 3058 1485 3100 es
1506 3042 1597 3097 ⁸ου.
1631 3043 1798 3100 Crea-

1904 1854 2194 1913 utrumque
2224 1861 2254 1899 a
2279 1844 2562 1900 Creatore.
2588 1845 2731 1900 Vivit
2752 1846 2821 1876 ⁸¹⁶
2843 1855 3023 1901 autem
3051 1848 3211 1902 homo
3243 1848 3331 1903 hie
3357 1848 3501 1905 intc-

1905 1937 2006 1991 rim
2043 1936 2340 1992 secundum
2372 1951 2591 1992 carnem
2616 1976 2632 1999 ,
2673 1938 2800 1991 dum
2842 1937 3008 1992 alitur
3047 1938 3185 1994 cibis
3210 1939 3498 2007 humanis;

1902 2029 2185 2084 vivitvero
2230 2029 2529 2085 secundum
2569 2029 2829 2096 animam,
2879 2031 3005 2085 dum
3058 2030 3388 2087 voluntatem
3445 2040 3501 2087 et

1902 2129 2171 2191 praecepta
2199 2120 2477 2177 Creatoris
2509 2121 2590 2176 sui
2618 2121 2875 2178 custodit.
2904 2123 2970 2177 Et
2994 2124 3136 2178 sicut
3164 2124 3392 2179 moritur
3416 2140 3503 2179 se-

1902 2212 2136 2267 cundum
2163 2227 2382 2268 carnem
2410 2254 2424 2278 ,
2456 2214 2499 2268 si
2530 2228 2637 2269 non
2685 2222 3028 2269 sustentatur
3054 2215 3190 2269 cibis
3226 2215 3501 2281 humanis,

1902 2303 1982 2358 sic
2012 2304 2242 2358 moritur
2270 2304 2565 2359 secundum
2592 2306 2828 2360 animant
2860 2347 2873 2369 ,
2907 2308 3127 2376 quando
3155 2323 3261 2362 non
3292 2308 3503 2362 obtem-

1903 2403 2059 2463 perat
2119 2394 2407 2463 przeeeptis
2448 2393 2670 2451 divinis.
2729 2396 2903 2450 llomo
2948 2396 3132 2467 itaque
3168 2398 3257 2467 qui
3289 2406 3503 2453 constat

1903 2499 1969 2537 ex
1997 2483 2177 2537 anima
2213 2493 2268 2538 et
2297 2498 2499 2547 carne,
2544 2482 2799 2539 faciendo
2851 2498 2971 2554 qua:
2995 2483 3151 2552 jubet
3176 2485 3338 2551 Deus,
3370 2488 3504 2540 vivit

1904 2572 1957 2628 in
1994 2588 2157 2629 carne
2187 2582 2239 2628 et
2279 2572 2331 2628 in
2364 2574 2579 2639 anima,
2610 2574 2736 2644 quia
2780 2573 2834 2629 in
2864 2574 2969 2630 hoc
2995 2578 3205 2647 agendo
3228 2592 3502 2645 promere-

1905 2672 1994 2721 tur
2020 2674 2079 2719 ut
2102 2664 2335 2721 feliciter
2362 2666 2511 2720 vivat
2551 2679 2675 2721 cum
2707 2664 2969 2722 Creatore
2990 2682 3088 2723 suo
3116 2669 3169 2722 in
3202 2670 3313 2722 vita
3338 2677 3500 2724 ειειιτ-

1903 2772 1994 2812 na.
2031 2757 2089 2812 Si
2118 2772 2247 2813 vero
2274 2758 2341 2813 ab
2370 2756 2581 2829 agendo
2605 2773 2725 2828 qua:
2758 2758 2915 2830 jubet
2962 2760 3030 2792 ⁸¹⁷
3079 2760 3308 2817 Creator
3349 2778 3499 2829 suus,

1902 2849 2121 2904 deviare
2144 2859 2374 2905 conatur
2403 2850 2499 2917 δη,
2522 2851 2776 2920 et‘magis
2813 2852 3021 2923 appetit
3051 2854 3349 2910 secundum
3379 2870 3501 2911 car-

1901 2944 1987 3000 nis
2015 2944 2285 3000 desideria
2316 2945 2504 3001 vivere
2534 2987 2550 3014 ,
2585 2948 2731 3017 quod
2760 2962 2889 3005 vere
2920 2964 3025 3004 non
3054 2959 3136 3005 est
3170 2952 3373 3017 vivere,
3402 2952 3498 3008 sed

1901 3036 2004 3092 sibi
2033 3035 2327 3092 infeliciter
2348 3036 2515 3093 vitam
2541 3037 2794 3103 auferre;
2843 3039 2887 3094 si
2925 3041 3047 3111 quis
3095 3041 3386 3113 diligenter
3417 3044 3501 3097 in-

200 3142 329 3190 tuta:
354 3145 543 3189 autem
565 3177 581 3203 ,
609 3135 695 3190 cui
724 3151 828 3190 non
871 3149 1087 3205 semper
1123 3134 1194 3166 ⁸⁰⁶
1220 3114 1344 3189 esse
1374 3133 1493 3199 fuit,
1544 3135 1639 3189 sed
1676 3150 1794 3204 qua:
1823 3114 1863 3171 (ἶ
1899 3136 2165 3193 tueretur,
2200 3127 2417 3185 videret
2471 3131 2526 3185 in
2576 3130 2668 3186 illo
2704 3145 2809 3185 non
2836 3130 3064 3202 ﬁguram
3090 3133 3233 3189 illius
3265 3134 3499 3191 hominis

202 3226 262 3281 de
291 3242 400 3281 non
437 3242 565 3281 esse
594 3227 661 3281 ad
686 3242 807 3283 esse
834 3226 980 3282 venit
1002 3242 1097 3297 per
1122 3234 1173 3281 te
1197 3234 1253 3280 et
1282 3241 1311 3279 a
1359 3233 1410 3279 te
1436 3225 1523 3280 cui
1552 3226 1621 3256 ⁸⁰⁷
1654 3241 1792 3281 sem-

199 3334 291 3388 per
316 3334 443 3374 esse
472 3319 603 3382 fuit,
631 3334 736 3373 non
760 3329 849 3374 est
872 3320 1062 3375 eadem
1086 3319 1319 3375 essentia
1355 3333 1477 3388 quae
1500 3318 1716 3374 bonitas
1740 3328 1795 3373 et

197 3426 311 3480 qua:
341 3412 595 3482 potentia
621 3428 638 3477 ;
666 3412 761 3465 sed
792 3413 1008 3481 quando
1034 3413 1173 3467 bona
1194 3420 1297 3475 est,
1330 3419 1385 3465 et
1410 3411 1631 3481 quando
1653 3410 1791 3466 bona

197 3496 370 3555 facere
398 3510 587 3572 potest
612 3538 628 3564 ,
659 3516 688 3553 a
732 3509 783 3554 te
824 3502 963 3555 bona
993 3509 1097 3566 est,
1120 3508 1172 3553 et
1198 3516 1228 3554 a
1262 3508 1315 3554 te
1348 3500 1489 3554 bona
1518 3499 1697 3556 facere
1721 3501 1792 3532 ⁸⁰⁸

196 3600 392 3658 potest,
420 3593 522 3663 qui
556 3591 923 3646 essentialiter
942 3606 1001 3645 es
1023 3590 1198 3645 bonus
1220 3599 1275 3643 et
1295 3590 1659 3661 omnipotens.
1687 3590 1791 3646 Feo

194 3682 309 3736 cisti
344 3692 536 3739 autem
590 3698 805 3737 omnem
844 3691 1151 3736 creaturam
1198 3682 1393 3735 bonam
1421 3720 1436 3747 ,
1472 3682 1567 3735 sed
1608 3690 1789 3736 tamen

196 3788 296 3827 non
328 3777 481 3832 omni
508 3784 800 3841 creatura},
829 3773 954 3828 licet
990 3773 1060 3828 sit
1100 3773 1237 3826 bona
1266 3771 1409 3825 facta
1436 3786 1467 3825 a
1502 3780 1573 3837 te,
1603 3773 1792 3828 dedisti

194 3865 459 3921 rationein
496 3865 831 3935 intelligendi
862 3874 931 3919 te.
961 3863 1025 3917 Et
1057 3862 1306 3933 quamvis
1333 3861 1511 3915 omnis
1537 3871 1786 3916 creatura

196 3964 243 4011 te
270 3957 473 4023 laudet,
505 3970 559 4012 te
586 3956 899 4013 Creatorem
942 3972 1096 4010 suum
1123 3964 1175 4010 et
1217 3954 1635 4025 gubernatorem
1666 3969 1788 4007 esse

191 4050 450 4104 reclamet
475 4050 576 4113 "°’;
604 4057 781 4102 tamen
808 4062 914 4101 non
936 4047 1122 4109 omnis
1148 4056 1397 4101 creatura
1430 4056 1479 4101 te
1518 4045 1786 4116 intelligit,

191 4140 286 4196 nisi
321 4142 713 4198 tantummodo
755 4139 1032 4195 rationalis
1054 4180 1070 4206 ,
1128 4150 1184 4196 et
1229 4157 1388 4210 qttam
1421 4140 1596 4196 fecisti
1627 4141 1696 4173 ’“°
1721 4140 1789 4195 ad

1897 3222 1988 3290 qui
2014 3220 2191 3276 factus
2222 3230 2309 3277 est
2355 3222 2424 3275 ad
2467 3221 2761 3293 imaginem
2806 3222 2920 3285 Dei,
2956 3223 3049 3276 sed
3080 3222 3308 3294 figuram
3333 3239 3500 3294 pecu-

1897 3312 2002 3376 dis,
2032 3310 2186 3381 cujus
2230 3319 2285 3366 et
2337 3326 2517 3366 mores
2559 3312 2759 3383 satagit
2808 3312 3041 3377 imitari,
3092 3321 3147 3367 et
3201 3321 3328 3367 tunc
3371 3328 3499 3368 vere

1893 3412 2072 3474 potest
2096 3403 2266 3459 asseri
2299 3403 2422 3472 quia
2463 3411 2549 3457 est
2576 3402 2645 3434 ⁸¹⁹
2671 3412 2946 3468 mortuus,
2974 3413 3203 3458 mortem
3234 3414 3497 3462 teternam

1895 3497 2013 3553 sine
2040 3496 2203 3552 dubio
2250 3496 2550 3565 subiturus,
2592 3496 2636 3551 si
2678 3496 2731 3550 in
2765 3496 2867 3551 hoc
2927 3512 3284 3568 perseverans
3334 3497 3495 3554 finia-

1893 3596 2004 3644 ιυτ.

1964 3680 2008 3735 V
2056 3680 2148 3734 δὀ.
2200 3678 2267 3735 1η
2306 3696 2408 3750 quo
2457 3680 2645 3735 similis
2687 3691 2761 3735 est
2810 3683 2965 3734 homo
3012 3680 3248 3736 Creatori
3279 3700 3395 3736 suo.
3424 3714 3495 3723 —

1892 3772 1961 3803 ⁸²¹
1993 3771 2146 3826 Fecit
2178 3781 2359 3825 autem
2394 3773 2535 3827 Deus
2559 3772 2785 3826 Creator
2813 3773 3085 3826 hominem
3110 3775 3175 3827 ad
3205 3774 3494 3843 imaginem

1893 3866 1962 3895 ⁸³³
2005 3874 2059 3918 et
2091 3864 2506 3919 similitudinem
2534 3880 2707 3931 suam,
2744 3865 2871 3932 quia
2913 3864 3040 3919 fecit
3065 3879 3188 3918 eum
3247 3866 3493 3919 rationa-

1894 3953 2005 4007 lem
2029 3953 2119 4006 ⁸²³.
2152 3953 2218 4007 Ει
2244 3953 2384 4008 sicut
2408 3952 2549 4008 Deus
2564 3954 2840 4009 voluntate
2864 3955 3037 4008 bonus
3060 3962 3161 4017 est,
3193 3955 3271 4009 sic
3308 3955 3491 4020 homo,

1898 4048 1965 4102 ad
1986 4048 2103 4118 ejus
2123 4045 2532 4103 similitudinem
2558 4044 2750 4110 factus,
2780 4045 3056 4100 voluntate
3084 4046 3257 4101 bonus
3276 4046 3348 4077 ⁸²³
3371 4058 3445 4100 est
3471 4064 3485 4111 ;

1900 4140 1955 4195 in
2015 4140 2119 4194 hoc
2176 4137 2369 4193 similis
2414 4136 2696 4211 Creatori,
2743 4138 2867 4207 quia
2943 4137 3169 4192 Creator
3218 4137 3491 4194 voluntate

189 4230 484 4305 imaginem
509 4243 570 4289 et
599 4231 1006 4287 similitudinem
1031 4240 1200 4285 tuam.
1816 4224 2093 4296 Dbonus,
2122 4230 2286 4285 homo
2361 4227 2662 4300 voluntate.
2714 4228 2889 4285 bonus
2963 4229 3068 4295 m;
3121 4228 3215 4284 sed
3277 4229 3331 4284 in
3390 4231 3490 4287 hoc

1482 4384 1720 4441 VARUE
1763 4383 2168 4442 LECTlONES.

274 4502 320 4533 "
352 4502 381 4575 §
418 4502 525 4575 ,lll.
554 4501 932 4575 Quod_omnia_
966 4501 1107 4575 bona
1130 4512 1484 4575 etc.giis_._non
1511 4500 1661 4554 Imbct
1686 4499 1916 4575 titulum.
2012 4499 2084 4531 ’9'
2105 4496 2392 4575 Anselmus
2411 4499 2748 4575 ηιιιηοηιὶιιίιΔ
2776 4571 2805 4575 _
2832 4501 2903 4538 ⁷³⁷
2922 4500 3243 4558 Dulcissimo
3264 4503 3491 4561 Domine

185 4586 283 4627 ms.
334 4570 663 4629 dulcissime
715 4571 841 4652 Jesn
894 4573 1147 4652 Christe"
1192 4572 1275 4652 .7“
1330 4570 1639 4652 Iolontinum',
1690 4578 1745 4625 ct
1790 4570 1922 4651 .pius
1970 4585 2035 4625 ac
2065 4570 2431 4652 ms._omit.et
2483 4570 2605 4652 pius
2679 4570 3152 4652 'fiPeccatorum,
3200 4583 3272 4652 te_
3296 4576 3489 4630 adoret

185 4658 277 4696 ηις.
307 4649 582 4714 peccator
614 4652 666 4696 te
704 4644 901 4714 adorat
1005 4641 1232 4714 3°°_Vult
1283 4642 1706 4714 misericordia,_
1731 4642 1929 4714 misera
1962 4656 2073 4714 ηις.
2112 4639 2226 4693 vult
2277 4655 2397 4695 mea
2427 4639 2628 4714 misera
2703 4641 2771 4674 ⁸⁰¹
2805 4643 3150 4698 lncurvatum
3184 4645 3486 4701 reformare

183 4727 279 4783 ιρις.
309 4710 665 4770 maculatum
711 4713 1014 4768 reformare
1088 4712 1160 4743 ⁸⁰¹
1192 4712 1259 4765 Ει
1291 4726 1564 4783 nunquam
1616 4710 1864 4774 finieris;
1897 4710 2049 4764 fuisti
2080 4724 2469 4783 vero_semper
2500 4712 2692 4777 bonus,
2737 4728 2953 4783 semper
2981 4732 3077 4767 ηις.
3112 4723 3165 4768 et
3212 4731 3487 4783 nunquam

183 4780 282 4837 fuit
311 4786 548 4853 quando
574 4799 677 4837 non
712 4783 907 4845 fueris;
949 4782 1097 4837 fuisti
1127 4797 1257 4837 vero
1289 4796 1504 4853 semper
1542 4782 1714 4853 bonus
1744 4788 1800 4833 et
1826 4794 2042 4853 semper
2113 4779 2184 4853 Ψ
2216 4780 2280 4834 Ει
2308 4779 2533 4853 (ιιιιιιοιι
2568 4784 2633 4837 de
2660 4801 2759 4837 ηις.
2786 4779 2977 4838 ει“ιιοιι
3009 4784 3100 4853 qui
3137 4786 3203 4838 de
3278 4779 3355 4815 8°"
3378 4784 3484 4838 Sed

182 4866 298 4918 qua:
328 4850 419 4911 est
447 4856 552 4909 tibi
588 4855 849 4918 essentia,
881 4854 1071 4909 eadem
1095 4863 1179 4907 est
1208 4852 1419 4906 bonitas
1449 4860 1502 4904 et
1524 4851 1911 4918 omnipotentia
1948 4850 2053 4903 ms.
2102 4850 2214 4903 lucc
2248 4852 2439 4904 omittit
2535 4853 2607 4885 ⁸⁰⁸
2636 4854 2714 4908 Tu
2745 4870 2873 4909 vero
2902 4850 3041 4907 vere'
3076 4868 3153 4916 cs,
3184 4862 3236 4906 et
3264 4871 3368 4907 non
3403 4864 3487 4908 est

183 4923 323 4977 aliud
350 4926 458 4978 nisi
477 4936 561 4988 tu,
587 4939 773 4978 verum
795 4925 919 4993 quia
952 4940 1055 4979 non
1081 4924 1223 4993 quod
1236 4923 1394 4977 modo
1417 4937 1499 4985 es,
1533 4921 1691 4994 ntodo
1704 4920 2011 4982 nones,sed
2028 4920 2169 4989 quod
2186 4922 2344 4994 modo
2371 4936 2450 4986 es,
2466 4938 2682 4994 semper
2696 4940 2773 4979 es.
2804 4941 2903 4978 ms.
2936 4933 2987 4976 tu
3016 4938 3142 4994 vero
3165 4922 3307 4977 aliud
3336 4934 3486 4986 es,et

181 5008 284 5048 non
316 5006 405 5051 est
441 4996 547 5050 tibi
581 4994 682 5049 nisi
698 4991 862 5050 unum
892 5003 1007 5058 est;
1033 4991 1156 5062 quia
1188 5009 1293 5049 non
1318 4994 1459 5062 quod
1489 4991 1646 5046 modo
1673 5005 1755 5055 es,
1789 4994 1947 5064 modo
1972 5006 2076 5064 non
2100 4991 2293 5056 es,sed
2320 4994 2461 5062 quod
2480 4991 2859 5064 es,eiemperes
2934 4994 3004 5024 ⁸⁰⁶
3031 4992 3128 5047 Cui
3150 5009 3486 5063 nousemper

179 5076 276 5116 ηις.
314 5083 446 5120 cum
483 5082 598 5120 non
630 5080 842 5135 semper
914 5065 981 5097 ⁸⁰⁷
1016 5060 1195 5130 Venit,
1247 5060 1428 5118 creata
1452 5077 1481 5115 a
1525 5073 1596 5127 te,
1643 5064 1727 5115 cui
1760 5078 1859 5114 ms.
1892 5060 2056 5135 Δνιιιιὶι
2088 5077 2195 5135 per
2228 5072 2278 5135 te
2330 5060 2385 5117 et
2430 5079 2461 5135 a_
2502 5074 2569 5128 te,
2604 5060 2724 5135 cui'_
2761 5065 2831 5096 ⁸⁰⁸
2865 5066 2927 5118 Et
2959 5064 3097 5119 bona
3150 5064 3326 5135 facere
3374 5060 3475 5120 ms.

180 5142 241 5205 et
264 5139 497 5205 quando
532 5136 673 5189 bona
697 5131 881 5191 facere
954 5137 1024 5168 ⁸⁸³
1056 5136 1186 5189 Esse
1220 5134 1595 5205 redamctms.
1623 5146 1746 5205 esse
1798 5132 2078 5205 reclamet
2129 5131 2199 5163 ⁸⁸⁸
2232 5132 2402 5205 Quam
2439 5133 2612 5205 feciin
2664 5133 2728 5186 ad
2766 5152 2865 5189 ηις.
2899 5144 2953 5190 et
2999 5151 3160 5205 quam
3212 5134 3383 5205 fecisti
3417 5136 3483 5188 ad

177 5201 247 5234 ‘“
283 5201 613 5260 'Anselmus
662 5222 761 5260 ηις.
811 5208 999 5260 omittit
1098 5207 1168 5237 ⁸η
1214 5205 1296 5259 Ab
1343 5203 1431 5258 illa
1464 5203 1690 5257 laudari.
1722 5203 1764 5256 A
1831 5203 2080 5256 rationali
2110 5220 2211 5255 ms.
2242 5204 2309 5256 ab
2340 5204 2452 5271 ipsa
2486 5214 2537 5255 te
2569 5204 2771 5257 laudari
2801 5221 2828 5258 a
2868 5201 3113 5258 rationali
3188 5205 3259 5236 ⁸⁸³
3290 5204 3353 5260 Ut
3384 5206 3483 5258 hi:-

179 5288 336 5329 ntana
377 5286 586 5330 natura
633 5293 730 5329 ηις.
760 5285 820 5331 ιιι
848 5280 1138 5331 humanam
1167 5287 1417 5330 naturam
1493 5274 1566 5308 '”
1599 5272 1907 5327 Secundum
1962 5272 2103 5343 quod
2148 5274 2315 5326 homo
2356 5290 2453 5324 ms.
2507 5274 2599 5326 sed
2635 5275 2757 5340 quia
2792 5276 2957 5329 homo
3031 5275 3101 5305 ⁸¹⁸
3129 5274 3480 5339 Alimentum,

175 5347 488 5401 secundum
521 5360 767 5414 carnem,
795 5349 991 5418 accipit
1020 5363 1118 5401 ηις.
1150 5347 1489 5407 alimentum,
1517 5344 1678 5418 unde
1697 5346 2006 5418 secundum
2035 5358 2256 5418 carnem
2292 5344 2442 5408 vivit,
2469 5344 2695 5418 accipit_
2739 5346 2807 5375 ⁸³⁸
2829 5346 3171 5418 acreatore.
3208 5345 3351 5399 Vivit
3381 5362 3478 5398 ηις.

174 5426 205 5464 ιι
235 5426 523 5479 creatore,
560 5418 653 5469 sed
686 5412 863 5472 tamen
891 5412 1178 5486 utrumque
1200 5433 1230 5470 a
1256 5424 1534 5486 creatore.
1568 5414 1707 5468 Vivit
1780 5414 1849 5445 ⁸¹⁷
1881 5414 2011 5480 Qua:
2040 5412 2204 5486 jubet»
2224 5429 2321 5486 ηις.
2363 5427 2482 5486 qtae
2509 5415 2598 5482 qui
2620 5413 2769 5486 jubet
2809 5415 2936 5486 μω-
2964 5414 3190 5471 Deviare
3232 5424 3480 5486 conatur,

174 5487 441 5558 gmagis
473 5502 582 5539 ηις.
629 5488 866 5552 deviare,
915 5499 969 5543 et
1015 5482 1185 5558 magis
1258 5486 1326 5558 Ψ
1354 5484 1538 5539 Asseri
1567 5486 1709 5553 quod
1755 5492 1839 5558 est
1889 5500 1992 5558 ηις.
2025 5482 2279 5558 ascribi;
2324 5484 2449 5551 quia
2490 5494 2572 5558 est
2646 5484 2715 5558 κῗο
2745 5486 2772 5556 §
2808 5484 2867 5539 ν.
2910 5484 2980 5558 In
3021 5505 3119 5558 ηις.
3148 5496 3202 5539 ιιι
3244 5486 3298 5539 in
3333 5484 3479 5558 Edit.

171 5553 242 5627 _'“
270 5552 586 5627 An'selinus
608 5574 705 5611 ηις.
757 5559 944 5612 omittit
1042 5552 1437 5627 “flutaginem
1487 5565 1543 5627 et
1588 5552 1692 5609 ηις.
1726 5555 1917 5627 omittit
1981 5624 1991 5627 _
2023 5553 2094 5627 ⁸²ῗ
2123 5552 2276 5606 Fecit
2312 5567 2431 5627 esse
2458 5552 2773 5627 rationalem
2802 5573 2899 5609 ms.
2933 5556 3059 5611 fecit
3089 5572 3210 5610 eum
3245 5556 3482 5627 rationa-

171 5623 276 5705 lem
334 5698 345 5708 .
389 5626 470 5658 “‘
504 5626 730 5693 Factus,
786 5628 1061 5685 voluntate
1101 5623 1281 5683 bonus
1327 5642 1426 5679 ηις.
1481 5625 1674 5691 factus,
1725 5624 2027 5681 voluntarie
2078 5624 2250 5679 bonus
2322 5623 2420 5703 ff“
2475 5623 2645 5681 Homo
2693 5628 2963 5681 voluntate
2997 5628 3170 5682 bonus
3210 5643 3307 5681 ηις.
3366 5625 3480 5680 Ιιανο

172 5708 365 5750 omum
