4060 6292
599 309 703 368 807

920 310 980 366 S.
1012 310 1309 367 ANSELUI
1349 309 1697 366 CANTUAB.
1736 306 2070 362 ARCHIEP.
2109 303 2170 361 Ol

2305 303 2504 361 PARS.
2545 304 2606 360 ll.
2639 335 2708 347 -
2746 304 3125 359 ΡΛΠᾸΞΝΕΤ.
3160 305 3248 362 ΕΤ
3271 306 3521 364 ASCET.

3778 314 3888 371 808

597 426 887 492 diti'erens,
944 425 1068 495 quia
1119 424 1344 481 Creator
1396 424 1726 479 :rternaiitcr
1791 438 1822 476 a
1876 422 2054 492 seipso
2101 428 2187 476 est
2217 423 2262 479 Α
2293 434 2466 485 amor,
2499 422 2798 490 eademque
2826 418 3092 475 voluntas.
3142 421 3211 476 Et
3243 431 3369 476 tunc
3419 426 3526 478 erit
3550 439 3661 480 una
3683 425 3887 481 volun-

596 517 773 572 bonus
822 527 872 573 et
931 516 1289 572 essentialiter
1320 517 1479 569 homo
1507 532 1521 570 :
1548 530 1675 569 vero
1700 513 1819 569 ideo
1842 509 2036 577 bonus,
2061 513 2187 582 quia

598 609 843 662 imitatur
866 624 988 660 eum
1015 607 1105 678 qui
1135 607 1465 661 :eternaliter
1491 605 1563 638 ⁸²⁶
1591 615 1645 662 et
1675 604 2043 660 essentialiter
2072 621 2100 658 a
2126 619 2186 660 se

596 696 713 765 ipso
743 706 826 753 est
852 697 1046 751 bonus.
1076 696 1171 751 Est
1197 706 1374 750 autem
1402 736 1417 762 ,
1452 694 1590 750 sicut
1636 695 1746 749 dixi
1773 734 1788 760 ,
1827 693 2060 764 Creatori
2086 709 2182 749 vo-

594 786 803 842 luntate
832 788 1025 856 bonus,
1054 789 1215 842 homo
1244 790 1309 842 ad
1332 787 1740 843 similitudinem
1766 786 2045 841 Creatoris
2102 784 2184 839 fa-

594 887 716 933 ctus
750 878 1027 934 voluntate
1049 879 1222 935 bonus
1243 879 1337 944 3",
1369 879 1459 934 sed
1494 879 1545 932 in
1593 879 1694 933 hoc
1740 875 2015 940 differens,
2039 878 2181 947 quod

591 968 821 1024 Creator
850 985 956 1023 non
986 970 1099 1025 vult
1127 984 1224 1025 nec
1246 978 1418 1040 potest
1443 983 1562 1023 esse
1588 967 1669 1022 vel
1692 966 1826 1021 velle
1850 966 1991 1021 aliud
2019 982 2178 1038 quam

567 1042 713 1117 -esse
742 1063 943 1123 bonus;
979 1063 1226 1118 voluntas
1251 1063 1417 1129 enim,
1443 1070 1498 1116 et
1528 1060 1764 1133 potentia
1793 1067 1876 1114 est
1908 1059 1977 1113 illi
2003 1075 2180 1114 essen-

593 1154 687 1207 tia.
718 1153 932 1209 Homini
966 1169 1096 1208 vero
1122 1163 1203 1207 est
1235 1152 1379 1206 aliud
1407 1152 1656 1205 voluntas
1678 1160 1729 1204 et
1750 1150 1990 1220 potentia
2014 1166 2175 1219 quam

566 1230 847 1301 essentia.
888 1245 943 1301 Si
976 1255 1154 1299 tamen
1191 1246 1483 1300 concordat
1522 1259 1644 1298 cum
1669 1243 1941 1296 voluntate
1969 1244 2082 1309 Dei,
2123 1252 2179 1298 ct

591 1337 733 1392 idem
767 1338 879 1391 vult
906 1339 1053 1407 quod
1086 1316 1248 1403 Deus,
1279 1336 1535 1406 exprimit
1567 1335 1617 1389 in
1652 1349 1710 1389 se
1744 1333 2031 1403 imaginem
2058 1334 2173 1388 Dei.

592 1426 720 1481 Etsi
758 1428 807 1481 in
835 1428 939 1482 hoc
966 1443 1135 1499 usque
1163 1428 1214 1481 iu
1243 1428 1404 1481 finem
1452 1434 1765 1496 perseverat
1812 1426 1906 1489 3",
1937 1435 2177 1480 meretur

590 1530 850 1589 operante
879 1521 1224 1575 miseratione
1250 1520 1429 1573 divina
1458 1528 1517 1573 ut
1542 1526 1666 1589 post
1694 1518 1744 1573 in
1778 1527 2045 1573 aeternum
2078 1534 2173 1572 vo-

589 1610 778 1665 luntati
810 1610 1087 1665 Creatoris
1121 1613 1199 1665 sui
1227 1611 1518 1674 adhrereat,
1558 1626 1654 1663 nec
1675 1610 1787 1675 jam
1838 1608 2068 1680 amplius
2105 1607 2174 1663 ab

560 1684 650 1755 .ea
680 1702 854 1756 divelli
886 1713 1072 1771 queat.
1122 1702 1187 1757 Et
1217 1703 1355 1757 sicut
1386 1714 1570 1771 postea
1627 1718 1841 1772 semper
1871 1702 1976 1756 erit
2024 1702 2169 1771 quod

2291 524 2372 571 tas
2401 513 2677 570 Creatoris
2705 558 2719 579 ,
2747 526 2802 570 et
2850 517 3017 570 creati
3068 517 3333 584 hominis,
3378 531 3537 587 quem
3578 520 3788 574 creavit
3819 524 3887 576 ad

2290 605 2581 678 imaginem
2638 614 2693 661 et
2719 606 3130 661 similitudinem
3181 623 3376 677 suam,
3425 625 3549 664 cum
3618 610 3764 667 Deus
3812 610 3887 645 ⁸³⁸

2270 698 2468 752 'omnia
2521 697 2576 753 in
2624 698 2878 755 omnibus
2916 699 3018 752 erit
3077 697 3132 767 (Ι
3157 698 3281 754 Cor.
3325 716 3446 764 xm,
3472 700 3591 773 28).
3644 700 3704 757 Si
3756 718 3887 761 vero

2270 790 2473 843 eodem
2506 789 2678 844 libero
2718 788 2947 844 arbitrio
2977 805 3038 845 se
3067 790 3311 860 junxerit
3339 792 3625 848 desideriis
3654 796 3843 850 carnis
3870 836 3885 861 ,

2283 897 2404 951 quae
2431 882 2586 953 quasi
2617 882 2689 914 ⁸³⁰
2715 881 3037 937 naturaliter
3072 885 3139 937 ad
3180 882 3362 937 intima
3397 885 3587 951 tendit,
3620 893 3756 941 tunc
3785 901 3884 942 vo-

2281 975 2482 1040 luntas,
2512 974 2650 1029 male
2679 982 2836 1029 utens
2866 974 3035 1028 libero
3065 973 3291 1029 arbitrio
3315 1015 3330 1038 ,
3363 983 3419 1029 et
3462 991 3592 1031 caro
3638 978 3884 1033 animam

2281 1082 2516 1139 superno
2547 1066 2750 1121 auxilio
2777 1065 3091 1120 destitutam
3115 1066 3182 1121 ad
3235 1065 3490 1122 inferiora
3535 1067 3804 1135 trahunt,
3832 1078 3884 1124 et

2278 1168 2500 1229 peccata
2523 1158 2759 1213 hominis
2783 1166 2950 1213 totum
2992 1157 3163 1229 ipsum
3198 1158 3500 1223 hominem,
3528 1158 3742 1214 scilicet
3763 1160 3883 1214 ani-

2240 1322 2243 1323 ν
2279 1269 2421 1307 mam
2467 1262 2521 1306 et
2552 1267 2809 1316 carnem,
2856 1250 2908 1304 in
2957 1251 3315 1320 perditionem
3359 1259 3633 1324 mergunt,
3662 1260 3724 1307 ut
3769 1253 3880 1323 jam

2277 1344 2506 1415 amplius
2529 1358 2635 1398 non
2669 1343 2866 1398 habeat
2893 1343 2996 1397 nisi
3023 1341 3261 1408 malum,
3304 1342 3387 1398 vel
3418 1343 3564 1414 quod
3589 1344 3661 1376 ⁸⁸¹
3703 1346 3881 1416 patia-

2278 1446 2367 1492 tur
2406 1436 2506 1491 nisi
2547 1445 2895 1491 tormentum.

2264 1518 2267 1521 ’
2347 1529 2456 1585 Vll.
2488 1529 2582 1583 ω.
2628 1527 2732 1583 llic
2774 1536 2888 1581 orat
2929 1528 3084 1582 homo
3126 1525 3318 1591 Deum,
3352 1538 3411 1581 ut
3464 1544 3569 1581 non
3605 1529 3878 1598 permittat

2274 1636 2392 1673 cum
2434 1617 2573 1672 male
2627 1618 2702 1671 uti
2728 1616 2888 1669 libero
2940 1615 3179 1669 arbitria.
3230 1613 3362 1669 -Ο
3408 1613 3726 1669 dulcissime
3772 1616 3876 1670 Do-

2274 1712 2417 1764 mine
2438 1709 2529 1775 s",
2560 1724 2593 1763 o
2625 1709 2865 1779 piissime
2901 1707 3042 1761 Deus
3067 1722 3241 1773 meus,
3272 1707 3500 1765 Creator
3528 1722 3706 1767 meus.
3730 1708 3875 1763 salus

562 1793 715 1871 ‘erit,
740 1794 819 1849 sic
849 1810 1066 1863 semper
1090 1796 1450 1865 quodcunque
1480 1793 1709 1849 voluerit
1753 1795 1878 1849 erit.
1916 1793 1983 1848 Et
2030 1795 2173 1849 sicut
2206 1785 2247 1844 Β
2277 1816 2420 1868 mea,
2461 1800 2570 1854 vita
2612 1814 2754 1865 mea,
2804 1811 2925 1867 spes
2970 1805 3026 1851 et
3072 1799 3372 1854 consolatio
3415 1815 3555 1863 mea,
3602 1798 3872 1868 refugium

563 1886 830 1950 ,Creatori
866 1903 971 1941 non
1012 1899 1095 1941 est
1143 1887 1286 1941 aliud
1332 1882 1566 1942 essentia
1598 1886 1667 1917 δ”
1710 1902 1869 1953 quam
1897 1886 2167 1952 voluntas,

562 1970 685 2037 'nce
710 1982 854 2038 aliud
900 1983 1147 2051 voluntas
1176 1999 1337 2053 quam
1395 1983 1654 2047 essentia,
1711 1983 1790 2037 sic
1853 1981 2057 2036 homini
2116 1982 2170 2037 in

586 2071 705 2144 ipsa
748 2073 1007 2129 felicitate
1056 2073 1171 2142 jam
1209 2073 1484 2135 existenti,
1520 2072 1814 2126 secundum
1862 2087 2015 2126 stuun
2056 2086 2171 2126 mo-

584 2167 737 2232 dum,
767 2175 872 2220 tam
905 2164 1257 2219 inunutabilis
1286 2166 1547 2219 eritdono
1577 2164 1856 2219 Creatoris
1875 2163 1957 2217 sui
1983 2163 2171 2217 volun-

588 2268 668 2314 tas
703 2275 864 2333 quam
892 2260 1147 2326 essentia,
1180 2273 1300 2327 quze
1337 2267 1444 2311 tam
1465 2244 1587 2312 sine
1611 2258 1772 2312 dubio
1796 2257 1993 2327 poterit
2015 2256 2171 2327 quid-

585 2352 711 2423 quid
741 2352 972 2407 volnerit
1001 2367 1161 2431 quam
1184 2352 1301 2406 sine
1327 2351 1488 2406 dubio
1514 2348 1741 2405 feliciter
1769 2351 2009 2415 existens
2041 2349 2168 2425 felix

583 2445 815 2501 essentia
850 2445 969 2500 erit.
1000 2443 1073 2499 Et
1122 2452 1246 2509 tunc
1299 2443 1459 2499 homo
1503 2442 1720 2497 habebit
1767 2443 1993 2497 lihermn
2022 2442 2168 2497 arbi-

584 2538 743 2591 trium
770 2552 895 2591 vere
924 2536 993 2590 ab
1037 2536 1183 2590 onmi
1223 2535 1361 2591 malo
1385 2550 1450 2589 ex
1491 2524 1604 2589 toto
1650 2533 1934 2588 liberatum
1962 2533 2053 2602 3”,
2081 2550 2167 2589 se~

582 2630 813 2684 cundum
839 2629 983 2699 quod
1009 2629 1097 2685 hic
1126 2628 1363 2689 interim,
1394 2624 1521 2682 dum
1550 2626 1719 2690 vivit,
1769 2635 2029 2696 cperante
2070 2625 2163 2681 Dei

580 2722 776 2793 gratia,
814 2722 928 2777 vult
956 2738 1076 2791 quae
1110 2721 1250 2778 Deus
1287 2721 1354 2754 ⁸³⁸
1387 2719 1641 2792 praecepit
1667 2719 1863 2787 facere,
1894 2734 2014 2791 quae
2037 2708 2165 2775 vero

580 2814 830 2884 prohibet
858 2812 927 2845 ⁸³²
956 2814 1245 2883 dimittere.

654 2904 719 2958 Vl
742 2904 835 2958 ⁸⁸³.
867 2904 1020 2970 Quod
1051 2906 1202 2957 homo
1233 2904 1417 2957 existat
1448 2918 1502 2956 ιιι
1540 2901 1745 2954 duabus
1777 2901 2002 2964 naturis,
2028 2915 2165 2971 qua-

584 3013 699 3060 rum
737 3013 841 3051 una
865 2998 1087 3066 erigitur
1136 2995 1203 3048 ad
1251 3010 1475 3058 summa,
1526 2992 1692 3046 altera
1738 2991 2047 3062 deprimitur
2093 2992 2163 3046 ad

582 3089 781 3143 ima.-—-
803 3088 1027 3159 Constat
1055 3096 1237 3142 autem
1295 3088 1456 3141 homo
1484 3100 1549 3139 cx
1580 3082 1652 3115 ⁸³⁸
1688 3082 1897 3139 duabus
1917 3084 2157 3139 naturis:

552 3166 645 3245 Lex
672 3192 864 3236 natura
891 3164 1085 3236 anima:
1104 3188 1158 3234 et
1191 3194 1256 3235 ex
1295 3190 1485 3233 natura
1516 3176 1716 3231 carnis.
1751 3174 1952 3229 Natura
1984 3188 2164 3233 autem
2192 3150 2239 3214 θ

581 3271 795 3338 animae,
826 3271 953 3341 quia
988 3271 1165 3325 anima
1190 3269 1445 3342 spiritalis
1474 3266 1543 3300 ⁸⁵⁸
1573 3276 1675 3333 est,
1707 3268 2025 3343 naturaliter
2052 3278 2169 3324 ten-

552 3362 658 3439 Idit
684 3362 751 3415 ad
781 3346 1059 3432 superiora
1085 3376 1100 3426 ;
1142 3371 1333 3415 natura
1361 3371 1539 3415 autem
1565 3361 1767 3424 ait-nis,
1791 3357 1915 3429 quia
1942 3373 2070 3413 caro
2096 3373 2161 3412 ex

580 3453 853 3508 desiderio
874 3453 935 3513 ,in
958 3452 1206 3508 carnales
1232 3454 1503 3523 appetitus
1533 3455 1644 3508 exit
1682 3453 1773 3518 ⁸³⁸,
1815 3452 1967 3522 quasi
2002 3460 2160 3506 natu-

583 3540 771 3595 raliter
813 3542 880 3595 ad
943 3542 1125 3595 intima
1171 3543 1360 3596 tendit.
1393 3538 1643 3595 Est‘veru
1691 3542 1832 3595 inter
1881 3542 1978 3595 has
2028 3539 2165 3617 duas

584 3640 844 3695 naturas,
870 3645 938 3685 ex
979 3630 1172 3700 quibus
1211 3632 1370 3686 homo
1399 3641 1645 3697 constat,
1684 3630 1930 3686 voluntas
1951 3673 1967 3698 ,
2013 3633 2167 3701 quasi

584 3720 761 3776 media
792 3721 996 3777 habens
1038 3722 1265 3777 liberum
1304 3722 1612 3777 arbitrium.
1666 3722 1784 3790 Quo
1822 3722 1994 3778 libero
2024 3724 2169 3778 arbi-

550 3802 690 3869 'trio
727 3813 771 3869 si
808 3829 867 3869 se
904 3813 1149 3884 junxerit
1176 3830 1297 3870 cum
1345 3815 1522 3869 anima
1572 3814 1639 3847 ⁸³⁷
1681 3830 1801 3885 qua:
1850 3814 2169 3881 naturaliter

585 3904 755 3960 tendit
790 3904 857 3960 ad
897 3905 1200 3976 superiora,
1228 3915 1353 3961 tunc
1407 3907 1585 3961 anima
1622 3904 1787 3978 239
1817 3915 1868 3963 et
1920 3907 2166 3963 voluntas

583 3994 908 4070 (opitulante
936 4003 1114 4051 tamen
1142 3995 1327 4051 divina
1360 3997 1557 4068 gratia)
1604 4013 1823 4053 carnem
1850 3997 1923 4031 ⁸³⁸
1946 4013 2163 4053 sursum

546 4153 551 4159 .
581 4087 650 4140 ad
677 4085 888 4159 excelsa
913 4101 1096 4142 secum
1119 4078 1353 4167 elevant,
1374 4097 1429 4142 et
1451 4088 1504 4142 in
1527 4097 1729 4144 :eterna
1759 4087 2014 4144 felicitate
2044 4089 2164 4144 sine

583 4177 691 4233 line
712 4179 981 4234 victuram
1007 4178 1217 4247 locant,
1246 4177 1434 4249 utjam
1477 4170 1708 4251 amplius
1759 4197 1864 4236 non
1904 4181 1976 4237 sit
2021 4182 2163 4237 inter

2276 1909 2475 1961 meum,
2508 1907 2604 1963 per
2629 1891 2858 1964 gratiam
2880 1897 3027 1944 tuam
3053 1897 3107 1945 et
3127 1906 3226 1960 per
3243 1891 3544 1962 piissimam
3565 1893 3874 1947 misericor-

2272 1985 2414 2040 diam
2464 1994 2607 2040 tuam
2638 1987 2875 2057 guberna
2931 1996 3005 2042 et.
3039 1985 3246 2042 sustine
3296 1984 3525 2039 liberum
3581 1984 3871 2039 arbitrium

2273 2094 2473 2145 meum,
2509 2092 2574 2132 ne
2604 2078 2862 2133 illo‘male
2894 2078 3094 2133 utendo
3124 2076 3326 2147 possim
3351 2074 3632 2131 olfendere
3658 2086 3714 2131 te
3747 2078 3864 2132 dul-

2275 2168 2558 2223 cissimum
2585 2166 2899 2225 Creatorem
2931 2183 3109 2223 meum
3129 2208 3145 2232 ,
3173 2176 3229 2222 et
3283 2167 3722 2238 quotiescunque
3757 2184 3870 2223 ma-

2273 2258 2381 2315 lum
2424 2261 2552 2315 uzihi
2591 2260 2787 2330 placet,
2832 2271 3122 2331 antequam
3182 2260 3310 2313 illud
3358 2274 3522 2330 opere
3560 2260 3865 2330 perficiam,

2271 2355 2487 2410 destrue
2534 2353 2605 2388 °“
2656 2364 2711 2410 et
2755 2355 3025 2411 confunde
3073 2369 3236 2409 omne
3286 2355 3484 2408 malum
3531 2356 3864 2410 desiderium

2269 2461 2470 2501 meum.
2509 2445 2648 2501 Malo
2698 2462 2727 2501 a
2786 2457 2837 2501 te
2887 2444 2981 2512 ⁸⁸⁸,
3037 2444 3345 2501 dulcissime
3399 2444 3560 2500 Pater
3637 2445 3736 2512 ⁸⁸⁸,
3791 2447 3868 2504 vel

2272 2534 2468 2590 invitus
2529 2536 2717 2599 trahi,
2767 2535 2850 2589 vel
2891 2520 3062 2591 etiam
3132 2535 3343 2591 catenis
3398 2535 3600 2605 ligatus
3663 2537 3721 2591 in
3771 2539 3864 2592 alio

2271 2637 2376 2694 quo
2419 2624 2615 2696 angulo
2667 2624 2858 2679 domus
2905 2634 3009 2680 tua:
3073 2624 3262 2696 projici
3295 2667 3310 2691 ,
3363 2641 3523 2695 quam
3554 2636 3673 2682 ate
3713 2643 3867 2699 sepa-

2268 2715 2397 2780 rari,
2433 2714 2521 2792 ubi
2563 2715 2665 2770 etsi
2713 2730 2820 2770 non
2852 2710 3156 2787 piissimum
3209 2716 3416 2772 vultum
3464 2723 3617 2771 tuum
3669 2721 3867 2787 possim

2268 2814 2487 2878 propter
2534 2814 2754 2876 peccata
2805 2820 2924 2861 mea
2980 2808 3251 2878 respicere
3283 2849 3300 2871 .
3372 2806 3563 2862 saltem
3625 2807 3865 2863 lanitium

2266 2906 2322 2952 et
2394 2895 2649 2968 gaudium
2695 2895 2909 2952 illorum
2966 2897 3057 2965 qui
3111 2896 3205 2950 tibi
3265 2896 3606 2951 famulantur
3648 2899 3855 2954 valeam

2266 2986 2472 3041 audire.
3084 2996 3087 2997 '
3206 2998 3211 3003 '
3838 2996 3843 3003 '

2338 3076 2493 3146 Quis,
2540 3077 2850 3143 dulcissime
2912 3076 3140 3134 Creator
3182 3077 3253 3111 ⁸³⁷
3295 3078 3617 3145 hominum,
3691 3091 3865 3152 potest

2271 3170 2542 3225 mtimare
2570 3168 2892 3226 inell'abtlem
2930 3170 3229 3226 bonitatem
3273 3179 3446 3237 tuam,
3486 3186 3596 3243 qua
3649 3173 3706 3229 iu
3749 3183 3861 3227 lan-

2278 3270 2389 3315 tum
2415 3260 2486 3293 ⁸⁸⁸
2509 3256 2803 3315 humanam
2844 3271 3095 3317 naturam
3132 3261 3405 3322 dilexisti:
3439 3270 3500 3317 tit
3536 3277 3646 3318 non
3692 3265 3860 3319 solum

2270 3366 2389 3407 eam
2419 3367 2638 3429 creat-es
2658 3351 2891 3420 “ﬁcum
2917 3368 3023 3408 non
3047 3354 3319 3418 esset,sed
3343 3362 3398 3408 tu
3436 3355 3581 3426 ipsa,
3611 3355 3856 3421 Creator,

2269 3444 2406 3515 ejus,
2439 3460 2538 3515 pro
2556 3459 2741 3500 amore
2769 3442 2888 3513 ejus
2928 3454 3173 3500 creatura
3204 3444 3405 3500 lieres?
3436 3445 3610 3516 Cujus
3630 3463 3728 3503 cor
3756 3457 3855 3503 tam

2270 3536 2482 3601 durum,
2534 3546 2643 3590 tam
2677 3536 2945 3603 ferreum,
2991 3538 3169 3592 sciens
3206 3546 3261 3592 et
3297 3537 3614 3609 intelligens
3656 3550 3855 3595 tantam

2270 3627 2613 3683 dilectionem
2642 3637 2789 3682 tuam
2818 3642 2947 3697 erga
2976 3628 3252 3683 hominem
3288 3644 3450 3699 quem
3485 3631 3722 3695 creasti.
3757 3646 3855 3685 non

2270 3728 2450 3790 potest
2475 3719 2725 3787 emolliri,
2765 3728 2819 3775 et
2851 3728 3018 3775 totmn
3050 3720 3312 3791 liquefieri
3341 3723 3394 3776 in
3431 3722 3669 3791 gratiam
3693 3733 3746 3778 et
3766 3728 3855 3777 ve;

2271 3814 2606 3869 nerationem
2639 3821 2742 3868 tua:
2774 3814 3114 3869 dulcedinis?
3146 3811 3301 3880 Vere,
3331 3815 3511 3868 anima
3550 3830 3700 3881 mea,
3737 3818 3856 3871 vere

2273 3917 2367 3957 cor
2388 3917 2587 3969 meum,
2618 3911 2673 3958 et
2700 3902 2881 3958 omnia
2923 3898 3290 3969 intima‘mea,
3319 3905 3519 3958 mirmn
3555 3914 3647 3960 est
3675 3907 3724 3962 si
3756 3923 3855 3960 uu-

2272 4010 2433 4066 quam
2480 4003 2642 4050 tanta:
2676 3995 2961 4051 charitatis
3009 4004 3278 4065 tantaeque
3323 3996 3542 4066 pietatis
3582 3997 3858 4054 Creatoris

2252 4086 2436 4142 'vcstri
2465 4087 2692 4155 potestis
2721 4086 2984 4142 oblivisci.
3019 4086 3178 4153 Ecce,
3202 4087 3368 4141 miser
3396 4087 3584 4153 homo,
3616 4090 3751 4158 quid
3779 4090 3854 4143 fe-

2270 4178 2344 4232 cit
2370 4177 2597 4232 Crealor
2628 4185 2770 4242 tuus,
2800 4176 2929 4247 quid
2964 4176 3094 4232 fecit
3124 4176 3386 4234 Dominus
3419 4188 3571 4233 tuus.
3607 4179 3748 4251 ipse,
3771 4180 3853 4235 cui

556 4258 798 4325 ’carncm
826 4279 878 4326 et
899 4259 1267 4326 animam'ulla
1293 4264 1746 4344 repugantia,'sed
1776 4278 1990 4345 semper
2018 4273 2161 4329 idem
2191 4280 2241 4342 ι)
2266 4285 2481 4341 semper
2524 4284 2645 4325 esse
2703 4278 2841 4338 est,
2880 4279 2936 4325 et
2995 4284 3209 4341 semper
3250 4286 3371 4329 esse
3423 4274 3523 4329 fuit
3584 4274 3693 4342 ⁸⁸⁸,
3754 4274 3853 4327 im—

1866 4430 2124 4510 ’γΑιιιΑε
2162 4449 2561 4509 ιεςτιοΝΕε.

652 4584 880 4662 "fideo
901 4596 984 4642 est
1034 4584 1243 4662 bonus,
1263 4590 1388 4662 quia
1422 4588 1664 4662 imitatur
1693 4591 1937 4662 eumqui
1967 4589 2301 4645 aeternaliter
2326 4585 2934 4662 nu._a_Deo_est_bo_nus
2962 4598 3054 4654 qm
3081 4585 3415 4662 :eternaiiter
3484 4583 3561 4662 ξιτ
3588 4584 3765 4640 Homo
3785 4581 3852 4639 ad

581 4654 989 4712 similitudinem
1020 4654 1484 4716 creatoris'factus
1514 4661 1794 4715 voluntate
1823 4654 2026 4725 bonus;
2056 4678 2154 4715 ms.
2201 4662 2313 4713 lucc
2340 4658 2527 4712 omittit

2628 4656 2701 4688 ⁸³³
2728 4655 2783 4709 ln
2816 4654 2977 4709 ﬁnem
3004 4667 3222 4710 maneat
3262 4673 3341 4709 ms
3392 4656 3444 4709 in
3477 4655 3645 4709 tinem
3673 4668 3857 4723 00⁵⁸⁸

580 4737 740 4781 verat
810 4726 883 4759 ⁸³⁸
915 4727 1029 4782 Non
1063 4738 1147 4783 est
1191 4730 1332 4785 aliud
1359 4732 1629 4794 voluntas,
1662 4731 1802 4785 aliud
1842 4723 2080 4787 essentia
2117 4744 2133 4784 :
2160 4730 2239 4785 sic
2264 4746 2361 4783 ms.
2391 4745 2496 4783 non
2525 4734 2608 4781 est
2634 4725 2779 4780 aliud
2808 4726 3239 4794 essrntiaquam
3276 4726 3688 4795 voluntasgurc
3712 4723 3855 4778 aliud

579 4798 828 4853 voluntas
854 4813 1016 4868 quam
1053 4800 1288 4855 essentia
1331 4819 1344 4854 :

1387 4802 1465 4869 sic
1536 4800 1607 4834 ⁸³⁸
1631 4802 1711 4856 Ab
1739 4802 1884 4856 muni
1935 4801 2074 4855 man
2103 4801 2387 4855 liberatum
2430 4814 2530 4851 ms.
2559 4797 2629 4851 ab
2651 4796 2814 4869 omni
2836 4796 2974 4851 malo
3014 4806 3221 4869 estote
3255 4796 3545 4851 liberatum
3624 4795 3696 4826 ⁸³³
3722 4795 3856 4869 6r!-

581 4868 676 4943 _tia,
715 4868 827 4943 vult
847 4863 977 4943 quae
1017 4870 1278 4943 Densius.
1312 4866 1491 4943 gratia
1523 4886 1706 4927 secum
1742 4871 1864 4943 vult
1895 4881 1947 4937 et
1974 4873 2124 4941 ponit
2150 4871 2289 4925 bona
2316 4883 2438 4940 quae
2468 4870 2609 4922 Deus
2678 4867 2756 4943 _”_’
2782 4865 3191 4943 Qureprohibet
3219 4882 3318 4943 ms.
3349 4880 3472 4943 qua;
3506 4863 3857 4943 νειμ-νωιιῇ

578 4931 671 5012 bet
742 4939 815 4971 ⁸⁸³
843 4931 985 5012 ςῖγι.
1017 4938 1167 5007 Quod
1204 4931 1363 4996 Ιιοιιῖυ
1393 4942 1591 4995 existat
1616 4958 1679 4996 ex
1717 4931 1927 4996 dnahus
1957 4931 2183 5005 naturis,
2212 4931 2443 5010 quarum
2476 4931 2845 5012 unaesigitur
2871 4931 3195 5012 att—summa,
3242 4931 3410 5012 altera
3432 4931 3763 5012 deprimi—tur
3790 4931 3857 5012 ad

578 5008 685 5064 ima
715 5027 810 5064 ms.

858 5001 1202 5083 Quodliomo
1224 5013 1463 5066 existens
1501 5012 1554 5066 in
1584 5013 1790 5065 duabus
1817 5012 2023 5066 naturis
2055 5012 2145 5072 sit.
2170 5001 2403 5083 quarum
2432 5024 2538 5061 una
2568 5001 2823 5083 dirigitur
2864 5008 2930 5060 ad
2967 5020 3204 5083 summa,
3229 5005 3403 5083 altera
3439 5001 3854 5083 deprimiturad

577 5078 709 5154 iuta.
781 5080 858 5154 ”_‘_
878 5075 1106 5154 Constat
1135 5092 1311 5154 autem
1341 5085 1517 5137 anima
1541 5098 1606 5138 ex
1634 5099 1729 5135 ms.
1757 5090 1968 5137 constat
2002 5075 2414 5154 autem-(homo)
2444 5093 2511 5154 εξ
2585 5075 2872 5154 δξξ-λιιίιῐιε
2905 5089 2993 5154 res
3023 5076 3320 5154 Spiritualis
3342 5092 3441 5129 ms.
3476 5076 3667 5129 anima
3696 5075 3860 5154 spiti-

578 5150 743 5205 tualis
814 5151 888 5184 ⁸³⁸
911 5151 968 5223 lu
997 5152 1246 5206 carnales
1274 5155 1542 5223 appetitus
1563 5153 1675 5209 exit
1700 5169 1796 5207 ms.
1828 5152 2068 5223 carnalis
2101 5147 2372 5223 appetitus
2394 5147 2535 5223 exiit
2572 5149 2677 5223 _”'
2697 5149 2844 5223 Cum
2873 5149 3052 5223 anima
3080 5147 3336 5201 voluntas
3360 5162 3462 5200 ms.
3488 5160 3617 5199 cum
3638 5147 3853 5223 _anima.

542 5224 553 5230 '
577 5236 698 5290 qua:
723 5222 1047 5294 naturaliter
1072 5223 1242 5294 tendit
1271 5216 1662 5294 ait-superiora,
1697 5233 1823 5294 tunc
1849 5222 2028 5277 anima
2053 5216 2395 5294 etp—voluntas
2466 5219 2536 5294 '_”
2558 5218 2743 5294 Gratia
2784 5228 2841 5294 et
2883 5219 3087 5294 anima,
3115 5232 3341 5294 carnem
3371 5232 3470 5294 ηιε.
3505 5216 3710 5283 gratia,
3736 5227 3858 5294 cur

578 5281 700 5344 tiem
774 5290 845 5323 ⁸⁸⁸
876 5293 1296 5347 Sunilitudinem
1333 5281 1509 5357 suain,
1537 5281 1661 5347 cum
1693 5293 1832 5347 Deus
1859 5309 1960 5347 ms.
1983 5292 2388 5347 similitudinem
2418 5290 2523 5353 sui,
2549 5291 2763 5343 tandem
2790 5289 2929 5342 Deus
3000 5288 3073 5320 ⁸⁸⁸
3107 5285 3239 5353 Lina:
3265 5287 3419 5356 quasi
3574 5300 3701 5354 qua:

574 5359 643 5433 "f
677 5358 770 5414 Vel
803 5363 945 5432 quod
978 5379 1074 5416 ms.
1114 5378 1211 5431 per
1239 5365 1379 5433 quod

1475 5345 1757 5437 ὢξᾯιιξ
1791 5345 1887 5417 llic
1930 5345 2063 5415 ιιι-ιιι
2108 5345 2272 5437 homo
2300 5345 2736 5437 Deumantunon
2763 5360 3045 5437 permittat
3070 5345 3368 5437 eamnmale
3396 5356 3477 5437 uti
3502 5345 3679 5437 libero
3704 5345 3858 5437 sibi-

578 5431 683 5505 trio
707 5423 925 5505 nts_.'hic_
947 5442 1076 5505 orat
1095 5423 1476 5505 liotnoilleum,
1507 5450 1558 5487 ιιι
1576 5423 1708 5488 "non
1739 5436 2017 5505 permittat
2039 5448 2160 5487 eum
2185 5433 2263 5505 uti
2285 5431 2429 5505 male
2459 5447 2558 5485 nec
2585 5423 3026 5505 libero-arbitrio
3098 5427 3419 5505 “’__l_)u_tui_ne
3446 5423 3580 5505 {esu
3608 5425 3862 5505 (inrisu.

577 5504 738 5572 linis.
778 5502 1019 5564 Domine,
1050 5501 1094 5557 Ο
1166 5501 1437 5572 a“Ipsum
1465 5495 1690 5560 'dcstrue
1740 5495 1839 5559 ius.
1892 5504 2107 5557 destrue
2180 5501 2251 5536 ⁸⁸⁸
2282 5502 2420 5555 Malo
2461 5505 2609 5572 adite
2648 5510 2755 5572 ms.
2800 5499 2949 5572 malo
2971 5516 3016 5572 a7
3035 5508 3089 5553 te
3126 5497 3232 5572 ff“
3265 5496 3589 5551 Dnlcissime
3626 5495 3865 5572 Domit»

576 5566 740 5622 Pater
770 5588 847 5625 ms
896 5573 1214 5629 dulcissime
1252 5566 1415 5629 Pater
1486 5575 1555 5606 “7
1588 5576 1817 5630 Crantor
1844 5573 2084 5627 omnium
2134 5589 2228 5628 ms.
2279 5573 2508 5628 Greater
2536 5571 2813 5625 hominum
2870 5570 2959 5617 ³³⁸
2987 5568 3141 5636 Quod
3169 5569 3222 5622 in
3252 5577 3462 5621 ι.ιιιιιιιιι
3508 5581 3610 5621 ms.

3656 5562 3863 5635 (pain

539 5628 553 5659 ί
580 5649 787 5692 tantum
839 5644 909 5680 ον’
940 5628 1092 5714 ,Eam
1116 5659 1368 5714 causares
1389 5628 1484 5699 ins.
1541 5628 1910 5699 caiiicrcarcs
1984 5642 2057 5676 '”
2092 5643 2207 5714 Ipse
2234 5644 2383 5700 enim
2414 5656 2633 5711 semper
2658 5655 2780 5696 ese
2804 5648 2883 5695 est
2923 5651 2977 5695 et
2999 5628 3229 5708 wsemper
3261 5638 3359 5701 fuit
3379 5652 3478 5692 ms.
3507 5636 3625 5705 Ipse
3652 5628 3751 5691 c'ui
3778 5640 3869 5689 αι

578 5723 701 5764 esse
721 5719 774 5764 et
805 5696 1021 5781 seinp'er
1046 5696 1178 5768 reSSc
1208 5696 1304 5767 fuit
