4060 6292
231 386 327 447 809

1583 385 2125 445 MEDITATlONES.

3381 395 3484 451 8l0

225 501 484 565 mutabilis
539 512 597 558 et
650 502 973 569 invisibilis,
1040 503 1431 560 inaestimabilis
1485 512 1541 561 et
1591 519 1794 559 tucom-
1825 504 2236 570 Acireumdata
2259 516 2431 563 estex
2464 507 2792 566 abundantia
2838 510 3185 583 iniquitatem
3219 526 3479 569 suarum:

223 591 595 672 prcltcnsibilis
658 594 731 629 ⁸⁸⁸
762 635 779 659 ,
837 594 978 651 miro
1045 604 1101 651 et
1170 595 1242 629 "'
1318 593 1570 651 ineﬂ'abili
1636 595 1798 651 modo

222 707 365 749 suum
405 703 526 745 esse
575 704 683 745 non
724 688 1038 753 dimittens,
1086 703 1186 759 pro
1228 696 1280 744 te
1327 687 1401 720 ⁸⁸⁸
1450 703 1508 743 se
1552 687 1799 744 exinani-

221 782 309 849 vit,
338 797 458 837 cum
497 795 597 851 pro
638 791 690 835 te
727 789 981 835 creatura
1024 780 1139 835 fieri
1183 779 1370 842 voluit,
1416 791 1476 835 ut
1506 765 1579 845 te,
1610 779 1700 849 qni
1732 779 1800 836 de

221 890 319 930 non
347 888 466 929 esse
486 873 552 927 ad
584 887 705 928 esse
731 871 951 937 venisti,
982 871 1047 926 ad
1078 887 1139 929 se
1166 872 1256 943 qui
1292 888 1397 927 nun
1428 870 1495 926 de
1530 886 1635 925 non
1678 886 1801 927 esse

222 967 285 1024 ad
306 981 422 1022 esse
446 963 615 1032 venit,
646 966 740 1019 sed
782 964 875 1035 cui.
913 980 1131 1037 semper
1160 979 1284 1021 esse
1314 963 1438 1030 fuit,
1480 963 1801 1020 familiarius

220 1051 607 1121 reconciliaret,
664 1054 1076 1110 reconciliatum
1105 1064 1159 1110 et
1189 1071 1253 1110 ex
1282 1053 1353 1087 '“
1379 1064 1492 1109 toto
1522 1055 1574 1109 in
1617 1054 1801 1126 pristi~

219 1165 332 1205 nam
360 1146 676 1217 dignitatem
705 1146 1055 1213 reformatum
1085 1148 1151 1202 ad
1176 1163 1332 1202 suum
1357 1164 1477 1203 esse
1494 1148 1797 1212 reduceret,

218 1241 290 1296 uti
317 1238 441 1295 felix
473 1238 545 1271 ⁸⁸⁸
576 1254 793 1309 semper
818 1247 872 1292 et
895 1238 1047 1294 belus
1077 1239 1130 1292 in
1161 1248 1364 1294 :cterna
1397 1255 1493 1294 sua
1521 1238 1692 1310 gloria
1721 1254 1801 1296 se-

217 1347 330 1388 cum
374 1330 426 1386 in
470 1339 735 1385 aeternum
769 1316 1065 1400 gauderes.
1118 1330 1295 1397 Ecce,
1330 1330 1473 1385 Deus
1517 1347 1699 1393 mens,
1745 1340 1800 1387 et

215 1420 432 1476 Creator
456 1436 772 1484 mens,eece
792 1420 937 1475 vides
949 1437 1058 1493 quo
1081 1420 1710 1492 cogitandomperveni;
1745 1430 1800 1477 et

218 1519 405 1573 tamen,
441 1512 543 1566 boc
568 1511 878 1580 cogitando,
906 1511 1128 1581 quantis
1164 1513 1342 1567 adhuc
1375 1512 1705 1569 vanitatibus
1746 1520 1801 1567 et

216 1603 455 1660 stultitiis
478 1603 664 1661 infelix
693 1607 876 1661 anima
904 1622 1022 1663 mea
1050 1606 1289 1672 subjecta
1321 1606 1410 1662 sit.
1435 1605 1801 1685 Sialiquando

213 1699 375 1769 gratia
409 1708 499 1754 tua
534 1708 811 1770 respectus
839 1699 1038 1769 incipio
1059 1700 1300 1768 cogitare
1331 1700 1605 1770 quomodo
1634 1708 1801 1770 perti-

213 1798 329 1845 neat
358 1790 427 1822 ⁸⁸⁷
455 1780 523 1846 ad
546 1790 780 1861 aliquam
809 1791 1095 1848 utilitatem
1125 1792 1319 1848 animae
1348 1806 1497 1855 mete,
1528 1789 1799 1846 instabilis

1900 603 2122 665 pr0pter
2169 597 2389 651 easdem
2430 600 2574 654 enim
2631 599 2945 669 iniquitates
2987 618 3227 657 amaram
3272 604 3482 674 patitur

1900 684 2200 741 absentiam
2246 686 2626 755 pulcherrima:
2680 689 2835 745 faciei
2883 702 3007 747 tuae.
3079 692 3214 748 llinc
3273 693 3480 763 itaque,

1900 772 2044 829 Deus
2076 790 2251 841 meus,
2290 776 2417 831 hinc
2460 788 2545 834 est
2582 797 2795 837 summa
2835 782 3038 840 doloris
3074 786 3201 850 mei,
3230 789 3356 858 quia
3391 804 3487 844 co-

1901 881 2102 938 gnosco
2131 883 2218 922 me
2248 868 2591 927 clementiam
2617 882 2761 929 tuam
2789 891 2907 930 mea
2941 876 3486 950 iniquitategraviler

1899 959 2209 1024 offendisse,
2244 970 2297 1015 ct
2333 962 2520 1019 oculos
2546 966 2729 1020 cordis
2756 967 2859 1022 mei
2895 968 2965 1025 ob
3003 970 3247 1026 eamdem
3285 972 3486 1044 iniqui-

1903 1064 2090 1122 tatem,
2123 1074 2190 1114 ne
2238 1061 2605 1119 desideranda:
2656 1064 2921 1122 claritatis
2952 1076 3055 1127 tua:
3108 1068 3287 1127 lumen
3342 1073 3487 1145 aspi-

1903 1146 2073 1213 ciant,
2105 1159 2333 1205 eteeatos
2357 1151 2545 1210 fuisse.
2577 1153 2774 1209 Fecisti
2799 1166 2979 1223 tne,ut
2999 1160 3290 1229 gauderem
3318 1163 3385 1219 de
3411 1173 3483 1228 te,

1900 1242 1957 1289 et
1989 1250 2091 1306 ego
2121 1246 2228 1292 tam
2264 1248 2473 1310 turpem
2511 1257 2598 1297 me
2637 1241 2761 1306 feci,
2789 1252 2848 1298 ut
2872 1245 3193 1302 erubescam
3221 1265 3486 1322 apparere

1900 1342 2086 1385 coram
2116 1338 2186 1386 te.
2213 1328 2529 1402 luiquitates
2559 1334 2702 1388 enim
2735 1352 2862 1390 ntro:
2882 1354 3227 1409 supergressa'
3247 1352 3366 1396 sunt
3396 1361 3487 1398 ca-

1900 1428 1993 1488 put
2036 1437 2230 1486 meum,
2261 1432 2307 1475 et
2361 1423 2495 1476 sicut
2541 1440 2673 1478 omts
2721 1441 2877 1495 grave
2922 1440 3153 1498 gravata:
3189 1441 3308 1486 sunt
3331 1448 3488 1502 super

1901 1529 1982 1567 me
2011 1512 2183 1584 (Psal.
2235 1531 2443 1580 xxxvii,
2486 1516 2563 1587 5);
2600 1532 2752 1572 mens
2797 1533 2915 1574 mea
2964 1520 3184 1576 malitia:
3213 1521 3334 1578 felle
3373 1523 3486 1579 ine-

1901 1600 2075 1656 briata
2104 1612 2207 1670 est,
2238 1615 2293 1658 et
2321 1604 2501 1658 anima
2528 1620 2645 1660 mea
2675 1607 2914 1676 pondere
2943 1609 3210 1663 sceletum
3237 1611 3485 1665 incurva-

1903 1703 1955 1748 ta
1991 1703 2096 1761 est,
2152 1698 2371 1751 animus
2400 1714 2552 1755 meus
2577 1699 2834 1755 vitiorum
2877 1701 2988 1756 luto
3025 1702 3251 1759 fmdalus
3290 1713 3395 1772 est,
3430 1714 3487 1761 et

1901 1801 1995 1842 cor
2020 1801 2199 1842 meum
2229 1788 2506 1859 injustitia:
2548 1792 2673 1845 tabe
2706 1791 2970 1861 repletum
3000 1804 3123 1861 est;
3157 1797 3338 1851 anima
3362 1811 3482 1851 mea

214 1895 357 1936 tuens
392 1898 532 1949 mea,
566 1891 622 1938 et
651 1882 763 1939 fere
795 1882 865 1939 ab
889 1884 1040 1939 omni
1085 1884 1229 1939 bono
1255 1898 1423 1938 vacua
1456 1883 1569 1939 cito
1601 1882 1799 1939 labitur
1830 1887 1874 1943 B
1899 1887 2252 1947 peccatorum
2288 1881 2519 1936 nexibus
2557 1881 2765 1938 irretita
2796 1893 2899 1948 est,
2932 1892 2987 1939 et
3029 1893 3138 1939 tota
3177 1888 3481 1943 substantia

211 1976 274 2028 ad
301 1974 484 2031 inania
508 1985 560 2032 et
588 1977 772 2040 noxia,
804 1976 967 2030 veluti
998 1975 1150 2048 palea
1176 1990 1339 2047 quam
1367 1974 1675 2030 levissimus
1703 1974 1799 2031 lla—

211 2076 299 2143 tus
319 2067 465 2122 venti
491 2065 740 2122 exsnillat
768 2067 833 2122 de
868 2082 1014 2122 area.

269 2156 518 2215 Cernens
553 2174 705 2228 ergo,
734 2159 961 2215 Creator
1013 2172 1187 2220 mens,
1225 2165 1430 2214 tantam
1476 2158 1794 2215 inconstan-

206 2248 329 2304 tiam
390 2252 590 2307 ntenlis
636 2267 811 2315 mem,
857 2260 966 2305 tant
1015 2258 1317 2319 torpentem
1370 2258 1429 2306 et
1473 2249 1794 2308 desidiosam

201 2340 264 2395 ad
292 2342 646 2412 cogitandum
682 2358 744 2397 ea
773 2355 892 2410 qum
920 2349 1046 2395 sunt
1068 2340 1242 2406 utilia,
1276 2348 1384 2395 tam
1409 2338 1714 2396 ferventem
1741 2350 1797 2396 et

199 2433 509 2487 studiosam
543 2433 610 2487 ad
644 2447 708 2487 ea
733 2449 854 2504 quae
885 2442 1012 2488 sunt
1055 2432 1240 2496 noxia,
1276 2447 1382 2487 non
1424 2432 1684 2503 respicias
1729 2432 1795 2486 ad

198 2524 298 2595 boc
334 2525 485 2597 quod
511 2534 768 2595 peccator
794 2541 936 2581 sum.
969 2524 1187 2594 Fateor,
1219 2523 1413 2591 fateor,
1442 2537 1699 2597 peccator
1719 2525 1793 2559 ⁸⁸⁸

201 2632 351 2684 sum,
395 2617 651 2695 indiguus
690 2633 837 2683 sum,
880 2615 1192 2672 immundus
1232 2631 1351 2672 sum
1389 2615 1483 2684 ⁸³³,
1513 2624 1569 2673 et
1615 2626 1794 2675 tamen

202 2723 303 2763 non
330 2707 531 2765 recedo
562 2724 591 2764 a
620 2717 690 2773 te,
730 2707 1046 2764 dulcissime
1095 2705 1224 2764 Jesu
1261 2707 1333 2740 ⁸⁶⁰
1370 2707 1610 2771 Christe.
1658 2708 1794 2764 velis

202 2796 335 2853 nolis
353 2797 453 2862 ⁸⁸⁸,
486 2812 592 2853 non
623 2797 839 2853 dimitto
861 2797 1046 2862 te,etsi
1064 2796 1283 2852 infirma
1302 2813 1464 2854 manu
1493 2806 1690 2855 tenebo
1716 2808 1793 2866 te,

202 2903 299 2944 nec
327 2888 556 2944 recedes
581 2905 611 2945 a
635 2903 744 2955 me,
768 2888 944 2944 donec
964 2889 1031 2944 ab
1048 2888 1197 2947 omni
1226 2890 1556 2961 cogitatione
1585 2891 1791 2961 peccati

201 2976 449 3034 absolvas
474 2992 581 3032 me.
608 2975 847 3033 Verbera
870 2993 972 3042 me,
998 2978 1224 3035 emenda
1243 2994 1346 3040 me.
1375 2986 1432 3034 et
1454 2981 1670 3051 corripe
1685 2996 1791 3046 me,

200 3076 252 3123 et
282 3070 470 3125 tandiu
500 3068 707 3141 castiga
740 3083 957 3124 servum
989 3078 1140 3124 tuum
1182 3069 1277 3134 ⁸⁸³,
1311 3070 1485 3126 donec
1513 3085 1612 3143 per
1644 3069 1791 3126 inef-

202 3155 411 3216 fabilem
457 3160 760 3216 bonitatem
803 3168 951 3215 tuam
995 3158 1266 3232 perducas
1306 3175 1394 3216 me
1448 3159 1516 3216 ad
1564 3160 1792 3232 gloriam

205 3255 302 3305 tua:
329 3246 838 3321 contemplationis.

742 3337 1116 3395 MEDITATIO
1140 3338 1262 3394 XX.

578 3433 925 3500 Querintom‘u
948 3432 1015 3486 de
1040 3431 1273 3486 absentia
1301 3430 1415 3487 Dei.

218 3528 312 3598 (Ex
332 3527 713 3598 manuscripto
725 3526 908 3583 codice
929 3524 1092 3582 n.i6‘l
1106 3524 1445 3582 bibliotheca:
1459 3523 1793 3596 'fbnanaeae.)

264 3617 378 3676 Non
410 3618 637 3684 sullicit,
676 3617 901 3673 Domine
923 3658 940 3684 ,
971 3633 1080 3673 non
1111 3614 1308 3687 suiIieit
1348 3616 1641 3687 peccatrici
1674 3616 1792 3672 ani-

200 3721 295 3761 nne
334 3708 471 3766 mete
502 3708 655 3781 «ιιιοά
693 3722 758 3763 ex
799 3706 1132 3762 abundantia
1167 3703 1456 3762 inell‘abilis
1488 3705 1792 3762 clementia:

201 3814 299 3864 tute
326 3824 424 3865 sua
465 3807 577 3864 sibi
626 3814 815 3875 sperat
850 3802 1083 3859 relaxari
1125 3813 1366 3874 peccata,
1410 3804 1512 3860 nisi
1549 3804 1792 3861 dolorem

199 3910 373 3964 suum,
401 3912 575 3969 quem
618 3895 822 3965 patitur
864 3892 933 3950 de
955 3892 1202 3948 absentia
1254 3893 1434 3950 vultus
1464 3893 1565 3960 tui,
1606 3896 1793 3964 queri-

202 3990 431 4044 moniam
464 4003 627 4045 suam
665 3985 858 4041 saltem
884 3999 1071 4041 coram
1115 3993 1166 4038 te
1203 3984 1541 4054 exponendo,
1573 4000 1792 4056 quoquo

201 4081 353 4135 modo
388 4080 621 4136 studeat
652 4076 909 4131 relaxari.
949 4073 1346 4143 Peregrinatur
1377 4075 1525 4130 enim
1556 4090 1587 4129 a
1633 4085 1705 4142 te,
1736 4085 1792 4131 et

200 4166 294 4223 hoc
336 4180 567 4242 propter
606 4167 923 4237 iniquitates
961 4181 1107 4220 suas.
1152 4164 1253 4221 Ubi
1292 4181 1423 4237 ergo
1466 4167 1597 4223 mibi
1631 4176 1794 4239 caput

196 4263 459 4318 scratonis
495 4268 853 4324 occurretur,
885 4256 1123 4312 dolorem
1150 4272 1329 4311 meum
1355 4257 1577 4313 intendo
1599 4272 1792 4315 conso-

198 4348 312 4419 lari,
338 4365 397 4412 et
425 4370 558 4411 eum
595 4352 813 4408 intueor
841 4352 1110 4422 acquisita
1142 4349 1513 4409 consolatione
1535 4366 1794 4422 augmen-

198 4445 314 4501 tari.
341 4447 460 4517 ipsa
488 4446 646 4503 enim
680 4428 966 4513 inquisitio
991 4440 1387 4497 consolationis
1411 4441 1577 4495 tuenti
1595 4455 1795 4496 memo-

197 4536 323 4591 riam
352 4544 720 4608 repraesentat
741 4533 965 4590 doloris.
990 4532 1429 4589 Consolatiouem
1461 4547 1695 4602 namque
1724 4533 1791 4588 de

1900 1983 2019 2025 mea
2043 1970 2183 2025 mole
2217 1970 2504 2027 criminum
2528 1988 2788 2043 oppressa
2815 1986 2917 2030 est.
2943 1975 3075 2042 Quis
3109 1992 3240 2049 ergo
3270 1979 3398 2033 mibi
3430 1980 3482 2035 in

1902 2066 2048 2114 tanta
2080 2059 2421 2117 miseriarum
2458 2063 2825 2134 profunditate
2840 2066 3137 2122 constituto
3168 2069 3487 2125 subveniet?

1899 2153 2033 2221 Quis
2049 2169 2264 2209 manum
2291 2155 2568 2228 porriget?
2588 2157 2668 2211 An
2691 2172 2814 2229 ego,
2840 2158 2980 2227 quod
3004 2173 3186 2215 rerum
3213 2170 3319 2227 est,
3336 2169 3484 2216 tanta

1900 2248 2190 2319 iniquitate
2222 2249 2391 2306 Deum
2444 2251 2591 2308 solus
2616 2253 2937 2310 exacerbavi
2972 2263 3031 2309 ut
3086 2270 3187 2311 nec
3217 2256 3355 2325 ipse,
3385 2272 3486 2314 nec

1898 2336 2079 2408 aliqua
2106 2346 2355 2394 creatura
2380 2354 2475 2395 sua
2502 2355 2588 2395 me
2611 2342 2839 2399 ulterius
2868 2343 2993 2412 jure
3030 2343 3225 2399 debeat
3261 2346 3483 2403 intueri.

1899 2425 2013 2481 lleu
2038 2426 2200 2482 mihi!
2227 2443 2396 2497 quare
2417 2428 2500 2484 vel
2525 2445 2626 2485 una
2657 2431 2787 2485 bora
2813 2440 3097 2502 postquam
3131 2443 3288 2490 natns
3312 2434 3389 2491 fui
3432 2436 3484 2490 in

1897 2514 2000 2571 hoc
2031 2516 2233 2571 mundo
2258 2531 2479 2577 manere
2500 2517 2681 2583 debui,
2705 2529 2764 2573 ut
2792 2528 2940 2574 tanta
2966 2536 2994 2574 a
3019 2538 3104 2576 tne
3132 2522 3270 2577 mala
3298 2534 3486 2580 contra

1896 2607 2067 2663 Deum
2098 2609 2363 2665 deberent
2392 2610 2675 2665 exerceri?
2712 2609 2892 2679 Quare
2922 2612 3055 2667 mibi
3091 2614 3201 2669 vita
3245 2624 3354 2669 tam
3392 2616 3484 2672 diu

1897 2698 2231 2766 conceditur,
2264 2716 2383 2771 qua:
2418 2709 2530 2755 tota
2582 2701 2793 2758 vitiosis
2828 2701 3114 2759 affectibus
3146 2705 3480 2777 dissipatur?

1898 2788 2004 2845 Sed
2032 2791 2350 2847 dilationem
2382 2792 2507 2846 vita:
2538 2807 2637 2846 cur
2681 2792 2927 2864 deploro,
2979 2796 3201 2865 quando
3247 2812 3334 2854 me
3388 2812 3486 2869 per

1894 2896 2019 2937 eam
2056 2883 2124 2938 ad
2162 2883 2541 2962 paenitentiam
2586 2898 2616 2938 a
2648 2884 2758 2940 Deo
2788 2884 3007 2941 invitari
3058 2887 3365 2958 cognosco?
3403 2889 3485 2951 4n

1892 2974 2128 3045 ignoras,
2163 2972 2242 3029 ait
2268 2974 2574 3045 Apostolus,
2597 2976 2722 3047 quia
2740 2977 2994 3047 patientia
3025 2978 3120 3034 Dei
3139 2980 3209 3033 ad
3222 2980 3481 3051 peniten-

1893 3068 2024 3122 tiam
2053 3076 2103 3123 ιε
2126 3067 2344 3123 adducit
2369 3084 2389 3124 :
2437 3078 2497 3124 tu
2520 3078 2695 3125 autent
2724 3071 3009 3127 secundum
3040 3072 3292 3128 duritiam
3313 3083 3484 3136 tuam,

1894 3167 1943 3213 et
1963 3176 2055 3215 cor
2082 3159 2426 3230 impaeniteus,
2460 3161 2787 3215 thesaurizas
2823 3161 2916 3216 tibi
2940 3166 3075 3217 iram
3114 3163 3167 3217 in
3202 3163 3287 3218 die
3318 3165 3413 3219 ira:
3438 3174 3486 3217 et

1819 3253 1867 3316 ο
1898 3247 2228 3303 reuelationis
2274 3248 2411 3319 justi
2448 3248 2646 3318 judicii
2673 3248 2809 3304 Dei?
2862 3251 3043 3321 (Rom.
3071 3268 3123 3318 ι,
3172 3253 3239 3318 4,
3270 3253 3350 3325 5.)
3402 3251 3485 3307 Ad

1896 3337 2001 3407 hoc
2045 3353 2175 3408 ergo
2206 3338 2339 3393 mibi
2371 3338 2475 3392 vita
2500 3346 2789 3407 prrestatur
2814 3347 2874 3394 ut
2908 3339 3100 3396 eadem
3141 3344 3482 3401 emendetur.

1894 3426 2006 3482 Cur
2034 3427 2199 3499 igitur
2226 3441 2331 3483 non
2362 3426 2454 3481 flat
2478 3427 2616 3483 ista?
2638 3428 2681 3483 si
2722 3438 2944 3500 propter
2972 3430 3347 3502 paenitentiam
3374 3434 3487 3490 vita

1895 3523 2185 3590 din‘ertnr,
2243 3537 2413 3595 quare
2464 3523 2783 3595 poenitentia
2856 3526 2971 3597 ipsa
3053 3526 3373 3585 simulatur?
3427 3528 3486 3585 Si

1895 3616 2037 3672 Dens
2082 3615 2278 3672 animae
2330 3632 2463 3672 mea.
2492 3617 2686 3689 parcit,
2738 3616 2807 3674 ad
2859 3626 3072 3691 tempus
3118 3618 3485 3688 subsistendo,

1893 3726 2064 3782 quare
2086 3712 2199 3782 ipsa
2224 3712 2326 3767 sibi
2352 3730 2457 3769 non
2483 3712 2678 3785 parcit,
2700 3719 2920 3783 peccata
2952 3713 3311 3771 dimittendo?
3333 3713 3376 3771 0
3403 3714 3487 3771 in-

1895 3802 2167 3857 sensibilis
2213 3802 2413 3858 duritia
2457 3804 2639 3859 cordis
2681 3805 2817 3858 mei!
2858 3805 2928 3860 ob
2960 3805 3067 3859 hoc
3113 3820 3260 3860 mors
3306 3805 3487 3860 dill‘er-

1897 3900 2003 3958 tur,
2031 3890 2195 3964 240
2225 3901 2286 3947 ut
2322 3893 2429 3948 vita
2461 3893 2796 3961 melioretur,
2823 3902 2880 3949 et
2909 3894 3035 3948 dum
3060 3894 3169 3950 vita
3194 3895 3480 3966 proionga-

1898 3990 2005 4048 tur,
2058 3997 2204 4037 mors
2246 3982 2489 4038 deterior
2516 3983 2839 4053 acquiritur.
2879 3983 3177 4054 Utrobique
3210 3986 3482 4053 angustia.

1893 4074 2029 4132 Cum
2064 4088 2184 4130 sum
2213 4073 2267 4130 in
2299 4090 2548 4147 corpore,
2581 4076 2900 4148 peregrinor
2929 4092 2959 4132 a
2995 4076 3225 4133 Domino
3252 4076 3334 4146 (11
3353 4076 3478 4132 Cor.

1893 4182 1947 4233 ν,
1979 4166 2035 4239 6)
2065 4174 2121 4222 et
2149 4182 2217 4223 ne
2258 4166 2390 4222 mibi
2431 4177 2652 4239 propter
2677 4176 2897 4239 peccata
2930 4184 3049 4227 mea
3085 4176 3237 4225 extra
3285 4184 3485 4240 corpus

1891 4257 2045 4329 pejus
2072 4259 2163 4327 sit,
2190 4260 2342 4315 exire
2366 4260 2433 4316 de
2452 4275 2678 4331 corpore
2700 4259 3042 4332 pertimesco,
3074 4262 3357 4334 prmsentii
3387 4261 3483 4319 Dei

1893 4350 2094 4421 privari
2135 4349 2313 4415 doleo,
2352 4358 2408 4405 et
2451 4349 2754 4406 absentiam
2800 4352 3172 4421 corruptibilis
3215 4356 3483 4425 corporis,

1893 4442 2012 4498 sine
2039 4456 2145 4512 qua
2180 4443 2479 4513 praesentia;
2509 4441 2602 4498 Det
2645 4445 2840 4500 sociari
2878 4461 2984 4501 non
3017 4461 3257 4517 possum,
3299 4449 3487 4503 subire

1890 4535 2237 4606 pertimesco.
2262 4530 2401 4600 Quid
2428 4543 2532 4599 est,
2563 4533 2808 4601 Domine,
2830 4536 2963 4607 quid
2989 4546 3072 4593 est
3091 4540 3233 4607 quod
3259 4554 3354 4594 cur
3385 4540 3485 4595 bu-

194 4626 371 4687 dolore
403 4650 513 4687 non
538 4643 870 4702 quaererem,
907 4626 1007 4682 nisi
1048 4640 1136 4680 me
1179 4625 1363 4681 dolere
1402 4626 1790 4690 meminissem,
1825 4638 1871 4692 ι’,
1888 4625 1980 4697 jus
2008 4627 2313 4699 peccatoris
2346 4628 2607 4692 intuetur,
2635 4638 2690 4681 et
2722 4628 2904 4684 verbis
2933 4629 3208 4700 explicare
3235 4648 3340 4686 non
3364 4632 3483 4687 suf-

195 4723 311 4789 Quia
343 4740 410 4780 ex
442 4724 716 4781 mentoria
749 4719 954 4776 doloris
993 4718 1255 4788 quaeritur
1291 4714 1555 4785 refugium
1584 4727 1797 4770 “consu-

196 4809 431 4882 lationis,
465 4825 524 4871 et
553 4831 623 4871 ex
652 4799 1309 4884 appetitu'cmtsolationis
1331 4817 1561 4880 augetur
1588 4823 1791 4864 memo-

195 4905 269 4959 ria
291 4907 521 4974 duim-is,
544 4916 605 4964 ct
626 4882 731 4978 quo
753 4882 949 4976 saepius
975 4902 1132 4959 dolor
1154 4901 1321 4973 ntentj
1346 4909 1789 4971 repraesentetur,

192 5007 255 5047 eo
286 4997 482 5068 majori
520 5005 819 5066 augmento
864 4993 1194 5049 cumulatur.
1233 4990 1373 5058 Quid
1415 4991 1578 5062 igitur
1615 4990 1790 5048 facio?

194 5098 259 5136 an
283 5084 395 5155 ipsa
413 5086 695 5157 expositio
717 5084 923 5139 doloris
950 5083 1326 5154 qualecunque
1348 5083 1439 5137 dat
1455 5083 1787 5139 emolumen-

196 5184 300 5230 tum
326 5179 761 5234 cousoiatinnis‘!
794 5176 1106 5247 Expandam
1144 5192 1296 5247 ergo,
1330 5174 1575 5240 Domine,
1602 5191 1785 5230 coram

194 5267 573 5325 misericordia
616 5279 705 5324 tua
754 5268 1147 5325 atuaritudines
1183 5269 1377 5324 anima:
1409 5282 1561 5331 mete,
1590 5267 1789 5337 quibus

1899 4719 2032 4775 ﬁcit.
2065 4718 2245 4784 Certe,
2277 4719 2417 4774 banc
2445 4716 2598 4782 Jesu,
2629 4720 2845 4776 dissolvi
2871 4730 2926 4776 et
2957 4731 3135 4777 tecum
3166 4737 3287 4777 esse
3314 4722 3484 4777 tnulto

1898 4811 2071 4882 magis
2110 4811 2375 4879 optimum
2420 4819 2523 4865 est.
2573 4810 2752 4878 Quare
2797 4827 2924 4883 ergo
2985 4827 3091 4868 non
3141 4812 3483 4868 desideratur

1895 4901 2040 4972 qttod
2084 4899 2345 4971 optimnn
2392 4915 2513 4956 esse
2574 4902 2852 4972 probatur.
2910 4901 3137 4957 Dissolvi
3186 4918 3215 4956 a
3265 4903 3479 4957 mortali

1896 5008 2127 5063 corpore
2150 5002 2339 5050 etesse
2351 5009 2473 5049 cum
2487 4992 2704 5049 Christo
2732 4992 2986 5064 (Philipp.
3010 4993 3177 5059 1,25),
3202 4993 3481 5049 beatitudo

1890 5095 2005 5152 est;
2055 5086 2208 5158 ligari
2238 5101 2485 5158 corpore,
2510 5095 2565 5140 et
2587 5085 2775 5140 abesse
2798 5100 2825 5138 a
2855 5084 3093 5151 Christo,
3123 5085 3342 5140 miseria
3371 5094 3476 5141 est.

1895 5177 1965 5234 Ut
2009 5177 2139 5248 quid
2188 5178 2351 5250 igitur
2410 5176 2625 5232 miseria
2698 5176 2928 5241 timetur,
2961 5176 3160 5244 amitti,
3202 5186 3257 5233 et
3304 5178 3480 5233 beati-

1899 5272 2026 5326 tudo
2061 5286 2165 5326 non
2207 5270 2549 5325 desideratur
2587 5267 2808 5325 haberi?
2852 5269 2963 5326 Sed
3017 5271 3133 5328 haec
3183 5279 3268 5328 est
3311 5284 3477 5327 causa

1482 5380 1718 5438 V'ARIE
1748 5383 2151 5442 LECTIORES.

258 5493 329 5536 ⁸³⁸
393 5494 867 5552 Incontmutabilis
934 5509 1034 5547 uss.
1113 5488 1468 5546 immutabilis

191 5572 244 5617 te
297 5575 482 5621 tamen
547 5582 611 5620 se
655 5581 752 5619 ms.
816 5579 920 5617 non
967 5562 1245 5616 dimittens
1296 5576 1392 5629 pro
1438 5568 1491 5615 te
1546 5576 1606 5615 se

192 5633 261 5667 ⁸⁵⁸
306 5640 383 5693 Ae
414 5637 563 5690 fa:lix
615 5651 712 5688 ms.
747 5634 822 5688 uti
857 5633 1005 5688 faelis

1639 5492 1711 5524 ⁸⁸³
1754 5491 1990 5551 Numero
2041 5504 2098 5551 et
2156 5513 2251 5549 ms.
2321 5494 2460 5549 miro
2516 5501 2575 5549 et

1769 5565 1840 5597 ⁸⁵³
1898 5566 1963 5621 Et
2011 5566 2447 5628 reconciliatum,

2716 5494 2787 5528 ⁸⁵³
2836 5494 2971 5552 Non
3011 5497 3298 5572 dimittens
3369 5514 3473 5572 pro

2528 5580 2597 5620 ex
2636 5581 2735 5619 ms.
2808 5569 3240 5635 reconciliatum,
3292 5569 3469 5629 et'cx

1149 5632 1221 5664 ⁸⁸⁸
1246 5629 1526 5714 Quomodo
1547 5634 1841 5714 cogitando
1876 5654 1973 5691 ms.
2018 5635 2440 5714 (lliQ_PQgilalttitl
2512 5634 2582 5669 ⁸⁸⁷
2621 5637 2772 5704 Quod
2803 5639 3035 5714 pertinet
3072 5658 3175 5714 ms.
3202 5629 3473 5714 quomodo

191 5709 461 5774 pertineat
537 5705 615 5736 "°
640 5704 835 5760 Fateor
862 5713 1116 5774 peccator
1157 5718 1265 5774 gms.
1309 5702 1499 5774 fateor.
1544 5701 1737 5772 fateor,
1776 5701 2051 5774 peccator'
2098 5705 2167 5739 ⁸⁸⁸
2199 5701 2510 5762 Ιῖηιιιιιιιιιιιε
2536 5701 2662 5762 ειιιιῐ
2698 5701 2818 5764 tus.-
2848 5711 3056 5766 omittit.
3135 5701 3471 5771 m'Domine

192 5772 314 5833 Jesu
343 5796 444 5834 ms.
478 5777 638 5849 omit.
670 5772 895 5831 Domine
965 5773 1035 5807 ⁸⁸⁸
1078 5772 1239 5830 Veiis.
1266 5772 1404 5830 nolis
1429 5787 1528 5826 ms.
1562 5775 1695 5831 velis
1718 5772 2017 5852 qtiodyelis
2088 5778 2158 5811 ⁶⁶²
2182 5777 2365 5833 'l‘unut‘
2385 5777 2610 5835 Domine
2636 5795 2735 5835 ms.
2760 5782 2905 5836 omit.
2934 5781 3158 5841 Domine

431 5869 720 5928 ΡΑτιιοι..
773 5864 1040 5929 CLVIII.

2959 5875 3038 5936 26
