4060 6292
843 353 902 412 S.
936 351 1236 411 ANSELMI
1272 352 1620 411 CANTUAR.
1660 354 1982 411 ARClllEl’.
2019 359 2096 412 0P

2219 355 2401 414 f'ARS
2450 357 2522 413 ΙΙ.⁴
2557 388 2627 399 --·
2662 357 3036 416 ΡΑΒᾸΞΝΕΤ.
3079 362 3168 419 ΕΤ
3207 363 3452 422 ASCE'i.

3695 384 3807 429 833

523 487 695 545 quare
724 487 753 526 a
783 470 938 526 nobis
966 486 995 525 a
1025 483 1254 540 corpore
1282 467 1499 523 dissolvi
1524 483 1630 522 non
1663 468 1956 541 appetitur,
1977 468 2102 538 quia
2136 476 2181 531 Α
2212 468 2513 539 expediret,
2544 468 2636 524 tibi
2661 467 2874 526 deferre
2908 487 3013 527 non
3040 473 3255 531 studeo.
3290 475 3345 531 Si
3378 476 3523 532 enim
3554 489 3658 535 hoc
3680 497 3816 553 age-

521 576 643 635 post
667 562 1069 619 dissolutionem
1118 570 1299 616 utrum
1332 575 1453 615 cum
1480 560 1697 615 Christo
1737 575 1860 616 esse
1898 562 2109 616 coutin-

520 668 616 729 gat
658 657 952 711 dubitatur.
1003 654 1081 709 Ac
1132 669 1227 723 per
1275 654 1378 708 hoc
1430 654 1786 710 commoratio
1836 653 1887 708 itt
1942 668 2107 708 carne

458 812 467 818 _
521 750 725 803 idcirco
752 748 899 803 utilis
926 762 1046 802 esse
1065 747 1373 817 judicatur.
1409 747 1533 815 quia
1566 748 1692 801 dum
1719 746 1771 801 itt
1798 761 1859 802 ea
1884 745 2104 809 vivitur,

523 839 823 894 melioratio
879 840 1002 894 vita:
1052 847 1323 908 speratur.
1380 837 1468 892 Va!
1514 838 1752 909 peccatis
1804 839 2105 902 hominum,

522 947 748 1002 quorum
780 931 974 986 merito
1003 932 1184 1002 agitur
1225 941 1284 985 ut
1311 932 1423 1000 ipsa
1456 930 1581 985 vita:
1610 931 1860 985 humana:
1887 930 2106 985 miseria

533 1023 681 1079 utilis
715 1024 1021 1094 judicetur!
1054 1023 1245 1079 Nonne
1278 1032 1388 1078 tota
1426 1037 1667 1092 prmsens
1709 1023 1819 1078 vita
1858 1022 2108 1077 miseria?

520 1125 575 1168 et
602 1124 782 1171 tamen
812 1116 927 1171 luce
973 1115 1189 1169 miseria
1218 1130 1604 1185 nonnunquam
1646 1114 1775 1184 ipsis
1799 1116 1963 1169 etiam
1991 1111 2108 1181 jus-

520 1205 590 1259 tis
621 1206 770 1261 utilis
789 1215 894 1272 est,
922 1215 1147 1276 propter
1175 1205 1297 1261 boui
1330 1205 1505 1260 meriti
1534 1216 1911 1275 augmentum;
1940 1204 2107 1272 injus-

520 1295 590 1348 tis
632 1304 812 1350 autem
855 1296 1090 1350 maxime
1140 1297 1443 1352 necessaria
1501 1305 1725 1367 propter
1770 1296 2108 1365 pmnitentite

522 1389 994 1445 medicamentum.
1027 1388 1179 1444 Tune
1205 1404 1333 1444 vero
1355 1390 1469 1443 haec
1499 1389 1690 1443 eadem
1718 1388 1938 1444 miseria
1971 1403 2110 1459 pne-

519 1483 678 1550 cipue
714 1481 869 1536 bonis
899 1481 1170 1536 mentibus
1211 1480 1440 1551 lugenda
1474 1495 1596 1537 esse
1628 1480 1862 1547 videtur,
1892 1481 2106 1552 quando

519 1570 589 1627 ab
611 1572 988 1641 insipientibus
1025 1572 1185 1627 nimis
1219 1572 1522 1643 periculose
1551 1583 1787 1627 amatur.
1822 1571 1959 1639 Quia
1983 1586 2104 1626 cum

522 1667 575 1719 in
609 1664 727 1734 ejus
774 1681 959 1721 amore
989 1677 1390 1735 perseveratur,
1421 1666 1692 1738 peripsaut
1730 1666 1977 1720 eamdem
2007 1664 2109 1719 mi-

518 1756 716 1812 seriam
740 1756 806 1811 ad
831 1765 1088 1812 aeternam
1116 1757 1389 1812 miseriam
1417 1757 1731 1828 pervenitur
1752 1797 1767 1821 ,
1796 1756 1963 1826 ﬁtque
1991 1770 2108 1810 mo-

2213 576 2351 626 rem,
2382 560 2515 615 ttiltil
2545 562 2732 631 utique
2759 572 2906 619 esset
2945 567 3087 636 quod
3113 582 3202 621 me
3227 583 3256 622 a
3306 572 3569 626 memoria
3600 575 3700 639 ttti,
3747 589 3818 634 ac

2210 651 2480 707 desiderio
2505 660 2556 707 te
2591 652 2931 725 itttelligcnti,
2964 672 2992 711 a
3021 656 3176 712 beata
3208 661 3283 713 tui
3316 664 3521 719 amoris
3559 666 3809 724 dulcedi-

2210 759 2278 799 ne
2309 753 2607 800 revocaret.
2649 748 2873 803 Domine
2905 764 3079 815 tuens,
3115 751 3342 807 Domine
3386 769 3558 819 meus,
3608 774 3812 827 quare,

2213 844 2265 891 ιιι
2295 852 2417 893 cum
2462 836 2538 892 sis
2568 838 2826 895 Dominus
2857 857 3041 909 meus,
3074 860 3181 898 non
3219 847 3341 900 vivo
3369 847 3511 904 sicut
3534 850 3699 906 debet
3731 852 3818 907 vi-

2209 943 2337 983 vere
2357 944 2548 986 servus
2571 931 2731 986 tuus?
2761 931 2836 988 Te
2868 933 3035 989 Deum
3066 950 3245 992 meum
3282 954 3578 1012 cognosco,
3611 952 3667 997 et
3692 958 3815 998 ser-

2208 1034 2308 1074 vus
2336 1028 2459 1076 tuus
2505 1036 2629 1077 esse
2666 1022 2936 1079 desidero.
2962 1023 3141 1092 Quare
3170 1028 3337 1083 vitam
3380 1032 3522 1086 servi
3580 1033 3657 1087 tui
3692 1034 3813 1087 veri

2209 1114 2619 1170 conversatione
2667 1123 2853 1173 tenere
2897 1134 3004 1173 non
3031 1119 3229 1176 valeo?
3254 1122 3361 1180 Sed
3387 1142 3486 1181 cur
3514 1125 3679 1196 hujus
3708 1129 3816 1183 mi-

2210 1204 2367 1260 seria:
2392 1221 2526 1262 mete
2564 1221 2784 1264 causam
2833 1225 3039 1278 quaero,
3073 1216 3292 1284 quando
3327 1232 3501 1272 meam
3541 1220 3814 1291 iniquita-

2211 1304 2318 1351 tem
2357 1295 2498 1353 bane
2537 1300 2908 1369 promeruisse
2945 1317 3049 1357 non
3086 1306 3335 1378 ambigo?
3381 1309 3494 1364 Heu
3524 1311 3703 1367 mibi!
3754 1322 3819 1369 ιιι

2210 1385 2337 1456 quid
2376 1388 2532 1442 vivo?
2577 1405 2748 1459 quare
2802 1392 2985 1446 tandiu
3024 1394 3169 1460 vivo,
3200 1396 3290 1466 qui
3324 1407 3431 1453 tam
3479 1399 3621 1456 male
3645 1400 3811 1458 vivo.

2212 1476 2416 1533 Idcirco
2440 1480 2570 1535 mihi
2604 1481 2789 1536 vivere
2815 1484 3133 1539 conceditur
3158 1495 3217 1540 ttt
3249 1503 3397 1544 mors
3421 1489 3731 1555 evadatur;
3758 1498 3816 1547 et

2210 1569 2319 1623 vita
2352 1569 2466 1639 ipsa
2514 1571 2750 1625 deterior
2780 1581 2954 1628 morte
3003 1573 3298 1631 invenitur.
3330 1577 3599 1635 Concedis
3640 1581 3813 1647 mihi,

2212 1659 2475 1714 formator
2497 1676 2648 1716 meus
2687 1662 3110 1732 sapientissime,
3135 1675 3194 1719 ttt
3224 1682 3310 1721 me
3330 1668 3397 1722 ad
3423 1670 3813 1741 contemplan-

2210 1751 2331 1805 dam
2388 1751 2841 1822 pulchritudinem
2902 1765 3050 1810 tuam
3103 1758 3347 1814 studeam
3383 1775 3725 1832 prtrpararc,
3760 1773 3816 1817 et

517 1846 587 1900 do
632 1847 922 1902 miserabili
958 1863 1055 1919 per
1096 1848 1369 1903 miseriam
1402 1850 1468 1903 ad
1507 1849 1781 1904 miseriam
1820 1847 2100 1911 transitus,
2138 1832 2180 1891 Β
2211 1859 2311 1917 ego
2343 1860 2432 1901 me
2476 1845 2770 1917 turpiorem
2833 1862 2939 1902 non
3004 1863 3162 1905 cesso
3213 1853 3453 1921 quotidie
3513 1853 3813 1910 exhibere.

518 1937 644 1990 dttnt
677 1945 731 1992 et
761 1953 999 2006 pnrsens
1044 1939 1262 1995 miseria
1292 1939 1620 2009 expenditur
1664 1940 1716 1994 itt
1749 1939 2102 2010 cupiditatum

519 2025 721 2091 labore,
748 2036 806 2082 et
839 2027 964 2082 hine
992 2030 1288 2085 succedens
1316 2039 1518 2084 aeterna
1552 2030 1770 2085 miseria
1806 2029 2106 2085 sustinetur

521 2118 573 2173 itt
601 2121 932 2192 sempiterno
953 2123 1155 2178 dolore.
1187 2123 1292 2179 Sed
1321 2133 1376 2178 et
1405 2124 1518 2193 ipsa
1562 2124 1779 2179 miseria
1810 2134 2008 2179 aeterna
2039 2139 2104 2181 eo

519 2212 707 2282 utique
734 2214 839 2269 erit
866 2215 1045 2270 acrior
1075 2215 1142 2271 ad
1172 2216 1489 2284 vindictam,
1518 2232 1624 2287 quo
1654 2217 1938 2288 praesentis
1980 2216 2103 2273 vita:

520 2304 738 2361 miseria
779 2321 809 2361 ιι
858 2306 1208 2364 ntisericurde
1238 2308 1458 2366 Christo
1483 2309 1689 2365 diutius
1740 2308 1906 2364 fuerit
1937 2308 2101 2364 dilata

516 2407 740 2470 propter
771 2400 1171 2469 ptenitentiam.
1210 2401 1254 2457 Ο
1299 2401 1495 2468 Pater,
1543 2402 1634 2472 qui
1669 2416 1795 2458 vere
1829 2417 1923 2465 es,
1969 2416 2104 2471 quo-

517 2488 663 2545 niam
695 2506 905 2548 summe
930 2507 1010 2553 es.
1037 2494 1162 2563 quia
1195 2503 1248 2548 ttt
1282 2495 1390 2564 ipse
1413 2512 1466 2548 es
1488 2503 1535 2547 et
1564 2495 1691 2548 anni
1725 2494 1804 2548 ιιιὶ
1842 2510 1946 2549 non
1974 2493 2104 2562 deli-

518 2582 653 2637 ct‘ent
683 2583 856 2655 (Psal.
889 2585 1098 2657 et,28).
1127 2601 1385 2642 succurre
1411 2586 1540 2641 mihi
1577 2586 1796 2642 miseria
1821 2601 2098 2656 oppresso.

514 2670 573 2727 Si
599 2672 714 2743 ipsa
758 2689 919 2745 quam
954 2676 1134 2746 patior
1167 2677 1408 2742 miseria.
1442 2678 1758 2749 disponente
1797 2680 2101 2735 misericor-

514 2765 600 2820 dia
658 2773 771 2830 tua,
822 2777 1043 2837 propter
1090 2769 1350 2840 majorem
1407 2769 1682 2825 miseriam
1734 2772 2099 2834 devitandatu.

511 2857 655 2924 quod
685 2860 1017 2929 pteuitentia:
1046 2862 1227 2916 studio
1262 2861 1374 2918 fieri
1408 2863 1569 2930 solet,
1615 2864 1881 2927 differtur,
1932 2880 2102 2935 quare

510 2947 598 3003 vel
624 2949 738 3017 ipsa
760 2950 977 3006 miseria
1003 2952 1252 3006 amatur?
1273 2951 1453 3020 Quare
1472 2968 1598 3008 amo
1618 2953 1759 3023 quod
1774 2968 1857 3007 tne
1880 2969 2100 3010 necesse

512 3049 598 3095 est
624 3039 785 3095 citius
822 3041 1096 3109 amittere,
1128 3051 1182 3098 et
1225 3042 1355 3097 illud
1406 3059 1513 3098 non
1550 3043 1799 3098 desidero
1834 3044 1977 3114 quod
2015 3058 2100 3100 tne

498 3131 799 3203 :pnesentis
828 3132 952 3188 vita:
985 3132 1131 3189 ilttita
1179 3133 1398 3189 miseria
1437 3144 1619 3204 posset
1652 3133 1996 3190 beatiﬁcare?
2040 3134 2097 3190 Si

513 3220 925 3290 beatitudinem,
957 3237 1119 3293 quam
1153 3231 1203 3277 te
1239 3223 1583 3294 diligentibus
1613 3223 1908 3294 premitis,
1941 3231 2103 3295 prout

512 3313 643 3371 mihi
671 3316 960 3386 expediret
989 3331 1175 3371 amare
1202 3331 1308 3371 non
1340 3315 1512 3385 valeo,
1541 3331 1709 3387 quare
1745 3315 1936 3371 saltem
1968 3331 2098 3387 sup-

496 3405 692 3475 .plicia,
725 3420 844 3475 qua:
875 3406 1341 3476 contemptoribus
1370 3406 1476 3462 tuis
1508 3405 1755 3473 minaris,
1782 3421 1848 3461 ex
1879 3405 2095 3476 quibus,

492 3497 650 3564 -ῳιοιι
684 3496 867 3559 dolor!
896 3512 997 3568 ego
1024 3512 1142 3552 sum
1178 3512 1338 3562 ututs,
1364 3514 1469 3553 non
1497 3498 1841 3568 expavesco?
1869 3497 1925 3553 Si
1953 3498 2096 3552 enim

496 3602 576 3641 «ea
605 3602 1048 3658 expavescerent,
1081 3588 1260 3657 aliqua
1299 3604 1364 3644 ex
1410 3600 1563 3659 parte
1597 3605 1681 3644 me
1711 3590 1884 3659 ipsum
1913 3605 2099 3646 CIDPII-

510 3679 722 3744 darem,
780 3679 1063 3750 ﬁeretque,
1110 3681 1479 3737 misericordia
1543 3690 1633 3737 tua
1690 3689 2002 3751 praestante,
2038 3692 2098 3737 ttt

489 3785 609 3841 'per
642 3771 890 3826 timorem
920 3787 985 3828 ac
1006 3774 1406 3843 correptiouem
1429 3774 1769 3844 pervenirem
1804 3774 2095 3845 aliquando

508 3862 577 3917 ad
600 3877 864 3918 amorem.
905 3861 1087 3930 Quare
1144 3874 1323 3921 autem
1349 3863 1554 3934 judicia
1607 3874 1695 3921 tua
1741 3880 1848 3920 non
1903 3865 2089 3931 timeo,

502 3954 609 4011 nisi
634 3955 758 4026 quia
790 3956 855 4010 de
880 3957 960 4011 eis
982 3957 1193 4037 neglige
1218 3955 1490 4030 cogitare?
1521 3958 1597 4014 Ne
1618 3974 1747 4014 vero
1777 3958 1844 4015 de
1872 3959 1953 4015 eis
1987 3958 2092 4014 fre-

504 4048 759 4117 quentius
782 4048 989 4104 valeam
1021 4050 1279 4118 cogitare,
1303 4050 1433 4105 vitia
1467 4065 1586 4105 mea
1615 4048 1889 4106 lethiferis
1917 4064 2089 4105 amaz-

503 4141 766 4197 nitatihus
804 4150 860 4197 et
888 4140 1256 4213 voluptatibus
1282 4142 1413 4198 milti
1444 4141 1891 4202 blandientiame
1920 4143 2091 4213 impe-

503 4235 622 4288 dire
654 4250 759 4289 non
793 4234 1069 4290 desinunt.
1093 4232 1137 4290 0
1163 4226 1405 4299 Domine,
1443 4235 1688 4302 Domine,
1721 4249 1846 4291 ecce
1867 4252 1961 4304 ego
1981 4252 2089 4290 ser-

503 4341 599 4377 vus
625 4333 744 4379 tuus
761 4333 808 4378 et
834 4323 975 4394 ﬁlius
1006 4326 1213 4381 ancilla:
1235 4325 1526 4397 luw(Psal.
1547 4325 1800 4398 cxv,16).
1825 4325 1960 4395 Quia
1985 4327 2086 4381 etsi

500 4423 777 4485 peccator,
798 4422 977 4471 tamen
1007 4416 1147 4472 tilius
1171 4426 1374 4472 sanctte
1398 4417 1654 4473 Ecclesia:
1679 4427 1800 4472 tum.
1831 4418 1936 4473 Sed
1957 4418 2086 4488 quid

501 4506 636 4571 dixi,
664 4522 770 4577 qua
790 4508 1010 4562 audacia
1045 4510 1361 4578 praesumpsi
1396 4511 1676 4565 nominare
1698 4525 1911 4565 servum
1940 4519 2089 4566 tuum
2122 4518 2166 4574 D
2192 4502 2338 4557 οηηιί

500 4613 623 4652 eum
653 4612 866 4652 servum
899 4614 984 4653 me
1011 4615 1115 4654 non
1149 4601 1455 4671 ignorarem
1480 4609 1833 4671 peccatorum
1854 4600 1877 4654 ἲ
1901 4600 2087 4656 Omnis

498 4690 747 4762 ettimqni
768 4690 896 4762 facit
925 4701 1214 4761 peccatum,
1231 4709 1410 4747 servus
1430 4704 1503 4748 est
1523 4692 1722 4762 peccati
1761 4691 1942 4761 (Jomt.
1966 4708 2085 4757 vni,

496 4784 620 4854 54);
647 4800 747 4852 ego
760 4793 938 4838 autem
955 4784 1325 4841 indesinenter
1336 4799 1561 4857 pet-care
1585 4802 1688 4840 non
1713 4785 1946 4842 desisto:
1970 4800 2088 4841 scr-

494 4891 595 4931 vus
626 4891 757 4947 ergo
784 4891 902 4930 sum
936 4877 1170 4947 peccati;
1198 4877 1469 4948 quomodo
1510 4892 1639 4947 ergo
1664 4893 1749 4934 me
1779 4890 1897 4932 smn
1923 4892 2086 4933 ausus

493 4969 779 5023 nominare
794 4983 1008 5023 servum
1032 4970 1215 5024 tuum?
1238 4967 1350 5023 Non
1377 4970 1563 5040 utique
1584 4969 1685 5024 hoc
1708 4970 1964 5034 dicerem,
1980 4969 2085 5024 nisi

492 5059 620 5128 quia
649 5058 715 5113 de
743 5066 833 5112 tua
857 5054 1110 5129 ineﬂabili
1143 5058 1488 5113 miseratione
1527 5058 1843 5129 praesumpsi
1869 5067 1927 5112 ιιι
1972 5058 2086 5113 bare

492 5132 676 5201 dicere
723 5144 998 5209 auderent,
1031 5147 1155 5215 quia
1185 5148 1285 5202 etsi
1318 5164 1507 5202 servus
1542 5148 1746 5218 peccati
1776 5164 1892 5202 sunt
1924 5162 2088 5217 prop-

492 5240 577 5287 ter
612 5231 982 5288 iutlrtnitatem
1009 5249 1170 5304 quam
1202 5236 1445 5291 sustineo
1466 5250 1530 5291 ex
1567 5236 1874 5306 iniquitate,
1903 5245 2081 5290 tamen

492 5338 685 5378 servus
717 5333 842 5379 tuus
866 5340 983 5379 sum
1024 5341 1119 5395 per
1145 5325 1470 5381 desiderium
1504 5327 1646 5394 quod
1687 5327 1817 5380 mibi
1868 5325 2077 5395 prtestio

494 5421 606 5467 tum
635 5429 756 5469 esse
780 5414 991 5483 gaudeo
1019 5431 1084 5470 ex
1117 5424 1207 5470 tua
1257 5418 1551 5473 venerabili
1584 5417 1845 5473 bonitate.
1882 5415 2083 5472 Servus

491 5517 623 5571 ergo
640 5511 766 5559 tuus
788 5518 934 5568 sum,
962 5504 1208 5570 Domine,
1240 5518 1297 5562 et
1324 5509 1368 5563 si
1402 5520 1507 5563 non
1532 5522 1697 5579 opere
1718 5519 1770 5564 et
1792 5520 2082 5566 conversa-

493 5593 654 5655 tione,
680 5604 827 5651 certe
850 5594 1045 5651 aﬂ‘ectu
1077 5607 1132 5652 et
1161 5598 1457 5655 voluntate.
1485 5598 1592 5655 Sed
1639 5601 1692 5656 in
1720 5601 1823 5659 hoc
1858 5603 2083 5657 misera-

491 5683 619 5740 bilis
649 5702 768 5742 sum
801 5696 858 5743 et.
888 5688 1044 5745 valde
1069 5689 1349 5746 deﬂettdus
1391 5693 1544 5762 quia,
1580 5709 1703 5748 cum
1738 5682 1823 5750 nte
1864 5710 2079 5750 servum

492 5784 644 5831 tuum
676 5792 798 5834 esse
840 5797 1191 5853 cognoscam,
1220 5783 1481 5838 honorem
1508 5784 1738 5855 Domini,
1771 5786 2077 5842 sicut‘mihi

2206 1935 2369 2004 Quid,
2417 1939 2560 1993 Deus
2610 1929 2781 2005 meus,
2822 1940 2950 2010 quid
3001 1949 3089 1995 tua
3151 1942 3504 1998 inenarrabili
3547 1945 3818 2001 claritate

2206 2028 2485 2100 pulchrius
2517 2038 2573 2084 et
2601 2030 2733 2101 quid
2767 2046 2883 2085 mea
2927 2032 3213 2103 iniquitate
3254 2035 3501 2104 turpius'
3539 2032 3587 2091 Ο
3629 2046 3814 2092 totum

2205 2134 2301 2175 cor
2325 2135 2526 2184 meum,
2565 2120 2815 2191 suspiriis
2844 2120 3139 2188 delectare,
3171 2140 3399 2194 quorum
3424 2126 3607 2180 stmlio
3632 2136 3691 2181 et
3722 2138 3819 2183 tt-a

2203 2211 2604 2283 pulchritudine
2634 2211 2987 2280 illutninetur,
3016 2222 3071 2269 et
3101 2215 3168 2269 ad
3207 2230 3454 2284 superum
3505 2215 3645 2271 lucis
3691 2219 3814 2271 cla-

2182 2303 2420 2381 ritatem
2443 2302 2913 2375 eontemplaudam
2947 2314 3069 2359 tuus
3097 2305 3324 2362 interior
3350 2306 3541 2361 oculus
3587 2308 3815 2365 facilius

2203 2390 2476 2457 erigatur!
2510 2389 2555 2446 Ο
2586 2399 2696 2445 tota
2723 2391 2902 2445 anima
2932 2407 3071 2457 mea,
3092 2391 3205 2459 jam
3227 2407 3418 2448 omnes
3445 2405 3567 2448 tuas
3587 2394 3741 2466 depo
3780 2412 3815 2452 e

2204 2477 2544 2548 vagationes,
2590 2479 2690 2534 soli
2738 2480 2919 2535 divino
2963 2480 3233 2552 splemlnri
3277 2483 3516 2551 intende,
3564 2500 3630 2540 ex
3686 2488 3812 2558 ejus

2201 2570 2469 2627 desiderio
2522 2572 2805 2643 opulentos
2877 2573 3239 2646 lacrymarum
3291 2576 3492 2631 imbres
3561 2576 3812 2643 effunde,

2203 2678 2432 2733 quarum
2476 2664 2827 2720 inundatione
2865 2676 2921 2721 et
2967 2664 3042 2719 ιιιί
3087 2667 3541 2723 inennnterahiles
3590 2672 3810 2725 caenosi

2204 2766 2386 2811 reatus
2415 2755 2706 2823 diluantur,
2733 2767 2789 2813 et
2810 2757 3075 2814 naturalis
3102 2759 3287 2825 decor,
3312 2776 3469 2830 quem
3500 2760 3597 2816 tibi
3624 2763 3813 2817 bonus

2202 2852 2582 2907 universorum
2608 2853 2838 2907 contulit
2866 2853 3088 2921 artifex,
3136 2854 3254 2924 ejus
3277 2855 3606 2925 prtcsulaute
3637 2857 3812 2915 mise-

2203 2943 2410 2999 ratione
2451 2942 2545 2999 tibi
2582 2945 2958 3013 repararetttr!
2993 2945 3060 3010 0,
3115 2945 3357 3015 inquam,
3395 2946 3578 3000 omnia
3603 2947 3752 3002 iutitt
3775 2964 3810 3002 a

2199 3051 2344 3104 mea,
2375 3037 2577 3093 sumite
2611 3036 2778 3103 vires,
2820 3046 2991 3092 totttm
3019 3047 3259 3092 vestrum
3301 3037 3509 3092 exet-ite
3536 3050 3809 3093 conatum

2204 3127 2272 3184 ad
2300 3129 2648 3199 quaerendum
2691 3129 2820 3184 illttd
2864 3129 3160 3196 sincerum,
3202 3129 3455 3201 simplex.
3502 3140 3808 3197 :eternnm,

2203 3226 2260 3273 et
2290 3218 2464 3272 solum
2492 3218 2708 3273 beatum
2734 3217 2957 3282 bonum,
2985 3216 3140 3287 cujus
3169 3217 3260 3272 lux
3302 3220 3556 3274 tenebras
3579 3231 3806 3275 vestras

2202 3310 2452 3380 repellat,
2503 3308 2655 3378 cujus
2704 3308 2823 3363 fons
2857 3307 3274 3378 limpidissimus
3311 3318 3494 3364 vestra
3538 3311 3803 3381 contagia

2202 3404 2405 3467 abluat,
2430 3402 2582 3470 cujus
2608 3403 2830 3459 libertas
2855 3417 2950 3457 eos
2970 3403 3166 3472 quibus
3191 3404 3292 3458 sub
3325 3404 3583 3459 vitiorum
3619 3403 3802 3459 domi-

2202 3495 2290 3550 uio
2338 3496 2772 3567 cmlsll'ittgilltini
2830 3507 3043 3551 vestros
3096 3512 3267 3551 nexus
3307 3497 3572 3564 absolvat,
3640 3501 3805 3569 cujus

2199 3586 2458 3644 ﬁzrtitttdo
2493 3589 2913 3645 imbecillitatem
2964 3598 3200 3644 vestram
3257 3592 3597 3656 corroboret,
3636 3593 3804 3663 cujus

2198 3678 2461 3748 sapientia
2488 3678 2772 3733 stultitiam
2809 3688 3047 3734 vestram
3079 3688 3329 3744 evaeuet,
3367 3678 3523 3748 cujus
3569 3681 3689 3735 vita
3727 3682 3804 3735 ab

2196 3780 2398 3825 {eterna
2428 3785 2526 3825 vos
2555 3780 2733 3828 morte
2761 3771 2978 3842 eripiat,
3004 3781 3054 3827 et
3093 3788 3202 3826 suae
3232 3771 3627 3828 immortalitati
3660 3791 3803 3828 eon-

2194 3862 2461 3919 sorietlo
2508 3863 2707 3918 bonum
2752 3865 2896 3935 quod
2946 3877 3165 3937 superat
3205 3866 3386 3921 omnia
3437 3867 3611 3934 bona,
3661 3870 3800 3938 quia

2193 3969 2222 4007 a
2279 3964 2330 4008 te
2371 3962 2425 4007 et
2474 3954 2528 4008 in
2581 3962 2634 4010 te
2687 3954 2868 4010 omnia
2916 3955 3089 4024 bona;
3174 3966 3230 4013 ttt
3276 3972 3337 4012 es
3409 3957 3553 4013 enim
3601 3958 3798 4013 omnia

2194 4044 2374 4098 bona!
2419 4043 2694 4099 Confiteor
2742 4045 2867 4115 quia
2905 4045 3068 4101 nimia
3117 4055 3240 4101 sunt
3293 4046 3433 4101 mala
3483 4060 3629 4111 mea,
3660 4047 3797 4117 quia

2192 4135 2353 4190 nimis
2395 4135 2563 4189 multa
2608 4143 2664 4190 et
2703 4136 2886 4206 gravia
2934 4150 3058 4192 sunt
3102 4146 3325 4208 peccata
3372 4150 3514 4198 mea,
3545 4146 3601 4191 et
3655 4138 3793 4192 sine

2192 4242 2446 4281 mensura
2473 4226 2827 4297 multiplicata
2851 4228 2978 4282 vitia
3000 4245 3143 4292 mea,
3160 4230 3283 4299 quia
3300 4229 3379 4284 eis
3400 4228 3799 4283 m’serabfliter

2191 4321 2396 4375 intenta
2448 4320 2709 4376 hactenus
2749 4321 2960 4378 exstitit
2994 4324 3171 4377 anima
3204 4338 3342 4377 mea.
3375 4321 3421 4379 Ο
3455 4321 3593 4376 mala
3639 4339 3795 4382 mea.

2189 4425 2359 4480 quare
2402 4427 2567 4482 super
2604 4427 2692 4467 nte
2744 4420 2849 4466 tam
2883 4413 3174 4468 crudeliter
3218 4413 3457 4468 irruistis
3507 4423 3566 4466 ttt
3603 4430 3695 4467 tne
3719 4416 3796 4467 ab

2440 4503 2582 4558 bono
2675 4503 2909 4558 alienum
2984 4503 3268 4559 etiiceretis
3327 4505 3353 4558 ἳ
3424 4503 3471 4561 0
3555 4516 3795 4574 peccata

2190 4608 2331 4656 mea,
2366 4595 2635 4662 quomodo
2680 4608 2766 4647 me
2802 4603 2910 4647 tam
2950 4594 3452 4649 immisericorditer
3480 4594 3641 4649 nodis
3666 4610 3796 4649 ves-

2191 4685 2287 4740 tris
2329 4685 2596 4740 irtetitutn
2637 4686 2850 4752 tenetis,
2889 4696 2948 4741 ttt
2985 4686 3428 4756 nullatnjustitia:
3461 4686 3793 4741 libertatem

2190 4790 2277 4831 me
2299 4776 2448 4831 adire
2477 4776 2837 4847 permittatis?
2869 4780 2912 4833 υ
2937 4777 3064 4833 vitia
3096 4795 3236 4841 mea,
3271 4788 3329 4833 ut
3349 4779 3478 4849 quid
3508 4778 3796 4833 letltiferis

2184 4868 2479 4934 illecebris,
2516 4869 2654 4923 sicut
2691 4868 2844 4940 gliris
2886 4869 3153 4924 bastnlaut
3183 4886 3334 4925 suam
3366 4869 3664 4925 tenacitate
3700 4873 3794 4925 itt-

2188 4958 2382 5015 feuam
2412 4960 2630 5014 vincere
2676 4959 2831 5024 solet,
2868 4961 3108 5014 animum
3148 4975 3326 5015 meum
3356 4959 3512 5014 vobis
3538 4960 3785 5031 aggluti-

2188 5051 2353 5114 natis,
2378 5059 2435 5105 ut
2477 5051 2585 5104 ttllo
2614 5053 2971 5107 constitutum
3008 5052 3221 5119 itinere,
3252 5051 3338 5106 vel
3365 5053 3627 5122 rependo,
3663 5068 3790 5117 me,

2187 5142 2435 5199 incedere
2459 5142 2672 5197 sinatis.
2706 5142 2857 5198 Meus
2885 5158 3032 5206 mea,
3057 5144 3399 5214 augustiore;
3443 5157 3539 5196 cor
3590 5159 3789 5198 meum

2185 5235 2381 5299 deﬁce;
2414 5236 2592 5289 anima
2624 5251 2765 5300 mea,
2792 5236 3141 5301 exhorresce;
3182 5235 3323 5291 oculi
3351 5235 3478 5297 mei,
3503 5234 3797 5304 plorando

2183 5323 2416 5379 deficite.
2450 5323 2588 5391 Quid
2640 5326 2785 5378 enim
2829 5340 2915 5380 nte
2945 5325 2997 5379 in
3047 5325 3194 5379 oumi
3233 5334 3378 5380 statu
3407 5326 3794 5380 miserabilius

2186 5417 2412 5474 inveniri
2439 5417 2659 5487 potest?
2683 5416 2874 5473 Omnia
2903 5418 3258 5473 constitutum
3287 5416 3388 5470 sibi
3413 5417 3664 5470 ordinem
3694 5417 3793 5470 ia-

2182 5510 2504 5567 violabiliter
2525 5519 2776 5575 servant;
2803 5523 2905 5581 ego
2928 5509 3170 5580 quotidie
3201 5508 3367 5563 violo.
3392 5506 3501 5563 Sed
3530 5507 3793 5575 qui‘pec-

2182 5612 2396 5659 cantem
2444 5604 2629 5658 tandiu
2676 5604 2891 5668 tolerat,
2936 5602 3289 5673 pmuiteutem
3322 5617 3428 5655 non
3475 5598 3797 5668 Susciple

2183 5695 2295 5751 lloc
2338 5694 2453 5752 fieri
2490 5710 2597 5750 non
2643 5702 2843 5765 potest,
2876 5694 2980 5750 nisi
3016 5704 3077 5748 ttt
3107 5707 3193 5749 tne
3238 5692 3422 5746 vivere
3465 5686 3791 5761 pennittat.

2183 5785 2352 5843 Adibo
2384 5798 2515 5855 ergo
2545 5794 2756 5855 patrem
2788 5799 2992 5851 meum,
3037 5781 3251 5839 tametsi
3294 5782 3550 5852 indiguus
3590 5780 3788 5847 illita;
