4060 6292
315 341 416 400 815

1632 336 2152 405 MEDITATIONES

3459 347 3564 405 8H

309 461 462 517 adibo
486 458 633 516 illum
657 468 778 531 post
800 459 1115 533 dissipatam
1140 462 1210 518 ab
1234 462 1481 518 illo‘m‘hi
1507 464 1693 520 datam
1722 463 1877 518 iuno.
1905 469 1954 531 Α
1982 477 2116 526 xxx,
2174 460 2262 531 tl)
2332 460 2589 516 Miserere
2642 457 2769 523 mei,
2804 457 3055 527 Domine,
3111 460 3371 518 miserere
3419 464 3562 530 mei;

306 555 555 619 centiam,
588 563 708 625 post
741 555 1049 623 diuturnam
1079 554 1319 625 ccclesﬁs
1347 556 1567 628 eloquii,
1600 571 1762 628 quam
1798 565 1880 611 to-

306 645 436 709 lero,
457 643 677 701 famem.
712 645 779 700 Et
799 647 978 701 dicant
1007 646 1095 702 ei:
1130 644 1315 713 Pater,
1336 648 1451 713 jam
1496 666 1599 704 non
1634 665 1751 703 sum
1790 648 1880 700 di—

303 752 429 805 gitus
456 736 629 789 vocari
660 735 803 804 ﬁlius
834 748 957 790 tuus
990 735 1140 809 (Luc.
1169 753 1258 802 xv,
1286 738 1412 810 l9);
1452 756 1558 794 non
1601 755 1724 801 cum
1756 737 1882 793 ﬁliis

300 828 364 881 de
385 827 640 897 dignitate
665 842 931 898 prorsan
971 838 1203 897 certare,
1235 831 1331 887 sed
1370 847 1491 887 cum
1522 833 1697 887 servis
1718 831 1880 888 miseo

303 919 585 974 ricordiam
617 936 825 990 quaero,
849 931 905 977 et
930 922 1050 977 ideo
1070 923 1159 991 [ac
1190 940 1271 978 me
1301 924 1433 978 sicut
1460 941 1620 978 unum
1650 940 1717 978 ea:
1743 940 1881 978 mer-

301 1010 517 1063 cenariis
551 1011 657 1064 tuis
700 1010 915 1082 (Ibid)
965 1011 1527 1081 Prtedicabiturinde,
1564 1016 1650 1085 pie
1692 1015 1877 1079 Pater,

301 1100 581 1153 clrmentia
610 1108 720 1163 tua,
767 1115 867 1155 nec
915 1102 1228 1158 minuentur
1283 1104 1485 1161 divitia:
1510 1117 1633 1167 tuae,
1668 1106 1715 1161 si
1747 1106 1876 1162 mihi

300 1191 365 1243 ad
399 1197 450 1245 te
477 1191 714 1261 cupienti
747 1193 926 1259 redire
965 1208 1243 1260 occurras,
1271 1196 1318 1250 si
1357 1212 1443 1252 me
1493 1194 1879 1254 misericordia:

301 1289 401 1335 tua:
423 1281 659 1337 brachiis
681 1282 1043 1353 amplectar-is,
1065 1285 1110 1341 si
1145 1301 1231 1363 me
1258 1286 1384 1343 fidei
1437 1289 1639 1343 annulo
1666 1298 1720 1345 et
1741 1289 1876 1345 stola

292 1372 510 1442 justiti-aa
540 1373 729 1428 vestiri
775 1376 1080 1447 praecipias,
1105 1377 1151 1432 si
1188 1379 1253 1437 de
1298 1394 1385 1434 me
1425 1381 1631 1453 angelis
1664 1381 1769 1437 tuis
1798 1381 1876 1437 di-

294 1476 414 1517 cere
434 1463 710 1535 digneris:
738 1462 989 1531 Gaudere
1011 1484 1110 1524 nos
1135 1478 1376 1538 oportet,
1416 1472 1670 1549 quoniam
1696 1472 1784 1527 llic
1806 1471 1875 1539 ﬁ—

295 1555 393 1608 lius
411 1572 560 1610 utens
574 1566 812 1629 mortuus
840 1556 1035 1627 fuam,
1072 1569 1133 1621 et,
1154 1560 1368 1627 revixit;
1415 1562 1664 1632 perierat,
1690 1573 1747 1619 et
1795 1563 1903 1629 ἰησ,

236 1711 244 1719 η
296 1657 469 1702 rentur
521 1646 814 1717 est(1bid.,
844 1648 958 1720 24).
1002 1649 1109 1705 Sed
1142 1650 1288 1720 quis,
1333 1667 1366 1708 ο
1400 1652 1565 1709 Pater
1592 1653 1795 1724 optime
1820 1663 1878 1710 et

294 1738 644 1813 admirabilis,
672 1740 796 1811 quis
820 1738 967 1797 dabit
994 1739 1126 1811 mihi
1174 1740 1243 1799 de
1276 1742 1459 1815 ‘vitulo
1491 1744 1597 1812 .illo
1625 1745 1875 1817 saginato

1984 562 2284 630 opportune
2317 553 2619 624 importune
2670 551 2916 607 clamabo
2966 552 3033 607 ad
3077 561 3150 618 te,
3187 569 3286 611 nee
3329 555 3565 625 derelin-

1982 660 2147 717 quant
2176 656 2248 711 te,
2278 645 2451 701 donec
2489 643 2555 698 de
2583 642 2867 715 praesentia
2894 641 3074 698 vultus
3105 645 3179 699 tui
3203 644 3579 715 laatificaveris

1983 753 2099 804 me;
2151 751 2366 794 omnem
2420 736 2549 790 mihi
2604 736 2809 807 negabo
2852 737 3299 803 consolationem,
3347 736 3463 793 solo
3497 738 3566 794 de

1981 829 2228 884 absentia
2280 827 2456 882 vultus
2505 827 2580 882 tui
2630 827 2777 883 luctu
2832 845 2919 884 me
2959 827 3265 883 vindicabo.
3294 826 3564 899 O'vnltns

1980 919 2283 991 Splendide!
2315 934 2348 973 0
2388 918 2555 973 facies
2598 920 2691 974 Dei
2744 919 3036 975 luminosa!
3070 920 3307 991 quandiu
3339 934 3444 973 non
3485 918 3579 987 vi-g

1980 1012 2119 1068 debo
2146 1010 2219 1043 ⁸⁸⁸
2249 1021 2321 1075 te,
2357 1011 2595 1066 manebit
2630 1012 2810 1066 anima
2853 1028 2974 1069 mea
3004 1013 3308 1067 tenebrosa.
3338 1009 3383 1066 Ο
3405 1010 3562 1073 dura,

1978 1119 2012 1158 ο
2042 1120 2232 1159 amara
2256 1102 2499 1158 absentia
2530 1103 2710 1157 vultus
2735 1101 2851 1169 Dei,
2883 1104 3122 1176 quandiu
3150 1118 3235 1157 me
3259 1100 3566 1159 cruciabis?

1979 1196 2024 1253 Ο
2054 1197 2278 1263 molesta
2313 1197 2420 1252 'vita
2465 1198 2627 1269 hujus
2677 1198 2858 1254 saeculi
2906 1198 3055 1261 vani,
3106 1194 3350 1265 quandiu
3389 1192 3585 1251 infeli-.

1978 1303 2100 1363 cent
2157 1295 2247 1342 tua
2295 1287 2686 1343 inbabitatione
2716 1289 2953 1343 animam
2986 1300 3162 1340 meam
3197 1285 3249 1339 in
3279 1283 3385 1338 tuis
3407 1281 3561 1337 vani-

1981 1379 2183 1434 tatibus
2216 1417 2233 1444 ,
2298 1386 2555 1448 tanquam
2620 1392 2841 1434 carcere
2889 1375 3155 1431 inclusam
3186 1425 3192 1431 ,
3225 1373 3466 1429 tenebis?
3515 1370 3563 1428 0

1979 1471 2161 1527 anima
2212 1485 2354 1537 mea,
2384 1471 2513 1541 quid
2553 1481 2608 1526 te
2655 1471 2710 1526 in
2762 1471 2864 1526 hac
2891 1470 3000 1524 vita
3039 1466 3255 1524 mortali
3302 1463 3565 1521 delectat?

1978 1562 2088 1618 Cur
2115 1577 2222 1635 non
2255 1562 2478 1619 festinas
2508 1563 2573 1617 ad
2608 1561 2917 1617 felicitatem
2948 1561 3145 1617 divinae
3179 1558 3407 1614 visionis
3441 1572 3567 1627 per-

1976 1656 2188 1722 venire,
2232 1671 2263 1711 a
2294 1671 2399 1726 qua
2454 1654 2631 1725 culpae
2679 1653 2875 1709 merito
2904 1651 3214 1724 separaris?
3244 1649 3423 1717 Quare
3453 1663 3585 1711 non,

1980 1741 2173 1800 horres
2215 1744 2551 1816 peregrinari
2576 1759 2614 1813 pa
2646 1742 2786 1799 facie
2813 1741 2931 1806 Dei,
2969 1749 3025 1796 et
3051 1741 3176 1795 vitae
3215 1739 3376 1811 hujus
3403 1738 3561 1793 lucu-

296 1828 456 1900 ditino
536 1830 660 1889 fidei
735 1846 802 1886 ac
875 1832 1182 1891 sanctitatis
1263 1834 1459 1892 affectu
1539 1837 1825 1893 comedere
1857 1878 1873 1905 ,
1910 1828 2137 1892 Blentis
2195 1835 2427 1892 vinculis
2481 1836 2722 1892 irretiri?
2768 1835 2948 1903 Quare
2993 1848 3101 1889 non
3158 1840 3309 1888 tanto
3360 1829 3559 1885 affectu

292 1928 446 1989 quem
497 1937 597 1993 pro
645 1937 763 1979 mea
840 1923 1212 1994 redemptione
1265 1925 1318 1981 in
1374 1941 1469 1982 ara
1543 1927 1725 1983 crucis
1775 1927 1877 1985 im.-

292 2013 477 2070 molari
565 2015 914 2086 pnecepisti?
982 2024 1041 2071 et
1114 2018 1238 2087 quis
1321 2019 1423 2075 iste
1490 2020 1691 2076 vitulus
1761 2030 1875 2076 tam

288 2097 446 2177 241
484 2107 635 2163 mitis
654 2108 724 2162 ad
756 2106 1168 2181 immolandum,
1199 2119 1307 2166 tam
1336 2110 1571 2168 salubris
1596 2113 1663 2167 ad
1687 2128 1872 2169 come-

287 2199 546 2265 dendum,
571 2200 677 2255 nisi
701 2200 789 2258 ille
816 2215 940 2261 tuus
966 2202 1217 2275 proprius
1245 2203 1553 2274 unigenitus
1573 2203 1764 2273 Filius,
1784 2207 1873 2263 cui

283 2302 388 2342 non
420 2292 740 2361 pepercisti,
798 2294 1037 2367 sedgpro‘
1057 2292 1214 2350 nobis
1248 2293 1498 2351 omnibus
1533 2294 1684 2350 illum
1708 2296 1876 2352 tradi-

280 2378 449 2433 disti?
477 2379 659 2451 (Rom.
691 2398 814 2449 vni,
837 2383 952 2457 32.)
983 2385 1090 2441 Iste
1111 2393 1214 2451 est,
1244 2384 1492 2455 Domine,
1519 2386 1620 2442 iste
1643 2396 1747 2452 est,
1778 2403 1876 2443 cu-

274 2466 370 2536 jus
411 2469 697 2529 dulcedine
743 2473 894 2531 refici
942 2476 1217 2532 desiderat
1267 2492 1362 2533 cor
1401 2493 1611 2553 meum;
1643 2480 1729 2536 hic
1769 2489 1873 2547 est,

282 2574 444 2628 quem
476 2576 592 2631 pra:
633 2565 885 2620 omnibus
930 2580 1115 2621 amare
1155 2565 1370 2625 allectat
1400 2552 1554 2625 mens
1584 2586 1724 2626 n.ea.
1767 2552 1873 2627 Iste

284 2656 388 2714 est,
421 2664 453 2704 a
481 2650 637 2728 cujus
659 2652 732 2688 “‘
757 2655 1006 2710 absentia
1051 2672 1156 2711 non
1191 2657 1310 2712 sine
1353 2659 1562 2730 magnis
1586 2660 1876 2730 gemitibus

288 2739 531 2809 separari
574 2743 927 2811 conqueritur
965 2744 1145 2799 anima
1184 2761 1335 2811 mea;
1385 2748 1480 2803 sed
1511 2749 1636 2803 dum
1678 2748 1872 2807 Filium

289 2829 560 2896 desidero,
632 2833 875 2903 nunquid
938 2832 1156 2890 Patrem
1218 2836 1469 2909 neglige?
1520 2839 1704 2895 Absit!
1764 2840 1875 2898 Hoc

289 2919 432 2973 enim
462 2922 733 2988 quomodo
764 2921 878 2977 fieri
908 2932 1104 2993 potest,
1133 2941 1255 2981 cum
1286 2939 1396 2982 non
1437 2928 1508 2983 sit
1537 2929 1682 2984 aliud
1712 2927 1876 2983 Pater

296 3008 385 3077 qui
412 3010 621 3080 genuit,
649 3027 811 3082 quam
837 3015 928 3084 qui
960 3016 1172 3087 genitus
1197 3026 1278 3073 est
1313 3016 1506 3082 Filius,
1548 3019 1643 3075 sed
1673 3020 1775 3076 hoc
1803 3022 1875 3076 sit

295 3098 453 3153 Pater
481 3100 627 3170 quod
652 3101 840 3169 Filius,
865 3102 993 3160 licet
1018 3121 1122 3161 non
1147 3106 1259 3177 ipse
1280 3107 1351 3161 sit
1372 3107 1535 3164 Pater
1556 3109 1647 3178 qui
1673 3108 1875 3166 Filius?

1980 1931 2320 2002 concupiscis
2367 1929 2509 1985 illius
2565 1930 2739 1986 beata:
2778 1931 2903 1985 vita:
2945 1927 3159 2000 gaudiis
3194 1926 3466 1981 interesse
3503 1935 3562 1977 et

1979 2022 2140 2092 hujus
2189 2024 2444 2079 obscenze
2497 2023 2622 2077 vita:
2666 2022 2939 2093 spurcitiis
3002 2018 3229 2075 abesse?
3281 2016 3392 2073 Cur
3454 2028 3562 2070 non

1978 2114 2141 2169 istam
2184 2114 2348 2184 fugis,
2396 2121 2452 2169 et
2495 2112 2549 2169 in
2596 2111 2745 2168 illam
2774 2109 3074 2167 curris?Si
3110 2108 3205 2163 tibi
3231 2108 3333 2161 ista
3357 2105 3466 2160 vita
3494 2102 3565 2157 ad

1979 2205 2226 2260 inducias
2272 2212 2582 2275 prtestatur,
2634 2217 2805 2273 quare
2856 2202 3060 2256 tardas.
3110 2197 3292 2266 Quare
3338 2195 3448 2250 Deo
3480 2201 3561 2247 ta-

1978 2295 2082 2350 lem
2126 2295 2235 2350 cito
2278 2292 2656 2364 paenitentiam
2672 2292 2765 2358 ⁸⁵⁵,
2792 2299 2851 2347 ut
2877 2289 3118 2362 peccatis
3150 2286 3256 2343 tuis
3285 2283 3566 2355 indulgeat

1979 2396 2035 2442 et
2069 2394 2120 2442 te
2147 2386 2577 2441 misericorditer
2614 2383 2681 2439 ad
2708 2399 2771 2440 se
2804 2365 3084 2439 assumat?
3127 2379 3236 2436 Sed
3263 2378 3330 2434 ad
3356 2387 3411 2433 te
3431 2392 3564 2432 con-

1980 2475 2163 2531 versio
2205 2489 2347 2541 mea,
2377 2482 2438 2528 ut
2484 2488 2572 2528 me
2627 2471 2885 2543 respiciat
2926 2468 3298 2526 misericordia
3346 2475 3460 2531 tua,
3508 2472 3566 2519 et

1979 2577 2216 2624 mentem
2258 2581 2436 2621 meam
2469 2565 2523 2621 in
2549 2562 2820 2619 desiderio
2848 2560 3029 2616 vultus
3056 2559 3132 2614 tui
3172 2557 3477 2617 conﬁrmet,
3502 2562 3565 2609 et

1974 2648 2416 2732 perseverantem
2443 2654 2636 2711 reddat
2653 2651 2939 2709 clementia
2968 2660 3058 2707 tua
3077 2649 3173 2718 ⁸⁶τ,
3224 2646 3388 2703 credo
3416 2644 3565 2701 enim

1977 2752 2105 2823 quia
2134 2768 2166 2806 a
2184 2748 2517 2806 beatitudine
2553 2761 2657 2802 nou
2686 2760 2781 2800 ero
2809 2744 3099 2809 alienatus,
3122 2741 3167 2798 si
3193 2735 3557 2796 desiderando

1982 2851 2034 2897 te
2082 2856 2187 2897 non
2239 2839 2394 2896 fuero
2446 2837 2723 2908 fatigatus.
2770 2835 3054 2894 Desideret
3107 2830 3336 2903 gloriam
3373 2827 3556 2883 vultus

1981 2933 2056 2987 tui
2083 2931 2286 3002 jugiter
2322 2929 2502 2984 anima
2538 2944 2679 2993 mea,
2716 2935 2861 2981 amet
2889 2940 3008 2980 eam
3034 2938 3188 2978 mens
3215 2935 3357 2987 mea,
3387 2919 3565 2974 inten-

1978 3024 2072 3080 dat
2114 3023 2169 3095 in
2210 3023 2358 3078 illam
2384 3021 2648 3092 cogitatio
2674 3034 2816 3083 mea,
2852 3016 3092 3087 suspiret
3123 3016 3194 3070 ad
3237 3013 3384 3069 illam
3417 3019 3563 3067 totus

1979 3114 2207 3171 affectus
2261 3112 2442 3170 cordis
2489 3110 2621 3176 mei,
2657 3110 2911 3180 loquatur
2956 3107 3022 3162 de
3071 3122 3134 3162 ea
3182 3105 3366 3176 lingua
3417 3117 3560 3166 mea,

293 3185 393 3242 Sed
427 3190 700 3273 quomodo
723 3208 942 3263 possum
984 3171 1295 3252 deside-rare
1318 3198 1539 3254 Patrem
1571 3171 1626 3255 et
1654 3200 1695 3255 F
1701 3202 1869 3271 dium,
1899 3171 1942 3229 α
1977 3213 2275 3278 occupetur
2306 3205 2360 3259 in
2398 3217 2584 3259 amore
2608 3171 2757 3256 illius
2794 3209 2905 3256 tota
2932 3197 3239 3254 substantia
3265 3171 3414 3260 inea,
3444 3203 3564 3248 tan-

295 3292 496 3339 remoto
544 3299 737 3340 amore
785 3285 964 3342 Patris
1014 3297 1071 3343 et
1117 3288 1261 3356 Filii,
1301 3292 1393 3362 qui
1446 3308 1556 3348 non
1610 3303 1696 3350 est
1732 3294 1878 3353 aliud

289 3383 444 3440 quam
497 3374 646 3444 quod
694 3384 779 3431 est
812 3376 975 3433 Pater
1025 3387 1081 3433 et
1125 3379 1315 3448 Filius,
1373 3384 1584 3440 tametsi
1630 3385 1768 3442 alius
1808 3387 1880 3443 sit

291 3476 444 3531 quam
490 3462 661 3519 Pater
703 3476 759 3521 et
792 3466 998 3523 Filius?
1055 3469 1212 3526 Nulla
1270 3473 1457 3544 utique
1500 3476 1732 3533 ratione.
1784 3479 1879 3535 Dic

296 3569 445 3626 ergo,
491 3558 681 3612 anima
729 3576 869 3627 mea,
902 3561 988 3616 dic
1026 3563 1218 3620 factori
1254 3575 1344 3622 tuo
1373 3566 1523 3624 Patri
1562 3579 1618 3625 et
1657 3568 1796 3627 Filio
1825 3580 1881 3627 et

293 3643 505 3715 Spiritui
576 3661 786 3719 sancto,
848 3653 938 3707 uni
986 3655 1138 3710 Deo:
1173 3642 1419 3722 Ωιιωεὶιοῖ
1450 3659 1648 3716 vultum
1692 3670 1876 3729 tuum;

295 3736 485 3792 vultum
514 3750 695 3807 tuum,
722 3739 960 3809 Domine,
984 3746 1244 3814 requiram
1273 3746 1611 3817 (Psalaxvt,
1630 3751 1875 3823 8).Ec(‘e,

290 3828 528 3899 Domine,
574 3850 701 3890 ecce
744 3851 948 3906 quaero,
979 3849 1101 3910 peto
1122 3826 1186 3897 et
1234 3843 1410 3913 pulso.
1466 3844 1694 3914 Quando
1720 3848 1877 3906 inve-

291 3922 446 3986 niam.
499 3928 726 3997 quando
775 3930 1060 4013 accipiam,
1116 3935 1335 4004 quando
1395 3936 1524 3993 mihi
1572 3940 1878 4009 aperietur?

296 4015 429 4085 Tibi,
460 4020 717 4099 Domine,
759 4033 950 4093 patent
981 4035 1194 4082 secreta
1243 4029 1425 4084 cordis
1460 4031 1597 4099 mei;
1642 4040 1697 4088 tu
1727 4034 1879 4090 vides

293 4109 412 4176 quia
445 4111 565 4167 sola
618 4115 903 4184 praesentia
953 4115 1132 4172 vultus
1171 4131 1261 4173 est
1308 4135 1432 4191 spes
1486 4124 1879 4197 consolationis

294 4212 435 4257 mete.
472 4201 599 4258 Heu
631 4203 799 4259 mihi!
833 4222 994 4276 quam
1023 4207 1183 4278 longe
1219 4225 1341 4266 smn
1387 4213 1661 4283 projectus
1689 4219 1758 4273 ab
1787 4217 1903 4281 illo,

289 4288 536 4350 ineffabili
596 4295 795 4381 gaudio
840 4299 1143 4366 praesentize
1197 4301 1391 4358 illius:
1425 4308 1698 4374 quomodo
1745 4323 1877 4378 ergo

291 4382 641 4440 consolabor?
670 4384 942 4457 Nunquid,
981 4388 1084 4443 nisi
1114 4389 1225 4458 illa,
1253 4393 1500 4463 Domine,
1528 4397 1877 4469 pulchritudo

1981 3298 2258 3354 tummodo
2299 3297 2490 3368 jubeat
2538 3310 2624 3352 me
2652 3295 2829 3366 pietas
2877 3302 2988 3358 tua,
3024 3291 3166 3367 dum
3191 3291 3293 3345 hoc
3337 3286 3565 3343 mortale

1980 3403 2177 3461 corpus
2212 3401 2367 3460 gero,
2411 3396 2464 3440 et
2513 3383 2968 3455 peregrinationis
3010 3396 3145 3436 mea:
3184 3393 3356 3434 nexus
3391 3376 3593 3457 susti-g

1978 3492 2104 3544 neo,
2159 3477 2212 3532 in
2262 3477 2461 3532 timore
2509 3490 2635 3531 esse
2689 3483 2779 3530 tuo
2813 3472 3118 3537 fundatum,
3152 3470 3207 3526 in
3236 3484 3423 3525 amore
3471 3479 3563 3523 tuo

1977 3569 2405 3641 magnanimum,
2445 3567 2497 3622 in
2538 3566 2655 3637 lege
2703 3575 2791 3621 tua
2846 3563 3144 3631 eruditum,
3186 3562 3241 3618 in
3278 3560 3565 3633 praeceptis

1983 3661 2089 3716 tuis
2114 3661 2388 3724 devotum,
2435 3658 2486 3713 in
2534 3656 2819 3727 promissis
2842 3656 2947 3711 tuis
2976 3652 3320 3710 desiderandi
3354 3652 3567 3707 ferven-

1980 3753 2272 3819 tissimam,
2318 3750 2576 3805 vitiorum
2619 3749 2945 3804 calcatorem
2982 3755 3040 3803 et
3079 3747 3344 3802 virtutum
3385 3742 3562 3799 culto-

1978 3860 2114 3911 rem,
2152 3844 2349 3915 quibus
2392 3851 2616 3921 ornatus
2642 3849 2697 3895 et
2739 3840 2834 3896 tibi
2877 3853 3094 3909 semper
3124 3838 3362 3909 placere,
3410 3844 3465 3891 et
3493 3833 3563 3890 ad

1980 3947 2034 3993 te
2073 3935 2397 4007 quantocius
2441 3933 2670 3989 feliciter
2718 3933 3006 4002 pervenire
3047 3930 3281 3994 valeam,
3330 3927 3421 3982 ubi
3476 3936 3565 3982 est

1980 4030 2075 4085 tibi
2109 4028 2284 4099 gloria
2313 4030 2429 4083 sine
2472 4026 2602 4092 fine,
2648 4025 2767 4079 laus
2818 4024 2938 4078 sine
2983 4020 3234 4087 termino,
3286 4020 3459 4074 honor
3502 4020 3558 4071 in

1978 4122 2194 4197 saecula.
2235 4122 2426 4176 Amen.

2432 4207 2805 4278 MEDITATIO
2845 4207 2965 4263 xm
2995 4207 3072 4280 (4)

1977 4302 2235 4358 Excitrms
2246 4302 2477 4357 animum
2491 4300 2559 4356 ad
2572 4299 2909 4372 qum'eudum
2925 4310 2971 4354 et
2994 4295 3356 4353 inveniendum
3374 4293 3560 4349 Deum.

2048 4391 2171 4448 Fiat
2218 4407 2382 4457 nunc,
2428 4389 2740 4450 homuncio,
2819 4388 2945 4461 fuge
2988 4386 3263 4459 paululum
3327 4400 3565 4455 occupa-

291 4472 459 4574 vultus
506 4478 589 4531 ιιιί
633 4488 918 4547 appareat,
951 4481 1006 4534 in
1037 4501 1141 4554 qua
1172 4501 1296 4555 spes
1327 4490 1592 4546 universze
1627 4492 1875 4557 consola-
1910 4524 1956 4578 Β
1983 4485 2160 4542 tiones
2217 4471 2480 4550 terrenas,
2528 4482 2803 4538 absconde
2851 4492 2903 4537 te
2951 4480 3221 4536 modicum
3275 4494 3306 4537 a
3365 4478 3562 4533 tumul-

292 4561 443 4620 tiouis
472 4572 613 4623 mea:
638 4572 1023 4641 suspenditur?
1045 4576 1310 4635 Deficiant
1340 4595 1496 4652 ergo,
1523 4581 1666 4638 Deus
1694 4598 1869 4651 mens.

292 4652 535 4714 deﬁciant
586 4660 725 4719 oculi
795 4664 896 4717 mei
959 4666 1014 4719 in
1060 4666 1333 4739 eloquium
1368 4680 1539 4738 tuum,
1597 4673 1870 4729 dicentes:

297 4742 513 4809 Quando
546 4750 904 4808 consolaberis
933 4770 1015 4809 me
1040 4753 1216 4820 (Paul.
1261 4773 1451 4827 cum,
1497 4761 1611 4833 82).
1636 4763 1871 4820 Attende

291 4852 432 4911 ergo,
470 4844 618 4900 Deus
665 4862 839 4914 mnus,
889 4849 957 4907 ad
1008 4850 1280 4921 singulare
1319 4854 1648 4913 desiderium
1675 4859 1871 4914 animae

297 4946 460 5002 luem;
511 4940 734 5005 attende
773 4940 1032 5009 gemitum
1059 4944 1239 4999 cordis
1264 4947 1392 5011 mei,
1434 4957 1491 5003 et
1518 4963 1662 5019 pone
1689 4948 1867 5020 lacry-

295 5039 402 5113 ntus
454 5047 596 5085 nicas
646 5031 701 5085 in
750 5045 1023 5103 conspectu
1068 5045 1158 5091 tuo
1215 5035 1389 5109 (Paul.
1462 5057 1549 5108 ιν,
1614 5042 1694 5113 9),
1730 5057 1870 5113 quas

298 5111 457 5172 fetido
487 5133 551 5173 ex
602 5119 790 5176 dolore
830 5137 939 5192 quo
980 5122 1221 5189 afﬁcitur
1258 5130 1437 5184 anima
1480 5146 1598 5187 mea
1646 5111 1871 5204 propter

296 5204 588 5263 absentiam
624 5210 804 5267 vultus
834 5213 908 5267 tui
954 5213 1211 5271 deficiens
1236 5217 1345 5275 εδδε
1381 5220 1646 5287 Quoniam
1680 5223 1870 5294 defecit

295 5294 349 5349 in
389 5297 566 5357 dolore
605 5309 710 5359 vita
752 5321 889 5372 utea,
931 5318 981 5362 et
1017 5312 1147 5368 anni
1186 5314 1289 5368 mei
1313 5313 1367 5368 iu
1394 5310 1868 5385 gemitibus(Psal.

1981 4579 2151 4635 tuosis
2183 4576 2600 4648 cogitationibus
2628 4573 2755 4639 tuis,
2789 4570 2964 4641 abjice
3000 4586 3148 4627 nunc
3185 4585 3445 4627 ouerosas
3468 4585 3563 4624 cu-

1982 4687 2071 4726 ras
2100 4680 2220 4725 tuas
2248 4668 2341 4736 ⁸⁸⁸,
2368 4676 2425 4743 et
2452 4678 2717 4739 postpone
2760 4663 3061 4720 laboriosas
3106 4662 3467 4719 distensiones
3489 4660 3563 4694 ⁸⁸⁵

1980 4773 2123 4818 tuas.
2158 4762 2302 4818 Vaca
2331 4760 2727 4833 aliquantulum
2763 4760 2890 4824 Deo,
2923 4765 2977 4812 et
3000 4755 3280 4825 requiesce
3306 4753 3559 4823 aliquan-

1979 4855 2149 4911 tulum
2183 4854 2235 4910 in
2267 4869 2351 4909 eo.
2377 4853 2520 4908 Intra
2547 4854 2600 4909 in
2623 4850 2928 4907 cubiculum
2963 4847 3161 4902 tuentis
3184 4855 3307 4910 tute,
3336 4842 3563 4899 exclude

1978 4946 2158 5001 omnia
2198 4954 2396 5014 praeter
2423 4943 2615 5014 Deum,
2653 4954 2707 4998 et
2745 4958 2865 5012 quae
2902 4950 2955 4995 te
2976 4940 3172 5011 juvant
3211 4937 3280 4993 ad
3307 4950 3556 5007 qureren-

1974 5038 2102 5094 dum
2129 5053 2277 5105 eum,
2308 5048 2362 5094 et
2404 5038 2591 5095 clauso
2620 5037 2761 5092 ostio
2788 5053 2977 5107 qum
3002 5047 3163 5097 eum;
3190 5040 3246 5087 et
3275 5030 3362 5085 die
3388 5042 3557 5093 nunc,

1974 5141 2145 5186 totum
2175 5145 2271 5185 cor
2303 5145 2504 5195 meum,
2553 5129 2641 5183 dic
2669 5144 2812 5183 nunc
2853 5130 2962 5184 Deo
2982 5128 3057 5160 ³⁷⁸
3082 5122 3105 5181 ξ
3126 5124 3321 5193 Quaero
3348 5118 3557 5176 vultum

1974 5232 2161 5289 tuum;
2191 5222 2400 5277 vultum
2434 5230 2603 5284 tuum,
2633 5219 2880 5287 Domine,
2911 5218 3207 5290 requiram.

2043 5315 2309 5372 Eia‘nunc
2331 5328 2480 5384 ergo,
2503 5314 2730 5371 Domine
2750 5316 2894 5372 Deus
2912 5326 3085 5379 meus,
3110 5310 3243 5367 doce
3263 5319 3359 5363 cor
3376 5314 3554 5360 meum

980 5462 983 5467 ι
1567 5426 1805 5484 VARle
1846 5426 2248 5487 LECTIONES.

361 5500 432 5593 τέ’
451 5517 676 5593 ἠξ;,ε⁵ξο
704 5508 877 5593 ευςὶηβ·
953 5514 1025 5551 ⁸⁸⁸
1052 5518 1423 5593 (εζηὺθρεῡοίξ.
1499 5520 1570 5553 ⁸⁸⁸
1599 5538 1698 5576 ma.
1730 5522 1936 5591 videro.
2011 5521 2083 5554 ⁸⁸⁸
2120 5520 2249 5592 fort.
2281 5518 2381 5593 leg.
2412 5519 2594 5578 tardas
2622 5520 2868 5579 reddere.
2944 5520 3015 5556 “"
3043 5535 3144 5577 ms.
3183 5530 3302 5574 sua.
3375 5510 3448 5550 ⁸⁸⁸
3473 5509 3550 5571 al.

299 5580 434 5630 tuas.
507 5577 579 5609 “’
612 5577 997 5641 dissensiones.
1072 5586 1145 5621 '7‘
1173 5588 1248 5645 al.
1283 5591 1350 5646 de
1378 5590 1505 5647 Deo.

364 5734 441 5813 (ι)
465 5740 589 5801 Haec
610 5747 994 5823 meditatioest
1021 5742 1244 5807 eollccta
1269 5765 1334 5807 ex
1357 5749 1655 5825 Proslegio.

1841 5678 2068 5740 NOTAE.
