4060 6292
292 308 391 391 ,ει-ι

297 528 388 571 iam
422 515 708 593 accedere;
763 515 923 573 nimis
969 517 1115 574 enim
1166 517 1356 591 I‘ulget,
1396 514 1518 576 ideo
1562 535 1670 576 triten
1709 520 1856 590 capit

296 610 449 671 illam.
485 624 585 663 nec
629 608 826 666 sufﬁcit
852 611 1041 667 oculus
1064 604 1268 667 animat
1292 627 1426 669 mea:
1451 612 1541 667 diu
1573 611 1860 670 intendere

298 704 343 755 in
370 699 525 754 illam.
551 700 950 757 lteverberalnr
974 702 1205 773 fulgore,
1223 702 1460 758 vincitur
1477 701 1855 774 amplitudine,

301 792 534 847 obruitur
602 791 993 863 inmensitate,
1042 795 1391 863 confunditur
1441 795 1764 865 capacitate.
1814 792 1861 851 Ο

294 899 488 939 summa
535 892 591 938 et
638 883 1032 942 inacccssibilis
1070 885 1191 954 lux,
1216 901 1251 942 ο
1288 894 1475 954 saneta
1508 887 1577 919 ⁹⁰³
1614 896 1670 943 et
1698 889 1856 947 beata

290 975 477 1045 veritas
500 974 600 1045 ⁸9⁵,
635 991 756 1049 qua:
785 977 942 1049 longe
971 993 1031 1035 es
1068 993 1099 1034 a
1139 994 1251 1046 me,
1276 980 1365 1049 qui
1407 989 1516 1035 tam
1547 994 1714 1050 prope
1737 995 1858 1037 sunt

293 1066 406 1121 tibi!
451 1065 623 1135 Quam
680 1079 887 1125 remota
934 1083 995 1125 es
1023 1086 1053 1124 a
1100 1078 1394 1139 conspectu
1433 1086 1581 1137 meo,
1634 1071 1727 1142 qui
1779 1072 1861 1127 sic

287 1172 518 1228 prtescns
555 1173 676 1213 smn
722 1160 1036 1231 conspectui
1073 1162 1192 1216 tuo!
1234 1160 1444 1232 Ubique
1464 1177 1531 1216 es
1559 1169 1671 1217 tota
1720 1177 1860 1233 prte-

288 1261 498 1313 sens,,ct
535 1267 644 1307 non
685 1253 843 1310 video
879 1263 952 1311 te.
987 1254 1042 1310 in
1079 1264 1130 1310 te
1161 1271 1403 1322 moveor,
1427 1262 1481 1311 et
1522 1255 1574 1309 in
1618 1264 1671 1311 te
1715 1271 1859 1321 sum,

283 1353 329 1396 et
362 1342 429 1373 ’°‘
459 1343 526 1396 ad
564 1350 614 1398 te
648 1359 751 1398 non
782 1359 1002 1416 possunt
1042 1348 1324 1405 accedere.
1358 1349 1502 1405 Intra
1528 1365 1614 1405 me
1636 1359 1693 1405 et
1712 1350 1859 1406 circa
1919 1402 1923 1405 .

286 1447 366 1487 me
384 1447 463 1495 es,
499 1442 557 1488 et
583 1449 688 1488 non
718 1436 894 1501 sentio
922 1444 993 1492 te.

346 1525 535 1582 Adhuc
582 1527 739 1595 lates,
772 1529 1015 1596 Domine,
1047 1531 1285 1589 animam
1329 1548 1504 1591 meam
1545 1534 1599 1590 in
1645 1533 1767 1591 luce
1798 1545 1863 1590 ct

281 1614 615 1673 beatitudine
670 1628 780 1686 tua,
823 1629 878 1676 et
919 1621 1123 1679 idcirco
1161 1633 1411 1680 versatur
1458 1625 1546 1681 illa
1597 1624 1773 1681 adhuc
1805 1626 1859 1680 in

283 1709 516 1765 tenebris
543 1718 601 1765 et
634 1711 851 1766 miseria
892 1727 1019 1780 sua;
1058 1713 1326 1784 conspicit
1365 1715 1532 1781 enim,
1566 1726 1751 1771 etnon
1780 1716 1863 1770 vi-

902 374 903 377 ,
950 368 951 371 η
1554 342 1555 349 η
1627 307 2158 373 MEDITATIONES.

300 424 469 492 nequit
512 421 775 492 aspicere.
811 420 928 478 Non
956 432 1138 495 potest
1167 424 1475 481 intellectus
1507 438 1661 481 meus
1687 425 1759 480 ad
1794 425 1857 480 ξι.
1888 428 1931 486 Α
1962 440 2150 493 corpus
2192 424 2442 493 animale,
2490 436 2665 497 surget
2710 443 2899 499 corpus
2950 427 3187 501 spiritale
3210 428 3261 501 (l
3291 427 3414 488 Cor.
3448 448 3543 502 xv,

3397 265 3545 389 eis
3618 273 3621 276 i

1965 514 2080 586 η),
2114 525 2382 585 potestate
2419 517 2627 588 utique,
2670 534 2775 574 non
2824 528 3040 577 natura.
3078 519 3134 575 Si
3172 521 3327 594 longa
3368 533 3425 580 et
3452 543 3543 582 sa-

1954 602 2134 661 lubris
2158 607 2286 672 vita,
2322 608 2390 662 ibi
2419 619 2503 664 est
2529 624 2660 664 sana
2686 610 2980 674 aeternitas,
3009 619 3062 666 et
3082 606 3289 667 aeterna
3317 616 3545 687 sanitas,

1961 696 2086 765 quia
2119 695 2247 760 iusti
2271 698 2323 750 in
2360 708 2667 767 perpetuum
2713 701 2874 755 virent
2901 699 3055 772 (Sap.
3081 716 3134 767 v,
3166 703 3289 771 16);
3321 718 3367 759 et
3392 707 3544 762 salus

1952 788 2222 859 justorum
2271 806 2303 840 τι
2346 789 2573 847 Domino
2603 791 2777 863 (Psal.
2830 810 3018 862 xxxvr,
3050 795 3161 865 39).
3206 796 3262 852 Si
3295 801 3544 867 satietas,

1960 878 2298 933 satiabuntur
2351 897 2469 935 cum
2513 885 2817 951 apparuerit
2854 883 3022 956 gloria
3071 886 3169 941 Dei
3211 886 3385 959 (Psal.
3431 909 3543 960 3m,

1975 968 2082 1040 l5).
2115 968 2174 1027 Si
2201 968 2449 1034 melodis,
2479 971 2551 1026 ibi
2579 973 2758 1044 angeli
2801 975 3099 1031 concinunt
3130 976 3248 1034 sine
3274 980 3380 1037 line
3417 981 3546 1038 Deo.

1963 1058 2020 1113 Si
2071 1059 2333 1124 ebrietas,
2386 1060 2789 1117 inebriabuntur
2837 1066 2901 1120 ab
2955 1069 3189 1125 ubertate
3217 1071 3405 1127 demus
3444 1084 3549 1128 tute

1964 1151 2138 1219 (Psnl.
2185 1170 2354 1222 xxxv,
2391 1156 2466 1224 9).
2527 1154 2585 1210 Si
2640 1156 2891 1226 quaelibet
2944 1175 3050 1215 non
3102 1161 3402 1231 immunda,
3451 1167 3547 1219 sed

1965 1245 2163 1300 munda
2194 1245 2443 1317 voluptas
2475 1247 2599 1302 :.De
2629 1258 2856 1304 torrente
2884 1250 3163 1320 voluptatis
3215 1264 3321 1308 tute
3346 1256 3551 1325 potabis

1963 1354 2074 1405 eos,
2100 1338 2322 1396 Domine
2352 1340 2562 1412 (Ibid).
2602 1343 2660 1398 Si
2699 1345 2985 1414 sapientia,
3026 1347 3137 1418 ipsa
3166 1349 3257 1404 Dei
3288 1350 3548 1420 sapientia
3642 1410 3651 1417 ,

1963 1431 2218 1488 ostendet
2243 1433 2323 1488 eis
2351 1435 2720 1506 semetipsam.
2754 1434 2808 1492 Si
2841 1438 3100 1503 amicitia,
3130 1442 3350 1511 diligent
3382 1443 3552 1498 Deum

1964 1524 2261 1597 plusquam
2312 1527 2543 1598 seipsos,
2591 1537 2644 1583 et
2689 1528 2836 1584 Deus
2872 1530 2995 1586 illos
3038 1531 3326 1603 plusquam
3360 1534 3433 1588 illi
3462 1550 3553 1590 se-

1967 1617 2131 1687 ipsos,
2162 1620 2286 1689 quia
2334 1619 2409 1675 illi
2454 1621 2600 1677 illum
2624 1631 2680 1679 et
2704 1638 2763 1677 se
2792 1625 3022 1680 invicem
3060 1641 3158 1696 per
3187 1627 3357 1692 illum,
3385 1638 3439 1683 et
3465 1627 3554 1684 ille

1967 1727 2029 1768 se
2052 1713 2256 1769 et'illos
2291 1730 2388 1785 per
2425 1715 2685 1786 seipsum.
2719 1717 2774 1773 Si
2804 1722 3116 1785 concordia,
3165 1723 3419 1779 omniluxs
3450 1724 3556 1779 illis

279 1802 366 1856 det
397 1801 854 1872 pulchritudinem
906 1813 1074 1862 mam.
1115 1805 1423 1871 Ausculta,
1473 1815 1528 1862 et
1565 1823 1669 1863 ηοη
1712 1807 1865 1862 audit.
1899 1774 1939 1839 Β
1967 1805 2070 1859 erit
2093 1820 2196 1859 una
2220 1806 2491 1870 voluntas,
2541 1808 2666 1878 quia
2704 1810 2848 1865 nulla
2874 1813 2979 1867 erit
3017 1814 3138 1879 illis,
3180 1814 3282 1870 nisi
3311 1814 3423 1871 sola
3458 1815 3553 1871 Dei

279 1890 615 1947 harmoniam
651 1904 819 1950 tuam.
864 1894 1085 1963 Oll‘acit,
1125 1906 1182 1953 et
1218 1913 1334 1955 non
1380 1900 1612 1969 percipit
1640 1899 1861 1956 odorem

278 1993 456 2048 tuum;
491 1985 694 2056 palpat,
736 1998 793 2042 et
820 2004 926 2044 non
953 1970 1422 2046 sentit'lcnitatem
1450 2001 1629 2059 tuam;
1661 2000 1862 2061 gustat,

273 2086 324 2131 et
350 2094 457 2132 nun
490 2079 737 2150 agnoscit
761 2095 1010 2151 saporem
1040 2090 1214 2137 tuum.
1250 2081 1429 2140 [labes
1469 2085 1616 2142 enim
1656 2085 1781 2157 haec
1810 2086 1863 2141 in

271 2176 345 2231 te,
382 2167 617 2223 Domine
649 2169 791 2226 Deus
826 2186 1001 2236 meus,
1023 2179 1115 2227 tuo
1143 2171 1403 2229 incll‘abili
1433 2175 1612 2242 modo,
1643 2176 1769 2246 quia
1799 2191 1863 2232 ea

267 2261 421 2317 dedit
450 2264 622 2319 rebus
647 2265 850 2321 creatis
880 2281 981 2320 suo
1000 2267 1457 2337 sensibiliumodo,
1485 2270 1558 2304 '°‘
1591 2271 1687 2327 sed
1714 2272 1866 2327 obri-

261 2360 509 2421 guerunt
558 2361 615 2409 et
664 2356 1086 2423 obsmpnerunt,
1149 2367 1209 2413 ct.
1259 2359 1438 2415 obtusi
1496 2369 1625 2416 sunt
1672 2375 1869 2418 sensus

262 2444 470 2497 animae
523 2458 661 2500 meae
715 2455 929 2502 vetusto
984 2446 1242 2519 languore
1306 2451 1537 2521 peccati.
1585 2450 1725 2519 Quid
1777 2467 1866 2519 es,

260 2532 524 2596 Domine,
554 2534 688 2603 quid
715 2548 799 2602 es,
831 2537 959 2606 quid
1001 2547 1054 2593 te
1102 2539 1355 2611 intelligit
1376 2557 1439 2597 os
1468 2544 1683 2599 meum?
1707 2542 1870 2601 Certe

264 2627 377 2677 vita
412 2639 493 2688 es,
556 2624 760 2681 veritas
803 2642 888 2693 es,
934 2628 1150 2684 bonitas
1177 2646 1259 2699 es,
1293 2633 1571 2690 beatitudo
1598 2650 1681 2702 es,
1709 2645 1873 2693 teter-

263 2714 408 2770 nitas
437 2729 525 2780 es,
554 2723 612 2770 et
633 2729 793 2771 omne
820 2717 1021 2773 bonum
1052 2734 1132 2777 es.
1520 2770 1525 2775 .

336 2805 608 2861 Excitare
635 2820 801 2874 nunc,
828 2809 1009 2864 anima
1035 2825 1172 2871 mea.
1205 2821 1259 2867 et
1280 2813 1429 2885 erige
1460 2822 1630 2871 totum
1660 2815 1871 2873 intelle-

264 2906 414 2952 ctum
450 2905 635 2963 tuum,
685 2906 741 2952 et
784 2900 962 2969 cogita
992 2911 1277 2969 quantum,
1323 2904 1486 2973 quale
1512 2914 1567 2961 et
1610 2907 1755 2977 quod
1797 2908 1872 2964 sit

266 2990 396 3046 illud
420 2996 657 3048 bonum.
682 2993 738 3050 Si
765 2995 908 3050 enim
939 2996 1148 3067 singula
1181 3000 1319 3055 bona
1351 2998 1690 3056 delectabilia
1721 3012 1865 3069 sunt,

263 3096 361 3152 cog
389 3090 443 3136 ta
468 3081 716 3167 .intente
759 3098 921 3156 quam
976 3085 1291 3144 delectabile
1337 3089 1410 3145 sit
1454 3088 1582 3145 illud
1641 3091 1865 3159 bonum,

265 3172 410 3242 quod
441 3175 697 3230 continet
731 3177 915 3232 omnia
956 3177 1094 3233 bona
1138 3187 1195 3233 et
1217 3180 1287 3211 ⁹⁰⁷
1324 3178 1720 3250 iucunditatem
1745 3197 1865 3237 om-

262 3265 412 3320 nimn
451 3265 768 3333 bonorum;
800 3283 907 3323 non
937 3267 1151 3336 qualem
1179 3272 1385 3338 experti
1416 3287 1605 3330 sumus
1629 3275 1682 3330 in
1709 3275 1870 3329 rebus

262 3357 492 3421 creatis,
540 3354 653 3411 sed
731 3363 883 3412 tanto
947 3355 1307 3423 dill‘ercntem,
1367 3372 1628 3431 quantum
1690 3362 1871 3417 dill'crt

260 3444 493 3501 Creator
525 3462 557 3500 ε
599 3454 876 3501 creatura.
910 3444 966 3503 Si
997 3446 1142 3502 enim
1191 3449 1331 3504 bona
1380 3461 1462 3505 est
1509 3450 1618 3506 vita
1663 3463 1867 3521 creata,

258 3551 423 3605 quam
456 3539 608 3595 bona
660 3548 748 3594 cst
785 3539 891 3594 vita
937 3541 1169 3597 creatrix
1201 3541 1295 3596 ’⁰⁸.
1328 3540 1386 3597 Si
1423 3540 1661 3611 jucunda
1691 3544 1763 3577 ⁹⁰⁹
1785 3554 1872 3600 est

258 3630 408 3689 salus
437 3632 621 3700 facta,
657 3640 824 3703 quam
860 3633 1095 3703 jucunda
1125 3645 1209 3691 est
1250 3626 1573 3707 salus,qua3
1600 3634 1727 3692 fecit
1754 3652 1873 3692 om-

256 3736 380 3778 nem
430 3726 713 3782 salutem.
760 3725 820 3780 Si
859 3726 1108 3783 amabilis
1153 3737 1240 3784 est
1277 3722 1541 3799 sapientia
1583 3727 1636 3782 in
1680 3731 1872 3800 cogni-

255 3814 405 3871 tione
457 3831 665 3873 rerum
718 3815 1081 3883 conditarum,
1129 3833 1293 3888 quam
1348 3816 1599 3874 amabilis
1645 3828 1731 3874 est
1783 3835 1873 3875 sa-

254 3907 489 3976 pientia,
519 3923 658 3979 quae
684 3909 872 3964 omnia
915 3908 1159 3965 condidit
1194 3924 1260 3964 ex
1306 3908 1499 3965 nihilo.
1544 3908 1787 3981 Denique
1825 3913 1874 3968 si

254 3996 445 4055 multa:
469 4006 531 4054 et
560 4011 791 4069 magnas
833 3997 1222 4054 delectationes
1253 3998 1307 4053 in
1344 3998 1509 4056 rebus
1533 4000 1874 4057 delectabili-

251 4087 354 4146 hus
398 4098 563 4158 sunt,
597 4089 794 4161 qualis
821 4097 877 4145 et
916 4100 1118 4160 quanta
1154 4097 1238 4146 est
1267 4090 1555 4147 delectatio
1593 4091 1651 4147 in
1685 4105 1752 4147 eo
1779 4093 1871 4163 qui

249 4176 380 4235 fecit
432 4178 845 4237 delectabilia?
880 4178 925 4236 Ο
960 4180 1049 4249 qui
1102 4180 1207 4236 hoc
1269 4180 1410 4237 bono
1462 4183 1692 4249 fruetur,
1741 4182 1875 4253 quid

247 4268 324 4324 illi
354 4271 490 4336 erit,
517 4281 583 4328 et
616 4269 761 4341 quid
802 4270 879 4326 illi
924 4285 1030 4327 non
1058 4271 1199 4342 erit?
1221 4270 1381 4329 Certe
1409 4272 1671 4345 quidquid
1710 4274 1874 4346 volet,

248 4362 378 4430 erit,
418 4373 477 4418 et
513 4359 805 4434 quidquid
841 4362 1009 4425 nolet,
1058 4377 1165 4420 non
1209 4364 1349 4433 erit;
1384 4365 1457 4422 ibi
1487 4367 1685 4439 quippe
1716 4376 1878 4425 erunt

1971 1896 2241 1955 voluntas.
2273 1897 2329 1954 Si
2363 1902 2627 1969 putemia,
2672 1904 3072 1974 omnipotentes
3114 1916 3278 1962 erunt
3310 1907 3561 1963 YOIIII'IJV

1973 1987 2041 2043 tis
2068 2002 2202 2053 sum,
2243 1997 2302 2044 ut
2330 1987 2473 2045 Deus
2518 2006 2649 2046 suae.
2672 1977 2814 2047 Nam
2843 1995 2987 2049 sicut
3011 1996 3152 2052 Deus
3182 1997 3381 2067 poterit
3410 1998 3553 2068 quod

1973 2078 2115 2139 volet
2142 2094 2241 2149 per
2262 2094 2321 2134 se
2356 2080 2551 2150 ipsum,
2582 2082 2654 2137 ita
2684 2083 2757 2139 illi
2785 2099 2884 2154 per
2911 2083 3083 2140 illum.
3113 2086 3249 2153 Quia
3280 2088 3422 2142 sicut
3448 2103 3556 2150 non

1975 2168 2124 2225 aliud
2152 2169 2332 2224 volent
2363 2186 2525 2240 quant
2568 2172 2672 2235 ille,
2729 2174 2801 2229 ita
2853 2174 2941 2230 ille
2982 2175 3123 2231 volet
3166 2176 3426 2248 quidquid
3465 2193 3563 2230 vo—

1969 2257 2081 2313 lent
2110 2259 2206 2322 illi,
2234 2268 2287 2312 et
2323 2261 2466 2328 quod
2500 2261 2589 2317 illc
2620 2263 2765 2317 volet
2810 2279 2916 2319 non
2954 2267 3291 2335 poterit.non
3323 2282 3442 2322 esse
3464 2267 3557 2324 "'.

1972 2347 2030 2403 Si
2075 2347 2251 2404 honor
2294 2356 2351 2403 et
2416 2350 2640 2420 divitiae,
2691 2352 2834 2408 Deus
2887 2371 3075 2411 servos
3124 2372 3252 2412 suos
3309 2357 3480 2413 bonos
3506 2365 3561 2413 et

1972 2434 2160 2492 ﬁdeles
2202 2453 2365 2507 super
2414 2439 2582 2495 multa
2613 2444 2928 2521 constituet.
2957 2445 3072 2501 lmo
3101 2446 3222 2502 Filii
3256 2447 3373 2513 Dei,
3402 2457 3453 2502 et
3482 2448 3557 2503 dii

1970 2530 2330 2596 vocabuntur,
2387 2543 2444 2591 et
2510 2534 2598 2589 ubi
2653 2537 2757 2592 erit
2800 2524 2986 2604 Filius,
3051 2550 3178 2597 tunc
3239 2541 3404 2596 etiam
3462 2539 3561 2609 illi,

1970 2621 2201 2677 [Heredes
2229 2624 2439 2693 quidem
2473 2624 2590 2692 Del,
2619 2627 2915 2682 colueredes
2936 2639 3111 2684 autem
3148 2628 3343 2686 Christi
3372 2631 3555 2703 (Rom.

1970 2724 2091 2776 vni,
2124 2711 2235 2784 l7).
2269 2713 2326 2768 Si
2354 2728 2483 2769 vera
2506 2716 2790 2782 securitas,
2820 2725 2969 2773 certe
3004 2719 3140 2774 certi
3172 2714 3353 2775 'erun't
3378 2737 3439 2776 se
3465 2737 3562 2777 sua

1975 2813 2170 2873 sponte
2214 2803 2340 2861 illud
2388 2823 2496 2863 non
2548 2807 2878 2874 amissuros;
2914 2824 3011 2864 nec
3038 2810 3351 2867 dilectorem
3380 2814 3566 2869 Domi-

1975 2909 2104 2948 num
2135 2894 2492 2957 dilectoribus
2527 2898 2641 2953 suis
2675 2897 2803 2954 illud
2845 2899 3177 2968 ablaturmn,
3221 2918 3320 2958 nec
3360 2903 3564 2975 aliquid

1978 2982 2083 3038 Deo
2115 2987 2389 3054 potentius
2445 2988 2643 3044 invitos
2674 2988 2840 3043 Deum
2888 2998 2941 3045 et
2991 2991 3111 3047 illos
3160 3004 3563 3063 separaturnm.

1971 3075 2237 3134 Gaudium
2280 3094 2410 3155 vero
2441 3081 2601 3151 quale
2623 3096 2687 3136 ac
2707 3090 2967 3153 quantum
2995 3094 3099 3149 est,
3145 3084 3308 3157 243
3338 3087 3424 3141 ubi
3458 3086 3572 3143 tale

1971 3182 2036 3224 ac
2060 3177 2266 3224 tantum
2307 3170 2509 3226 bonum
2539 3174 2659 3227 est?
2688 3172 2797 3227 Cor
2818 3175 3134 3235 humanum,
3161 3190 3257 3228 cor
3292 3178 3571 3250 indigens,

1973 3275 2069 3314 cor
2097 3269 2382 3330 expertum
2428 3279 2722 3327 aerumnas,
2764 3264 2874 3318 imo
2908 3263 3161 3319 obrutum
3189 3265 3564 3337 ’“terumnis,

1972 3358 2235 3419 quantum
2261 3351 2544 3422 gauderes,
2580 3354 2625 3408 si
2675 3354 2743 3409 iis
2779 3355 3034 3410 omnibus
3079 3355 3425 3413 abundares!
3469 3358 3552 3414 ln-

1980 3450 2193 3512 terroga
2239 3442 2421 3496 omnia
2471 3442 2659 3498 intima
2696 3452 2809 3511 tua,
2857 3446 2901 3501 si
2943 3460 3140 3516 capere
3184 3459 3405 3517 possunt
3433 3466 3575 3523 gau~

1974 3534 2123 3613 dium
2155 3550 2313 3589 suum
2344 3536 2411 3590 de
2458 3544 2606 3592 tanta
2656 3537 2991 3593 beatitudine
3034 3553 3151 3593 sua.
3182 3539 3289 3595 Sed
3317 3552 3486 3613 certe.
3514 3545 3560 3599 si

1921 3626 1924 3630 λ
1973 3629 2096 3699 quis
2144 3627 2304 3693 alius,
2343 3641 2505 3699 quem
2554 3630 2782 3685 omnino
2815 3630 2953 3686 sicut
3010 3632 3238 3702 teipsu‘m
3286 3634 3576 3705 diligeres,

1976 3718 2224 3777 eamdem
2274 3719 2662 3776 beatitudinem
2710 3722 2957 3789 haberet,
3023 3724 3394 3793 duplicaretur
3435 3743 3567 3796 gau-

1976 3811 2126 3866 dium
2168 3822 2351 3876 tuum;
2407 3806 2561 3881 quia
2589 3828 2695 3866 non
2750 3813 2933 3869 minus
2962 3815 3230 3884 gauderes
3275 3830 3374 3886 pro
3403 3831 3468 3871 eo
3493 3817 3563 3850 '“

1975 3914 2140 3968 quam
2169 3915 2267 3969 pro
2307 3897 2360 3954 le
2391 3899 2528 3969 ipso.
2569 3899 2625 3954 Si
2653 3915 2781 3954 vero
2817 3902 2943 3965 duo,
2982 3902 3064 3956 vel
3107 3914 3239 3971 tres,
3276 3905 3361 3959 vel
3395 3904 3566 3959 multo

1978 3991 2160 4061 plures
2198 3991 2254 4046 id
2284 3990 2461 4062 ipsum
2489 3990 2774 4055 haberent,
2823 3992 3160 4047 tantumdem
3189 4008 3288 4063 pro
3314 3993 3562 4064 singulis,

1977 4089 2240 4150 quantum
2286 4096 2385 4151 pro
2431 4090 2484 4137 te
2520 4081 2636 4151 ipso
2657 4083 2945 4151 gauderes,
2974 4082 3020 4139 si
3045 4083 3289 4155 singulos
3310 4085 3453 4140 sicut
3490 4092 3573 4142 te-

1978 4174 2267 4245 metipsum
2306 4188 2541 4229 amares.
2571 4174 2714 4245 Ergo
2754 4174 2817 4230 in
2854 4175 2942 4230 illa
2995 4175 3239 4245 perfecta
3295 4178 3567 4234 charitate

1980 4267 2459 4324 innumerabilium
2489 4268 2773 4324 beatorum
2813 4268 3126 4341 angelorum
3169 4282 3224 4327 et
3260 4272 3571 4340 hominum,

1980 4360 2070 4415 ubi
2100 4360 2280 4416 nullus
2305 4361 2470 4415 alium
2500 4360 2669 4430 diligit
2710 4361 2892 4416 minus
2933 4376 3097 4433 quam
3133 4378 3194 4419 se
3224 4364 3424 4435 ipsum,
3456 4380 3566 4422 non

244 4452 392 4510 bona
433 4455 722 4527 corporis
771 4461 827 4508 et
868 4453 1083 4522 animae,
1113 4456 1295 4527 qualia
1331 4472 1432 4514 nec
1459 4459 1608 4515 auris
1645 4460 1869 4531 audivit,

1981 4451 2141 4541 aliter
2160 4451 2416 4523 gaudebit
2442 4452 2817 4522 unusquisque
2844 4467 2943 4523 pro
2987 4453 3219 4525 singulis
3252 4456 3374 4543 aliis
3399 4471 3581 4528 quam.

247 4561 351 4603 nec
374 4549 586 4604 oculus
621 4546 793 4613 vidit,
830 4561 934 4603 nec
965 4563 1062 4604 cor
1089 4549 1323 4606 hominis
1347 4553 1630 4625 cogitavit.

313 4638 431 4693 Cur
457 4653 608 4709 ergo
637 4651 751 4707 per
773 4635 940 4692 multa
979 4638 1216 4708 vagaris,
1243 4639 1554 4710 homuncio,
1583 4645 1879 4714 quaerendo

245 4725 392 4785 bona
412 4731 638 4786 animus
666 4740 782 4784 tua:
807 4738 863 4783 et
891 4729 1137 4800 corporis
1159 4731 1273 4785 tui?
1296 4746 1417 4788 ama
1449 4750 1616 4790 unttm
1650 4738 1873 4804 bonum,

241 4818 295 4874 in
320 4838 439 4893 quo
488 4834 635 4879 sunt
674 4820 865 4878 omnia
917 4822 1085 4888 bona,
1116 4833 1174 4879 et
1209 4823 1423 4881 suillcit.
1457 4826 1712 4884 Desidera
1741 4830 1874 4884 sim-

242 4916 367 4985 ple:
404 4919 658 4982 bonum,
715 4916 861 4986 quod
903 4925 987 4972 est
1027 4932 1189 4974 omne
1233 4917 1452 4982 bonum,
1504 4929 1559 4974 et
1598 4921 1733 4976 satis
1766 4932 1870 4978 est.

240 5007 384 5074 Quid
416 5014 581 5064 enim
614 5020 805 5071 antas,
837 4988 1139 5063 caro'mea?
1181 5008 1311 5078 quid
1351 5009 1657 5077 desideras,
1691 5013 1874 5068 anima

241 5101 404 5154 mea?
432 5101 515 5155 ibi
548 5107 647 5156 est
678 5097 950 5169 quidquid
992 5099 1210 5163 amatis,
1241 5101 1499 5171 quidquid
1527 5102 1871 5159 desideratis.

238 5190 296 5247 Si
356 5189 753 5263 pulchritudo
808 5188 1056 5255 delectat,
1119 5188 1389 5260 fulgebunt
1442 5191 1580 5261 justi
1615 5194 1748 5247 sicut
1797 5193 1877 5249 sol

238 5283 469 5351 (Matth.
530 5298 677 5348 xm,
710 5280 829 5351 45).
880 5280 938 5337 Si
990 5281 1265 5351 velocitas,
1317 5293 1411 5338 aut
1457 5284 1735 5352 fortitudo,
1785 5298 1880 5342 aut

235 5374 480 5436 libertas
538 5373 838 5447 corporis,
895 5373 982 5428 cui
1032 5373 1166 5428 nihil
1195 5373 1463 5430 obsistere
1504 5377 1695 5446 possit,
1721 5386 1874 5432 erunt

234 5467 445 5526 similes
503 5465 740 5540 angelis
791 5463 888 5520 Dei
942 5462 1093 5535 (Luc.
1129 5480 1221 5530 xx,
1266 5463 1378 5535 36),
1419 5466 1546 5536 quia
1585 5467 1877 5521 seminatur

2020 4559 2079 4598 ro
2110 4558 2171 4599 se
2205 4558 2339 4613 Ipso.

2020 4559 2079 4598 ro
2110 4559 2171 4599 se
2205 4559 2339 4613 Ipso.

1977 4559 2013 4616 Ρ
2052 4632 2108 4690 Si
2147 4648 2276 4704 ergo
2305 4648 2403 4689 cor
2430 4633 2664 4689 hominis
2684 4634 2752 4689 de
2782 4642 2934 4690 tanto
2965 4650 3065 4691 suo
3092 4636 3234 4692 bono
3264 4638 3355 4692 vix
3391 4638 3581 4708 capiet:

1978 4725 2232 4795 gaudium
2256 4741 2439 4790 suum,
2466 4727 2736 4796 quomodo
2760 4740 2932 4798 capax
2956 4729 3059 4783 erit
3099 4737 3176 4783 tot
3209 4739 3260 4784 et
3292 4736 3573 4783 tantorum

1978 4816 2334 4887 gaudiorum?
2360 4816 2425 4871 Et
2469 4816 2657 4887 utique
2696 4829 2956 4887 quantum
3003 4821 3232 4889 quisque
3261 4820 3428 4887 diligit
3459 4820 3563 4876 ali-

1979 4925 2141 4979 quem
2169 4909 2260 4976 m,
2309 4917 2517 4964 tantum
2566 4910 2822 4980 gaudebit
2861 4910 2941 4964 de-
2975 4924 3074 4965 suo
3105 4911 3264 4965 bono.
3300 4912 3391 4967 Sic
3423 4921 3480 4966 et
3507 4911 3582 4969 in.

1981 5002 2071 5057 illa
2129 5000 2370 5072 perfecta
2421 5001 2709 5063 felicitate,
2756 5001 3128 5071 unusquisque
3181 5002 3301 5072 plus
3358 5004 3563 5058 amabit

1980 5090 2148 5146 Deum
2189 5090 2308 5146 sine
2350 5092 2777 5162 comparatione,
2820 5106 2981 5160 quam
3018 5105 3077 5147 se
3106 5103 3163 5148 et
3199 5109 3388 5150 omnes
3422 5095 3586 5150 alios-

1981 5209 2187 5250 secum.
2218 5193 2403 5265 itaque
2434 5194 2555 5265 plus
2575 5193 2828 5264 gaudebit
2861 5193 3067 5262 absque
3101 5190 3461 5245 aestimatione
3495 5187 3563 5241 de

1982 5277 2242 5343 lelicitaie
2299 5286 2392 5340 Dei
2439 5300 2600 5354 quam
2651 5285 2719 5339 de
2767 5300 2862 5339 sua
2918 5293 2973 5338 ct
3029 5282 3271 5345 omnium
3333 5280 3563 5334 aliorum

1982 5394 2187 5433 secum.
2219 5376 2325 5432 Sed
2364 5375 2409 5431 si
2443 5376 2617 5430 Deum
2665 5375 2743 5431 sic
2786 5375 3010 5446 diligent
3059 5382 3172 5429 toto
3200 5373 3397 5439 corde,
3449 5379 3562 5428 tota

1984 5478 2195 5539 mente,
2225 5476 2335 5523 tota
2365 5466 2579 5534 anima,
2625 5473 2684 5520 ut
2734 5474 2903 5521 totum
2931 5480 3052 5531 cor,
3083 5470 3192 5520 tota
3231 5475 3415 5530 mens,
3450 5471 3577 5518 tota.

1549 5573 1782 5630 \‘ARIA‘Z
1822 5574 2115 5632 LECTION
2122 5575 2226 5631 ES.

307 5677 386 5709 ’⁸³
427 5675 511 5730 al.
543 5689 583 5729 ο
619 5678 751 5726 tota
823 5668 895 5702 ’“
925 5668 1000 5723 al.
1039 5668 1218 5724 unitas
1290 5668 1360 5703 "5
1391 5666 1463 5723 al.
1494 5670 1641 5721 omit.
1714 5669 1789 5701 ὀι
1814 5671 1886 5724 al.
1924 5668 2072 5723 omit.
2146 5669 2219 5701 ’θ’
2243 5667 2315 5723 al.
2344 5666 2526 5722 omnia
2553 5667 2714 5730 bona,
2743 5678 2798 5723 et
2868 5668 2942 5702 ’θη
2971 5667 3309 5726 alcrcatoris
3384 5668 3455 5701 °”
3485 5666 3557 5719 al.
3594 5720 3597 5721 ν

233 5747 387 5806 bona

494 5744 577 5781 ἰο
606 5742 693 5799 al.
719 5737 884 5797 Nolet
909 5754 1016 5797 non
1043 5738 1241 5810 poterit
1272 5753 1393 5795 esse
1490 5739 1558 5771 νυ
1608 5739 1902 5796 obnoxium
1968 5740 2044 5771 ’θη
2076 5754 2173 5810 pro
2219 5754 2279 5797 se
2352 5739 2422 5771 ’⁸³
2461 5739 2533 5794 al.
2582 5737 2765 5797 alium.
